3960 6052
371 233 488 305 207
562 254 573 264 ·

1329 239 1696 314 HUGONIS
1737 239 2087 312 ABBATIS
2128 237 2820 307 FLAVINIACENSIS

3613 281 3620 286 -
3661 243 3781 308 208

375 369 722 430 Fredericus
804 385 942 430 vero
1027 373 1344 434 monachus
1427 380 1600 436 terrae
1667 378 1858 434 fossor
1923 374 2099 439 διο-Α
2199 377 2250 428 8.
2283 372 2565 430 Ediﬂcata
2589 371 3681 445 igiturnovamcclesiamajorlambitu
3719 380 3780 434 et

373 460 649 530 cessit,et
681 461 831 531 quod
846 462 1118 520 eﬂ‘ossum
1132 469 1222 520 est
1259 479 1436 522 onere
1457 467 1611 523 facto
1655 463 2010 537 exportavit.

374 546 645 616 Quisjam
681 549 890 606 similia
920 551 1108 608 facere
1151 553 1552 625 erubesceret,
1607 569 1738 612 cum
1792 552 2015 608 videret

374 635 745 694 Fredcricum
777 639 1010 696 comitis
1026 640 1228 712 lilium,
1258 642 1496 698 fratrem
1513 642 1760 699 duorum
1783 640 2014 708 ducum,

372 723 747 795 imperatoris
780 728 1298 800 consanguineum,
1325 735 1383 786 et
1433 730 1644 787 fecisse
1662 735 1722 785 et
1754 731 2021 784 non'eru-

371 813 572 869 buisse
593 815 615 868 ?
632 815 792 871 Fecit
813 821 870 871 et
896 816 1031 872 huic
1065 817 1256 873 simile
1275 833 1424 890 opus
1449 818 1504 874 in
1529 817 1780 875 turrium
1797 821 2024 872 exstru-

369 899 584 958 etione.
613 903 751 959 Cum
774 903 1056 974 enimjam
1074 905 1128 960 in
1153 905 1335 962 altum
1360 909 1659 963 structura
1692 904 2022 976 porrigere-

370 995 485 1061 tur,
521 994 576 1048 et
600 996 991 1049 strumentum
1033 993 1174 1050 illud
1205 993 1357 1064 quod
1375 993 1500 1050 avis
1527 995 1638 1064 (8:5)
1663 993 2016 1060 nominatur,

368 1071 1046 1138 subvectione‘czementi
1078 1085 1368 1152 aptatum,
1395 1081 1675 1154 perpauci
1699 1087 1896 1138 essent
1922 1079 2020 1151 qui

371 1169 608 1240 ferrent,
643 1169 735 1225 bis
758 1169 854 1241 qui
879 1169 1012 1226 huic
1041 1171 1231 1226 officio
1261 1175 1432 1227 erant
1459 1170 1724 1242 deputati
1753 1169 1921 1239 alias,
1956 1172 2018 1225 ut

367 1256 681 1325 credimus,
713 1257 1038 1328 occupatis,
1104 1257 1310 1314 videns
1338 1259 1428 1314 vir
1482 1259 1669 1314 beatae
1727 1256 2018 1313 memoriae

369 1343 673 1414 quemdam
697 1344 767 1400 de
802 1344 1188 1401 nobilioribus
1213 1350 1524 1415 astantem,
1555 1349 1616 1402 ut
1677 1343 2020 1402 sumeretli-

366 1447 574 1501 gneum
601 1431 742 1488 illud
777 1433 1252 1503 instrumentum,
1279 1437 1336 1489 et
1370 1438 1715 1490 caementum
1748 1432 1920 1502 collo,
1949 1436 2012 1488 ut

368 1520 546 1576 moris
569 1523 678 1591 est,
695 1521 1050 1577 subveheret
1067 1521 1406 1578 ammonuit.
1431 1521 1680 1588 Quicum
1705 1521 2018 1578 erubesce-

370 1614 482 1677 ret,
509 1615 564 1664 et
593 1609 714 1665 suis
746 1608 803 1664 id
827 1609 1122 1667 natalibus
1141 1609 1524 1681 incongruum
1549 1609 1909 1679 adstrueret,
1926 1609 2018 1666 vir

2128 459 2470 531 elegantiori
2495 473 2698 531 opere,
2725 461 3123 518 necessarium
3152 460 3257 518 fuit
3275 467 3333 520 ut
3367 478 3614 534 corpora
3635 479 3774 535 quo-

2128 549 2370 606 rundam
2394 552 2726 604 sanctorum
2749 548 3088 620 pontiﬁcum
3114 553 3494 609 transmutari
3537 553 3773 610 debuis-

2130 641 2278 694 sent.
2315 639 2470 694 Tunc
2504 652 2719 708 corpus
2742 637 2926 693 sancti
2951 637 3232 694 Madelvei
3258 639 3656 714 incorruptum
3692 656 3780 698 re-

2131 729 2358 798 pertum
2389 729 2498 795 est,
2532 725 2668 781 etin
2700 725 2887 797 cripta
2915 729 3136 783 sanctm
3162 728 3352 786 Mariae
3382 731 3492 786 sub
3523 729 3692 786 altari
3719 731 3775 788 in

2129 829 2268 871 vase
2285 827 2608 870 marmoreo
2623 814 2900 870 decenter
2913 815 3419 887 repositun1.Tunc
3433 818 3606 874 etiam
3623 819 3772 876 facta

2129 907 2219 958 (st
2245 901 2554 958 translati)
2587 901 2832 958 duorum
2857 903 3266 975 episcopormn
3311 905 3526 964 llildini
3549 912 3608 964 et
3642 910 3776 964 llat-

2133 990 2286 1046 tonis
2318 992 2508 1046 Nonas
2529 989 2676 1059 Maii,
2703 990 2849 1046 etad
2877 990 3176 1047 dexteram
3200 993 3772 1066 crucismonasterii,

2131 1079 2200 1134 ad
2217 1078 2516 1134 dexteram
2533 1077 2757 1134 scilicet
2775 1078 2980 1135 altaris
2996 1083 3184 1135 sancti
3202 1081 3481 1138 Johannis
3500 1083 3774 1153 baptista:

2129 1166 2336 1238 positae
2358 1170 2492 1223 sunt
2509 1179 2709 1222 eorum
2736 1166 3016 1238 reliquiae.
3035 1169 3052 1236 (
3073 1169 3206 1225 Vita
3226 1170 3542 1240 Richardi,
3558 1171 3777 1243 8.)Cor-

2129 1270 2238 1327 pus
2268 1260 2460 1311 autem
2489 1255 2680 1311 domni
2709 1254 3386 1328 Berengeriiepiseopiet
3410 1258 3674 1315 monachi
3717 1259 3772 1316 in

2128 1343 2393 1414 ingressu
2418 1343 2664 1400 claustri
2691 1348 2881 1399 tamen
2907 1344 3055 1400 infra
3094 1346 3508 1402 monasterium
3569 1363 3772 1418 reper-

2127 1437 2272 1502 tum,
2298 1431 2698 1502 incorruptum
2715 1431 3008 1487 inventum
3035 1436 3147 1503 est,
3171 1439 3422 1505 excepto
3437 1435 3702 1507 pedequi
3720 1436 3774 1491 in

2128 1519 2245 1574 vita
2258 1499 2389 1588 ejus
2403 1499 2581 1586 aruit;
2599 1522 2658 1574 et
2681 1517 2878 1575 casula
2903 1533 3031 1575 cum
3051 1499 3420 1578 sandaliisab
3437 1499 3562 1592 ejus
3576 1499 3781 1595 corpo-

2129 1621 2191 1662 re
2215 1607 2517 1662 abstracta
2539 1611 2648 1676 est,
2674 1610 2736 1662 et
2757 1606 2814 1661 in
2839 1607 3138 1664 thesauris
3179 1607 3466 1667 {ecclesiae
3489 1625 3618 1667 cum
3644 1611 3778 1668 reli-

369 1696 716 1752 mitissimus
749 1696 979 1753 cervice
1015 1698 1324 1770 subposita
1355 1698 1509 1770 quod
1535 1698 2019 1770 rogabatprimus
2045 1725 2098 1786 Β
2128 1693 2284 1766 quiis
2309 1693 2975 1766 reposita.Corpusvero
3015 1695 3143 1765 ejus
3194 1697 3622 1755 sanctissimum
3679 1713 3776 1755 su-

369 1785 650 1856 implevit.
671 1783 797 1852 (fol.
815 1785 944 1856 76’).
966 1788 1044 1844 Ac
1063 1786 1273 1844 deinde
1295 1785 1784 1858 porrectojuveni
1801 1786 2018 1844 instru-

370 1879 564 1930 mento
595 1873 820 1944 eodem,
841 1890 945 1932 suo
959 1874 1440 1948 docuitexemplo
1455 1881 1520 1932 ut
1541 1875 1796 1932 disceret
1825 1875 2016 1932 facere

370 1961 522 2033 quod
541 1963 756 2019 fecerat
782 1978 978 2020 comes
999 1963 1233 2020 comitis
1249 1963 1426 2036 filius,
1445 1978 1552 2020 nec
1566 1964 1948 2021 erubesceret
1966 1963 2016 2018 si

368 2051 420 2106 ei
452 2051 884 2123 improbaretur
925 2052 1142 2109 factum
1194 2052 1350 2122 quod
1409 2057 1707 2109 constaret
1761 2052 1833 2108 ab
1891 2051 2018 2123 ipso

373 2139 664 2210 quondam
679 2139 894 2195 comite
910 2139 1182 2211 primitus
1195 2140 1522 2196 actitatum.
1551 2139 1801 2196 Sedcbat
1825 2143 2020 2195 autem

373 2226 617 2298 quadam
641 2226 909 2284 dieidem
940 2227 1450 2284 virmemorabilis
1501 2228 1556 2283 in
1613 2227 1864 2298 coquina
1919 2228 2024 2284 fra-

371 2321 548 2386 trum,
567 2315 843 2388 et0peris
887 2316 1183 2388 quippiam
1227 2317 1564 2386 exercebat,
1607 2314 1890 2373 scutellas
1927 2315 2024 2371 ab-

375 2402 540 2461 luens
567 2407 626 2460 et
639 2419 774 2461 vasa
800 2403 910 2461 alia
929 2406 1246 2472 mundatis;
1269 2420 1399 2462 cum
1419 2419 1556 2461 ecce
1570 2405 1639 2460 ad
1658 2403 1874 2460 ostium
1891 2418 2026 2474 quo-

373 2492 562 2565 quinm
583 2491 934 2550 Godefridus
949 2492 1068 2550 dux
1089 2493 1412 2563 fr‘aterejus
1441 2492 1762 2550 adveniens
1799 2491 2023 2548 aditum

376 2581 744 2650 precabatur.
779 2582 881 2638 Cui
932 2596 1060 2638 eum
1079 2581 1410 2654 aperuisset
1439 2595 1588 2638 unus
1627 2579 2025 2637 ministrorum

374 2668 637 2738 quiforte
653 2668 1090 2738 aderat,videns
1103 2669 1220 2726 dux
1234 2670 1474 2726 fratrem
1495 2684 1659 2726 suum
1675 2669 1836 2740 operi
1852 2673 2026 2739 cepto

379 2755 980 2827 iusistentem,capite
1001 2755 1283 2813 inclinato
1315 2760 1374 2812 et
1405 2757 1672 2813 alludens
1705 2755 1778 2812 ad
1819 2769 2028 2812 nomen

374 2844 605 2900 comitis
626 2863 646 2900 :
666 2845 798 2902 Non
821 2834 1068 2915 deceret,
1092 2844 1198 2914 ait,
1215 2845 1483 2903 comitem
1503 2845 1658 2902 talia
1657 2845 1892 2918 facere,
1914 2857 2030 2901 non

373 2933 530 2990 enim.
545 2931 666 2989 sibi
678 2931 1283 2990 conoeniuntnomina
1297 2933 1354 2989 et
1364 2932 1552 3002 actus,
1568 2932 2030 3004 nobilitasgene-

371 3020 462 3078 ris
499 3019 559 3076 et
587 3019 840 3077 omibitio
887 3020 1102 3092 ope-ris.
1159 3022 1415 3091 Cumque
1464 3021 1868 3091 egrederetur,
1931 3019 2030 3076 ille

373 3107 766 3179 egredientem
808 3110 1232 3180 subsequutus,
1285 3112 1452 3164 nacta
1509 3109 1913 3180 oportunitate
1951 3107 2032 3163 lo-

377 3195 611 3267 quendi,
631 3197 712 3254 sic
729 3197 808 3252 ait
829 3196 996 3253 fratri
1025 3215 1037 3253 :
1065 3195 1436 3269 0ptimc,ait,
1465 3197 1872 3269 prosequutus
1903 3209 2028 3266 es,o

375 3287 520 3357 (tua,
537 3286 686 3357 quia
722 3287 896 3343 tanta
915 3286 1289 3358 estdignitas
1305 3286 1389 3342 hu
1389 3286 1705 3358 jusoﬁcii,
1753 3284 2029 3342 ettantus

375 3374 463 3431 est
475 3375 574 3431 cui
592 3375 956 3445 inpenditur,
985 3373 1190 3431 beatus
1210 3374 1442 3432 scilicet
1453 3374 1672 3431 Petrus
1703 3373 2024 3446 apostolus,

375 3461 435 3517 rt
451 3461 694 3518 sanctus
713 3461 1014 3534 confessor
1039 3461 1299 3528 Vitonus,
1315 3461 1474 3533 quoi
1499 3475 1603 3518 nec
1635 3473 1726 3517 me
1755 3461 2033 3532 congruit

371 3548 614 3620 partita
623 3548 690 3618 ti,
714 3549 1148 3620 utprasumam
1160 3549 1244 3606 ad
1255 3548 1364 3606 hoc
1378 3549 1466 3606 eis
1481 3547 1836 3605 exibenrtum
1847 3549 2028 3625 quasi

373 3635 1057 3708 pronobititategeneris
1090 3638 1208 3694 mei
1230 3651 1372 3708 ,-nec
1391 3635 1668 3694 tau-tuest
1711 3635 2027 3694 humilitas

374 3739 524 3794 mea,
548 3723 942 3782 utmerearab
957 3726 1044 3782 eis
1057 3725 1120 3781 in
1131 3725 1495 3796 illorumqui
1515 3724 1818 3794 hocoﬂeio
1853 3723 2028 3796 digni

377 3813 974 3870 habenturconsortio
987 3813 1291 3884 deputari.
1316 3813 1496 3868 Tanta
1525 3816 1808 3869 erattunc
1840 3810 2030 3882 abjec-

378 3899 1527 3972 tioetsuimetdespectioinanimaillius
1564 3899 1772 3970 ﬁdelis,
1807 3903 1870 3956 ut
1901 3899 2028 3970 ejus

380 3989 1135 4063 humilitaspraedicaretur,
1161 3993 1219 4046 et
1271 3989 1555 4046 miraculo
1597 3992 1756 4046 esset
1795 3988 2028 4046 cunctis

378 4079 773 4150 quinoverant
794 4078 1566 4150 nobilitatemgenerisejus.
1611 4078 1749 4136 Nam
1793 4092 2028 4135 cumsc-

377 4167 544 4222 deret
567 4166 813 4238 quadam
833 4165 958 4223 vice
983 4165 1273 4238 privatus,
1297 4170 1614 4223 etnecesse
1655 4171 1815 4223 esset
1834 4165 1886 4222 ei
1913 4165 2030 4222 eal-

375 4254 832 4311 ceosextrahere
871 4253 1189 4326 quidamde
1207 4253 1513 4324 fratribus,
1555 4269 1727 4325 quem
1774 4254 1900 4325 ipse
1941 4269 2031 4311 se-

381 4343 636 4400 nemvidi
659 4347 715 4399 et
740 4357 771 4400 a
795 4357 908 4414 quo
924 4343 1206 4416 puerulus
1225 4343 1334 4399 ista
1350 4342 1571 4412 audivi,
1623 4343 1914 4398 Johannes
1934 4357 2030 4398 no-

2059 3075 2108 3136 C

2130 1782 2850 1856 periusversuscancellos
2867 1783 3029 1840 ebori
3047 1787 3500 1843 transmutatum
3525 1791 3637 1857 est,
3683 1802 3780 1844 ca-

2129 1871 2254 1928 sula
2271 1886 2414 1927 nova
2431 1873 2488 1927 et
2503 1870 2781 1928 sandaliis
2795 1873 3035 1928 honeste
3051 1877 3369 1943 procurati;
3383 1890 3456 1945 m,
3473 1880 3529 1932 et
3544 1890 3576 1931 e
3589 1876 3775 1944 regio-

2129 1959 3188 2033 nesepulchrialtaresanctiFirmini,
3212 1962 3363 2033 quod
3409 1963 3593 2035 ipsius
3631 1967 3776 2021 tem-

2132 2048 2747 2122 poreabeoinventum
2777 2053 2892 2120 est,
2935 2050 3212 2120 positum.
3258 2054 3328 2107 At
3371 2066 3507 2108 vero
3555 2067 3774 2124 corpus

2131 2137 2326 2194 domui
2346 2136 2598 2193 Dadonis
2613 2135 2868 2209 episcopi
2887 2138 3170 2208 eregione
3212 2137 3461 2196 duorum
3505 2141 3773 2212 supradi-

2129 2229 2358 2282 ctorum
2377 2225 2712 2298 pontificum
2727 2225 2798 2282 ad
2821 2227 3021 2284 lmvam
3040 2227 3269 2284 scilicet
3283 2229 3480 2286 crucis
3497 2235 3779 2288 monaste—

2134 2313 2201 2370 rii
2219 2313 2290 2369 ad
2302 2313 2597 2370 sinistram
2614 2321 2837 2386 partem
2851 2315 3252 2373 altarissancti
3270 2317 3493 2396 tlartini
3510 2318 3780 2376 honorifi-

2133 2401 2573 2459 cereconditum
2607 2407 2718 2458 est.
2764 2401 3142 2474 Reliquorum
3188 2419 3324 2462 vero
3363 2406 3776 2479 episcoporum

2133 2491 2544 2563 corporainfra
2561 2491 3214 2561 chorumcontinentur,
3248 2496 3304 2551 et
3321 2494 3572 2568 desuper
3609 2498 3777 2554 tabu-

2135 2581 2316 2636 latum
2336 2581 2408 2636 de
2423 2579 2716 2651 lapidibus
2728 2581 2908 2638 sectis
2921 2587 2981 2638 et
2997 2583 3146 2652 quad
3158 2582 3302 2639 ratis
3319 2584 3658 2641 factumest.
3677 2584 3775 2641 At-

2135 2673 2328 2725 tamen
2345 2669 3024 2740 quinqueepiseoporum
3063 2686 3309 2743 corpora
3341 2673 3550 2730 subtus
3589 2672 3776 2745 pulpi-

2137 2761 2413 2828 tum,quo
2433 2757 2812 2828 :evangelium
2829 2758 3134 2826 recitatur,
3171 2760 3462 2817 contineri
3502 2775 3532 2816 a
3575 2760 3774 2818 multis

2139 2846 2488 2914 audivimus,
2531 2861 2773 2916 quozum
2826 2851 3013 2904 tamen
3033 2848 3258 2905 nomina
3301 2864 3413 2906 non
3479 2853 3579 2906 ten
3621 2864 3770 2906 mus.

2140 2935 2282 3007 (Fol.
2300 2937 2414 3006 77.)
2439 2935 2938 3006 Pulpitumautcm
2954 2937 3305 2993 zererrebris
3328 2937 3772 2994 tunsiouibusin

2139 3021 2744 3094 laniinastabulasquc
2776 3023 3086 3094 producto,
3129 3028 3190 3078 et
3235 3025 3516 3080 deaurato
3559 3027 3774 3082 factum

2139 3126 2268 3168 esse
2283 3116 2515 3168 constat
2553 3111 2700 3168 satis
2714 3115 2984 3168 accurate
2998 3115 3056 3166 et
3070 3112 3386 3183 eleganter,
3403 3117 3463 3168 et
3484 3128 3586 3184 per
3609 3119 3676 3170 12
3692 3118 3778 3170 ta-

2140 3200 2326 3270 bulas,
2371 3199 2867 3272 12propbetarum
2913 3199 3211 3271 imagines,
3255 3203 3321 3256 12
3371 3199 3774 3273 apostolorum

2139 3287 2834 3357 formassubvehentium,
2889 3287 3213 3358 seulptorio
3257 3293 3314 3344 et
3359 3287 3626 3356 polimito
3659 3289 3774 3360 (86)

2137 3391 2314 3448 opere
2335 3381 2589 3433 exaratae
2620 3379 2860 3433 sunt.Et
2880 3376 2982 3432 hec
2997 3377 3228 3447 quidem
3271 3376 3342 3433 ad
3357 3377 3776 3434 occidentalem

2138 3464 2476 3537 partem,ad
2492 3464 2731 3520 dorsum
2748 3464 2977 3520 scilicet
3007 3464 3286 3521 stantium
3330 3470 3390 3520 et
3423 3465 3777 3536 canentium,

2138 3553 2346 3624 positae
2362 3555 2518 3609 sunt.
2549 3555 2620 3608 At
2634 3568 2774 3608 vero
2788 3553 2858 3608 ad
2873 3552 3404 3624 septemtrionalem
3424 3555 3458 3607 ι
3471 3553 3502 3606 ll
3514 3552 3776 3610 uviorum

2137 3641 2448 3713 speciesdc
2465 3641 2738 3711 paradiso
2753 3640 3144 3697 emanantium
3186 3641 3242 3697 in
3267 3643 3300 3696 4
3332 3641 3600 3713 partibus
3639 3641 3754 3698 emi

2137 3734 2292 3785 nent.
2315 3730 2374 3784 ln
2389 3743 2593 3800 gyrum
2609 3733 2822 3798 autem,
2841 3743 2954 3800 quo
2979 3727 3278 3799 :evangelii
3304 3729 3586 3785 recitator
3615 3733 3779 3786 stans

2135 3817 2539 3886 obumbratur,
2560 3817 2803 3874 Abrahae
2823 3817 2953 3872 oll‘e.
2969 3817 3122 3873 entis
3140 3817 3342 3885 filium,
3387 3816 3776 3888 Abelagnum,

2136 3905 2296 3961 Isaac
2312 3903 2734 3976 benedicentis,
2751 3906 3004 3962 ctJacob
3017 3905 3262 3976 supplan
3273 3911 3326 3962 ta
3336 3920 3365 3959 n
3379 3905 3468 3976 tis,
3485 3907 3542 3962 et
3583 3905 3780 3961 Tobiae

2137 3992 2496 4066 sepelientis,
2513 3997 2568 4049 et
2589 3994 2769 4050 David
2791 3993 3136 4050 manufortis
3151 3993 3428 4065 imagines
3451 4008 3778 4063 agnoscun-

2138 4086 2258 4153 tur,
2283 4081 2645 4154 similiopere
2660 4081 3085 4154 compilathu
3109 4082 3254 4140 facie
3295 4086 3488 4139 autem
3511 4080 3781 4138 dominus

2136 4173 2304 4228 Jesus
2333 4171 2388 4227 in
2405 4173 2612 4228 throno
2626 4170 2949 4242 majestatis
2979 4170 3261 4240 residens,
3298 4177 3360 4228 et
3373 4170 3548 4242 Virgo
3563 4173 3776 4240 mater,

2138 4263 2196 4316 et
2235 4259 2800 4332 BaptistaJobanncs
2824 4275 2955 4316 cum
2997 4262 3031 4316 4
3068 4259 3462 4330 tevangelistis
3505 4263 3775 4332 apparet.

2138 4350 2320 4406 Porro
2337 4347 2802 4420 dextralevaque
2837 4347 3060 4405 Domini
3093 4347 3284 4419 angeli
3325 4351 3381 4404 et
3444 4345 3780 4418 archangeli

377 4431 548 4502 mine,
566 4431 954 4502 procumbens
969 4447 1101 4489 cum
1118 4429 1297 4487 vellet
1315 4429 1366 4486 ei
1385 4445 1492 4503 pro
1509 4429 1758 4486 caritate
1782 4430 2024 4502 servire,
2055 4461 2110 4521 Β
2143 4453 2268 4495 cum
2284 4435 2575 4494 Cherubin
2595 4441 2651 4494 et
2673 4436 2952 4509 Seraphin
2997 4435 3372 4509 Redemptori
3431 4435 3780 4507 obsequium

377 4520 772 4591 cb'upescens
791 4525 846 4576 et
883 4519 1129 4592 quadam
1147 4519 1423 4588 religiosa
1445 4518 1839 4576 obstinatione
1861 4519 2029 4576 obse-

377 4608 573 4679 quium
599 4608 726 4678 ejus
756 4609 1022 4680 recipere
1049 4607 1276 4678 nolens,
1303 4607 1603 4680 prohibuit
1635 4622 1764 4666 eum
1797 4607 2025 4664 dicens:

383 4687 540 4754 Quid
556 4689 707 4746 mihi
723 4689 983 4760 prodest,
997 4689 1212 4761 frater
1227 4689 1474 4745 honores
1487 4687 2032 4758 seculirelzquisse;

373 4771 429 4826 si
445 4783 479 4825 [ι
479 4770 598 4840 j‘z'a
607 4771 688 4827 tri
695 4770 800 4826 bus
813 4768 1178 4840 obsequium,
1199 4769 1361 4840 oiled
1371 4767 1709 4825 habuissem
1726 4769 1788 4825 in
1813 4767 2025 4837 seculo,

376 4862 506 4906 cum
520 4863 633 4905 non
645 4851 700 4907 si
707 4851 985 4920 tnecesso,
1003 4850 1231 4919 accipio
1247 4855 1274 4905 .9
1293 4848 1406 4914 Qui
1430 4847 1512 4904 ad
1529 4847 1638 4904 hoc
1670 4847 1889 4904 teniut
1911 4860 2032 4904 ser-

374 4931 556 4998 r'am,
597 4931 909 4987 seruitium.
943 4929 1103 5000 quod
1130 4943 1249 4985 non
1281 4927 1525 4998 capedit
1558 4927 1841 4998 quomodo
1879 4926 2030 4984 uoci-

369 5009 568 5081 piam?
591 5011 672 5066 Ita
700 5007 920 5074 (licens,
946 5009 1146 5064 fratris
1166 5005 1733 5079 repressitanimum,
1755 5005 1900 5062 dans
1912 5021 2030 5062 om-

379 5087 550 5142 uibus
569 5089 880 5144 maximum
906 5088 1202 5160 patientia:
1226 5091 1284 5142 et
1305 5084 1657 5142 humilitatis
1677 5090 1736 5140 et
1781 5085 2028 5142 vilitatis

379 5164 725 5236 appetendm
753 5165 1187 5222 documentum.
1225 5166 1342 5220 llec
1393 5163 1449 5217 in
1501 5168 1870 5233 transcursu,
1922 5179 2027 5235 pro

378 5243 796 5300 iuuoteseenda
821 5247 1090 5302 omnibus
1118 5242 1531 5300 beatwmentis
1573 5242 1922 5313 abjeetione,
1947 5243 2030 5298 di-

376 5329 534 5380 ctum
558 5323 635 5379 sit
669 5339 858 5391 ;nune
885 5325 953 5380 ad
981 5325 1241 5380 ordinem
1257 5323 1660 5380 reitlectamus
1692 5322 2020 5380 articulum.

2139 4525 2436 4582 exhibent.
2457 4527 2906 4582 lnstrumentum
2920 4540 3058 4582 vero
3073 4524 3215 4582 illud
3235 4523 3388 4596 quod
3407 4527 3672 4596 paratum
3689 4527 3784 4580 est

2140 4615 2399 4687 receptui
2424 4619 2624 4672 textus
2651 4608 2977 4685 zeva'ngelii,
3001 4613 3290 4670 Johannes
3315 4611 3692 4684 {evangelista
3725 4610 3782 4668 in

2138 4702 2521 4758 similitudine
2535 4701 2743 4772 aquilae
2767 4701 3019 4756 volantis
3031 4699 3294 4756 adornat.
3320 4701 3380 4755 ln
3395 4715 3496 4756 ora
3514 4702 3706 4756 autem
3721 4702 3782 4754 et

2139 4791 2474 4846 summitate
2504 4789 2981 4860 Operisversibus
3001 4789 3318 4845 exametris
3356 4803 3498 4844 auro
3531 4785 3787 4858 digestis

2138 4879 2325 4952 patris
2347 4879 2616 4934 Richardi
2634 4878 2867 4936 devotio
2887 4893 3108 4935 summa
3125 4882 3381 4934 notatur.
3420 4876 3788 4950 Propiciato-

2140 4969 2442 5024 riumsane
2479 4971 2815 5024 sanctorum
2863 4971 3148 5024 exornant
3197 4981 3468 5040 corpora,
3532 4979 3784 5036 quorum

2139 5057 2364 5113 meritis
2384 5056 2554 5112 floret
2574 5055 2860 5112 :ecclesia.
2887 5056 2956 5112 Et
2971 5055 3028 5111 in
3043 5053 3232 5112 medio
3252 5054 3485 5125 quidem
3500 5052 3620 5110 alto
3636 5053 3787 5108 satis

2138 5149 2194 5202 et
2224 5145 2573 5216 prominenti
2605 5143 2844 5216 eyborio
2869 5147 3108 5201 sanctus
3129 5141 3649 5214 quiescit.Vitonus
3693 5154 3788 5196 re-

2138 5233 2378 5290 dimitus
2403 5233 2648 5290 frontem
2663 5248 2806 5291 auro
2837 5232 3148 5305 purissimo
3178 5237 3236 5288 et
3267 5229 3512 5301 gemmis
3561 5228 3779 5300 pretio-

2139 5322 2406 5396 sissimis,
2442 5321 3326 5394 quibusconcluditnrmajestas
3354 5317 3784 5378 Deiincircum-

1965 5438 2008 5494 Ν
2015 5435 2185 5494 ΟΤΔΕ.

451 5543 562 5612 (8:5)
597 5539 892 5614 Hodieque
926 5536 1112 5596 Gallis
1131 5538 1352 5598 oiseau.

2203 5536 2707 5613 (Sﬁjmulticolore.
