3960 6052
175 215 284 276 209

1403 201 1908 274 CHRONICON.
1942 239 2015 249 —
2047 203 2206 266 LIB.
2239 169 2314 264 Il.

3447 201 3565 266 210

173 350 373 420 scripta
407 352 467 402 et
500 348 1122 418 incomprehensibilis,
1157 349 1378 404 habens
1399 345 1471 403 ad
1493 344 1792 399 dexteram
1826 336 1880 397 A
1913 337 2392 410 archiepiscopus
2419 336 2612 410 petiit,
2638 340 2698 392 et
2721 337 2994 408 optinuit,
3023 341 3078 392 et
3107 352 3376 394 reversus
3400 335 3563 394 Colc-
3601 323 3612 329 ’

175 437 316 493 beati
346 436 524 505 Petri,
547 440 606 492 et
641 435 714 492 ad
745 434 929 493 levam
959 435 1221 506 ejusdem
1257 437 1410 493 beati
1437 431 1628 490 Vitoni
1653 445 1796 486 auro

173 525 554 596 prominentes
586 525 868 595 imagines
899 540 1077 596 opere
1104 526 1287 582 factas
1310 521 1629 591 caelatorio,
1656 533 1800 590 quas

170 614 416 670 ambiunt
438 613 706 670 colunna:
727 612 796 647 ⁵⁸³
817 629 890 670 ex
910 613 1136 670 electro
1163 613 1476 684 purissimo
1498 625 1626 666 cum
1651 607 1802 664 basi-

173 703 271 758 hus
293 703 586 772 argenteis
599 705 726 758 arte
743 702 898 760 fusili
913 707 971 758 et
987 702 1242 772 anaglifo
1263 701 1404 773 prod
1417 704 1585 757 uct:e.
1604 701 1798 769 Ipsum

173 805 392 862 quoque
419 790 718 862 cyborium
744 789 1049 848 dominicae
1071 787 1547 858 resurrectionis,
1575 785 1804 858 appari-

168 879 335 934 tionis
364 882 426 934 et
457 877 823 935 admirabilis
867 878 1231 935 ascensionis
1279 891 1456 950 epere
1501 874 1802 931 czelatorio

171 967 451 1038 protensis
479 967 804 1024 adornatur
827 968 1112 1038 insigniis,
1141 967 1359 1022 habens
1379 970 1514 1020 ante
1537 978 1597 1020 se
1615 961 1801 1019 altare

167 1061 445 1112 sacratum
470 1056 524 1110 in
551 1055 774 1112 honore
797 1056 989 1112 saucii
1013 1055 1204 1111 Vitoni
1229 1059 1284 1111 et
1303 1054 1558 1111 omnium
1582 1052 1803 1109 confes-

168 1159 353 1200 sorum
375 1163 389 1198 :
412 1143 484 1199 ad
509 1143 694 1198 levam
720 1149 913 1200 autem
949 1143 1135 1200 altare
1167 1147 1460 1200 sacratum
1491 1142 1548 1196 in
1582 1141 1800 1197 honore

173 1233 345 1290 sancti
378 1232 714 1289 Pulchronii
745 1237 802 1289 et
831 1233 1084 1308 omnium
1116 1237 1455 1303 martyrum,
1491 1231 1711 1286 habens
1741 1233 1798 1285 et

171 1321 342 1392 ipsum
373 1336 538 1376 suum
561 1320 886 1392 cyborium,
909 1336 1025 1392 quo
1055 1321 1394 1378 continetur
1413 1334 1632 1390 corpus
1652 1318 1803 1388 ejus-

168 1411 282 1466 dem
317 1409 472 1465 beati
506 1409 865 1479 Pulchronii,
889 1425 1033 1467 auro
1065 1415 1126 1466 et
1150 1413 1393 1480 argento
1417 1409 1759 1464 decoratum
1787 1425 1799 1461 :

169 1511 327 1568 porro
357 1497 431 1552 ad
461 1497 765 1554 dexteram
798 1496 984 1554 altare
1016 1498 1072 1554 in
1105 1498 1324 1555 honore
1357 1495 1542 1554 sancti
1567 1497 1801 1551 Posses-

167 1585 304 1642 soris
333 1586 609 1656 habetur,
641 1590 702 1642 et
749 1587 1002 1643 omnium
1041 1586 1348 1656 virginum,
1381 1599 1510 1642 cum
1542 1583 1798 1657 cyborio,

1911 427 2061 483 niam
2091 425 2322 484 detulit.
2361 427 2568 482 Fuerat
2603 429 2798 482 autem
2831 441 2961 482 cum
2995 440 3064 481 eo
3099 424 3154 481 in
3184 426 3560 497 expeditione

1911 515 2037 587 ipsa
2060 515 2292 586 quidam
2315 513 2444 584 ejus
2467 513 2964 583 consanguineus,
2991 513 3256 570 dominus
3278 515 3458 569 castri
3489 515 3560 570 de

1913 602 2308 659 Commarceio
2330 602 2462 671 t88),
2490 606 2548 656 et
2572 601 2751 656 multa
2775 615 2948 672 prece
2970 600 3225 656 obtinuit
3252 602 3322 656 ab
3347 616 3414 656 eo
3439 602 3566 657 bra-

1912 691 2102 747 chium
2127 690 2394 762 corporis
2417 690 2605 746 sancti
2626 689 3023 759 Pantaleonis,
3042 689 3192 760 quod
3209 695 3268 747 et
3285 689 3338 745 in
3363 689 3562 746 incele-

1913 779 1999 835 sia
2027 779 2250 851 praefati
2279 777 2458 834 castri
2485 778 2768 848 reposuit.
2786 776 3050 834 Evolutis
3073 777 3441 849 postmodum
3463 777 3565 834 ali-

1913 871 2051 938 quot
2085 867 2270 937 annis,
2303 867 2609 922 obsessum
2643 871 2735 922 est
2766 868 3026 922 castrum
3063 865 3270 938 ipsum,
3295 871 3352 921 et
3403 881 3564 922 ever~

1913 971 2037 1012 sum
2097 961 2272 1026 atque
2326 969 2690 1011 succensum.
2755 956 3010 1024 Cumque
3091 955 3314 1010 ﬂamma
3393 955 3565 1011 tectis

1914 1044 2198 1102 {ecclesiae
2228 1043 2594 1113 illaberetur,
2620 1047 2680 1098 et
2701 1041 3056 1099 victricibus
3077 1043 3270 1113 globis
3286 1043 3562 1100 interiora

1913 1133 2197 1190 tecclesia)
2246 1133 2555 1202 lamberet,
2599 1131 2807 1188 dolens
2861 1131 3138 1190 sacerdos
3198 1133 3268 1188 de
3327 1133 3565 1189 combu-

1915 1223 2108 1278 stione
2142 1225 2482 1278 sanctarum
2516 1220 2920 1292 reliquiarum,
2945 1219 3172 1276 cuidam
3205 1225 3561 1276 armatorum

1915 1316 1980 1368 ut
2013 1309 2339 1367 aecelesiam
2384 1311 2795 1379 ingrederetur
2825 1313 2883 1366 et
2917 1310 2988 1364 de
3021 1324 3200 1380 super
3230 1309 3398 1365 altari
3431 1309 3566 1366 reli-

1917 1400 2086 1470 quias
2118 1399 2372 1470 tolleret,
2398 1398 2770 1469 significavit.
2807 1398 2913 1466 Qui
2951 1413 3082 1454 mox
3115 1398 3440 1468 ingressus,
3475 1413 3563 1455 rc-

1916 1488 2130 1560 liquias
2165 1487 2293 1545 tulit
2327 1493 2384 1543 et
2420 1487 2724 1560 reposuit;
2758 1491 2816 1542 et
2846 1501 2979 1544 cum
3013 1485 3091 1542 ibi
3125 1486 3356 1543 adesset
3379 1487 3561 1544 abbas

1917 1579 2007 1649 R.,
2056 1577 2352 1634 brachium
2403 1576 2594 1632 sancti
2648 1581 2941 1648 praesente
2991 1574 3320 1646 presbitcro
3368 1590 3561 1632 marca

169 1689 270 1745 quo
285 1687 506 1746 corpus
530 1673 657 1744 ejus
679 1673 1039 1746 continetur,
1055 1673 1798 1746 similiopereadornatum.
1834 1691 1886 1752 Β
1919 1667 2146 1738 argenti
2174 1667 2227 1722 ei
2259 1666 2521 1724 vendidit
2548 1684 2563 1734 ;
2597 1665 2752 1736 quod
2785 1665 3031 1722 domnus
3059 1663 3182 1736 ipse
3213 1679 3344 1720 cum
3379 1664 3560 1720 sciret

170 1761 351 1818 Altare
382 1776 530 1819 vero
562 1761 747 1832 majus
779 1762 834 1818 in
869 1763 1087 1820 honore
1117 1763 1303 1820 sancti
1335 1761 1489 1818 Petri
1514 1761 1804 1833 apostolo-

171 1865 280 1906 rum
304 1850 590 1922 principis
607 1857 901 1908 sacratnm
926 1855 1013 1908 est
1041 1851 1118 1908 ob
1135 1850 1502 1922 privilegium
1516 1847 1802 1906 mcelesim

167 1939 350 2010 ipsius,
390 1954 524 2010 qua;
576 1939 790 2010 priscis
837 1940 1204 2011 temporibus
1249 1939 1305 1994 in
1350 1938 1565 1994 honore
1614 1936 1802 2008 ipsius

166 2027 398 2099 apostoli
435 2033 495 2083 et
531 2029 683 2084 facta
715 2032 772 2083 et
797 2034 1141 2086 consecrata
1165 2031 1273 2084 est.
1298 2029 1444 2084 Ante
1471 2026 1579 2082 hoc
1604 2023 1801 2081 tabula

166 2114 402 2172 habetur
426 2131 627 2183 aurea,
647 2130 791 2172 auro
815 2115 1031 2173 mundo
1054 2123 1114 2172 et
1140 2115 1459 2188 purissimo
1479 2121 1541 2171 et
1562 2113 1804 2184 gemmis

167 2204 610 2274 preciosissimis
641 2203 990 2260 densissime
1021 2208 1312 2273 conserta,
1346 2217 1525 2276 opere
1557 2201 1802 2258 miriﬁco

166 2297 216 2348 et
242 2298 364 2349 arte
396 2292 684 2349 celatoria
711 2295 881 2362 facta,
904 2292 1222 2364 prteferens
1251 2292 1555 2362 imaginem
1579 2290 1802 2347 Domini

167 2381 374 2450 signum
401 2381 602 2438 crucis
616 2381 872 2438 tenentis
886 2385 942 2436 et
959 2396 1136 2452 super
1150 2380 1412 2452 aspidem
1425 2385 1485 2436 et
1501 2379 1802 2436 basilicum

167 2469 528 2539 ambulantis,
545 2476 602 2525 et
621 2469 826 2526 dextra
843 2469 1088 2540 levaque
1101 2469 1382 2540 imagines
1405 2467 1802 2540 apostolorum

169 2558 309 2612 Petri
331 2563 393 2613 et
410 2557 576 2614 Pauli
593 2557 855 2627 ejusdem
879 2557 1077 2629 operis
1097 2563 1154 2613 et
1182 2557 1421 2624 metalli.
1449 2557 1532 2614 Ad
1558 2572 1802 2628 quorum

169 2646 394 2714 vestigia
417 2647 892 2717 procumbentes,
913 2661 1190 2703 cerneres
1206 2645 1697 2716 imaginesdomni
1716 2661 1805 2718 pa-

167 2733 261 2790 tris
289 2735 565 2791 Richardi
597 2739 657 2792 et
687 2735 980 2792 Mathildis
1007 2735 1184 2806 digne
1215 2735 1630 2806 memorabilis,
1667 2751 1803 2807 sup-

170 2821 333 2891 plices
347 2837 560 2880 manus
579 2821 908 2894 tendentes,
926 2827 982 2880 et
1004 2823 1168 2894 quasi
1193 2827 1257 2880 ut
1281 2828 1443 2894 grata
1471 2823 1577 2880 hec
1599 2838 1800 2880 eorum

169 2909 444 2968 habeatur
500 2911 744 2981 oblatio,
782 2911 1028 2968 alterius
1071 2927 1272 2980 censu,
1309 2911 1555 2968 alterius
1603 2912 1800 2968 studio

168 2999 319 3069 facta,
354 2999 786 3071 supplicantes.
823 3001 926 3072 (Cf.
963 3003 1021 3057 C.
1073 3000 1232 3056 I’z'rd.
1259 3000 1338 3071 9.)
1363 3001 1596 3056 Factum
1629 3004 1800 3056 estet

166 3086 330 3144 altare
361 3089 758 3158 gestatorium
791 3102 861 3144 ex
885 3101 1028 3145 auro
1053 3087 1364 3161 purissimo
1387 3089 1635 3145 interius
1661 3088 1800 3144 mire

169 3174 540 3233 fabrefactum
590 3190 768 3249 opere
809 3177 1122 3247 consimili,
1157 3176 1354 3234 studio
1399 3181 1460 3232 et
1493 3177 1801 3247 largitione

165 3259 340 3320 domui
365 3261 972 3332 Herimannicomitis,
991 3263 1049 3318 in
1071 3263 1304 3320 modum
1323 3263 1654 3320 tabularum
1669 3279 1802 3320 con-

167 3355 366 3406 sertum
387 3353 456 3406 et
490 3355 864 3422 conpactum,
885 3353 1042 3422 quod
1065 3367 1194 3408 cum
1221 3352 1506 3424 aperitur,
1532 3357 1592 3408 ct
1615 3351 1800 3408 altare

165 3443 261 3508 est,
292 3445 351 3494 et
381 3439 606 3496 tabula:
641 3439 1005 3512 aperiuntur,
1042 3441 1255 3512 quibus
1285 3440 1335 3496 si
1391 3455 1609 3497 moram
1645 3441 1802 3496 adbi-

167 3525 304 3596 beas,
332 3527 495 3598 quod
525 3531 612 3583 est
646 3527 1097 3584 instrumentum
1138 3527 1318 3600 Moysi
1350 3531 1408 3585 et
1442 3531 1631 3584 Aaron
1666 3529 1804 3584 ima-

165 3615 378 3683 ginibus
405 3615 756 3686 gloriosum,
785 3615 1026 3686 figuram
1060 3615 1366 3673 dominica:
1396 3617 1594 3674 crucis
1611 3617 1804 3688 expri-

165 3703 272 3758 mit.
289 3705 480 3760 Habet
494 3704 648 3760 hoca
667 3709 948 3776 quattuor
960 3703 1300 3762 cardinibus
1314 3711 1595 3776 quattuor
1617 3721 1804 3762 mvan-

165 3789 518 3862 gelistarum,
544 3793 812 3852 hominis.
830 3791 1037 3861 leonis,
1055 3793 1230 3864 tauri,
1247 3797 1305 3849 et
1331 3793 1540 3864 aquilae
1576 3795 1802 3867 species

166 3894 226 3934 ex
252 3885 502 3951 argento
541 3895 719 3952 opere
771 3880 944 3952 fusnli,
980 3882 1285 3954 prtefatum
1335 3881 1519 3938 altare
1568 3887 1804 3954 portan-

169 3967 312 4037 tium,
343 3975 406 4025 et
439 3983 508 4024 se
539 3969 786 4025 invicem
820 3970 1004 4026 versis
1033 3969 1294 4026 vultibus
1327 3970 1792 4042 respicientium.

169 4055 334 4128 Super
363 4057 560 4130 ipsum
591 4073 730 4114 vero
753 4057 938 4114 altare
961 4058 1262 4115 brachium
1285 4059 1470 4115 sancti
1494 4061 1804 4117 Pantaleo-

168 4143 246 4200 nis
277 4147 518 4217 ponitur
551 4145 729 4218 pallio
762 4147 952 4204 serico
984 4146 1328 4217 involutum,
1353 4152 1412 4204 et
1437 4148 1592 4220 ligno
1625 4149 1805 4206 inclu-

169 4245 300 4304 sum,
333 4239 588 4304 argento
619 4241 679 4290 et
709 4250 853 4291 auro
884 4236 1244 4294 decoratum.
1271 4238 1424 4308 quod
1449 4237 1644 4293 attulit
1672 4253 1802 4294 tum

171 4335 402 4393 corpore
432 4321 702 4391 ejusdem
736 4339 768 4381 a
799 4323 1171 4380 Nichomedia
1197 4323 1560 4382 Coloniensis
1581 4327 1804 4398 cpisco-

171 4423 268 4478 pus
293 4413 424 4483 (87),
453 4416 762 4482 eptentum
797 4412 948 4468 dono
977 4412 1608 4485 Constantinopolitani
1633 4414 1808 4486 impc-
1835 4399 1888 4458 D

173 4499 394 4569 ratoris,
435 4499 562 4570 (fol.
587 4501 722 4570 77’.)
754 4499 986 4571 quando
1025 4516 1129 4572 pro
1158 4501 1285 4571 ejus
1316 4501 1434 4558 ﬁlia
1457 4502 1656 4559 Ottoni
1680 4505 1728 4558 ll
1752 4503 1806 4559 in

173 4587 532 4643 matrimonio
551 4587 846 4658 jungenda
863 4587 1034 4658 jussu
1049 4587 1307 4658 ejusdem
1325 4590 1556 4647 Ottonis
1568 4590 1635 4646 ad
1653 4606 1811 4647 enm-

170 4671 282 4729 dem
306 4675 726 4747 imperatorem
753 4675 982 4746 legatus
1007 4678 1344 4749 missusest,
1363 4695 1494 4735 cum
1513 4680 1810 4751 episcopis

174 4760 411 4834 duobus,
440 4763 695 4821 ducibus
719 4769 776 4821 et
801 4765 1135 4828 comitibus.
1161 4768 1402 4837 Etcum,
1429 4768 1686 4840 eptentis
1708 4783 1812 4840 pro

173 4850 371 4916 quibus
395 4851 573 4922 ierat,
591 4851 883 4909 licentiam
902 4854 1182 4910 redeundi
1199 4855 1544 4927 accepisset,
1564 4861 1623 4912 ct
1638 4857 1814 4928 impc-

175 4941 322 4993 rator
351 4939 407 4995 ei
444 4939 746 5012 sociisque
773 4941 902 5012 ejus
934 4956 1168 4999 munera
1202 4941 1367 5014 plura
1399 4944 1733 5016 eptulisset,
1754 4949 1816 5000 ct

174 5026 431 5098 accipere
456 5029 810 5102 renuissent,
835 5045 1052 5102 corpus
1073 5031 1646 5090 sanctiPantaleonis
1659 5035 1730 5090 ab
1745 5049 1814 5090 eo

1920 1771 2027 1829 pro
2057 1760 2224 1814 certo
2255 1756 2530 1826 martyris
2557 1769 2688 1812 esse
2712 1753 3017 1825 reliquias,
3043 1753 3282 1810 Virduni
3307 1753 3564 1823 gaudens

1919 1843 2140 1913 attulit,
2176 1849 2233 1900 et
2268 1846 2533 1915 paratum
2567 1847 2813 1912 argento
2843 1845 2904 1898 et
2946 1855 3091 1898 auro
3143 1839 3352 1896 diebus
3402 1840 3565 1896 festis

1917 1947 2096 2004 super
2117 1933 2302 1988 altare
2327 1933 2581 2004 ponitur.
2611 1931 2769 1987 Fecit
2791 1934 2850 1986 et
2875 1929 2984 1986 alia
3011 1929 3176 2002 plura
3199 1934 3559 1996 ornamenta,

1917 2021 2103 2080 libros
2121 2022 2553 2092 evangeliorum
2579 2037 2721 2078 auro
2742 2026 2802 2078 et
2824 2025 3068 2091 argento
3087 2025 3338 2094 paratos,
3356 2035 3565 2077 cruces

1916 2125 1988 2167 ex
2019 2127 2162 2168 auro
2193 2111 2509 2184 purissimo
2541 2116 2594 2181 3,
2621 2109 2947 2166 ventilahra
2971 2113 3247 2180 argentea
3270 2115 3323 2176 2,
3349 2109 3558 2168 librum

1915 2200 2296 2272 epistolarum
2331 2207 2353 2256 1
2391 2204 2634 2270 argento
2681 2203 2972 2272 paratum,
3005 2199 3242 2256 missale
3291 2204 3340 2269 1,
3387 2197 3564 2255 colle-

1915 2290 2163 2347 ctarium
2179 2295 2201 2346 1
2224 2289 2494 2346 similiter
2510 2293 2752 2359 argento
2766 2293 3023 2360 paratos.
3044 2288 3166 2361 (0f.
3177 2289 3245 2349 θ.
3268 2287 3428 2344 Virri.
3451 2288 3562 2358 11.)

1917 2377 2086 2434 Dedit
2131 2383 2188 2434 et
2229 2377 2536 2434 ileinricus
2582 2377 2900 2448 imperator
2947 2377 3188 2434 calicem
3242 2383 3265 2432 1
3321 2391 3560 2432 aureum

1915 2466 2335 2538 premaximum
2368 2481 2496 2522 cum
2527 2465 2772 2536 gemmis
2792 2464 3246 2536 preciosissimis
3266 2469 3325 2521 et
3348 2468 3559 2536 patcna

1913 2556 2175 2626 ejusdem
2208 2554 2446 2622 metalli,
2473 2559 2530 2610 et
2563 2553 2865 2610 scutellam
2891 2560 2914 2610 1
2945 2553 3015 2610 de
3041 2553 3269 2624 berillo,
3309 2558 3368 2609 et
3413 2553 3560 2625 pixi-

1916 2646 2044 2702 dem
2078 2651 2101 2702 1
2141 2645 2213 2701 de
2245 2643 2535 2714 onichino,
2573 2643 2628 2698 in
2670 2656 2786 2714 qua
2830 2647 3168 2700 servaretur
3212 2657 3430 2714 corpus
3462 2641 3558 2698 do-

1916 2733 2186 2790 minicum
2239 2731 2578 2804 dependens
2628 2747 2806 2804 super
2846 2731 3032 2788 altare
3075 2751 3089 2787 :
3141 2737 3429 2804 praeterea
3477 2731 3560 2786 in-

1915 2835 2153 2878 numera
2186 2820 2334 2877 dona
2365 2821 2490 2878 auri
2525 2824 2586 2877 et
2612 2820 2838 2889 argenti
2870 2824 2928 2876 et
2960 2819 3313 2892 praediorum
3371 2835 3559 2877 saera-
3658 2860 3668 2873 ι

1917 2925 2160 2980 rumque
2184 2909 2452 2980 vestium,
2471 2916 2530 2966 et
2553 2909 2900 2981 philacteria
2920 2923 3092 2966 aurea
3119 2915 3179 2966 et
3201 2914 3475 2979 argentea
3503 2915 3560 2963 et

1913 2997 2237 3054 cristallina
2268 3013 2397 3054 cum
2431 3003 2764 3055 sanctorum
2815 2998 3099 3069 reliquiis,
3130 3013 3365 3069 capsam
3401 3003 3422 3052 'l
3465 3011 3560 3053 au-

1915 3100 2068 3141 ream
2119 3086 2454 3155 insignitam
2496 3085 2764 3156 reliquiis
2812 3091 2880 3142 12
2903 3085 3323 3157 apostolorum,
3347 3089 3405 3140 et
3432 3099 3559 3141 cor-

1913 3189 2024 3231 nua
2055 3177 2088 3228 2
2118 3175 2373 3230 eburnea
2408 3173 2743 3230 idemtidem
2776 3173 3042 3244 reliquiis
3081 3175 3363 3230 conferta.
3398 3175 3558 3230 Fecit

1912 3263 2089 3320 etiam
2121 3263 2521 3320 memorabilis
2554 3266 2721 3334 pater
2763 3263 3088 3320 Richardns
3141 3276 3392 3318 coronas
3425 3269 3458 3320 2
3487 3277 3558 3318 ex

1913 3356 2160 3422 aagento
2189 3358 2249 3406 et
2281 3365 2444 3422 auro,
2477 3357 2538 3408 et
2569 3352 2807 3408 tertiam
2861 3351 3182 3423 parvulam,
3219 3350 3314 3408 ubi
3349 3351 3562 3423 depen-

1913 3441 2118 3498 derent
2133 3439 2431 3509 signorum
2446 3445 2658 3497 restes.
2679 3439 2981 3496 Adverada
3006 3454 3240 3510 quoque
3262 3440 3557 3496 comitissm

1915 3528 2077 3584 dedit
2107 3533 2314 3585 sancto
2345 3530 2522 3584 Petro
2543 3529 2798 3586 casulam
2819 3528 3064 3584 viridem
3083 3543 3214 3585 cum
3239 3529 3558 3597 aurifrisio,

1913 3619 1970 3672 et
2002 3617 2168 3674 multi
2203 3615 2382 3674 multa
2413 3617 2723 3688 dederunt,
2756 3632 2885 3688 quae
2917 3631 3262 3690 enumerare
3296 3616 3563 3688 longissi-

1916 3720 2069 3762 mum
2099 3710 2210 3762 est.
2250 3705 2408 3762 Unde
2435 3712 2493 3762 et
2526 3706 2582 3760 in
2613 3706 2773 3762 brevi
2805 3706 2998 3762 factus
3026 3710 3117 3762 est
3160 3705 3323 3762 locus
3352 3705 3448 3762 ille
3481 3705 3563 3762 in-

1915 3793 2122 3863 signis.
2160 3792 2253 3865 (G.
2284 3794 2450 3852 Vird.
2485 3797 2537 3864 8,
2570 3794 2649 3866 9.)
2681 3795 2818 3866 Ejus
2847 3809 3098 3865 namque
3132 3794 3403 3866 exemplo
3436 3810 3564 3866 por-

1914 3887 2122 3939 vocata
2159 3883 2468 3954 progenies
2517 3883 2712 3938 domni
2755 3883 3052 3939 Fredcrici
3105 3881 3304 3940 seculo
3354 3898 3564 3940 renun-

1915 3971 2182 4041 ciavit,et
2201 3971 2488 4026 adherens
2504 3971 2880 4042 discipulatui
2901 3973 3124 4044 praefati
3145 3971 3332 4044 patris
3348 3973 3562 4044 prazdia

1915 4073 2018 4115 sua
2040 4064 2100 4115 et
2123 4059 2468 4130 patrimonia
2491 4059 2775 4116 aecclcsitc
2798 4060 2981 4116 dedit.
3001 4061 3348 4118 Godefridus
3369 4076 3564 4117 comes

1919 4153 2086 4220 pater
2117 4150 2430 4205 Borracum
2455 4149 2638 4220 dedit,
2661 4149 2794 4206 inde
2819 4149 3006 4206 relato
3031 4149 3150 4206 tilio
3173 4165 3279 4207 suo
3302 4151 3374 4205 ab
3396 4149 3562 4206 Italia

1922 4236 2290 4294 Adalberone
2322 4237 2628 4309 episcopo,
2662 4252 2794 4294 eum
2841 4251 2971 4294 eum
3025 4242 3298 4310 parentes
3347 4237 3476 4308 ejus
3508 4238 3560 4292 in

1919 4327 2187 4383 mcclesta
2221 4327 2273 4380 S.
2309 4325 2502 4382 Vitoni
2551 4325 2789 4398 sepeliri
2841 4326 3232 4397 mandassent,
3266 4332 3325 4382 et
3358 4332 3560 4384 contra

1920 4431 2123 4472 eorum
2155 4416 2518 4472 voluntatem
2565 4417 2622 4472 in
2673 4415 2939 4474 mcelesia
2970 4417 3024 4473 S.
3059 4417 3250 4474 Maria:
3299 4417 3564 4490 sepultus

1923 4503 2148 4574 fuisset,
2177 4519 2284 4574 pro
2319 4504 2520 4574 requie
2549 4505 2755 4562 animm
2779 4505 2938 4561 illius
2961 4505 3247 4563 dederunt
3272 4506 3326 4562 S.
3355 4506 3564 4563 Vitono

1922 4593 2242 4648 Forbacum
2269 4592 2434 4664 (88‘).
2465 4595 2536 4648 At
2560 4607 2700 4649 vero
2724 4593 3124 4664 Herimannus,
3144 4595 3239 4666 qui
3256 4595 3561 4663 etllezelo,

1924 4680 2102 4737 lilium
2155 4695 2321 4737 suum
2375 4681 2714 4750 Gregorium
2765 4682 2819 4738 in
2866 4682 3032 4739 anuis
3078 4684 3405 4754 puerilibus
3449 4687 3564 4740 Deo

1923 4769 2160 4839 obtulit,
2196 4775 2256 4824 et
2287 4783 2509 4825 omnem
2568 4769 2936 4826 devotionem
2983 4786 3147 4828 suam
3195 4772 3266 4828 ad
3317 4772 3561 4828 eundem

1923 4859 2115 4915 locum
2173 4858 2372 4913 vertit.
2417 4859 2592 4914 Dedit
2643 4857 2794 4914 enim
2841 4860 2896 4914 S.
2947 4861 3120 4915 Petro
3163 4865 3224 4914 et
3265 4860 3319 4916 S.
3355 4861 3563 4916 Vitono

1924 4945 2140 5002 llaslud
2169 4960 2300 5002 cum
2333 4944 2624 5018 tecclesia,
2656 4946 2712 5003 in
2757 4949 2996 5004 Fesseca
3029 4961 3197 5003 unam
3229 4947 3561 5019 ecclesiam,

1925 5035 1982 5092 in
2038 5033 2445 5106 Rotgericorte
2505 5037 2570 5090 12
2623 5049 2860 5092 mansos
2917 5034 2974 5091 in
3041 5035 3564 5106 Ermefredegehen

1527 5166 1765 5224 VARLE
1803 5167 2204 5226 LECTIONES.

1752 5308 1976 5370 ΝΟΤΛΕ.

232 5227 420 5290 “'ita
449 5243 500 5289 ο.

235 5403 342 5547 i333
371 5407 546 5536 ἓὲξιῗιῑ

233 5477 340 5547 (88)
371 5477 734 5553 Commercy.

1986 5415 2128 5487 (88')
2161 5411 2440 5473 Forbach.
