3950 6048
312 128 425 190 211
474 109 489 113 “

1271 125 1638 187 HUGONIS
1680 125 2031 187 ABBATIS
2076 126 2760 229 FLAVINIACENSIS

3598 136 3727 195 2H!

316 275 483 319 unam
518 254 865 316 mentesiam.
900 259 979 313 Dc
1027 257 1117 313 his
1168 257 1381 315 factum
1418 263 1511 313 est
1547 262 1672 329 post
1707 262 1950 313 mortem
1982 257 2038 318 A
2065 260 2271 330 seculi,
2307 261 2408 317 hic
2432 261 2745 333 expectabo
2797 263 2953 320 diem
2981 237 3244 322 Domini.
3283 266 3366 322 Ad
3401 267 3725 325 missarum

316 351 442 421 ejus
471 348 895 416 concambium,
915 351 970 403 et
997 346 1158 403 dedit
1186 363 1288 418 pro
1309 346 1400 403 his
1422 362 1617 403 comes
1642 347 1956 404 Balduinus

317 437 695 494 Flandrensis
727 435 1052 492 Bonvillare
1092 452 1221 492 cum
1264 435 1497 491 dimidia
1546 435 1816 505 ecclesia,
1851 438 1958 491 Ile-

319 540 535 595 venges
566 524 834 580 similiter
882 539 1010 580 cum
1058 523 1314 594 dimidia,
1347 524 1401 579 in
1449 523 1705 579 Vitereio
1754 523 1957 580 vineas

320 630 451 671 cum
487 613 731 685 quadam
767 618 932 684 parte
963 611 1266 681 mcclesiae,
1301 613 1357 667 in
1387 612 1593 668 llarvia
1628 616 1697 668 30
1728 627 1960 670 mansos

322 718 451 759 cum
501 700 716 757 familia
758 715 979 770 magna.
1016 701 1106 769 (θ.
1154 700 1317 756 Vird.
1353 702 1430 773 9.)
1464 701 1594 757 Siue
1626 701 1740 756 isto
1765 707 1957 758 tamen

320 791 661 846 coneambio
678 788 1117 846 tradiditadhuc
1135 789 1390 860 praefatm
1404 789 1689 846 aecclesiai
1714 791 1959 848 Monnau

322 884 381 935 et
413 880 737 936 aacclesiam
767 894 896 934 cum
931 877 1070 933 silva
1124 877 1422 948 spaciosa;
1458 880 1789 949 Fontagiam
1824 895 1963 950 quo-

324 984 435 1039 que
464 984 597 1025 cum
635 967 845 1022 familia
881 970 937 1022 et
972 966 1136 1021 vinea
1177 966 1414 1035 optima.
1450 965 1616 1024 Dedit
1649 968 1822 1023 etiam
1857 984 1961 1039 pro

327 1057 513 1112 anima
548 1056 649 1111 filii
683 1054 977 1111 Godefridi
1009 1069 1080 1109 ex
1110 1055 1433 1111 concubina
1458 1056 1598 1126 nati,
1625 1056 1679 1110 in
1703 1056 1963 1113 claustro

321 1144 621 1215 tumulati,
659 1159 772 1200 non
806 1149 995 1200 tamen
1021 1144 1186 1215 juxta
1218 1144 1432 1200 fratres
1460 1148 1517 1200 et
1549 1150 1794 1215 patrem,
1820 1145 1966 1201 duas

322 1233 638 1305 :ecelesias,
684 1247 925 1303 quarum
988 1247 1098 1288 una
1157 1232 1374 1288 dicitur
1433 1233 1593 1302 llam,
1653 1231 1762 1289 alia
1824 1233 1965 1289 Gen-

319 1323 543 1391 geavia.

403 1416 453 1467 9.
481 1414 638 1469 Fecit
671 1417 730 1468 et
756 1415 950 1468 vestes
984 1413 1247 1467 sacratas
1276 1412 1332 1466 in
1365 1409 1630 1466 aacclesia
1653 1410 1967 1482 preciosis-

323 1509 519 1565 simas.
555 1505 624 1560 Et
653 1517 783 1558 cum
815 1499 1139 1556 incelesiam
1189 1499 1373 1571 ipsam
1406 1513 1525 1570 prae
1557 1500 1789 1555 cunctis
1819 1515 1967 1556 mor-

324 1596 547 1651 talibus
578 1592 700 1647 suis
741 1590 991 1645 ditasset
1040 1588 1205 1645 bonis
1254 1592 1315 1644 et
1362 1588 1859 1660 possessionibus,
1897 1588 1965 1660 ad

327 1684 594 1741 ultimum
628 1678 1005 1749 semetipsum
1033 1680 1149 1733 Deo
1177 1656 1413 1748 optulit,
1449 1683 1509 1732 et
1542 1656 1861 1733 monachus
1892 1656 1969 1733 ἴέ-

326 1776 460 1828 ctus
492 1774 602 1840 est,
639 1771 699 1824 nt
733 1768 789 1821 in
822 1772 1102 1823 aeternum
1133 1781 1262 1823 cum
1287 1765 1519 1822 Christo
1542 1769 1835 1836 regnaret.
1862 1768 1971 1822 Ma-

330 1859 533 1915 thildis
564 1860 779 1925 autem,
814 1871 961 1911 uxor
991 1855 1116 1923 ejus
1146 1854 1319 1924 digne
1352 1854 1764 1923 memorabilis,
1802 1855 1970 1911 bonis

300 1954 305 1958 '
332 1948 559 2021 pollens
574 1944 895 2002 virtutibus
907 1942 1398 1999 etmisericordiaa
1412 1943 1655 1998 studens
1668 1943 1967 2014 operibus,

331 2038 387 2093 in
409 2036 673 2091 claustro
696 2033 879 2104 ipsius
903 2032 1240 2087 monasterii
1264 2032 1536 2087 defuncta
1559 2031 1972 2087 venerabiliter

230 2168 233 2179 .
332 2125 585 2198 quiescit
615 2125 867 2180 humata.
898 2122 1074 2193 Cujus
1103 2120 1172 2177 ad
1203 2124 1380 2192 caput
1416 2120 1528 2175 filia
1560 2135 1759 2176 eorum
1785 2121 1972 2178 Odilia

332 2215 497 2284 virgo
520 2212 915 2270 sacratissima
942 2211 1128 2267 locum
1155 2210 1331 2266 habet
1357 2209 1673 2280 sepulchri.
1698 2208 1839 2278 (Fel.
1857 2212 1970 2282 78.)

334 2307 409 2361 De
430 2304 536 2359 hac
560 2317 753 2358 sermo
776 2301 995 2370 extitit,
1011 2306 1065 2356 et
1092 2315 1199 2356 nos
1215 2315 1244 2355 a
1263 2299 1598 2356 senioribus
1623 2298 1969 2369 audivimus,

334 2392 489 2465 quod
510 2406 747 2461 egressa
777 2404 806 2445 a
831 2390 1044 2446 finibus
1069 2389 1327 2445 Bavaria:
1349 2388 1578 2445 venerit
1600 2386 1919 2445 Virdunum
1944 2392 1976 2444 4

334 2482 476 2539 feria
509 2486 644 2538 ante
677 2485 939 2537 sanetum
971 2479 1123 2535 diem
1156 2477 1387 2548 paschae
1418 2477 1621 2533 volens
1647 2492 1775 2533 cum
1808 2482 1974 2548 patre

331 2578 392 2628 ct
425 2574 609 2627 matre
642 2574 701 2625 et
728 2569 1007 2624 fratribus
1026 2567 1176 2623 diem
1198 2566 1427 2638 paschae
1450 2566 1771 2622 celebrare.
1795 2566 1975 2631 Quam

335 2676 465 2718 cum
497 2660 587 2715 vir
621 2658 845 2714 Domini
878 2654 1204 2712 Richardus
1252 2654 1503 2711 intuitus
1554 2655 1782 2724 fuisset,
1826 2656 1975 2711 inter

339 2746 547 2806 blanda
572 2744 992 2802 consolationis
1005 2742 1258 2813 alloquia
1298 2758 1367 2799 an
1383 2742 1600 2813 aliquid
1623 2742 1978 2801 infirmitatis

338 2838 644 2909 pateretur
677 2831 1078 2902 interrogavit.
1110 2830 1230 2897 Qua
1274 2831 1665 2901 respondente
1695 2845 1889 2886 sanam
1916 2846 1978 2888 se

337 2940 488 2996 esse,
520 2927 577 2981 et
612 2922 831 2979 nullius
862 2920 1214 2990 egritudinis
1244 2919 1572 2976 molestiam
1615 2933 1677 2975 se
1726 2921 1980 2987 sentire;

341 3015 438 3074 ille
469 3012 792 3086 prophetiae
826 3010 1036 3083 Spiritu
1071 3012 1303 3082 plenus,
1331 3009 1658 3081 praevidens
1683 3009 1981 3066 imminere

338 3110 573 3177 tempus
596 3100 920 3160 vocationis
938 3100 1066 3171 ejus
1093 3119 1104 3153 :
1144 3099 1281 3157 Vale
1304 3099 1405 3169 ait,
1410 3099 1577 3171 ﬁlia,
1599 3112 1735 3155 cere
1762 3098 1984 3157 salutis

342 3195 746 3266 aternzeﬂlia.
777 3193 932 3250 Nam
959 3204 1096 3248 cras
1126 3189 1239 3246 hac
1279 3189 1344 3245 iu
1371 3189 1523 3245 hora
1566 3188 1891 3246 assumeris
1919 3190 1987 3245 in

334 3283 584 3355 gloria;
612 3282 672 3338 et
694 3281 943 3351 recipies
973 3294 1013 3336 a
1042 3279 1162 3336 Deo
1201 3293 1310 3349 pro
1360 3276 1498 3334 bene
1520 3278 1709 3348 gestis
1727 3279 1988 3348 praemia

339 3372 720 3443 sempiterna.
755 3369 963 3434 Ezecit
988 3370 1146 3425 enim
1176 3368 1232 3424 te
1259 3368 1419 3424 Deus
1448 3367 1671 3423 sociam
1700 3380 1823 3424 esse
1849 3381 1988 3425 sau-

344 3462 578 3520 ciarum
587 3459 914 3531 virginum,
932 3456 1410 3534 quiaj’ocuudmu
1421 3457 1478 3513 ei
1490 3458 1555 3513 in
1567 3456 1740 3512 corde
1762 3456 1859 3513 tuo
1870 3455 1988 3513 vir—

338 3550 629 3624 ginitatis
667 3548 1039 3623 praeparasti
1088 3545 1520 3602 habitaculum.
1557 3544 1871 3615 Obstupuit
1916 3546 1987 3601 ad

345 3642 492 3697 hanc
519 3653 719 3696 vocem
744 3636 820 3708 pii
846 3635 1032 3707 patris
1051 3633 1263 3705 ancilla
1288 3634 1406 3701 Dei,
1427 3638 1483 3689 et
1512 3633 1644 3703 quia
1670 3634 1856 3690 virum
1888 3634 1986 3690 Dei

343 3730 598 3788 credidit
621 3743 731 3784 non
757 3740 934 3799 posse
956 3724 1209 3794 mentiri,
1228 3722 1422 3779 verbis
1435 3721 1810 3792 ejuscredula
1832 3724 1989 3794 cepit

347 3822 417 3877 de
452 3821 564 3878 ﬁne
596 3834 702 3876 suo
734 3819 1013 3885 tractare,
1039 3827 1319 3870 excessus
1351 3827 1488 3869 suos
1522 3816 1904 3883 pertractare,
1930 3817 1986 3869 et

348 3908 685 3980 suffragium
706 3904 1128 3963 consolationis
1148 3906 1205 3959 et
1221 3901 1504 3959 orationis
1517 3903 1588 3958 ab
1602 3916 1670 3957 eo
1688 3905 1983 3972 expetere.

347 3999 539 4056 Atille
564 4002 741 4069 caput
760 4000 1027 4053 sanctum
1049 4008 1226 4064 super
1253 3995 1460 4063 pectus
1483 4005 1649 4047 suum
1675 3990 1985 4061 reclinans,

347 4094 426 4159 et,
459 4087 621 4160 quasi
650 4086 766 4156 jam
802 4098 905 4156 per
934 4080 1433 4153 incorruptionem
1484 4078 1749 4150 corporis
1786 4084 1846 4134 et
1877 4078 1990 4149 spi-

349 4179 498 4235 ritus
547 4176 799 4233 alterata
844 4177 1027 4243 esset,
1060 4186 1186 4227 eam
1234 4169 1592 4239 demulcens,
1620 4168 1991 4225 confortabat

349 4268 622 4340 spiritum
651 4265 778 4335 ejus
829 4263 885 4319 in
930 4261 1188 4330 Domino,
1226 4272 1556 4332 proponens
1609 4258 1833 4312 beatam
1865 4271 1988 4312 eam

2013 2974 2062 3035 Ο

2068 348 2267 417 itaque
2290 348 2629 421 sollempnia
2663 350 2787 418 ivit,
2814 356 2869 407 et
2896 366 3026 408 cum
3057 355 3553 411 communicasset
3574 358 3727 413 vivi-

2066 434 2195 490 ﬁcis
2256 437 2573 508 mysteriis,
2637 438 2838 494 dolore
2883 439 3309 509 aliquantulum
3360 442 3595 513 pulsata
3645 446 3723 500 ad

2067 521 2271 578 cellam
2307 522 2500 594 rediit,
2525 528 2587 578 et
2607 524 2952 580 adveniente
2979 526 3104 581 viro
3126 526 3226 582 Dei
3248 542 3380 583 cum
3406 528 3718 598 fratribus,

2068 612 2287 668 exitum
2321 627 2485 667 suum
2520 612 2889 669 orationibus
2923 613 3133 669 muniri
3160 615 3351 685 petiit,
3378 622 3438 672 et
3456 618 3542 674 sic
3564 618 3726 674 inter

2070 715 2272 756 manus
2301 702 2429 771 ejus
2462 701 2518 756 in
2548 702 2743 757 cinere
2778 706 2831 758 et
2863 702 3056 759 cilicio
3102 718 3166 759 se
3215 703 3529 777 reclinans,
3564 708 3723 763 inter

2069 790 2246 844 verba
2279 790 2563 845 orationis
2590 789 2719 847 lzcta
2745 791 3017 861 spiritum
3041 792 3277 848 efflavit.
3306 795 3372 849 Et
3396 796 3719 852 recedente

2073 877 2241 934 beata
2273 878 2481 948 anima,
2509 883 2669 934 tanta
2694 878 2813 935 illic
2835 880 3127 937 emanavit
3160 881 3467 950 ﬂagrantia
3488 884 3560 917 ’⁸⁸
3582 886 3721 941 οᾱο·

2073 967 2175 1037 ris,
2209 972 2269 1024 nt
2302 967 2443 1024 nulli
2502 968 2741 1025 dubium
2794 970 2944 1025 foret
2994 972 3231 1028 venisse
3280 972 3401 1028 illic
3451 979 3721 1030 antorem

2073 1057 2401 1113 suavitatis.
2441 1059 2717 1114 Curatum
2750 1072 2889 1114 sane
2930 1064 3023 1115 est
3055 1074 3270 1130 corpus
3302 1062 3429 1131 ejus
3461 1062 3556 1133 pia
3591 1063 3727 1119 reli-

2071 1144 2371 1214 giosorum
2401 1146 2697 1218 instantia,
2733 1151 2793 1203 et
2834 1163 3018 1219 usque
3065 1149 3119 1204 in
3171 1148 3324 1205 diem
3375 1150 3621 1207 tertium
3671 1154 3725 1208 in

2076 1233 2341 1289 zecclcsia
2375 1233 2466 1305 pia
2500 1242 2793 1291 servatum
2818 1235 3213 1294 sollicitudine
3235 1244 3291 1294 et
3318 1239 3644 1307 industria;
3669 1246 3727 1297 et

2044 1390 2047 1395 ν
2078 1322 2165 1376 sic
2194 1323 2440 1378 sabbato
2471 1328 2676 1379 saneto
2708 1330 2882 1380 terra;
2944 1326 3278 1383 mandatum
3328 1343 3460 1384 cum
3510 1329 3727 1399 gloria.

2081 1410 2185 1479 (Cf.
2214 1410 2279 1468 Θ.
2319 1411 2482 1468 Vird.
2498 1413 2572 1483 9.)
2599 1413 2658 1467 In
2684 1412 2791 1469 hoc
2816 1414 3174 1470 monasterio
3197 1416 3446 1474 domnus
3468 1420 3736 1476 Leithar-

2080 1499 2189 1554 dus
2221 1513 2417 1556 eomes
2459 1500 2530 1555 de
2578 1500 2827 1556 Marceio
2875 1502 2947 1557 ad
2991 1504 3437 1563 conversionem
3481 1508 3735 1564 veniens

1997 1617 2050 1676 Β
2083 1587 2400 1644 Bailodium
2432 1588 2702 1657 contulit,
2738 1594 2799 1645 et
2829 1590 3030 1647 multis
3080 1593 3247 1649 annis
3294 1593 3349 1649 in
3401 1600 3611 1653 sancto
3650 1598 3738 1652 vi-

2080 1691 2222 1732 vens
2276 1677 2599 1748 proposito,
2647 1679 2882 1734 tandem
2963 1680 3356 1753 Cathalaunis,
3407 1698 3522 1754 quo
3598 1699 3735 1741 eum

2081 1767 2434 1829 oboedientia
2496 1768 2756 1839 miserat,
2790 1768 3106 1826 defunctus
3133 1776 3191 1826 et
3224 1773 3496 1844 sepultus
3524 1780 3642 1846 est,
3673 1782 3735 1833 et

2083 1854 2313 1910 demum
2344 1856 2586 1912 Virduni
2619 1857 2840 1913 relatus
2872 1858 2926 1913 in
2950 1858 3215 1917 claustro
3257 1862 3587 1920 tumulatus
3616 1871 3733 1922 est.

2083 1944 2252 2014 (Vita
2275 1944 2593 2015 Richardi,
2610 1950 2688 2017 9.)
2713 1946 3060 2003 Godefridns
3077 1948 3197 2004 dux
3218 1950 3523 2008 Gozelonis
3546 1954 3740 2009 frater

2084 2032 2295 2088 ibidem
2330 2032 2623 2103 sepultus,
2655 2039 2725 2090 99
2756 2049 2987 2092 mansos
3018 2037 3072 2091 in
3107 2038 3407 2094 Beurunes
3452 2040 3637 2110 dedit,
3674 2048 3737 2096 et

2084 2135 2186 2177 sua
2220 2121 2632 2192 suppellectile
2665 2122 2859 2179 locum
2891 2124 3197 2181 admodum
3218 2127 3538 2198 ampliavit.
3570 2132 3741 2187 Dodo

2084 2211 2258 2266 etiam
2291 2210 2361 2266 de
2395 2211 2634 2267 Comitis
2649 2213 3028 2282 castrojuxta
3052 2215 3431 2272 Teodoricnm
3454 2219 3739 2275 comitem

2087 2299 2300 2355 ibidem
2339 2300 2391 2354 in
2427 2300 2692 2369 ingressu
2728 2303 3069 2357 monasterii
3096 2304 3369 2373 quiescit.
3399 2306 3742 2364 Ludovicus

2088 2402 2318 2458 quoque
2350 2402 2545 2445 comes
2576 2393 2632 2444 et
2667 2390 3002 2446 monachus.
3037 2391 3128 2461 (Θ.
3179 2393 3339 2449 Vird.
3373 2399 3426 2464 9,
3462 2397 3574 2467 11.)
3616 2396 3745 2450 llil~

2090 2476 2311 2533 dradus
2331 2492 2529 2533 comes
2553 2478 2904 2535 Richardnm
2939 2479 3118 2535 filium
3147 2495 3311 2536 suum
3344 2488 3473 2553 post
3506 2485 3742 2555 episco-

2089 2582 2223 2637 pum
2287 2567 2458 2621 beato
2504 2567 2656 2637 patri
2708 2567 3118 2638 baptizandnm
3169 2569 3439 2641 offerens,
3491 2574 3746 2629 Baronis

2088 2658 2313 2710 curtem
2346 2658 2550 2711 saneto
2580 2655 2790 2712 Vitono
2823 2656 3002 2726 dedit,
3037 2660 3096 2712 et
3128 2657 3441 2715 defunctus
3486 2660 3540 2715 in
3591 2661 3747 2729 gali-

2090 2741 2178 2798 lea
2205 2742 2320 2813 (89)
2354 2742 2628 2799 tumnlari
2659 2744 2890 2800 meruit.
2925 2744 3047 2800 Non
3079 2748 3169 2801 est
3222 2753 3415 2802 autem
3451 2748 3621 2803 facile
3650 2765 3748 2806 re-

2093 2833 2266 2901 ferre,
2288 2836 2425 2902 quot
2458 2831 2528 2888 de
2560 2832 2813 2889 diversis
2844 2833 3111 2903 partibus
3141 2835 3418 2905 Franciaa,
3445 2838 3744 2894 Neustri.e

2090 2924 2149 2976 et
2174 2920 2516 2990 Austrasiie,
2544 2921 2760 2992 spretis
2782 2922 3085 2979 mundanae
3105 2923 3386 2979 vanitatis
3410 2924 3737 2995 illecebris,

2094 3011 2202 3066 sub
2235 3008 2548 3081 disciplina
2581 3015 2641 3066 et
2674 3000 3009 3081 magisterio
3036 3013 3219 3083 patris
3240 3013 3512 3070 Richardi
3540 3029 3745 3071 mona-

2095 3099 2256 3156 sticze
2289 3113 2350 3155 se
2386 3100 2712 3156 subdebant
2748 3100 3037 3169 religioni.
3072 3102 3155 3157 Ita
3208 3116 3454 3172 namque
3500 3103 3556 3158 in
3606 3103 3746 3171 ejus

2095 3202 2289 3245 amore
2305 3203 2367 3243 se
2386 3189 2577 3244 transf
2579 3189 2819 3244 aderant
2837 3204 3025 3259 reges,
3045 3189 3351 3260 pontifices
3363 3195 3423 3245 et
3438 3196 3743 3263 potentes,

2099 3283 2159 3336 ut
2191 3294 2416 3336 summo
2465 3293 2595 3334 cum
2645 3286 3069 3336 venerarentnr
3116 3281 3345 3347 aﬂ‘ectu,
3398 3286 3456 3336 et
3511 3286 3745 3352 patrem

2096 3382 2225 3422 eum
2259 3365 2523 3423 dicerent
2555 3367 2760 3438 patriae
2790 3369 2864 3423 ob
2897 3372 3201 3439 paternum
3233 3368 3360 3439 ejus
3378 3385 3514 3439 erga
3535 3385 3748 3426 omnes

2098 3456 2389 3525 affectum,
2424 3471 2536 3526 quo
2565 3460 2812 3512 cunctos
2856 3457 3091 3512 fovebat
3137 3460 3194 3512 et
3244 3456 3561 3514 relevabat.
3600 3461 3747 3514 Erat

2097 3544 2248 3600 enim
2285 3545 2415 3615 pius
2464 3544 2516 3599 in
2570 3544 2756 3614 vultu,
2804 3544 3165 3602 reverendus
3210 3547 3464 3614 incessu,
3500 3562 3753 3603 severus

2098 3634 2254 3689 circa
2286 3634 2585 3704 reprobos,
2638 3632 2828 3689 dulcis
2876 3648 3012 3703 erga
3064 3635 3381 3705 benivolos,
3417 3636 3594 3691 forma
3646 3637 3754 3691 ho-

2099 3726 2319 3791 nestus,
2351 3722 2578 3778 actione
2610 3722 2990 3793 compositus,
3029 3723 3345 3794 prmferens
3378 3738 3607 3795 semper
3642 3725 3754 3780 ho-

2099 3816 2324 3867 nestum
2357 3810 2505 3881 utili,
2539 3812 2635 3880 qui
2669 3810 2829 3866 nullo
2861 3816 3108 3881 terrore,
3144 3811 3298 3867 nulla
3333 3812 3675 3868 adulatione
3711 3829 3747 3869 a

2100 3914 2238 3956 vero
2269 3899 2628 3969 flecteretur,
2655 3900 2711 3954 in
2736 3900 3150 3955 observatione
3183 3901 3400 3969 regula:
3433 3901 3751 3957 ferventis-

2078 3989 2298 4059 simus,
2361 3989 2417 4044 in
2472 3989 2838 4058 corrigendis
2895 3990 3063 4045 Viciis
3118 3989 3632 4061 prudentissimus,
3686 3991 3745 4047 in

2100 4079 2376 4135 castitate
2433 4076 2893 4148 cluentissimus,
2955 4078 3011 4133 in
3064 4078 3384 4134 exibitione
3455 4080 3746 4135 bonorum

2100 4180 2337 4237 Operum
2370 4165 2849 4235 perfectissimus.

2174 4257 2257 4307 10.
2292 4252 2476 4323 (1020)
2532 4251 2837 4308 Baldricns
2893 4252 3072 4321 igitur
3129 4252 3463 4309 Leodiensis
3520 4253 3754 4323 episeo—
3850 4306 3858 4311 ,

351 4331 496 4423 fere,
530 4331 700 4426 quam
733 4360 960 4409 certum
991 4354 1116 4406 erat
1152 4331 1236 4407 add
1257 4348 1492 4419 nuptias
1524 4346 1653 4415 agni
1689 4346 1986 4402 festinare.
2018 4331 2073 4392 D
2104 4358 2212 4414 pus
2244 4341 2381 4413 (89')
2404 4357 2534 4397 cum
2559 4342 2789 4397 beatum
2811 4342 2999 4397 virum
3024 4341 3193 4398 unice
3225 4341 3518 4412 diligeret,
3551 4357 3753 4399 coeno-

351 4448 490 4501 Post
524 4445 630 4499 hee
661 4457 788 4498 eam
821 4440 1061 4497 reficere
1094 4437 1291 4508 jussit,
1328 4435 1594 4492 omnibus
1643 4434 1991 4491 mirantibus

355 4532 641 4605 quomodo
674 4546 798 4586 eam
835 4542 1029 4587 sanam
1060 4532 1116 4583 et
1151 4530 1413 4596 vegetam
1448 4524 1503 4581 in
1534 4524 1793 4581 crastino
1824 4523 1993 4579 mori-

354 4628 542 4680 turam
568 4619 910 4692 predixerit.
932 4619 990 4673 In
1004 4615 1321 4673 crastinum
1345 4617 1537 4670 autem
1555 4612 1783 4684 liquore
1808 4612 1992 4669 sancti

353 4712 464 4769 olei
499 4712 571 4767 ab
599 4725 668 4767 eo
701 4710 960 4778 inuncta,
993 4721 1123 4763 cum
1156 4703 1371 4761 nullam
1415 4702 1787 4772 gravedinem
1840 4707 1996 4773 pate-

353 4807 538 4871 retur,
573 4798 846 4856 mandato
880 4809 1199 4869 pauperum
1230 4808 1361 4850 cum
1412 4807 1482 4849 eo
1528 4791 1815 4862 interfuit,
1849 4794 1909 4846 et
1938 4790 1994 4845 in

354 4891 556 4948 eodem
598 4904 712 4962 quo
761 4888 985 4943 laverat
1034 4885 1213 4957 pedes
1263 4897 1580 4954 pauperum
1630 4881 1759 4937 loco
1807 4879 1995 4935 virum

357 4982 589 5039 beatum
622 4978 832 5036 intuita
872 4996 883 5031 :
915 4976 1059 5045 Hec,
1095 4975 1196 5046 ait,
1221 4973 1459 5045 requies
1486 4983 1617 5028 mea
1638 4969 1705 5027 iu
1721 4967 1999 5028 saeculum

2106 4431 2260 4488 bium
2291 4430 2574 4486 Lobiense
2607 4430 2828 4485 divitiis
2873 4430 3380 4501 opulentissimum
3414 4431 3465 4486 ei
3498 4429 3753 4486 tradidit

2103 4520 2441 4590 regendum,
2466 4524 2528 4574 ut
2562 4519 2849 4575 industria
2882 4519 3009 4588 ejus
3041 4518 3346 4589 religionis
3378 4519 3430 4573 in
3457 4533 3527 4574 eo
3561 4519 3771 4574 νεῖον-ς

2104 4612 2286 4665 maret
2313 4607 2700 4679 propositum,
2720 4608 2872 4677 quod
2888 4607 3197 4664 videbatur
3221 4623 3249 4663 a
3278 4607 3530 4679 pristino
3553 4607 3752 4676 rigore

2106 4698 2471 4753 inmutatum.
2510 4696 2686 4765 Cujus
2717 4696 2982 4768 exemplo
3007 4695 3342 4752 delectabili
3364 4700 3747 4767 provocatus,

2105 4800 2234 4841 cum
2257 4783 3493 4855 videretreligiosamcjuseonvcrsationcm
3509 4783 3563 4837 in
3580 4784 3754 4838 bonis

2106 4880 2164 4931 et
2199 4875 2420 4929 sanctis
2453 4874 2729 4942 moribus,
2765 4878 2825 4928 ct
2873 4873 3293 4941 incrementum
3346 4871 3649 4940 religionis
3691 4876 3750 4927 et.

2108 4962 2447 5020 monasticae
2479 4962 2857 5033 perfectionis
2887 4961 2942 5016 in
2987 4960 3253 5017 emnobio
3297 4960 3500 5016 eodem
3546 4974 3755 5016 exere-

1718 5099 1951 5157 VARI/1'3
1993 5094 2391 5155 LECTIONES.

426 5198 493 5231 ’⁸⁵
532 5198 624 5255 ita
651 5212 698 5256 ο.

1940 5257 2162 5313 NOTAE.

451 5376 540 5446 89)
574 5376 742 5446 Area,
777 5372 1013 5446 nostris
1040 5371 1317 5446 gallerie.
1364 5441 1376 5446 _
1405 5438 1416 5446 _
1476 5369 1483 5377 '

451 5379 540 5446 89)
574 5379 742 5443 Area,
777 5379 998 5429 nostris
1040 5379 1317 5443 gauerie.

427 5379 569 5518 i893
598 5443 921 5511 Wolbodo;
953 5443 1025 5498 cf.
1064 5445 1206 5497 Ann.
1244 5438 1608 5496 Lanbienses.
1652 5437 1747 5492 SS.
1782 5435 1874 5506 IV,
1907 5438 1994 5503 18,

2182 5364 2351 5419 Gesta
2386 5376 2517 5433 epp.
2553 5362 2774 5416 Camer.
2811 5360 2846 5416 l.
2884 5363 2934 5430 3,
2966 5375 3016 5415 e.
3052 5364 3137 5415 15.
3175 5360 3268 5414 SS.
3305 5359 3421 5432 VII,
3456 5361 3577 5417 470.
