3960 6052
178 227 292 289 213
442 188 449 197 ’
1402 222 1910 290 CHRONICON.
1955 259 2033 271 --
2081 226 2234 287 LIB.
2284 229 2358 289 11.
3462 231 3578 291 214

181 376 339 419 scere
363 360 626 431 gaudens
658 360 992 429 miraretur,
1036 358 1192 430 repit
1236 360 1349 429 jam
1390 361 1606 430 majora
1640 358 1815 414 medi-
1846 358 1901 420 A
1933 361 2014 415 sis
2046 362 2312 418 abbatias
2337 363 2388 418 ei
2415 360 2790 435 duamplures
2816 364 3081 433 tradidit,
3107 366 3396 422 abbatiam
3420 365 3583 424 scili-

180 452 310 521 tari,
340 458 397 506 et
429 451 483 504 in
520 448 804 504 suburhio
852 448 1152 504 [.eozliensi
1187 449 1240 503 in
1275 449 1490 505 honore
1525 448 1814 505 Laurentii
1934 449 2069 505 licet
2104 452 2290 507 sancti
2326 451 2836 523 PetriGandensis,
2861 452 3151 509 abhatiam
3177 453 3580 513 sanctiA'man-

180 540 443 611 martyris
476 538 893 594 monasterium
917 537 1179 593 edificari
1205 534 1816 594 constituit.‘Evocato
1933 537 2010 608 di,
2035 540 2327 595 abbatiam
2361 540 2546 596 sancti
2581 540 2820 611 Bertini,
2847 541 3138 596 abbatiam
3164 543 3349 598 sancti
3378 543 3555 600 Richa

179 645 313 699 ergo
340 630 409 685 ad
443 644 507 685 sc
538 629 744 684 eodem
779 628 1009 695 abbate,
1036 628 1391 683 desiderium
1416 644 1579 683 suum
1612 628 1662 683 ei
1687 642 1819 699 ape-
1933 626 2001 681 rii
2026 631 2082 682 et
2104 629 2395 683 abbatiam
2438 630 2622 685 sancti
2669 628 2895 685 Judoci.
2947 629 3119 685 Rexit
3149 634 3207 685 et
3239 628 3351 685 alia
3386 645 3582 701 quam-

183 717 1573 787 ruit,etutdesideriiejuscoeperatoraccederet
1596 716 1817 772 monuit
1932 716 2181 787 plurima
2234 718 2496 787 cenobia,
2550 718 2994 788 Brctuliensem,
3058 717 3584 792 Humularieusem,

179 813 231 863 et
258 809 593 863 obtestatus
624 810 714 860 est
745 805 1003 860 adiciens
1044 804 1284 861 multum
1320 805 1663 877 perfectioni
1695 804 1821 874 ejus
1936 806 2121 861 sancti
2147 806 2403 872 Quintini
2429 805 2499 862 de
2522 808 2939 877 Monte,sancti
2964 806 3585 877 Wandregisili,sancti

184 910 340 968 posse
375 896 678 967 proficere,
714 895 760 948 si
794 895 919 964 ejus
965 894 1161 950 studio
1208 898 1263 950 et
1298 894 1579 952 industria
1614 895 1821 951 domus
1936 895 2199 965 Huberti,
2236 895 2422 951 sancti
2473 894 2748 965 Remacli,
2803 895 3402 966 Malmuudariensem,
3437 897 3589 952 Wal-

180 987 702 1052 Deibxtrueretur,
738 983 791 1038 in
828 998 943 1054 quo
994 983 1121 1040 laus
1152 988 1209 1041 et
1239 985 1426 1054 gloria
1481 984 1579 1040 Dei
1613 984 1823 1039 devote
1933 983 2351 1053 tiodorenscm,
2408 984 2691 1053 Belliloci,
2730 984 2915 1040 sancti
2966 984 3200 1054 Urbani,
3233 986 3418 1042 sancti
3454 985 3586 1041 Vin-

180 1076 268 1130 die
298 1079 594 1143 noctuque
644 1072 1071 1129 celebraretur.
1135 1072 1274 1141 (Fel.
1321 1072 1454 1143 78’.)
1512 1073 1821 1144 Adquievit
1937 1072 2113 1128 centii
2148 1073 2451 1129 Mettensis
2504 1073 2729 1142 insulae,
2764 1076 2820 1127 et
2856 1071 2965 1128 alia
3003 1072 3274 1143 perplura
3311 1089 3439 1143 qua:
3471 1089 3584 1130 non

181 1164 261 1219 vir
288 1163 507 1218 Domini
535 1208 549 1232 ,
599 1167 654 1216 et
688 1162 1063 1231 congregatis
1096 1162 1424 1218 artificibus
1449 1206 1463 1233 ,
1518 1162 1825 1233 delegatis-
1936 1164 2250 1217 occurrunt
2286 1162 2599 1229 memoria},
2630 1175 2774 1232 quas
2795 1175 2996 1218 omnes
3021 1162 3074 1216 iu
3101 1161 3397 1218 meliorem
3424 1178 3587 1234 repa-

182 1267 285 1323 que
334 1251 688 1307 necessariis
743 1251 1095 1322 sumptibus,
1149 1252 1381 1308 Christo
1441 1252 1673 1308 domino
1729 1253 1826 1309 ad-
1939 1251 2088 1306 ravit
2113 1253 2349 1319 statum,
2376 1255 2435 1306 et
2460 1249 2785 1305 melioratis
2809 1249 3139 1305 abhatesde
3164 1249 3450 1321 suisquos
3473 1252 3587 1306 cle-

178 1344 431 1411 juvante,
467 1344 526 1395 et
560 1330 731 1395 beato
794 1341 1106 1396 Laurentio
1148 1345 1525 1413 cooperante,
1571 1355 1719 1411 Opus
1745 1341 1828 1396 in-
1938 1339 2022 1409 git
2056 1339 2335 1395 instituit.
2374 1339 2687 1396 Cenohium
2722 1354 2861 1394 vero
2894 1338 3177 1409 Belliloci,
3205 1340 3392 1395 sancti
3427 1340 3583 1395 Petri

177 1433 442 1485 rhoatum
475 1429 711 1499 agiliter
734 1429 1040 1500 perﬁcitur
1063 1434 1119 1484 et
1146 1430 1472 1501 dedicatur,
1504 1434 1561 1487 et
1592 1432 1820 1501 fratres,
1941 1428 2402 1497 Catalauncnsis,
2457 1427 2643 1483 sancti
2702 1427 2916 1483 Urbani
2946 1425 3013 1459 ²⁸⁶
3059 1428 3183 1498 ipse
3213 1429 3268 1482 in
3326 1428 3450 1482 vita
3480 1442 3585 1483 sua

182 1519 270 1589 qui
302 1520 420 1574 Deo
451 1518 764 1574 cotidianis
795 1517 1159 1574 deservircnt
1213 1533 1281 1574 ex
1315 1519 1667 1575 monasterio
1699 1532 1851 1575 sau-'
1940 1516 2109 1571 rexit.
2135 1518 2375 1572 Precrat
2412 1520 2544 1572 tunc
2570 1517 2970 1572 Cameracensi
3018 1516 3301 1571 mcclesize
3320 1522 3379 1572 et
3422 1518 3588 1572 Atre-

181 1609 251 1663 eti
282 1608 476 1663 Vitoni
502 1607 901 1673 adducuntur;
927 1607 1140 1677 quibus
1166 1607 1291 1664 loco
1318 1608 1613 1679 praepositi
1639 1608 1826 1680 praefi-
1942 1605 2166 1660 batcnsi
2201 1605 2494 1662 Gerardus
2516 1604 2872 1661 venerabilis
2896 1605 3226 1676 episcopus.
3265 1605 3365 1659 llic
3385 1604 3587 1661 accele-

182 1697 327 1752 citur
371 1696 620 1751 domnus
672 1696 1022 1767 Stephanus,
1055 1697 1151 1767 qui
1185 1697 1239 1751 in
1275 1698 1516 1768 praefato
1576 1697 1821 1753 cenobio
1854 1713 1907 1775 B
1942 1693 2084 1749 siam
2117 1694 2304 1750 sancti
2338 1693 2575 1749 Vedasti
2602 1693 2655 1748 in
2677 1693 2959 1749 suburbio
2982 1692 3356 1749 Atrebatensi
3390 1693 3583 1763 sitam,

183 1784 468 1839 eellerarii
490 1783 685 1839 cilicio
709 1785 1075 1854 fungebatur.
1102 1786 1312 1840 Tactus
1337 1784 1508 1841 simili
1536 1785 1701 1841 bonas
1727 1784 1822 1841 de-
1940 1783 2010 1839 de
2028 1782 2528 1838 maximisdivitiis
2543 1782 2614 1837 ad
2632 1782 2934 1837 maximam
2953 1782 3247 1837 redactam
3265 1781 3585 1852 penuriam,

183 1874 424 1928 votionis
446 1871 1822 1944 desideriodomnusRotgeriusCatalauniczeéi-
1939 1887 2087 1928 anno
2119 1872 2189 1927 ab
2240 1870 2640 1926 incarnatione
2670 1870 2891 1926 Domini
2952 1872 3092 1927 1008
3124 1868 3254 1925 huic
3290 1869 3441 1940 patri
3489 1883 3590 1924 no-

185 1962 1314 2033 vitatisepiscopus,industriaetlabore
1351 1963 1613 2032 ejusdem
1635 1963 1820 2034 patris
1937 1966 2081 2030 stro,
2121 1975 2289 2031 quem
2325 1958 2489 2014 unice
2524 1958 2826 2029 diligebat,
2860 1958 3216 2027 assignavit;
3265 1957 3320 2012 in
3357 1971 3466 2027 qua
3500 1956 3589 2012 vir

185 2048 448 2103 Richardi
484 2048 540 2103 in
574 2050 860 2104 suburbio
885 2048 1292 2106 Catalaunensi
1318 2050 1371 2105 in
1393 2051 1612 2106 honore
1637 2049 1820 2106 sancti
1935 2049 2159 2105 Domini
2183 2053 2341 2104 tanta
2366 2047 2487 2117 egit
2528 2051 2586 2102 et
2614 2061 2823 2118 passus
2846 2050 2958 2117 est,
3008 2050 3089 2115 ut,
3123 2045 3170 2101 si
3195 2045 3421 2115 singula
3456 2046 3591 2102 scri-

184 2138 327 2192 l’etri
378 2138 798 2192 monasterium
832 2152 862 2192 a
895 2137 1284 2195 fundamentis
1312 2139 1663 2201 construxit,
1700 2144 1759 2194 et
1791 2154 1819 2194 a
1936 2139 2237 2205 herentur,
2268 2142 2325 2192 et
2361 2135 2570 2192 lectori
2629 2141 2691 2192 ut
2724 2150 2933 2192 vereor
2965 2135 3180 2191 tcdium
3211 2140 3270 2190 et
3303 2134 3588 2191 audienti-

184 2226 531 2283 monasterio
548 2228 811 2297 sepefato
830 2228 1180 2284 fratrescum
1205 2228 1375 2283 libris
1391 2232 1445 2283 et
1467 2229 1822 2284 ornamentis
1937 2226 2045 2282 bus
2076 2229 2425 2296 generarent
2460 2224 2797 2289 fastidium;
2831 2223 2930 2280 sed
2964 2223 3034 2279 de
3054 2223 3255 2279 multis
3284 2238 3468 2294 pauca
3505 2223 3590 2279 di-

185 2315 663 2386 necessariis,qui
688 2315 829 2370 inibi
862 2316 1247 2385 deservirent,
1273 2316 1678 2385 deduxit,etin
1703 2316 1821 2373 vita
1936 2315 2117 2370 cenda
2152 2319 2307 2384 sunt,
2342 2319 2399 2369 et
2437 2313 2684 2369 fortasse
2709 2310 2914 2368 utilius
2938 2313 3280 2384 proderunt.
3318 2312 3589 2368 Dicamus

183 2421 270 2459 sua
306 2406 436 2475 ipse
464 2420 567 2476 per
583 2420 644 2460 se
678 2410 926 2475 utraque
955 2406 1103 2460 rexit
1138 2405 1506 2462 monasteria.
1535 2406 1703 2475 (Vita
1724 2407 1827 2463 Ri-
1940 2403 2137 2472 itaque
2171 2402 2307 2472 quid
2343 2416 2536 2457 rerum
2572 2400 2996 2466 intercesserit,
3032 2405 3094 2455 ut
3125 2399 3196 2455 ad
3228 2400 3475 2471 inopiam
3503 2414 3589 2455 re-

182 2493 404 2565 citanti,
432 2510 482 2549 c.
516 2495 721 2563 19.)Dc
755 2510 870 2566 quo
893 2495 1001 2550 hoc
1028 2495 1212 2550 fertur
1235 2494 1518 2563 mirabile,
1538 2494 1669 2565 quia
1694 2509 1825 2549 cum
1940 2492 2242 2560 digeratur
2272 2489 2435 2545 locus
2492 2493 2789 2544 tantarum
2823 2488 3177 2544 divitiarum.
3214 2490 3336 2543 Non
3395 2492 3588 2543 autem

186 2590 367 2638 turres
402 2582 677 2638 ecclesia)
702 2585 887 2640 sancti
924 2583 1215 2639 Laurentii
1250 2584 1306 2638 in
1340 2583 1520 2639 altum
1547 2583 1663 2653 jam
1698 2599 1827 2654 per-
1938 2579 2084 2647 visa,
2119 2577 2219 2635 sed
2249 2593 2280 2633 a
2312 2577 2641 2633 senioribus
2663 2575 2859 2633 audita
2897 2575 3220 2631 referimus.

186 2676 367 2740 rectze,
405 2677 467 2727 et
502 2687 688 2741 usque
747 2674 817 2729 ad
850 2687 1123 2729 cacumen
1185 2672 1428 2728 elevata:
1462 2673 1826 2742 postmodum
2015 2672 2070 2721 11
2111 2666 2354 2733 Quidam
2378 2664 2754 2721 servientium
2790 2664 2977 2719 sancti
3026 2662 3263 2719 Vedasti
3288 2662 3343 2718 in
3367 2666 3586 2719 tantam

186 2761 424 2816 reclines
451 2760 813 2831 viderentur,
831 2765 887 2816 et
916 2763 970 2816 in
992 2760 1156 2817 ruina
1180 2776 1377 2816 eorum
1399 2759 1468 2792 ’⁸⁸
1487 2765 1650 2816 certa
1673 2764 1825 2816 esset
1942 2758 2216 2827 eruperat
2251 2752 2602 2826 proterviam
2625 2751 2713 2823 ³⁸⁷,
2737 2752 2793 2808 in
2813 2756 3033 2808 tantam
3065 2755 3407 2807 excreverat
3434 2752 3590 2806 inso-

187 2847 425 2917 dejectio
460 2849 761 2919 mcclcsim,
795 2850 881 2904 vir
912 2850 1010 2905 Dei
1059 2848 1392 2905 adveniens.
1427 2848 1688 2904 dolorem
1721 2848 1829 2902 fra-
1944 2843 2202 2912 lentiam,
2226 2843 2357 2914 quia
2383 2842 2682 2913 aliquanto
2715 2840 3083 2898 necessarius
3124 2845 3249 2896 erat
3281 2838 3584 2910 :ecclesias,
3664 2892 3665 2895 η

185 2944 532 3008 trum,quem
556 2938 801 2993 extedio
821 2937 1161 3006 dejiciendzc
1181 2938 1465 2992 etiterum
1489 2937 1826 3008 reparandze
1943 2938 2007 2989 ut
2038 2932 2185 2987 infra
2233 2932 2441 2987 atrium
2473 2928 2808 2987 monasterii
2844 2929 3075 2986 domum
3107 2929 3217 2985 sibi
3269 2927 3592 2984 constitue-

188 3026 355 3081 turris
378 3027 698 3097 habebant,
732 3026 943 3083 blande
973 3027 1315 3083 consolatus
1339 3030 1523 3091 est;et
1544 3028 1828 3083 nocturno
1864 3066 1912 3130 Ο
1943 3026 2033 3078 ret
2067 3035 2283 3090 magna
2303 3019 2634 3076 altitudinis
2659 3023 2720 3074 et
2743 3018 3103 3075 fortitudinis
3152 3017 3318 3088 quasi
3344 3032 3450 3088 pro
3475 3016 3586 3072 tui-

189 3121 200 3130 .
611 3116 625 3130 ι
706 3116 716 3127 ο
848 3116 858 3127 ο
1380 3114 1415 3130 ιι
1471 3116 1506 3130 ι·
1619 3115 1628 3126 ο
1943 3109 2230 3130 ιξΑΑ--⁴Ι-.2
2280 3107 2575 3130 οΛΔ.,..ηι-
2609 3105 3557 3130 κη-..ι...ιιζιλιλΑληι...νιο.οεινιιιυη-ι

189 3121 440 3187 tempore
489 3116 812 3171 {ecclesiam
846 3116 1163 3186 ingressus,
1199 3130 1329 3171 cum
1362 3114 1583 3171 diutius
1616 3115 1667 3170 in
1702 3130 1829 3171 ora-
1864 3105 1912 3130 υ
1943 3111 2098 3166 tione
2120 3109 2251 3164 loci.
2279 3107 2389 3163 Sed
2412 3114 2580 3163 nacta
2604 3107 3005 3179 oportunitate
3030 3105 3581 3162 contumatiaeexer-

190 3204 330 3258 lianc
347 3204 980 3275 pernoctasset,januis
1004 3205 1315 3276 patefactis
1337 3219 1611 3273 egressus
1632 3208 1744 3274 est,
1770 3208 1827 3258 et
1943 3198 2160 3268 ccndze,
2188 3196 2379 3253 secula
2393 3196 2584 3252 ritatis
2611 3196 2665 3251 in
2701 3195 3052 3276 monasterio
3080 3192 3578 3265 superabundauti

188 3291 380 3347 iterum
402 3294 659 3348 orationi
686 3294 1024 3349 incumbens
1048 3309 1175 3349 cum
1200 3293 1574 3362 surrexisset,
1601 3293 1828 3361 signum
1944 3286 2167 3343 desidia
2197 3289 2566 3358 provocatus,
2585 3264 3020 3355 propugnacuia
3044 3282 3252 3351 erexit,
3271 3281 3586 3340 infirmiora

186 3382 588 3452 rrucisedidit,
609 3386 667 3437 et
690 3382 995 3438 confestim
1017 3381 1650 3455 turres,quzereclines
1674 3380 1832 3436 vide-
1946 3374 2209 3443 munivit,
2236 3378 2294 3429 ct
2320 3373 2563 3444 nonjam
2591 3388 2694 3444 pro
2726 3370 2877 3442 loco,
2912 3372 3012 3428 sed
3060 3374 3264 3426 contra
3311 3370 3501 3426 locum
3532 3376 3591 3427 et

191 3471 410 3541 bantur,
453 3471 590 3526 dato
642 3471 889 3526 maxime
939 3471 1193 3541 strepitu
1228 3470 1281 3524 in
1316 3484 1447 3525 sese
1498 3469 1832 3524 resilientes
1944 3466 2120 3519 Deum
2138 3463 2425 3519 rebellare
2441 3462 2605 3518 uisus
2627 3466 2739 3528 est,
2763 3462 2907 3517 bona
2930 3459 3212 3516 {ecclesiae
3237 3457 3590 3530 diripiendo,

190 3559 611 3614 subsederunt:
639 3563 718 3630 et,
742 3563 800 3615 ut
822 3559 1202 3615 cernentibus
1225 3561 1403 3630 patet,
1430 3558 1505 3613 ita
1528 3557 1582 3613 in
1606 3571 1668 3612 se
1694 3558 1833 3613 resi-
1947 3552 2291 3609 vernaculos
2313 3555 2372 3607 ct
2396 3550 2703 3607 ancillulas
2720 3550 2951 3605 sibimet
2974 3547 3363 3619 aggregando,
3381 3561 3591 3605 canum

192 3644 415 3717 licrunt,
450 3655 512 3702 ut
535 3648 767 3703 cunctis
790 3647 973 3719 palam
1009 3647 1250 3704 daretur
1274 3645 1542 3716 intelligi,
1566 3645 1833 3715 angelico
1949 3640 2200 3711 turbam,
2244 3640 2593 3696 histrionum
2633 3644 2692 3694 et
2716 3652 3048 3695 scurrarum
3079 3635 3337 3709 ineptam
3387 3649 3595 3705 conge-

194 3736 237 3789 il
272 3739 489 3792 factmn
522 3750 653 3791 esse
678 3735 1022 3791 ministerio.
1051 3737 1267 3791 Tantus
1297 3740 1489 3790 autem
1512 3733 1834 3789 resilicntis
1948 3730 2091 3784 ricm
2124 3727 2484 3798 deducendo,
2520 3742 2623 3784 nec
2672 3742 2773 3783 eos
2802 3726 2872 3781 ab
2907 3725 3170 3795 ingressu
3203 3724 3451 3781 claustri
3504 3738 3593 3779 ar-

194 3824 238 3879 iu
263 3840 324 3881 se
343 3828 666 3881 structura)
685 3810 955 3895 crepitus
974 3826 1164 3879 factus
1180 3829 1291 3892 est,
1320 3828 1382 3878 ut
1408 3823 1619 3878 fratres
1642 3837 1836 3878 mona-
1947 3818 2171 3875 cendo:
2206 3817 2325 3889 (fol.
2369 3820 2461 3891 79)
2494 3833 2621 3874 cum
2668 3816 2866 3887 potius
2901 3815 3023 3886 ipse
3058 3813 3111 3868 in
3142 3827 3212 3869 eo
3271 3812 3597 3882 obsequen-

192 3913 342 3968 sterii
376 3917 680 3968 tantorum
716 3915 1215 3968 sacramentorum
1243 3910 1426 3980 ignari
1455 3926 1482 3967 a
1511 3911 1680 3967 lectis
1705 3926 1835 3967 cum
1947 3906 2092 3962 tium
2122 3906 2377 3978 stipatus
2413 3906 2615 3962 cuneis
2643 3904 2875 3961 assidue
2900 3901 3155 3972 sederet,
3182 3906 3241 3957 et
3264 3900 3596 3974 habitacula

195 4004 429 4057 maxime
464 4001 675 4056 timore
706 4004 1081 4070 exurgereut,
1120 4004 1395 4072 putantes
1428 3999 1482 4054 in
1517 4000 1683 4055 ruina
1718 4005 1837 4055 tur-
1952 4009 2256 4050 servorum
2290 3994 2385 4048 Dei
2419 3993 2649 4049 actibus
2678 3991 2898 4047 illicitis
2920 3990 3332 4062 prophanaret.
3360 3989 3464 4045 Ubi
3502 4002 3599 4044 ve-

196 4091 324 4144 rium
344 4106 519 4161 quam
547 4088 1195 4159 verebanturdejectam
1228 4102 1358 4143 esse
1382 4093 1603 4159 partem
1636 4087 1836 4144 a3cclc-
1953 4099 2017 4139 ro
2047 4083 2134 4137 vir
2167 4081 2264 4138 Dei
2297 4080 2625 4136 coenobium
2660 4079 2849 4150 ipsum
2877 4076 3190 4147 regendum
3220 4076 3503 4147 suscepit,
3539 4080 3598 4131 et

197 4177 907 4244 si:e.QuosvirDo:uiniad
927 4175 1838 4233 consuetudinariummatutino-
1954 4185 1983 4225 a
2017 4169 2320 4238 fratribus,
2376 4166 2588 4239 quibus
2633 4171 2760 4221 erat
2809 4180 2971 4220 meus
3012 4164 3229 4234 sanior,
3291 4168 3600 4234 susceptus

201 4266 870 4335 ramoi‘ﬁciuminvitans,
900 4264 1022 4336 ipse
1039 4264 1571 4333 cumcisinterfuit,
1597 4268 1836 4321 etmane
1953 4264 2061 4328 est,
2098 4274 2208 4314 non
2241 4262 2327 4312 est
2365 4269 2573 4327 passus
2598 4260 2815 4310 tantam
2841 4252 3047 4309 domus
3078 4252 3176 4308 Dei
3203 4249 3403 4307 videre
3435 4249 3603 4307 deso-

195 4355 333 4410 facit)
356 4354 642 4410 beneficia
658 4354 877 4410 Domini
897 4354 1085 4410 oculis
1102 4353 1347 4409 videnda
1368 4353 1738 4424 monstravit,

2042 4345 2419 4416 ionem;quin
2452 4344 2623 4400 immo
2654 4342 2725 4400 ad
2764 4342 2891 4413 ejus
2921 4339 3269 4397 omnimodis
3301 4354 3364 4395 se
3400 4352 3602 4410 supcr-

195 4458 221 4511 τι
249 4443 376 4498 .ead
398 4458 658 4498 amorem
680 4458 777 4499 eos
800 4443 943 4498 tanti
970 4441 1236 4498 beneficii
1263 4441 1566 4512 largitoris
1591 4421 1834 4497 mirifice
1869 4421 1920 4481 Ῑ)
1951 4436 2213 4493 extendit
2243 4434 2623 4505 ercptioncm.
2676 4431 2964 4502 Cogitavit
2996 4434 3189 4487 tamen
3223 4429 3271 4485 si
3309 4432 3504 4500 posset
3539 4427 3605 4482 li-

196 4532 960 4602 aniznavitJlujusmiraculi
988 4531 1259 4586 testiscst
1282 4533 1409 4587 tota
1432 4531 1680 4587 Leodien
1722 4531 1835 4586 ium
1954 4525 2103 4581 berti
2139 4524 2296 4580 illius
2328 4522 2590 4577 emollire
2623 4520 2834 4577 mentis
2856 4519 3161 4590 duriciam,
3194 4523 3254 4575 et
3294 4517 3603 4574 verborum
3638 4564 3643 4571 .

194 4620 481 4689 ciritas,et
511 4626 708 4691 patres
725 4619 1105 4690 quividcrunt
1129 4623 1599 4675 narraveruntea
1619 4619 1838 4687 filiis,et
1951 4613 2259 4670 dulcedine
2285 4610 2354 4643 ’⁸⁸
2384 4610 2566 4667 lenire
2605 4609 2983 4681 proterviam,
3017 4612 3080 4664 ut
3120 4608 3376 4664 cessaret
3408 4607 3478 4661 ab
3509 4620 3619 4675 op-r

198 4708 287 4762 ﬁlii
327 4709 586 4763 filiorum
622 4708 775 4777 ﬁliis,
805 4711 1263 4777 utcognosceret
1295 4707 1597 4776 generatio
1631 4708 1834 4763 altera.
1952 4702 2258 4774 pressione
2281 4704 2336 4755 et
2361 4698 2806 4755 conculcatione
2830 4697 3137 4767 :ecclesize,
3166 4696 3259 4752 cui
3283 4709 3388 4765 pro
3407 4692 3606 4749 debito

197 4795 1837 4868 TnmporihusillisprincipabaturFrancisRobertus,qui
1951 4790 2398 4860 ctjureuatura)
2419 4787 2671 4843 debebat
2701 4786 2895 4858 potius
2912 4785 3157 4842 subesse
3190 4796 3358 4852 quam
3398 4794 3610 4851 praees-

197 4886 589 4941 Constantiam
625 4885 1066 4941 duxituxorem.
1114 4884 1216 4940 llic
1241 4890 1331 4939 ter
1354 4885 1523 4940 beato
1559 4885 1709 4956 patri
1744 4899 1842 4940 no-
1954 4895 2034 4935 se.
2071 4878 2179 4934 Sed
2205 4892 2437 4933 servum
2455 4875 2663 4932 malum
2681 4890 2794 4931 non
2812 4870 3273 4944 franguntverba
3290 4868 3391 4925 sed
3408 4868 3610 4956 verbe-

200 4978 312 5031 stro
344 4976 643 5031 abbatiam
669 4972 854 5030 sancti
882 4973 1036 5028 Petri
1060 4973 1505 5028 Corbeiacensis
1530 4954 1838 5041 regendam
1954 4983 2036 5037 ra,
2055 4967 2204 5023 sicut
2221 4966 2363 5023 dicit
2383 4962 2981 5036 Sapientia,quouiam
2998 4957 3334 5031 quimmtis
3348 4954 3613 5013 estdurrc

196 5064 568 5132 contradid‘t,
592 5061 1181 5132 utejusiustitutione
1203 5068 1264 5117 et
1288 5061 1485 5130 vigore
1501 5064 1841 5117 servaretur
1951 5055 2241 5127 suscipiet
2258 5056 2511 5112 vulnera
2541 5054 2743 5124 (Prov.
2781 5064 2977 5120 xxvm,
3012 5049 3127 5115 14).
3156 5047 3223 5101 Et
3276 5043 3411 5100 licet
3436 5043 3613 5099 verba

198 5149 243 5203 in
275 5167 341 5206 eo
376 5151 579 5221 regula
604 5151 789 5221 patris
813 5150 1133 5220 Benedicti,
1159 5154 1218 5205 et
1250 5150 1410 5219 rigor
1425 5149 1842 5205 reformarctur
1954 5144 2236 5217 sapientis
2269 5144 2383 5201 sint
2417 5146 2691 5214 tanquam
2725 5138 2872 5196 clavi
2896 5138 2950 5193 in
2978 5136 3164 5192 altum
3197 5132 3391 5221 defixi,
3422 5135 3615 5221 tamen

197 5218 526 5295 monasticze
559 5218 966 5295 institutionis.
1007 5218 1325 5294 Balduinus
1354 5251 1495 5294 vero
1528 5236 1843 5292 Flandrcn-
1955 5250 2066 5291 non
2102 5233 2286 5290 audiit
2339 5231 2560 5289 stultus
2587 5229 2764 5285 verba
2789 5224 3140 5299 prudentiae,
3163 5220 3295 5296 quia
3321 5234 3435 5278 non
3460 5218 3594 5276 dice

1555 5389 1791 5473 vitam
1831 5386 2228 5445 LECTIONES.

262 5518 326 5551 ³⁸³
354 5521 440 5575 ita
476 5535 520 5576 ε.
553 5519 621 5553 ²⁸⁶
652 5522 866 5591 aliqua
899 5534 1090 5577 erasa.
1120 5517 1193 5554 ’⁸⁷
1228 5518 1623 5590 propterviam
1656 5533 1702 5576 ο.
1738 5517 1807 5552 ²⁸⁸
1832 5517 2140 5575 dulcenide
2170 5530 2215 5571 ι’.
