3960 6052
260 91 380 187 215

1211 119 1580 187 HUGONIS
1627 117 1992 223 ABBATIS‘
2024 119 2704 208 FLAVINIACENSIS

3521 127 3662 187 ’216

265 258 363 314 bat
394 271 461 313 ea
492 270 622 326 quae
672 255 1058 311 versabantur
1088 254 1142 310 in
1192 254 1370 310 corde
1399 253 1543 324 ejus.
1589 251 1896 323 lmpletum
1933 253 1988 311 A
2022 254 2371 316 mitteretur.
2392 261 2596 317 Totum
2616 275 2756 329 ergo
2779 273 2840 315 se
2863 258 3236 315 committens
3277 257 3538 325 Domino,
3559 256 3660 312 ivit

264 345 432 414 enim,
465 349 600 400 erat
641 343 783 400 illud
801 341 1119 399 veridicum
1146 343 1470 398 Salomonis
1496 340 1900 414 proverbium:

271 435 386 500 Qui
397 433 594 491 nutrit
609 445 842 490 servum
865 431 1136 501 delicate,
1159 431 1378 488 sentiet
1415 431 1591 487 illum
1609 429 1908 486 contmna-

266 537 388 581 σενι
410 524 607 588 (Prov.
635 523 786 578 xxix.
811 522 924 593 2t).
956 519 1101 586 Quid
1137 520 1374 588 faceret,
1419 533 1534 588 quo
1557 533 1616 574 se
1648 521 1908 574 verteret

269 613 436 668 anxia
462 625 624 666 mens
647 609 755 666 viri
775 609 902 664 Dei?
920 608 1118 666 Cilicio
1137 608 1332 678 itaque
1347 606 1908 676 obvolvitur,cinere

271 698 624 771 aspergitur,
649 703 729 768 et,
752 698 806 753 in
831 697 1108 754 excubias
1129 696 1418 752 commissi
1440 695 1637 764 gregis
1663 694 1911 767 pervigi-

270 789 358 844 les
390 791 592 844 noctes
616 785 1043 856 ducens,Dcum
1071 785 1420 855 precabatur
1439 783 1815 851 attentius,ut
1839 785 1910 839 ab

271 874 660 947 Oppression'e
709 873 927 929 inimici
958 877 1014 928 et
1067 873 1454 928 membrorum
1487 871 1612 940 ejus
1646 875 1912 927 tueretur

273 962 598 1020 {ecclesiam
628 977 812 1032 suam,
837 961 1218 1016 misereretur
1253 959 1530 1031 parvulis,
1565 964 1622 1016 ct
1647 964 1914 1030 protege-

276 1055 364 1107 ret
395 1067 424 1108 a
458 1050 762 1115 seandalo;
799 1065 860 1106 se
883 1049 1068 1120 ipsum
1103 1064 1352 1120 quoquc,
1383 1063 1551 1118 quem
1573 1047 1658 1104 eis
1694 1063 1917 1120 praepo-

275 1146 495 1210 suerat,
533 1139 703 1195 talem
738 1140 956 1194 faceret
989 1141 1053 1193 ut
1109 1137 1362 1194 subditis
1418 1151 1547 1193 cum
1579 1141 1638 1192 et
1670 1141 1912 1193 matrem

277 1229 468 1302 pietas
498 1233 556 1284 et
587 1232 811 1299 patrem
843 1227 1110 1283 exiheret
1142 1226 1471 1297 disciplina,
1501 1231 1560 1282 ut
1583 1231 1742 1282 esset
1770 1225 1824 1280 in
1848 1239 1918 1282 eo

275 1323 335 1372 et
357 1317 516 1387 juste
534 1315 848 1372 consulens
880 1313 1301 1383 misericordia,
1336 1319 1391 1369 et
1428 1315 1518 1386 pie
1549 1314 1778 1371 seviens
1802 1315 1920 1369 dis-

276 1405 511 1478 ciplina.
536 1406 713 1460 Nacta
731 1403 910 1474 igitur
927 1403 1209 1474 temporis
1231 1403 1628 1474 oportunitate
1646 1401 1918 1475 pepulum

279 1495 648 1564 conveniens,
683 1508 813 1550 cum
862 1507 1044 1565 pauca
1077 1507 1182 1565 pro
1218 1506 1278 1548 re
1306 1497 1364 1547 et
1403 1497 1664 1562 tempore
1713 1497 1921 1548 contra

2018 347 2300 415 cubitum,
2327 354 2504 420 caput
2539 348 2758 404 habens
2791 351 3100 416 retectum,
3137 349 3394 420 paratus,
3431 345 3476 400 si
3512 346 3664 401 Deus

2018 433 2304 504 vellet,ad-
2325 435 2728 506 excipiendum
2747 433 3032 506 jugulum.
3062 435 3200 490 Cum
3222 447 3361 489 ecce
3393 435 3526 487 ante
3551 447 3666 488 ma-

2018 522 2272 579 tutinum
2298 526 2550 594 tempus,
2572 523 2841 579 omnibus
2870 525 3002 594 post
3032 520 3291 576 laborem
3316 519 3664 591 quiescenti-

2023 611 2148 679 bus,
2182 612 2294 667 duo
2329 611 2432 681 illi,
2467 626 2710 682 quorum
2743 615 2868 666 erat
2901 610 3100 682 operis
3128 614 3187 666 et
3218 608 3536 664 voluntatis
3572 623 3666 679 pa-

2019 705 2168 756 trem
2217 699 2510 770 jugulare,
2563 704 2877 770 surgentcs
2931 697 3200 756 clanculo
3260 697 3666 753 dormitorium

2017 789 2406 860 egrediuntur
2421 806 2434 853 ;
2450 788 2877 858 etaceiuctigla
2891 787 3020 858 diis,
3038 803 3168 844 cum
3183 787 3254 843 de
3275 785 3668 858 perpetrando

2024 877 2318 934 scelerese
2345 883 2544 933 mutuo
2567 877 2916 933 devotantes
2938 878 3437 940 contestarentur,
3463 873 3533 930 ad
3560 875 3669 930 hoc

2027 965 2289 1044 ultimum
2322 966 2682 1022 devenerunt
2709 969 2770 1022 ut
2805 979 2954 1021 unus
2987 963 3218 1020 illorum
3254 963 3670 1035 pedetemptim

2027 1055 2254 1123 singula
2281 1053 2609 1110 dormitorii
2642 1053 2792 1108 lecta
2824 1052 3124 1121 circuiret,
3149 1051 3447 1122 ucaliqufs
3472 1067 3675 1122 super-

2027 1147 2183 1199 esset
2215 1143 2310 1213 qui
2363 1141 2653 1213 vigilaret,
2688 1156 2718 1197 a
2761 1157 2874 1212 quo
2903 1139 3260 1212 deprehendi
3292 1141 3670 1196 verebantur.

2029 1231 2195 1298 Quod
2230 1231 2328 1286 ubi
2353 1232 2565 1286 factum
2588 1235 2702 1300 est,
2727 1236 2788 1286 et
2812 1228 2908 1284 ille
2927 1235 3018 1285 est
3039 1243 3310 1284 reversus
3331 1227 3402 1284 ad
3427 1227 3672 1296 socium,

2031 1335 2094 1378 ea
2107 1324 2265 1392 ptata
2282 1319 2686 1392 oportunitate
2701 1317 2946 1374 malicize
2962 1315 3565 1390 perpetrandze,simul
3583 1331 3650 1386 pa
3663 1347 3681 1356 ε

2029 1411 2144 1466 tris
2177 1407 2450 1465 Richardi
2481 1407 2674 1464 cubile
2705 1407 2919 1463 adeunt
2945 1405 3261 1476 videatque
3284 1405 3468 1460 virum
3487 1405 3678 1476 capite

2037 1502 2263 1555 retecto
2279 1504 2640 1569 soporatum.
2661 1497 2802 1564 (Fol.
2819 1495 2951 1567 79’.)
2967 1497 3221 1565 Cumque
3237 1509 3386 1550 unus
3401 1492 3681 1550 audacior

281 1583 614 1656 superbiam
671 1580 1069 1651 disseruisset,
1103 1584 1161 1636 et
1203 1579 1274 1636 de
1305 1579 1582 1636 sectando
1613 1578 1920 1648 religionis
1951 1601 2006 1661 Β
2037 1587 2092 1643 in
2125 1585 2348 1644 scelere
2396 1590 2674 1642 armatam
2704 1585 2761 1640 in
2821 1583 2982 1640 illum
3010 1583 3299 1638 vibrasset
3355 1581 3678 1648 dexteram,

282 1670 584 1744 proposito
599 1669 932 1726 nichilomin
943 1683 1010 1726 us
1034 1669 1279 1740 quedam
1297 1667 1762 1740 perorasset,ubi
1777 1667 1922 1724 vidit

283 1759 538 1818 deflexos
559 1758 630 1814 ad
654 1773 716 1814 se
743 1757 964 1814 animos
997 1756 1218 1830 populi,
1237 1757 1616 1814 munitionem
1641 1771 1810 1827 quam
1834 1770 1928 1828 pa-

283 1849 544 1905 tiebatur
577 1847 839 1903 infestam
863 1845 1066 1913 adivit,
1087 1850 1166 1915 et,
1201 1860 1268 1902 ea
1300 1845 1564 1902 funditus
1597 1845 1925 1915 destructa,

285 1935 446 1993 illum
471 1935 566 2006 qui
591 1939 794 1992 contra
813 1933 1104 2006 justitiam
1130 1934 1390 1990 tumidus
1411 1934 1812 2005 superbiebat,
1835 1947 1930 1990 ca-

288 2029 448 2097 ptum
470 2025 526 2080 in
557 2023 868 2080 elemosina
899 2023 1086 2080 sancti
1118 2021 1356 2080 Vedasti
1389 2023 1596 2079 sedere
1627 2025 1684 2078 et
1715 2021 1786 2078 de
1816 2021 1932 2078 ele-

289 2113 509 2170 mosina
533 2113 730 2170 vivere
761 2111 1038 2181 instituit,
1065 2111 1267 2182 sicque
1291 2111 1479 2168 locum
1513 2112 1585 2167 ab
1607 2111 1733 2181 ejus
1754 2117 1812 2167 et
1833 2113 1935 2167 ob-

291 2202 658 2274 sequentium
689 2201 817 2272 ejus
849 2200 1293 2272 importunitate
1324 2200 1563 2271 eripuit.
1596 2200 1758 2272 Ccpit
1791 2215 1933 2270 ergo

293 2293 454 2348 tanto
480 2289 798 2346 ferventior
817 2289 1034 2345 studiis
1057 2288 1354 2358 religiosis
1373 2288 1738 2358 insistere,et
1759 2287 1937 2344 dedu-

291 2379 404 2436 ctis
432 2393 463 2434 a
494 2378 752 2434 Virduno
782 2377 1065 2433 fratribus
1099 2376 1154 2432 in
1199 2375 1524 2448 spiritualis
1555 2376 1818 2433 exercitii
1855 2381 1939 2446 ty-

293 2468 518 2526 rocimo
551 2466 815 2539 probatis
857 2479 1058 2522 curam
1094 2465 1201 2522 loci
1235 2465 1547 2535 commisit,
1611 2465 1763 2520 inter
1793 2480 1940 2536 quos

293 2561 418 2614 erat
450 2555 784 2612 Rothardus
815 2568 846 2610 a
883 2553 1092 2610 Leodio
1125 2553 1411 2626 sapientia
1441 2557 1497 2610 et
1531 2553 1812 2624 religione
1845 2569 1940 2610 no-

296 2645 736 2715 minatissimus,
763 2645 980 2714 quanto
1003 2647 1244 2698 noverat
1266 2645 1322 2698 et
1349 2643 1459 2698 sibi
1486 2642 1580 2713 qui
1610 2647 1942 2715 praeeratet

296 2735 384 2792 eis
442 2734 538 2805 qui
585 2735 864 2790 suberant
895 2732 1190 2803 expedire.
1224 2735 1434 2788 Verum
1499 2732 1631 2803 quia
1667 2733 1784 2788 vita
1815 2731 1944 2802 ejus

298 2829 461 2881 casta
481 2828 540 2878 et
564 2827 764 2878 sancta
786 2821 1046 2877 moribus
1066 2819 1513 2876 inhabitantium
1534 2821 1940 2890 aversabatur,

301 2911 626 2981 durumque
657 2909 743 2965 eis
766 2907 1078 2964 videbatur
1099 2905 1256 2979 quod
1279 2907 1336 2962 in
1361 2913 1553 2964 mente
1574 2908 1757 2964 veteri
1783 2921 1928 2976 coge

303 3001 516 3056 bantur
539 3013 685 3056 nova
701 2996 1069 3066 meditari,ex
1092 2995 1414 3052 rebellione
1433 2996 1674 3053 audacia
1693 2999 1944 3067 sumpta,

303 3088 496 3146 conati
518 3092 655 3144 sunt
678 3085 911 3158 quidam
935 3099 1137 3142 eorum
1152 3084 1222 3140 de
1244 3085 1373 3154 ejus
1393 3089 1579 3140 morte
1595 3087 1872 3140 tractare.

375 3179 462 3235 12.
515 3175 854 3232 imminente
884 3174 1082 3244 itaque
1144 3171 1632 3244 quadragesimali
1667 3176 1946 3244 tempore,

307 3266 440 3337 quia
489 3265 596 3321 hec
627 3266 752 3320 erat
784 3261 1121 3321 monasterii
1173 3261 1372 3331 regula
1408 3267 1472 3316 ut
1504 3261 1557 3315 in
1592 3259 1710 3316 illis
1742 3261 1952 3318 diebus

308 3353 510 3410 artiori
537 3366 600 3408 se
631 3351 880 3424 quisque
900 3355 1182 3407 mactaret
1200 3349 1579 3417 continentia,
1600 3363 1730 3405 cum
1750 3347 1821 3405 ad
1845 3350 1954 3408 hoc

311 3439 678 3514 prepensiori
713 3454 850 3496 cura
883 3443 943 3495 et
967 3437 1305 3494 ferventiori
1327 3436 1843 3509 compellerentur,
1871 3442 1953 3492 te~

309 3537 444 3587 ctus
476 3529 533 3585 in
556 3527 735 3586 corde
758 3526 910 3584 livor
931 3527 1087 3598 cepit
1121 3525 1298 3582 altius
1323 3539 1583 3598 serpere,
1601 3529 1658 3581 et
1692 3525 1762 3582 ad
1786 3525 1957 3598 perli-

311 3617 581 3676 ciendum
613 3614 767 3689 quod
798 3614 1212 3672 anhelaverant
1237 3614 1293 3670 in
1327 3614 1454 3670 dies
1479 3618 1726 3670 mentem
1749 3629 1959 3672 excru-

313 3709 525 3765 ciatam
559 3719 917 3778 permovere.
953 3702 1100 3770 Quid
1134 3702 1334 3759 multis
1362 3702 1760 3760 inmoramur?
1788 3703 1958 3759 Venit

244 3834 249 3840 -
315 3794 745 3854 sacratissimus
802 3793 929 3849 dies
963 3806 1144 3849 ouante
1201 3789 1528 3861 dominiczc,
1561 3795 1620 3846 et
1653 3805 1781 3862 qua:
1832 3795 1961 3847 erat

318 3884 482 3958 pacis
494 3889 552 3939 et
571 3878 1432 3952 concordiie,reconciliationis
1446 3883 1502 3936 et
1521 3878 1957 3952 misericordiae,

317 3973 440 4030 haec
476 3971 738 4028 factiosis
766 3968 1039 4028 convenit
1069 3967 1197 4024 dies
1237 3967 1588 4040 proditionis
1619 3971 1678 4024 et
1726 3967 1962 4024 malitia)

319 4061 746 4134 perpetranda.
797 4057 1192 4114 Deliberatum
1225 4061 1313 4114 est
1345 4057 1495 4112 enim
1540 4056 1692 4128 apud
1735 4055 1868 4111 illos
1903 4059 1964 4111 ut

318 4163 388 4206 eo
421 4149 514 4205 die
546 4147 907 4222 perexpleto,
933 4162 1061 4203 cum
1087 4152 1216 4218 post
1239 4145 1546 4202 ministerii
1567 4144 1846 4203 salutaris
1868 4159 1966 4200 cx-

297 4235 635 4311 'pletionem
667 4236 758 4293 vir
791 4236 998 4292 beatus
1024 4236 1176 4290 fessa
1201 4234 1468 4306 corporis
1501 4235 1754 4290 membra
1779 4233 1962 4304 quieti

1979 2951 2029 3014 C

2039 1676 2275 1732 brachio
2288 1675 2512 1744 obrige~
2529 1678 2697 1730 cente
2719 1673 2973 1730 divinam
2995 1687 3131 1742 erga
3159 1686 3221 1728 se
3235 1670 3420 1727 sensit
3435 1669 3684 1726 clemen-

2038 1765 2198 1836 tiam,
2225 1779 2294 1821 ne
2327 1763 2604 1835 perderet
2635 1767 2883 1834 patrem,
2916 1761 3012 1832 qui
3055 1760 3273 1816 multos
3305 1757 3374 1815 ad
3404 1763 3680 1815 aeternam

2041 1854 2490 1912 transmissurus
2533 1858 2660 1910 erat
2715 1851 3118 1910 hereditatem.
3155 1849 3354 1904 Stabat
3385 1851 3587 1904 exerta
3617 1845 3687 1879 “9

2041 1943 2266 2012 dextra,
2303 1943 2469 2014 inpos
2499 1942 2572 1998 ad
2617 1940 2962 2010 feriendum,
2996 1953 3103 1996 nec
3131 1938 3298 2010 inpos
3329 1935 3400 1993 ad
3430 1934 3687 2006 gladium

2042 2031 2460 2104 reponendum.
2517 2031 2561 2086 Ο
2593 2027 2937 2086 admirabile
2965 2027 3064 2083 Dei
3125 2024 3510 2099 praeconium!
3547 2022 3689 2078 mira

2045 2120 2324 2194 patientia
2351 2123 2364 2176 l
2401 2119 2588 2190 pietas
2613 2116 3002 2190 praedicanda!
3031 2118 3268 2172 Poterat
3286 2116 3458 2170 Jcsus
3491 2117 3692 2169 noster

2046 2225 2182 2268 suos
2215 2209 2350 2266 illos
2381 2207 2719 2280 palestrites
2747 2221 2778 2262 a
2813 2204 3038 2278 peccati
3070 2203 3372 2260 voluntate
3398 2207 3691 2270 avertere,

2047 2301 2298 2370 poterat,
2361 2311 2492 2352 mox
2527 2299 2587 2352 ut
2636 2295 2888 2366 cogitata
2921 2292 2994 2349 ad
3043 2291 3312 2348 effectum
3372 2289 3693 2362 perducere

2049 2389 2502 2458 temptaverunt,
2527 2390 2712 2440 morte
2737 2380 3003 2438 multare.
3031 2379 3140 2435 Sed
3182 2377 3459 2436 sustinuit
3479 2377 3536 2432 in
3559 2375 3698 2431 mul-

2049 2481 2106 2532 ta
2137 2474 2419 2546 patientia
2477 2471 2628 2528 ﬁlios
2660 2471 2781 2541 ira),
2814 2473 2878 2527 ut
2909 2469 3128 2525 faceret
3185 2467 3336 2523 filios
3367 2463 3701 2522 misericor--

2050 2564 2178 2620 diae.
2214 2561 2431 2618 Invasit
2461 2574 2602 2630 ergo
2649 2559 2921 2616 miserum
2955 2556 3116 2612 illum
3144 2555 3322 2612 timor
3351 2569 3480 2611 cum
3515 2552 3694 2621 febre,

2051 2655 2108 2708 et
2141 2650 2384 2707 recessit
2415 2665 2444 2704 a
2479 2648 2630 2705 lecto
2666 2647 2872 2719 patris,
2925 2659 3094 2716 quem
3131 2643 3474 2716 protegebat
3507 2639 3699 2710 gratia

2055 2737 2504 2810 Omnipotcntis.
2543 2738 2656 2792 Nec
2689 2735 2872 2791 multo
2906 2737 3041 2805 post
3073 2731 3240 2802 signo
3271 2731 3410 2787 dato
3463 2730 3698 2784 ventum

2056 2831 2148 2882 est
2179 2827 2248 2882 ad
2273 2824 2620 2895 :ecctesiam,
2637 2829 2696 2880 et
2712 2823 2809 2879 ille
2832 2837 3000 2893 quem
3016 2815 3706 2876 remordebatconscien-

2058 2915 2161 2984 tia,
2186 2912 2500 2970 interalios
2515 2905 3346 2972 nocturnalisinaxiinterfuit,
3372 2915 3702 2974 quanquam

2059 3010 2338 3079 tremens,
2373 3015 2698 3072 quanquam
2727 2999 3008 3068 infirmus,
3051 3007 3378 3066 quanquam
3414 2990 3710 3046 mordacis

2060 3091 2438 3150 conscientia:
2471 3087 2724 3146 stimulis
2773 3092 3124 3157 aggravatus
3153 3081 3256 3139 Ubi
3301 3095 3438 3137 vero
3466 3083 3708 3136 ventum

2062 3186 2156 3238 est
2182 3180 2251 3237 ad
2284 3179 2580 3248 tenebras,
2618 3177 2792 3232 miser
2815 3174 2932 3246 ille,
2956 3173 3090 3230 dum
3110 3171 3306 3242 Kyrie
3341 3169 3708 3226 elei'soncum

2064 3269 2338 3326 versibus
2361 3271 2724 3336 cantarctur,
2747 3264 2924 3322 corde
2948 3265 3331 3333 compunctus
3353 3256 3599 3328 genibus
3613 3269 3712 3326 pa-

2069 3357 2177 3413 tris
2209 3355 2523 3414 advolutus
2553 3357 2664 3426 est,
2694 3351 2954 3410 clamans
2983 3357 3043 3406 et
3074 3349 3200 3422 ipse
3223 3345 3371 3420 patri
3402 3365 3414 3400 :
3439 3343 3708 3413 Domine,

2065 3447 2364 3513 miserere,
2401 3443 2632 3502 scilicet
2682 3447 2745 3498 ut
2794 3439 2881 3498 sui
2913 3439 3313 3505 misereretur,
3346 3433 3498 3490 sicut
3532 3433 3710 3488 Deum

2067 3535 2178 3593 sibi
2209 3531 2470 3590 misereri
2507 3531 2876 3603 precabatur.
2904 3526 3223 3599 Obstupuit
3250 3524 3338 3581 vir
3369 3525 3610 3578 sanctus
3637 3519 3709 3576 ad

2070 3627 2288 3681 tactum
2331 3621 2532 3678 fratris
2571 3619 2838 3690 vestigiis
2861 3619 2990 3689 ejus
3017 3611 3472 3688 procumbentis,
3491 3613 3548 3666 et
3571 3607 3710 3679 quid

2069 3716 2224 3768 esset
2260 3723 2520 3782 prorsus.
2547 3709 2870 3782 ignorabat.
2906 3707 3210 3782 Suscepto_
3241 3707 3432 3782 tamen
3464 3695 3712 3782 e‘oet‘in

2071 3767 2296 3854 partem
2320 3767 2636 3849 declinato,
2670 3778 2990 3856 orationem
3023 3767 3357 3846 complevit,
3383 3774 3440 3826 et
3473 3767 3715 3856 datolu-

2072 3853 2224 3926 mine
2275 3869 2490 3928 ceteris
2521 3867 2590 3923 ad
2625 3853 2808 3923 strata
2859 3862 3348 3936 regredientibus,
3381 3858 3610 3929 aliquos
3643 3853 3714 3910 de

2075 3961 2356 4018 fratribus
2411 3973 2609 4015 secum
2662 3954 2936 4021 retinuit;
2989 3950 3386 4020 sccedensque
3438 3947 3492 4002 in
3522 3945 3714 4000 locum

2073 4063 2415 4120 congruum,
2447 4047 2581 4103 data
2619 4041 3018 4117 oportunitate
3040 4037 3338 4110 loquendi,
3368 4037 3715 4091 trementem

2077 4139 2311 4196 fratrem
2341 4141 2400 4193 ct
2435 4135 2780 4208 plorantem,
2803 4136 3046 4201 totoque
3074 4141 3324 4200 corpore
3347 4130 3521 4181 terra;
3554 4135 3719 4194 pros-

2074 4233 2230 4284 trato
2260 4226 2454 4298 capite
2486 4229 2700 4280 terram
2753 4220 3076 4288 ferientem,
3110 4215 3248 4288 quid
3297 4217 3598 4286 pateretur
3631 4223 3721 4298 re-

321 4297 570 4396 laxaret,
603 4339 732 4382 cum
765 4338 966 4381 omnes
996 4297 1338 4394 dormirent,
1361 4323 1435 4378 ab
1465 4322 1551 4378 eis
1576 4297 1960 4394 gladiis-peri-
1992 4304 2044 4364 D
2074 4297 2460 4388 quisivit.illle
2480 4311 2700 4384 gemitu
2719 4309 3200 4396 interrumpente;
3225 4297 3717 4396 l’eccaci,inquit,

323 4417 601 4470 meretur.
629 4413 674 4470 Ο
706 4410 1086 4484 praesumptio
1118 4410 1457 4466 temeraria!
1483 4425 1517 4466 ο
1541 4410 1846 4483 impudens
1867 4425 1966 4467 au-

324 4501 510 4560 datia!
547 4501 687 4568 Quis
720 4501 901 4569 furor,
955 4504 1086 4572 post
1119 4498 1468 4557 immolatam
1504 4499 1659 4556 illam
1707 4499 1839 4571 agni
1873 4515 1967 4572 pa-

326 4590 542 4649 schalis
562 4589 878 4660 victimam,
899 4603 964 4645 ea
989 4587 1082 4644 die
1105 4586 1194 4644 vel
1217 4591 1386 4644 nocte
1409 4601 1753 4659 quemquam
1773 4603 1970 4658 quam-

257 4699 264 4712 λ
324 4681 416 4738 vis
469 4677 948 4736 nocentissimum
995 4676 1167 4734 morti
1225 4675 1764 4746 adjudicavit?Ncc
1799 4675 1971 4732 latuit

326 4771 516 4826 virum
541 4767 772 4824 beatum
799 4765 994 4822 feralis
1017 4765 1114 4820 illa
1144 4763 1426 4820 malorum
1457 4763 1824 4821 deliberatio.
1864 4775 1973 4821 au-

329 4857 438 4914 diit
467 4870 716 4929 namque
765 4855 922 4928 quod
951 4868 1016 4910 ea
1051 4857 1223 4910 nocte
1271 4854 1344 4910 ab
1376 4853 1568 4925 impiis
1601 4853 1976 4924 perimendus

329 4950 506 5016 esset,
538 4960 644 5002 nec
675 4944 890 5002 timuit.
948 4942 1137 4999 Timor
1165 4941 1318 4998 enim
1348 4941 1570 4998 Domini
1620 4946 1840 5012 castus,
1875 4940 1974 5012 qui

333 5037 632 5106 permanet
667 5033 722 5088 in
756 5031 1015 5090 secutum
1049 5029 1254 5105 seculi,
1290 5045 1321 5088 a
1345 5034 1535 5086 mente
1559 5029 1974 5102 cjustimorcm

333 5119 542 5176 mortis
590 5118 862 5190 exclusit,
898 5119 1030 5190 quia
1063 5111 1307 5176 noverat
1363 5119 1516 5190 quod
1546 5117 1760 5174 nemini
1799 5129 1980 5187 super

334 5221 466 5266 eum
499 5211 764 5279 potestas
793 5205 1051 5280 daretur,
1078 5207 1187 5264 nisi
1220 5212 1499 5280 quantum
1531 5221 1561 5264 a
1591 5203 1829 5263 Domino
1851 5219 1980 5276 per-

2073 4407 2138 4464 in
2159 4405 2368 4475 celum,
2377 4407 2571 4475 pater,
2595 4401 2652 4458 et
2669 4413 2866 4457 coram
2887 4396 3076 4467 te,qui
3095 4409 3168 4450 no
3177 4393 3365 4450 letam
3379 4389 3502 4448 dici
3523 4388 3581 4446 et
3598 4400 3724 4444 esse

2063 4495 2240 4568 ﬁlius
2255 4494 2412 4561 tuus,
2419 4491 2620 4572 factus
2630 4503 2760 4546 sum
2761 4481 3395 4558 perseq-uutortuusEt
3415 4478 3722 4552 proferens

2076 4581 2332 4654 gladium
2351 4565 2554 4636 dc'sub
2582 4576 2808 4634 cuculla
2837 4595 2850 4629 :
2873 4576 3042 4643 Ecce,
3067 4571 3276 4643 inquit,
3295 4581 3466 4640 quem
3483 4565 3725 4654 extendi

2078 4653 2242 4728 nocte
2262 4671 2375 4726 liae
2415 4669 2496 4724 ad
2503 4664 2855 4742 feriendum
2887 4663 2960 4732 te,
2980 4661 3084 4718 sed
3110 4663 3287 4718 Jesus
3305 4653 3730 4728 tuusproteavit

2081 4761 2155 4817 te.
2195 4759 2360 4814 Volui
2381 4755 2620 4827 quidem
2638 4752 2890 4826 perdere
2919 4752 2992 4820 te,
3015 4748 3122 4806 sed
3134 4747 3434 4820 protector
3454 4745 3591 4802 tuus
3613 4744 3727 4798 Do-

2079 4849 2278 4905 minus
2302 4843 2574 4916 defendit
2587 4843 2658 4899 te.
2699 4841 2914 4897 Eae-mi
2929 4839 3208 4910 gladium
3225 4839 3289 4894 in
3310 4837 3384 4905 te,
3407 4834 3509 4892 sed
3551 4833 3728 4904 cujus

2083 4933 2374 4994 estcirtus
2383 4931 2825 5003 etimperiumg
2835 4927 2939 4986 lad
2953 4932 3065 4984 ‘um
3079 4925 3458 4994 continuit,et
3467 4923 3523 4980 te
3534 4935 3730 4979 antor-

2086 5025 2255 5096 te,me
2274 5021 2349 5078 ab
2384 5021 2635 5078 interitu
2657 5019 2873 5076 animos
2891 5014 3039 5073 etab
3085 5013 3405 5072 domicilii-io
3442 5010 3724 5070 saltavit.

2085 5113 2276 5169 Parce
2295 5123 2431 5182 ergo
2449 5107 2624 5178 milii,
2649 5107 2796 5178 quia
2817 5105 3078 5162 converti
3101 5102 3358 5176 paratus
3377 5115 3510 5158 sum
3531 5100 3590 5155 et
3607 5097 3730 5154 tuis

2083 5200 2329 5260 monitis
2375 5197 2776 5270 adquiescere,
2803 5191 3304 5266 regularibusque
3330 5188 3508 5248 subdi
3550 5185 3726 5245 insti-

1690 5335 1927 5394 VARIE
1965 5332 2260 5394 LECTION
2264 5332 2364 5389 ES.

429 5423 502 5462 ’θ’
529 5427 731 5483 exerta
757 5423 1013 5498 corrigit
1035 5425 1097 5482 ι.
1127 5428 1329 5483 extera
1357 5436 1406 5482 ο.
