3960 6052
154 194 276 256 217

1333 195 1829 262 CHRONlGON.
1873 230 1953 244 --
1993 197 2146 260 LIB.
2195 197 2268 260 II.

3437 205 3558 269 218

156 326 340 390 tutis;
368 327 602 384 tantum
627 327 784 385 dona
810 329 966 388 mihi
993 329 1154 401 quod
1170 331 1402 402 deliqui
1421 332 1489 389 in
1509 331 1583 401 te,
1608 332 1668 390 et
1684 345 1792 389 om
1824 334 1874 394 A
1905 331 2163 402 videtur,
2198 331 2352 402 quod
2384 336 2552 388 tanto
2581 347 2711 391 eum
2763 333 2975 392 affectu
3021 335 3248 415 dilexit,
3281 353 3452 410 quem
3483 341 3556 399 de

153 415 464 485 Dea-mpm
483 429 592 472 me.
611 417 732 472 Non
757 421 882 473 erat
907 417 1015 475 hoc
1027 433 1205 489 grave
1221 420 1392 476 beato
1411 420 1556 491 viro,
1573 419 1790 478 donare

157 503 536 573 peccantibus
562 504 616 560 in
649 521 730 574 se,
756 506 853 576 qui
887 506 960 562 ad
993 507 1259 579 proprias
1281 507 1524 578 injurias
1546 515 1673 566 erat
1698 523 1795 581 pa-

157 589 566 647 tientissimus.
600 594 741 650 Toto
773 608 914 662 ergo
942 610 1189 666 corpore
1224 602 1538 667 prostrato,
1569 597 1792 667 gratias

153 679 275 747 «εἱι
299 679 616 749 protectori
639 695 744 736 suo
767 683 904 752 Deo,
933 683 1063 738 inde
1090 683 1254 739 fratri
1285 685 1531 754 benigne
1552 684 1796 741 indulsit

157 765 438 836 quidquid
469 766 523 821 in
561 781 623 822 se
653 767 1002 839 deliquerat,
1031 769 1344 842 plurimum
1375 785 1504 829 eum
1535 771 1798 828 consola-

157 857 277 924 tus,
314 853 610 911 inculcans
643 860 708 911 ut
735 857 1120 915 conﬁteretur
1141 859 1376 915 Domino
1401 865 1637 931 peccata
1663 875 1796 927 sua;

157 941 360 997 dicens
384 946 685 1014 peccatum
709 943 1020 1016 aliquando
1033 961 1160 1003 esse
1175 952 1502 1018 peceatum,
1519 953 1574 1004 et
1594 963 1797 1020 penam

157 1031 404 1100 peccati,
441 1046 571 1102 quae
602 1033 787 1089 omnia
821 1034 1009 1092 vitare
1050 1035 1261 1106 quiret,
1294 1036 1393 1107 qui
1440 1037 1796 1093 confessioni

156 1133 394 1188 operam
426 1119 613 1175 daret.
649 1121 837 1177 Pauca
870 1137 1012 1192 ergo
1047 1139 1151 1195 pro
1181 1129 1446 1196 tempore
1495 1123 1795 1196 loquutus,

159 1207 398 1261 fratrem
433 1208 800 1265 consulatum
833 1210 1076 1280 dimisit,
1111 1211 1256 1267 dans
1307 1211 1363 1268 in
1412 1213 1704 1270 mandatis
1736 1219 1795 1269 ut

159 1309 326 1350 mane
358 1296 514 1351 facto
547 1297 617 1352 ad
649 1311 714 1352 se
738 1298 978 1370 rediret,
1003 1304 1212 1370 etquae
1236 1299 1344 1356 sibi
1371 1300 1802 1372 imperarentur

161 1384 399 1455 faceret,
423 1389 483 1439 et
515 1384 593 1440 ita
628 1385 949 1443 discessum
983 1391 1093 1443 est.
1121 1389 1294 1443 Pater
1316 1389 1643 1446 Richardus
1674 1405 1803 1446 ora-

162 1471 375 1526 torium
411 1473 601 1543 petiit,
627 1477 685 1528 et
721 1475 874 1544 quad
907 1476 1192 1547 superfuit
1227 1477 1420 1534 noctis
1449 1477 1502 1534 in
1528 1478 1801 1535 laudibus

161 1560 460 1616 Creatoris
491 1561 707 1630 exegit.
734 1563 834 1616 Die
869 1563 1041 1619 facto.
1071 1564 1253 1634 prima
1287 1565 1462 1636 dicta,
1489 1571 1804 1624 consuetu-

1909 425 2093 476 morte
2109 435 2212 476 sua
2231 424 2522 478 tractasse
2538 427 2913 492 cognoverat.
2925 425 2982 480 lu
3001 440 3115 495 quo
3127 427 3555 486 consideranda

1907 513 1992 566 est
2021 510 2209 580 pietas
2239 510 2366 581 ejus
2387 513 2443 566 et
2470 511 2750 582 patientia
2786 512 3116 583 invicibilis,
3137 529 3264 584 quae
3278 515 3460 572 vicem
3479 516 3558 574 le-

1909 598 2184 655 dentibus
2207 599 2531 670 rependere
2563 615 2672 656 non
2708 601 2888 670 novit,
2916 616 3026 673 qua
3053 601 3107 656 in
3129 606 3356 660 tantum
3381 605 3560 661 abun-

1908 686 2085 742 dabat
2106 687 2283 743 animi
2303 688 2433 758 ejus
2453 687 2678 746 directa
2695 689 3062 762 simplicitas,
3084 696 3146 747 ut
3164 705 3333 763 quem
3351 707 3560 765 passus

1911 775 2099 831 fuerat
2125 775 2442 846 inimicum,
2470 791 2602 833 eum
2628 778 2740 834 sibi
2773 779 3044 835 crederet
3080 779 3256 838 fidum
3287 781 3557 838 amicum.

1913 863 1957 919 Ο
1991 878 2153 920 mens
2175 878 2312 919 vere
2338 865 2505 936 plena
2531 865 2648 921 Deo
2676 867 2688 921 !
2711 865 3062 937 simplicitas
3087 869 3215 924 sine
3238 868 3562 926 simulatio-

1917 966 1984 1008 ne
2010 953 2022 1007 !
2049 952 2266 1008 caritas
2295 952 2420 1009 sine
2451 953 2803 1010 emulatione
2831 957 2843 1010 !
2870 955 2979 1011 Sed
3004 957 3293 1014 sufﬁciant
3326 957 3558 1015 interim

1912 1040 2048 1110 ista,
2087 1041 2478 1098 festinandum
2511 1043 2684 1099 nobis
2716 1046 2802 1099 est
2845 1044 2914 1100 ad
2968 1045 3212 1116 reliqua.
3250 1047 3369 1104 Non
3404 1049 3558 1104 enim

1912 1143 2115 1186 omnes
2141 1130 2270 1200 ejus
2294 1129 2546 1187 virtutes
2567 1131 2739 1187 animi
2755 1132 3092 1189 describere
3109 1149 3438 1206 possumus.
3458 1136 3558 1192 Su-

1915 1218 2343 1288 persedendum
2379 1219 2672 1290 aliquibus
2701 1223 2811 1290 est,
2843 1223 2906 1276 ut
2937 1221 3006 1276 ad
3039 1223 3266 1293 potiora
3313 1223 3558 1280 suﬂlria-

1917 1319 2064 1362 mus.
2083 1308 2150 1362 Et
2179 1321 2325 1363 nunc
2351 1306 2582 1378 quidem
2608 1306 2678 1363 de
2702 1307 3094 1365 beniﬁcientia
3119 1309 3380 1368 dicamus
3401 1313 3555 1382 quod

1915 1409 2242 1466 possumus,
2277 1395 2409 1466 quia
2444 1411 2554 1452 non
2587 1395 2774 1452 omnia
2808 1411 3138 1468 possumus,
3174 1399 3305 1469 quia
3343 1399 3420 1457 ita
3446 1399 3555 1456 sibi

1915 1483 2164 1539 ﬁliorum
2198 1483 2421 1540 animos
2452 1483 2838 1555 obligaverat,
2873 1490 2934 1541 ut
2989 1486 3272 1543 inmemor
3305 1487 3555 1558 injuriae,

1916 1585 2134 1628 memor
2164 1573 2370 1642 gratim
2402 1572 2719 1630 diceretur.
2747 1573 3164 1631 Considerabat
3189 1576 3340 1632 enim
3362 1576 3560 1647 singu-

161 1648 382 1703 dinarie
410 1648 598 1704 oﬂicio
627 1649 888 1739 enprleto,
923 1651 1020 1707 ubi
1051 1655 1282 1724 tempus
1322 1658 1672 1725 oportunum
1705 1656 1806 1712 da-
1834 1679 1887 1739 Β
1917 1657 2103 1716 lorum
2154 1659 2416 1732 affectus,
2451 1661 2866 1732 necessitates,
2901 1663 3353 1735 oportunitates,
3387 1669 3447 1720 et
3479 1665 3557 1720 ita

164 1740 277 1790 tum
292 1741 408 1806 est,
428 1739 652 1808 patrem
671 1737 823 1794 illius
839 1740 1168 1810 requisivit,
1187 1745 1245 1797 et
1265 1741 1397 1798 data
1412 1743 1800 1814 confessione,

165 1825 602 1896 penitentiaque
651 1834 918 1898 accepta,
953 1827 1147 1884 alacer
1189 1833 1248 1885 et
1281 1844 1483 1902 sospes
1513 1832 1586 1887 ab
1619 1846 1686 1888 eo
1718 1847 1806 1888 re-

162 1914 356 1982 cessit,
379 1912 586 1970 dieens
619 1913 864 1971 multum
897 1916 1008 1972 sibi
1044 1917 1325 1988 prodesse
1359 1917 1511 1988 quod
1545 1919 1652 1976 hac
1673 1934 1804 1977 eum

162 2002 469 2060 occasione
492 2004 770 2060 Dominus
792 2004 900 2060 sibi
918 2005 1212 2062 asciverit.
1241 2006 1343 2063 llic
1365 2023 1437 2063 ex
1461 2009 1806 2080 tunc‘patris

164 2091 434 2147 Ricbardi
456 2093 564 2150 fuit
583 2091 736 2150 filius
757 2093 1133 2151 dulcissimus
1154 2099 1212 2151 et
1235 2095 1803 2168 comesindividuus,

163 2180 250 2236 hic
278 2181 665 2239 consiliorum
697 2183 1010 2254 particeps,
1045 2183 1177 2254 quia
1209 2188 1338 2241 erat
1381 2183 1678 2242 nobilibus
1718 2201 1810 2242 or-

162 2273 249 2326 lus
283 2270 588 2328 natalibus
620 2277 679 2327 et
712 2271 930 2328 litteris
962 2273 1223 2344 adprime
1250 2273 1542 2344 eruditus,
1568 2279 1628 2329 et
1651 2273 1809 2330 vide-

165 2358 331 2413 batin
355 2373 430 2414 eo
457 2359 836 2431 penitentiam
860 2375 989 2417 cum
1015 2361 1385 2418 verecundia.
1403 2362 1463 2416 In
1487 2361 1806 2434 capitulum

162 2447 250 2501 ubi
283 2452 528 2503 ventum
560 2453 675 2516 est,
699 2448 988 2520 publicam
1026 2449 1404 2521 penitentiam
1430 2451 1548 2520 egit
1574 2465 1704 2507 cum
1728 2465 1810 2507 so-

161 2535 246 2590 rio
279 2537 465 2592 corde
488 2537 748 2593 contrito
770 2541 828 2594 et
855 2537 1179 2608 bumiliato,
1205 2544 1265 2594 et
1288 2540 1503 2596 fratres
1520 2538 1810 2609 glorifica-

164 2631 365 2679 verunt
405 2627 607 2686 Deum.
646 2625 743 2696 qui
776 2626 992 2682 avertit
1039 2633 1341 2698 peccatum
1401 2627 1509 2684 hoc
1561 2627 1631 2683 ab
1680 2627 1806 2684 eis:

167 2713 346 2782 etjam
377 2714 431 2768 in
463 2713 663 2782 majori
684 2715 1059 2772 veneratione
1083 2719 1345 2772 sanctum
1359 2715 1458 2771 Dei
1483 2716 1696 2772 habere
1720 2730 1812 2772 ce-

169 2807 397 2872 perunt,
436 2817 609 2872 quem
646 2805 758 2860 Deo
791 2803 1178 2872 karissimum,
1215 2804 1426 2860 mortis
1452 2804 1808 2876 inpavidum,

167 2891 249 2946 sui
296 2896 794 2964 contemptorem,
850 2893 1072 2963 injuriae
1119 2887 1484 2962 donatorem,
1519 2897 1576 2947 et
1629 2894 1704 2950 ob
1755 2892 1808 2950 id

167 2980 335 3035 Deum
371 2979 744 3036 defensorem
776 2984 834 3036 et
864 2982 1120 3037 tutorem
1146 2981 1364 3038 habere
1389 2979 1808 3038 scicbant.Jam

167 3073 352 3123 autem
389 3069 440 3124 si
476 3068 607 3140 quis
636 3073 793 3125 esset
823 3069 921 3140 qui
953 3070 1078 3126 viro
1100 3070 1199 3126 Dei
1225 3068 1538 3140 aliquando
1562 3069 1809 3126 infestus

168 3157 392 3227 fuisset,
411 3159 696 3229 surgebat
724 3158 777 3212 in
804 3159 1087 3228 medio,ct
1113 3158 1510 3215 conﬁtebatur
1526 3159 1809 3230 quidquid

167 3245 306 3301 illud
330 3248 903 3315 esset,satisverens
928 3261 996 3302 ne
1019 3247 1195 3303 etiam
1229 3247 1386 3303 circa
1419 3262 1483 3304 se
1517 3247 1810 3303 deseviret

167 3332 494 3404 indignatio
509 3335 723 3392 divina.
743 3336 1140 3392 Preeabantur
1155 3336 1352 3406 itaque
1375 3349 1574 3392 omnes
1591 3336 1813 3408 pariter

167 3420 272 3476 sibi
305 3421 627 3492 indulgeri,
661 3421 792 3492 quia
823 3437 953 3478 eum
985 3437 1097 3478 non
1142 3429 1206 3478 ut
1253 3421 1554 3479 decuisset
1589 3425 1811 3493 patrem

167 3513 218 3564 et
241 3511 544 3567 dominum
573 3515 1064 3582 tractaverant,et
1085 3512 1233 3568 facta
1257 3517 1349 3568 est
1375 3512 1537 3568 ruina
1563 3511 1812 3568 duorum

169 3599 252 3654 sui
282 3599 483 3670 ipsius
515 3603 572 3655 et
602 3599 915 3656 multorum
945 3601 1001 3656 in
1027 3599 1236 3672 spiritu
1257 3600 1634 3656 resurrectio.
1665 3598 1808 3670 (Fol.

167 3689 273 3757 80.)
311 3687 504 3758 Igitur
535 3687 624 3743 vir
673 3688 769 3743 Dei
817 3687 1077 3757 generali
1129 3687 1401 3744 omnibus
1450 3686 1812 3757 indulgentia

169 3774 320 3846 data,
352 3779 516 3830 tanta
539 3774 610 3808 ²⁹⁰
631 3775 686 3831 in
719 3781 1022 3847 posterum
1053 3777 1124 3832 ab
1155 3776 1422 3832 omnibus
1453 3775 1702 3832 caritate
1732 3774 1816 3830 di-

170 3861 356 3920 lectus
405 3867 521 3934 est,
559 3869 622 3920 ut
679 3864 888 3919 merito
947 3864 1246 3921 diceretur
1310 3883 1323 3918 :
1375 3864 1519 3921 Herc
1560 3864 1816 3920 mutatio

171 3952 431 4012 dextere:
459 3953 709 4010 Βετσίεεί
742 3954 934 4022 (Peal.
964 3968 1148 4024 Lxxw,
1188 3956 1291 4023 ll).

239 4047 322 4098 13.
351 4041 639 4098 Ordinata
677 4042 873 4112 itaque
903 4041 1112 4098 dehinc
1153 4039 1419 4098 zecclesia
1456 4041 1722 4113 personis
1756 4044 1814 4096 et

174 4129 532 4186 necessariis
545 4130 902 4200 sumptibus,
919 4128 1240 4185 Virdunum
1258 4129 1451 4198 rediit,
1472 4127 1815 4200 przedictum

175 4215 410 4274 fratrem
433 4231 632 4273 secum
658 4217 978 4288 deducens,
1006 4217 1140 4288 quia
1162 4216 1531 4287 intelligebat
1554 4233 1682 4274 eum
1706 4218 1818 4275 uti-

173 4304 220 4360 le
251 4321 355 4363 vas
386 4307 652 4363 futurum
685 4306 740 4360 in
770 4305 940 4361 domo
987 4305 1229 4362 Domini.
1264 4307 1377 4362 Nec
1409 4320 1538 4362 eum
1571 4321 1708 4378 spes
1740 4306 1817 4362 fe-

1918 1746 2248 1818 quibusque
2300 1747 2552 1804 mirabili
2597 1749 2906 1806 verborum
2939 1754 3000 1806 et
3030 1749 3228 1807 vultus
3253 1749 3441 1822 gratia
3472 1765 3561 1808 oe-

1917 1835 2182 1904 curebat,
2204 1833 2489 1904 adjiciens
2520 1836 2696 1892 verba
2732 1836 2881 1892 bona
2912 1836 3086 1892 rebus
3119 1837 3304 1907 bonis,
3329 1841 3388 1892 et
3414 1851 3561 1909 prae-

1918 1921 2210 1979 dicatione
2243 1921 2489 1994 benigna
2518 1927 2574 1979 et
2607 1924 2853 1980 humana
2885 1938 2947 1981 se
2979 1925 3103 1997 ipse
3125 1925 3555 1995 commendans,

1919 2014 1984 2066 ut
2009 2009 2594 2083 plurisfcstimaretur
2617 2011 2842 2068 animus
2861 2013 3006 2084 ejus,
3033 2027 3202 2083 quam
3228 2012 3371 2071 illud
3394 2013 3560 2085 quid-

1919 2099 2057 2170 quid
2081 2102 2241 2156 esset
2263 2099 2416 2170 quod
2436 2100 2810 2170 querebatur.
2831 2099 2935 2173 [CL
2953 2102 3178 2172 Suum,
3192 2102 3280 2158 De
3291 2101 3477 2175 benef.
3495 2117 3555 2172 ιι,

1918 2187 1996 2258 2.]
2033 2187 2526 2254 Quemadmodum
2557 2188 2710 2246 enim
2749 2188 2802 2244 in
2847 2189 3007 2258 egris
3037 2190 3408 2262 oportunitas
3441 2189 3556 2246 cibi

1919 2275 2319 2345 salutarisest,
2337 2281 2556 2346 etaqua
2581 2277 2930 2348 tempestive
2951 2277 3082 2334 data
3109 2277 3344 2334 remedii
3369 2278 3557 2334 locum

1919 2363 2101 2435 Optin-.
2127 2369 2167 2433 t,
2196 2363 2273 2418 ita
2306 2362 2584 2419 beneficia
2605 2363 2753 2434 ejus,
2780 2365 3044 2435 quamvis
3065 2363 3232 2433 levia,
3259 2365 3389 2436 quia
3415 2380 3559 2436 prae-

1921 2455 2014 2506 sto
2042 2457 2229 2520 erant,
2257 2451 2388 2522 quia
2411 2451 2800 2508 occurrebant
2826 2452 3136 2521 voluntati,
3159 2452 3405 2522 gratiam
3433 2467 3560 2524 pre-

1920 2537 2090 2606 ciosi,
2125 2537 2230 2594 sed
2263 2537 2405 2594 lenti
2439 2543 2498 2593 et
2531 2537 2628 2595 diu
2656 2539 2902 2608 cogitati
2937 2538 3195 2597 muneris
3224 2539 3554 2596 vincebant.

1922 2625 2263 2682 Gratissima
2304 2626 2456 2682 enim
2504 2631 2668 2683 erant
2722 2627 2855 2698 quia
2907 2632 3127 2699 parata,
3162 2628 3295 2698 quia
3348 2626 3556 2695 facilia,

1923 2715 2055 2785 quia
2089 2715 2452 2784 occurentia,
2489 2715 2585 2772 ubi
2618 2714 2776 2772 nulla
2809 2723 2936 2771 erat
2968 2731 3126 2772 mora
3158 2715 3268 2772 nisi
3313 2715 3368 2772 in
3414 2716 3562 2772 acci-

1923 2803 2140 2874 pientis
2172 2805 2540 2861 verecundia.
2569 2805 2815 2860 Noverat
2840 2805 2991 2861 enim
3015 2805 3296 2878 Optimum
3315 2820 3444 2862 esse
3469 2820 3561 2861 an-

1926 2891 2198 2948 tecedere
2227 2893 2510 2962 cujusque
2533 2891 2908 2964 desiderium,
2929 2899 2988 2950 et
3015 2895 3339 2966 proximum
3365 2894 3562 2964 sequi;

1925 2978 2069 3037 illud
2100 2995 2239 3036 vero
2269 2980 2496 3050 melius,
2533 2995 2822 3052 occupare
2870 2985 3178 3053 antequam
3229 2985 3558 3052 rogaretur.

1925 3071 2061 3126 Nam
2091 3084 2220 3126 cum
2246 3069 2460 3124 homini
2486 3069 2691 3140 probo,
2719 3073 2781 3124 ut
2804 3069 2887 3124 ait
2909 3069 3122 3125 Seneca
3148 3069 3204 3125 in
3226 3069 3378 3126 libro
3399 3071 3482 3141 (ιι,
3510 3073 3562 3141 1)

1927 3157 1997 3214 de
2030 3157 2353 3225 Beneficiis,
2379 3157 2450 3214 ad
2475 3157 2796 3226 rogandum
2821 3172 2887 3214 os
2912 3160 3244 3226 concurrat,
3267 3163 3323 3213 et
3349 3157 3565 3214 suffun-

1927 3246 2101 3302 datur
2118 3247 2318 3314 rubor,
2337 3244 2433 3315 qui
2452 3244 2557 3300 hoc
2578 3249 2934 3301 tormentum
2952 3245 3196 3300 remittit
3215 3243 3561 3316 multiplicat

1930 3349 2157 3390 munus.
2193 3332 2359 3388 Nulla
2409 3332 2561 3388 enim
2595 3347 2688 3389 res
2720 3333 2918 3389 carius
2948 3338 3203 3403 constat,
3238 3347 3406 3404 quam
3439 3347 3566 3404 qua:

1927 3423 2202 3496 precibus
2229 3425 2422 3495 empta
2474 3427 2566 3479 est
2639 3423 2778 3479 llinc
2827 3427 3066 3479 sanctus
3113 3423 3464 3480 Benedictus
3496 3423 3566 3480 de

1927 3512 2132 3568 dandis
2154 3510 2508 3568 necessariis
2530 3525 2707 3580 agens
2731 3529 2744 3568 :
2773 3511 3136 3581 C'onsz'deret,
3163 3510 3368 3582 inquit,
3385 3509 3570 3569 abbas

1924 3597 3105 3673 inﬁrmitatesindigentiummoumalam
3115 3599 3475 3656 voluntatem
3485 3600 3570 3658 in-

1922 3687 2490 3756 videntiquuico-
2520 3686 2863 3744 siderandas
2884 3687 3256 3744 infirmitates
3281 3687 3566 3760 praecipit,

1925 3777 2352 3834 occurrendum
2378 3775 2546 3833 docet
2572 3775 2861 3849 precibus,
2889 3774 3256 3833 divinandam
3280 3776 3566 3846 cujusque

1927 3865 2362 3935 necessitatem,
2401 3869 2463 3922 ut
2495 3863 2736 3933 rogandi
2770 3863 3091 3920 necessitas
3119 3862 3441 3920 auferatur.
3469 3864 3573 3919 Ce-

1928 3961 2118 4010 terum
2152 3958 2212 4010 et
2243 3953 2350 4009 boc
2384 3952 2438 4007 in
2473 3957 2638 4022 patre
2673 3956 2872 4008 nostro
2915 3950 3338 4006 beneﬁcientiae
3369 3955 3570 4021 partes

1927 4041 2239 4114 adjuvabat
2273 4039 2426 4111 quia,
2454 4039 2503 4096 si
2528 4039 2658 4110 quis
2687 4039 2740 4095 ei
2773 4038 2844 4095 de
2869 4039 3120 4096 secretis
3143 4037 3366 4106 animae,
3394 4035 3464 4092 de
3487 4037 3575 4092 in-

1930 4129 2114 4186 ternis
2145 4127 2354 4185 mentis
2385 4126 2638 4182 motibus
2669 4125 3077 4194 confitebatur,
3098 4129 3260 4180 tanta
3291 4123 3342 4178 ei
3377 4123 3566 4178 inerat

1930 4217 2140 4275 mentis
2165 4215 2513 4286 benignitas,
2538 4217 2698 4270 tanta
2724 4211 2994 4282 dulcedo,
3023 4216 3183 4268 tanta
3207 4210 3561 4282 compassio,

1931 4310 1994 4364 ut
2025 4305 2120 4376 qui
2153 4303 2313 4361 solus
2345 4303 2660 4360 advenerat
2692 4304 2756 4358 ut
2794 4314 2854 4357 se
2885 4299 3186 4372 proderet,
3223 4299 3471 4355 alterum
3505 4313 3567 4356 se

173 4393 335 4450 fellit.
367 4395 534 4466 Cepit
561 4395 713 4451 enim
750 4398 910 4451 totus
937 4393 1222 4451 alteratus
1255 4394 1606 4466 perfectiora
1640 4395 1816 4451 medi-
1846 4386 1898 4444 D
1930 4393 2092 4451 illum
2121 4407 2252 4449 esse
2283 4391 2551 4447 crederet
2574 4389 2667 4446 cui
2689 4388 3105 4458 conﬁtebatur,
3129 4387 3223 4445 cui
3246 4401 3358 4451 non
3381 4387 3572 4444 imme-

171 4483 300 4552 tari,
332 4498 532 4539 amare
583 4483 970 4553 honestatem,
1005 4482 1250 4552 diligere
1295 4482 1579 4554 ordinem,
1615 4499 1817 4540 omnes

174 4570 279 4625 sibi
313 4585 688 4642 praeponere,
713 4585 776 4626 se
807 4571 1080 4627 omnibus
1110 4575 1484 4643 postponere,
1509 4576 1566 4628 et
1599 4571 1648 4627 si
1678 4571 1816 4642 quid

173 4663 256 4713 est
290 4661 447 4730 quod
486 4659 673 4715 virum
706 4659 1011 4716 honestum
1045 4659 1272 4730 deccat,
1307 4659 1377 4716 ad
1431 4659 1485 4715 id
1538 4660 1730 4716 modis
1755 4675 1817 4717 se

174 4749 442 4803 omnibus
476 4747 811 4803 informare.
848 4747 1232 4813 Quamobrem
1266 4747 1668 4817 diligebatura
1690 4748 1816 4803 viro

177 4833 290 4905 Dei,
327 4841 387 4891 et
420 4835 718 4892 cotidiana
745 4850 872 4891 mon
902 4835 1058 4892 tione
1083 4836 1150 4891 ad
1175 4835 1411 4891 meliora
1437 4835 1710 4892 sectanda
1736 4834 1819 4890 in-

174 4920 494 4978 citabatur.
529 4923 822 4979 Leduinus
852 4937 1058 4978 nomen
1110 4926 1238 4978 erat
1287 4921 1430 4977 viro.
1466 4921 1568 4976 llic
1597 4924 1687 4976 est
1720 4919 1817 4976 ille

177 5007 488 5080 Leduinus,
515 5009 616 5080 qui
646 5011 1014 5082 postmodum
1042 5010 1213 5080 jussu
1237 5016 1292 5064 et
1319 5008 1650 5064 obedientia
1675 5023 1819 5081 prte-

177 5093 312 5152 dicli
346 5098 537 5169 patris
560 5099 671 5154 sub
693 5113 763 5154 eo
784 5099 974 5155 sancti
996 5098 1230 5155 Vedasti
1255 5097 1422 5154 annis
1442 5096 1642 5154 multis
1665 5097 1819 5153 rexit

176 5185 522 5243 ecclesiam.
551 5187 763 5244 Verum
786 5186 895 5244 hoc
927 5187 983 5242 in
1016 5191 1182 5258 patre
1213 5191 1414 5244 nostro
1443 5183 1818 5242 memorabile

1930 4483 2045 4538 rito
2079 4487 2368 4551 tamquam
2401 4478 2572 4534 alteri
2602 4477 2714 4534 sibi
2747 4476 3001 4532 animum
3026 4490 3196 4532 suum
3220 4475 3564 4547 applicaret,

1927 4574 1984 4628 et
2009 4585 2072 4626 se
2093 4569 2282 4641 ipsum
2304 4565 2593 4624 crederet.
2613 4565 2977 4623 Occurrebat
3005 4579 3254 4636 namque
3278 4563 3566 4621 voluntati

1927 4658 2076 4730 ejus,
2103 4661 2163 4712 et
2195 4655 2272 4710 ita
2305 4653 2356 4710 ei
2388 4655 2887 4718 conformabatnr,
2911 4665 3043 4709 cum
3067 4651 3303 4707 dolente
3337 4649 3564 4719 dolens,
3665 4719 3678 4726 ε

1925 4759 2055 4802 cum
2088 4741 2371 4799 tribulato
2403 4740 2673 4814 spiritum
2699 4745 2756 4795 et
2781 4739 2904 4810 ipse
2934 4737 3392 4795 contribulatum
3415 4735 3570 4792 adhi-

1930 4833 2091 4901 bens,
2126 4835 2190 4888 ut
2220 4844 2390 4886 unam
2422 4827 2669 4884 animam
2702 4826 2936 4883 duobus
2972 4826 3165 4881 inesse
3191 4823 3566 4894 corporibus,

1928 4921 2062 4978 dum
2085 4919 2334 4974 alterum
2357 4930 2419 4974 se
2441 4920 2642 4986 stupet
2665 4914 2714 4972 is
2737 4913 2834 4985 qui
2861 4913 3200 4974 advenerat,
3228 4910 3561 4967 miraretur.

1929 5008 2066 5075 Quae
2096 5021 2192 5063 res
2209 5004 2542 5077 gratissima
2573 5007 2664 5060 est
2687 4997 3359 5070 mediocribus,utillima
3384 4999 3568 5071 pusil-

1928 5094 2024 5165 lis,
2049 5094 2145 5166 qui
2175 5108 2244 5150 eo
2275 5095 2522 5150 utuntur
2551 5090 2763 5148 affectu
2794 5103 2907 5160 quo
2938 5088 3139 5144 vident
3156 5084 3268 5142 sibi
3293 5084 3558 5144 adclines

1931 5183 2142 5254 quibus
2171 5181 2492 5253 loquuntur
2521 5191 2628 5236 seu
2659 5177 3034 5236 confitentur.

1536 5357 1774 5416 VARLE
1818 5355 2214 5416 LECTIONES.

241 5485 312 5520 ι’·
343 5488 526 5542 tamta
551 5497 602 5544 e.
