3950 6048
325 188 445 250 219

1284 180 1653 243 HUGONIS
1695 179 2045 241 ABBATIS
2086 174 2764 240 FLAVINIACENSIS

3612 174 3730 235 220

400 315 485 369 14.
508 314 630 369 1am
645 313 853 371 veroin
867 311 1480 385 capitolio(90)siquis
1497 324 1821 367 sermonem
1839 309 1967 379 ejus
1994 308 2049 368 A
2081 323 2204 364 rum
2235 306 2533 379 acceperis
2562 306 2973 362 elemosinam!
3000 307 3226 362 Summa
3252 305 3371 361 h:ec
3399 303 3730 361 liberalitas

331 400 612 471 audisset,
650 408 810 459 totus
839 402 1331 471 tremebat,totus
1365 401 1657 469 estuabat,
1700 403 1858 454 totus
1894 399 1963 453 ad

334 490 878 561 reprehendendum
905 505 967 545 se
990 490 1355 547 cutissimum
1380 488 1678 545 stimulum
1694 501 1971 559 compun-

332 579 550 634 ctionis
578 578 913 649 adhibebat,
949 594 1015 635 ac
1048 580 1095 635 si
1128 593 1247 650 prae
1279 577 1469 633 oculis
1505 577 1732 633 videret
1765 579 1966 647 parata

332 667 612 735 gehennae
636 668 921 738 incendia,
939 666 1358 738 suppliciorum
1374 665 1681 737 dispertita
1697 664 1971 721 omnimo-

340 754 408 810 da
436 770 671 826 genera,
710 757 889 813 donec
924 756 1269 828 procederet
1294 753 1620 810 consolatio
1643 754 1713 808 ab
1737 768 1838 809 ore
1855 767 1973 808 ser-

338 845 702 914 mocinantis,
728 845 891 902 fieret
917 844 1162 901 dulcedo
1190 844 1380 900 mellis
1409 843 1600 913 iingua
1635 842 1783 913 ejus,
1809 842 1972 897 favus

339 933 630 990 distillans
660 934 809 989 labia
843 934 1005 1002 ejus!
1032 933 1231 1004 (Cant.
1259 948 1332 1003 iv,
1367 934 1478 1002 11.)
1513 931 1651 1002 (Fel.
1685 934 1825 1003 80".)
1851 934 1971 987 Non

340 1022 492 1076 enim
541 1021 945 1079 dissimulabat
992 1026 1233 1093 peccata
1286 1021 1767 1092 delinquentium,
1802 1015 1999 1075 immo'

339 1124 468 1165 cum
500 1111 570 1165 de
598 1111 763 1166 viciis
796 1125 984 1166 sermo
1016 1116 1190 1182 esset,
1219 1112 1296 1168 ita
1322 1127 1521 1167 eorum
1556 1110 1789 1182 pr0prie
1812 1124 1975 1180 spur-

335 1199 521 1267 citias,
543 1199 969 1255 immundiciam
992 1202 1048 1255 et
1077 1202 1339 1255 fmtorem
1366 1200 1562 1255 verbis
1587 1199 1971 1269 exprimebat,

339 1290 398 1341 ut
424 1288 519 1357 qui
547 1288 775 1343 audiret
796 1286 1975 1358 miraretur,etabhorrenstalibusimpli-

338 1374 458 1429 cari
474 1376 708 1431 omnino
725 1377 1146 1432 detestaretur.
1166 1378 1301 1431 Erat
1327 1377 1381 1432 in
1406 1391 1474 1431 eo
1490 1376 1644 1445 juste
1666 1375 1978 1433 consulens

341 1463 762 1533 misericordia,
779 1468 836 1519 et
854 1466 943 1535 pie
963 1465 1192 1521 seviens
1214 1464 1540 1535 disciplina.
1559 1466 1628 1519 Ut
1650 1465 1800 1519 enim
1826 1464 1901 1518 ait
1920 1465 1973 1519 in

338 1550 651 1607 Moralibus
677 1552 1020 1607 mitissimus
1052 1553 1259 1609 doctor
1291 1554 1621 1622 Gregorius,
1645 1553 1976 1610 misericor-

2081 402 2191 467 est,
2229 396 2532 452 memorari
2566 410 2765 451 eorum
2800 396 2893 466 qui
2928 411 2990 451 se
3040 396 3148 452 tibi
3200 396 3335 451 dum
3382 395 3726 451 adviverent

2081 485 2516 553 commiserunt,
2544 499 2789 555 quorum
2812 484 2960 541 vivis
2983 483 3305 553 laboribus,
3328 498 3575 553 quorum
3601 498 3730 538 san-

2080 575 2255 646 guine
2288 572 2581 645 pasceris;
2608 572 2725 643 qui,
2751 572 3019 630 fiduciam
3041 587 3201 628 suam
3225 574 3351 643 post
3378 573 3557 627 Deum
3586 571 3641 625 iu
3672 575 3728 625 te

2084 666 2389 733 ponentes,
2409 664 2998 733 permanustuasDeo
3015 661 3445 729 feneraverunt,
3465 660 3599 716 dum
3625 675 3733 715 sua

2084 752 2189 807 tibi
2224 766 2329 822 pro
2359 751 2487 821 ejus
2520 765 2715 807 amore
2751 750 2947 820 largiti
2981 754 3135 806 sunt.
3172 751 3292 804 Non
3328 748 3512 804 defuit
3540 749 3730 818 gratia

2084 839 2205 897 htDC
2254 839 2406 913 patri
2458 844 2684 911 nostro,
2721 839 2894 895 immo
2946 839 3000 893 in
3052 837 3319 894 omnibus
3361 837 3735 893 monasteriis

2086 947 2213 1002 quin
2238 932 2501 1001 regebat,
2520 945 2672 1000 mox,
2695 933 2754 984 ut
2782 928 3134 1001 potuit,jure
3156 927 3394 999 perenni
3418 926 3733 983 constituit

2086 1024 2150 1076 ut
2183 1020 2235 1075 in
2269 1019 2624 1087 kalendario,
2652 1018 3010 1088 singulorum
3046 1018 3290 1072 fratrum
3314 1022 3374 1072 et
3399 1016 3739 1073 benefacto-

2087 1124 2210 1165 rum
2236 1108 2506 1164 ecclesiaa
2532 1108 2626 1178 qui
2654 1106 2852 1163 seculo
2875 1112 3267 1175 excesserant,
3286 1105 3486 1160 divisis
3500 1104 3738 1176 paginis

2085 1199 2338 1268 nomina,
2371 1197 2764 1254 anniversaria
2797 1211 3026 1266 quaque
3058 1195 3151 1250 die
3200 1195 3254 1250 in
3288 1193 3547 1265 capitulo
3582 1194 3733 1248 rcci-

2098 1291 2385 1355 tarcntur,
2413 1285 2754 1355 diligentius
2786 1286 3064 1339 annotato
3089 1283 3225 1354 quid
3257 1285 3504 1354 quisque
3531 1286 3744 1337 contu-

2088 1374 2255 1429 lisset
2278 1374 2563 1443 ecclesize,
2585 1377 2647 1429 ut
2673 1373 2806 1429 dum
2828 1387 3029 1427 eorum
3056 1371 3331 1427 beneficia
3358 1373 3568 1426 fratres
3592 1385 3745 1442 prte-

2089 1462 2415 1519 sentialitcr
2429 1462 2726 1518 recoleren
2741 1467 2757 1517 t
2774 1462 3145 1517 annotatione
3159 1460 3515 1529 diligentissi
3530 1473 3743 1529 ma,rec

2088 1552 2411 1608 calesceret
2443 1551 2496 1606 in
2530 1551 2616 1605 eis
2647 1565 2850 1605 eorum
2885 1550 3178 1620 memoria,
3213 1553 3272 1605 et
3315 1552 3479 1604 tanto
3508 1547 3745 1617 gratius

340 1639 442 1695 dia
456 1639 1147 1709 eoldisciplinamztltum
1163 1641 1531 1707 destituitur,
1546 1642 1600 1699 si
1621 1641 1975 1698 unastneal—
2002 1660 2059 1722 Β
2091 1644 2554 1697 memorarentur
2584 1638 2837 1709 illorum,
2862 1640 3081 1708 quanto
3112 1637 3409 1709 acceptior
3451 1637 3613 1691 fieret
3652 1652 3746 1691 re-

343 1729 470 1783 tere
484 1728 769 1785 teneatur.
791 1730 1045 1786 Affectus
1065 1734 1310 1801 patrem,
1328 1731 1515 1802 pietas
1534 1735 1798 1799 matrem,
1817 1744 1977 1785 reve-

341 1816 521 1870 rentia
548 1816 775 1873 timoris
799 1817 1111 1886 dominum,
1140 1818 1447 1890 disciplina
1471 1818 1781 1874 exhibebat
1810 1818 1979 1889 magi-

342 1907 549 1973 strum,
577 1905 730 1974 quod
760 1908 945 1963 totum
976 1906 1045 1962 de
1078 1907 1498 1963 beneflcientiaa
1523 1908 1681 1963 fonte
1705 1908 1979 1978 procede-

344 1992 459 2046 bat.
494 1993 737 2049 Nolebat
768 1994 918 2049 enim
950 1996 1215 2051 consumi
1250 2011 1460 2052 munus
1492 2011 1681 2067 suum,
1708 1996 1804 2066 qui
1837 2011 1982 2052 sem-

344 2095 446 2150 per
469 2087 709 2151 paratus
733 2087 857 2137 erat
882 2083 952 2138 ad
976 2083 1221 2151 donum:
1249 2084 1378 2140 ideo
1406 2084 1460 2139 in
1486 2084 1674 2140 dando
1701 2083 1982 2140 beneﬁcio

346 2170 639 2241 corporali
664 2185 765 2227 seu
790 2171 1100 2242 spirituali,
1130 2187 1306 2229 sensu
1331 2173 1619 2229 communi
1643 2177 1699 2227 et
1733 2172 1983 2228 rationa-

349 2256 447 2312 bili
480 2261 726 2330 tempus,
762 2258 972 2330 locum,
1012 2274 1293 2331 personas
1343 2262 1716 2331 observabat,
1750 2260 1882 2330 quia
1924 2266 1981 2315 et

350 2348 658 2403 momentis
688 2348 948 2419 quaedam
982 2354 1147 2419 grata
1181 2353 1238 2405 et
1276 2351 1502 2419 ingrata
1536 2356 1691 2407 sunt.
1735 2352 1978 2422 [Sansc.,

344 2437 430 2492 De
445 2436 568 2493 ben.
586 2442 677 2507 11,1
693 2436 731 2508 .]
750 2439 1041 2507 Ingratum
1056 2444 1147 2494 est
1167 2439 1528 2509 beneficium,
1549 2439 1701 2508 quod
1719 2440 1815 2495 diu
1832 2440 1983 2495 inter

345 2525 537 2581 dantis
571 2540 772 2581 manus
805 2526 976 2595 hesit,
1012 2528 1168 2597 quod
1202 2528 1334 2598 quis
1369 2543 1505 2598 egre
1556 2528 1793 2595 dimisit,
1830 2527 1983 2599 quod

346 2614 428 2669 sic
461 2614 599 2669 dare
630 2614 791 2670 visus
812 2619 923 2679 est,
953 2615 1118 2684 quasi
1141 2616 1247 2671 sibi
1275 2617 1555 2687 eriperet.
1588 2617 1720 2672 Ideo
1742 2617 1831 2671 vir
1855 2618 1984 2673 bea-

344 2706 441 2757 tus
469 2716 598 2757 cum
631 2702 851 2771 aliquid
885 2703 955 2756 ab
979 2717 1047 2757 co
1072 2718 1099 2756 a
1128 2703 1263 2758 filiis
1290 2704 1984 2775 quereretureorporalis

348 2793 447 2844 aut
470 2788 795 2859 spiritualis
826 2789 1217 2860 necessitatis,
1236 2806 1347 2846 non
1373 2791 1681 2861 dubitavit,
1700 2807 1770 2848 ne
1795 2792 1983 2863 proxi-

347 2892 473 2933 mus
499 2883 652 2933 esset
688 2891 717 2931 a
747 2882 1014 2947 negante,
1046 2882 1103 2933 et
1150 2877 1363 2934 nullam
1416 2880 1661 2934 referret
1712 2880 1979 2951 gratiam,

346 2964 544 3038 (Ibidf,
581 2982 639 3036 ιι,
675 2966 723 3037 5)
759 2967 949 3023 sciens
974 2967 1149 3023 nichil
1180 2982 1308 3024 esse
1342 2974 1456 3023 tam
1503 2983 1757 3024 amarum
1812 2983 1979 3039 quam

346 3054 441 3111 diu
457 3055 732 3126 pendere,
749 3071 878 3111 cum
893 3056 1118 3126 equiori
1146 3057 1336 3113 animo
1354 3058 1574 3113 feratur
1592 3073 1618 3113 a
1638 3057 1981 3128 quibusdam

347 3144 582 3215 praecidi
611 3159 771 3216 spem
793 3159 953 3199 suam
976 3160 1145 3214 quam
1174 3145 1345 3200 trahi.
1368 3146 1526 3211 Quod
1554 3150 1743 3201 autem
1771 3146 1983 3203 donum

350 3238 462 3288 tam
489 3232 659 3289 dulce
682 3233 917 3302 homini,
937 3248 1104 3303 quam
1125 3234 1329 3302 juvare
1345 3234 1613 3303 consilio,
1635 3236 1984 3305 participare

346 3320 666 3388 laboribus,
682 3321 1112 3375 communicare
1133 3321 1452 3390 doloribus,
1474 3321 1733 3378 relevare
1757 3326 1988 3377 estuan-

349 3411 465 3462 tem
512 3407 782 3478 animum,
810 3407 1065 3476 gaudere
1117 3424 1245 3464 cum
1298 3410 1609 3480 gaudente,
1663 3410 1800 3465 flere
1857 3425 1984 3466 cum

350 3495 563 3550 flente?
585 3495 685 3551 His
706 3495 894 3566 donis,
921 3496 1009 3552 his
1045 3497 1344 3554 beneficiis
1376 3498 1625 3554 filiorum
1650 3499 1703 3553 in
1727 3514 1787 3555 se
1818 3499 1989 3554 defle-

350 3587 514 3639 xerat
539 3585 804 3654 gratiam,
825 3590 889 3639 ut
912 3585 1178 3655 injuriam
1202 3585 1328 3656 ejus
1353 3602 1511 3642 suam
1534 3588 1985 3657 arbitrarentur,

348 3673 611 3728 laetitiam
631 3673 757 3741 ejus
777 3687 940 3728 suam
960 3674 1294 3744 crederent,
1312 3677 1479 3746 cujus
1500 3680 1659 3731 tanta
1685 3681 1809 3731 erat
1833 3677 1990 3731 beni-

344 3760 542 3829 gnitas
568 3764 648 3828 ut,
666 3761 936 3815 veniente
957 3775 1048 3831 eo,
1068 3761 1113 3815 si
1142 3761 1277 3831 quid
1304 3763 1360 3817 in
1387 3764 1836 3833 congregatione
1861 3780 1992 3835 qua-

350 3848 491 3903 libet
510 3846 721 3903 morari
740 3848 1029 3916 licuisset,
1046 3863 1176 3906 eum
1196 3851 1597 3922 egrederetur,
1616 3851 1811 3908 nullus
1833 3851 1989 3910 esset

352 3936 447 4007 qui
478 3950 587 3991 non
625 3951 687 3992 se
713 3936 976 4006 juvatum
1012 3943 1071 3993 et
1113 3939 1455 4009 relevatum,
1491 3945 1883 3998 sustentatum
1931 3947 1986 3999 et

351 4023 744 4080 confortatum
772 4023 1126 4082 letabundus
1145 4026 1524 4095 gloriaretur.
1550 4030 1669 4083 Jam
1693 4044 1829 4086 vero
1852 4029 1992 4086 libe-

353 4111 642 4167 ralitatem
678 4113 732 4167 in
764 4127 834 4168 eo
868 4112 1095 4168 laudari
1130 4128 1373 4170 necesse
1406 4130 1517 4170 non
1551 4120 1661 4187 est,
1687 4132 1853 4187 enjus
1876 4132 1987 4172 non

352 4202 582 4255 minima
610 4200 802 4271 portio
826 4207 937 4271 est,
958 4202 1013 4256 in
1030 4203 1184 4257 omni
1205 4204 1443 4272 uegocio
1458 4205 1835 4261 considerare
1853 4221 1993 4275 quo-

350 4290 520 4342 modo
546 4289 801 4360 quidque
824 4294 925 4345 aut
957 4290 1191 4345 dicatur
1221 4296 1321 4346 aut
1358 4292 1477 4346 fiat.
1506 4293 1642 4346 Nam
1668 4294 1992 4363 procedens

350 4388 419 4428 ex
465 4373 821 4429 liberalitate
849 4378 1037 4431 omnis
1092 4377 1419 4446 benignitas
1455 4384 1752 4449 properat,
1778 4386 1837 4436 et
1871 4398 1993 4453 pro-
2023 4369 2074 4427 D

355 4460 540 4530 prium
555 4467 646 4516 est
664 4461 915 4517 libenter
947 4463 1215 4520 facientis
1240 4466 1360 4520 cito
1388 4466 1592 4521 facere.
1613 4466 1817 4537 (Ibid.,
1837 4485 1893 4539 ιι,
1911 4468 1990 4542 ὃ.)

353 4545 457 4611 Qui
476 4547 626 4602 enim
644 4549 810 4603 tarde
824 4552 882 4603 et
897 4549 1047 4605 diem
1066 4550 1135 4605 de
1153 4550 1245 4606 die
1262 4554 1609 4622 protrahens
1626 4556 1863 4627 profuit,
1880 4573 1990 4615 non

351 4650 423 4691 ex
438 4634 628 4690 animo
645 4635 801 4703 fecit;
818 4636 894 4691 ita
913 4637 1057 4693 duas
1078 4653 1170 4694 res
1187 4641 1466 4697 maximas
1483 4643 1877 4713 perdidit,tem
1892 4663 1993 4714 pus

352 4727 411 4779 et
442 4727 846 4792 argumentum
883 4730 1077 4781 amica)
1109 4726 1430 4784 voluntatis
1454 4744 1471 4793 ;
1496 4731 1627 4800 quia
1652 4734 1819 4789 tarde
1843 4734 1994 4791 velle

354 4811 608 4868 nolentis
631 4815 740 4868 est.
758 4812 1085 4883 Aliquando
1109 4829 1248 4871 vero
1267 4815 1321 4870 in
1338 4817 1554 4873 tedium
1571 4819 1861 4878 adductus
1877 4824 1996 4878 ani-

353 4915 501 4969 mus,
537 4899 742 4972 incipit
768 4901 963 4957 odisse
988 4902 1332 4959 beneficium
1354 4906 1485 4961 dum
1511 4913 1800 4979 expectat.
1830 4912 1995 4978 Quod

355 4991 549 5042 autem
579 4988 765 5061 majus
800 4990 1143 5047 beneficium
1161 5007 1329 5063 quam
1356 4995 1604 5051 mortuis
1627 4998 1847 5055 referre
1868 5015 1996 5070 gra-

360 5073 516 5144 tiam,
541 5079 600 5131 et
625 5078 845 5147 requiei
875 5077 1075 5137 eerum
1101 5081 1406 5155 providere
1428 5088 1486 5139 et
1508 5084 1839 5159 censulere,
1861 5104 1993 5161 quo

2095 1728 2469 1801 praisentatio
2513 1727 2950 1782 benefactorum
2993 1726 3242 1782 illorum.
3280 1725 3440 1792 Quod
3476 1728 3538 1781 ut
3574 1739 3743 1780 acce-

2092 1819 2250 1888 ptius
2275 1815 2461 1883 fieret,
2481 1830 2807 1871 sermonem
2825 1815 2956 1869 inde
2980 1815 3185 1870 habuit
3206 1830 3398 1870 coram
3427 1813 3738 1880 fratribus,

2094 1921 2261 1977 quem
2276 1910 2586 1976 exceptum
2602 1904 2997 1977 kalendarium
3013 1902 3323 1973 eidem,cui
3340 1903 3443 1958 hec
3460 1902 3747 1957 inscribe-

2095 1974 2331 2066 bantur,
2379 1974 2683 2066 przescribi
2710 1974 2988 2061 instituit,
3007 1992 3061 2046 in
3087 2008 3199 2062 quo
3225 1991 3587 2049 dulcedinem
3613 1990 3746 2060 ejus

2094 2089 2153 2139 et
2184 2084 2487 2155 pietatem,
2513 2081 2820 2137 caritatem
2845 2085 3018 2150 atque
3042 2080 3517 2148 misericordiam,
3541 2080 3635 2150 qui
3663 2079 3750 2134 di-

2094 2171 2346 2240 ligenter
2359 2170 2632 2237 advertit,
2653 2169 3016 2241 perpendere
3035 2174 3247 2240 potest.
3267 2170 3491 2235 Quanto
3507 2182 3646 2222 vero
3661 2168 3748 2222 af—

2098 2260 2253 2316 fectu
2285 2264 2344 2315 et
2367 2259 2562 2314 studio
2587 2257 2919 2313 memoriam
2946 2257 3352 2313 defunctorum
3379 2255 3743 2327 eorumdem,

2100 2349 2152 2403 id
2185 2351 2273 2403 est
2309 2347 2556 2403 ofﬁcium
2581 2347 2732 2417 quod
2758 2345 2989 2415 vigilias
3011 2345 3276 2415 dicimus,
3300 2350 3356 2400 et
3382 2346 3569 2401 missze
3590 2344 3749 2401 cele-

2101 2437 2423 2493 brationem
2459 2436 2549 2505 agi
2590 2434 2935 2496 instituerit,
2954 2439 3241 2490 noverunt
3281 2435 3376 2504 qui
3420 2435 3522 2490 hoc
3545 2435 3746 2489 facere

2099 2530 2550 2581 consueverunt.
2572 2527 2679 2578 l’cr
2696 2522 2885 2579 omnia
2900 2524 3054 2579 circa
3083 2524 3413 2579 memoriam
3438 2522 3749 2578 defuncto-

2097 2630 2221 2670 rum
2261 2612 2710 2683 benignissimus
2741 2613 2958 2668 extitit.
2995 2612 3225 2667 Sciebat
3276 2613 3425 2668 enim
3478 2612 3608 2683 quia
3655 2614 3743 2668 ni-

2096 2703 2211 2759 chil
2246 2703 2300 2758 in
2331 2703 2581 2758 fructum
2615 2702 2904 2772 pervenit,
2940 2702 3090 2772 quod
3124 2716 3235 2757 non
3267 2716 3295 2756 a
3330 2701 3514 2773 primo
3552 2717 3743 2773 usque

2097 2794 2166 2849 ad
2190 2797 2512 2847 extremum
2530 2789 2770 2862 aequalis
2785 2789 3014 2846 cultura
3037 2789 3434 2861 prosequitur.
3454 2790 3589 2845 Ideo
3604 2806 3744 2845 eon-

2097 2882 2403 2937 missorum
2434 2878 2543 2935 sibi
2579 2882 2636 2933 et
2671 2879 2723 2932 in
2755 2879 2871 2934 vita
2908 2882 2963 2933 et
2992 2878 3045 2933 in
3072 2885 3259 2933 morte
3283 2877 3741 2934 sollicitudinem

2096 2969 2188 3041 pia
2207 2968 2522 3024 sedulitate
2537 2970 2624 3023 est
2641 2972 2940 3039 operatus.
2962 2966 3108 3032 Quid
3134 2971 3322 3022 autem
3349 2965 3418 3021 de
3445 2966 3745 3021 fortudiue

2097 3064 2154 3115 et
2176 3057 2560 3128 temperantia
2585 3056 2862 3125 dicemus,
2882 3056 3095 3126 quibus
3120 3054 3263 3111 adeo
3287 3056 3602 3125 regebatur
3622 3057 3749 3111 an-

2099 3162 2224 3203 mus
2256 3145 2400 3215 ejus,
2437 3149 2498 3201 ut
2531 3145 2723 3199 innata
2760 3144 2869 3199 sibi
2892 3144 3431 3199 viderentur?Nam
3464 3160 3594 3199 cum
3631 3144 3751 3199 for-

2100 3234 2288 3291 titudo
2321 3234 2442 3289 sine
2474 3233 2855 3304 temperantia
2892 3233 3221 3303 iniquitatis
3256 3233 3334 3288 sit
3368 3232 3630 3302 materia,
3663 3234 3747 3289 ita

2099 3325 2152 3380 in
2180 3340 2247 3379 eo
2269 3338 2439 3379 unum
2465 3323 2936 3378 condicbaturex
2954 3322 3140 3377 altero
3180 3323 3503 3378 utalterum
3528 3323 3653 3377 sine
3669 3323 3753 3377 al-

2098 3419 2228 3469 tero
2244 3412 2295 3467 vi
2308 3412 2424 3467 deri
2442 3411 2801 3483 [videre.Ed.
2816 3410 2908 3481 P.]
2924 3415 2980 3465 et
2997 3410 3145 3465 velle
3162 3410 3496 3465 discernere
3513 3411 3750 3465 omnino

2103 3502 2250 3556 foret
2278 3499 2660 3572 impossibile.
2677 3498 2915 3554 Iustitia
2931 3513 3215 3554 verocum
3235 3498 3539 3571 prudentia
3557 3499 3748 3570 priva-

2105 3596 2221 3645 tum
2237 3588 2346 3644 sibi
2365 3588 2717 3644 domicilium
2733 3588 2788 3642 in
2804 3587 2930 3655 ejus
2949 3592 3184 3658 pectore
3198 3586 3749 3657 collocaverat,qui-

2105 3680 2213 3735 bus
2230 3677 2474 3735 utilisad
2493 3678 2680 3733 omnia
2700 3677 2783 3750 pit
2799 3682 2887 3732 tas
2903 3692 3011 3732 non
3029 3677 3229 3732 deerat
3248 3677 3510 3733 scientiae
3526 3676 3751 3732 discre-

2106 3765 2263 3820 tione
2289 3764 2525 3819 munita.
2546 3764 2708 3819 Nulla
2733 3767 2817 3819 est
2845 3770 3037 3819 autem
3064 3763 3327 3833 scientia,
3356 3763 3402 3818 si
3431 3762 3747 3818 utilitatem

2104 3852 2348 3924 pietatis
2381 3852 2687 3917 dehabeat,
2715 3851 2845 3921 quia
2868 3850 2964 3920 qui
2993 3852 3137 3906 bona
3157 3851 3388 3919 cognita
3415 3850 3624 3921 exequi
3650 3866 3749 3905 ne—

2102 3941 2290 4010 gligit,
2327 3955 2451 3996 sese
2484 3939 2838 4008 adjudicium
2885 3938 3074 3994 artius
3126 3939 3384 4008 stringit.
3422 3941 3553 3994 llzec
3608 3940 3744 4009 quia

2102 4029 2190 4084 vir
2221 4029 2317 4084 Dei
2353 4034 2613 4098 noverat,
2641 4027 3002 4096 singularum
3033 4027 3143 4082 sibi
3172 4027 3452 4083 virtutum
3482 4028 3746 4099 proprie-

2104 4122 2257 4173 tates
2291 4117 2669 4187 adquisicrat,
2703 4115 2916 4188 quibus
2958 4116 3215 4172 munitus
3259 4117 3454 4171 mundi
3492 4116 3751 4171 fallentis

2104 4205 2387 4260 lenocinia
2419 4205 2756 4276 superabat.
2781 4205 2990 4261 Verum
3017 4203 3085 4259 ad
3111 4204 3466 4260 narrationis
3486 4204 3747 4259 ordinem

2105 4297 2487 4349 revertamur.

2178 4386 2262 4438 15.
2300 4384 2460 4436 Anno
2501 4381 2572 4436 ab
2615 4381 2723 4436 inc.
2752 4382 2908 4436 Dom.
2940 4386 3068 4437 1011
3120 4383 3353 4436 Romam
3396 4382 3751 4438 venerabilis

2106 4474 2273 4541 pater
2295 4468 2620 4524 Ricliardus
2646 4469 2773 4540 ivit,
2793 4474 2852 4524 et
2877 4469 3192 4526 Benedicto
3214 4486 3374 4541 papas
3400 4470 3452 4524 in
3478 4470 3752 4526 amicitiis

2096 4558 2362 4628 junctus,
2399 4557 2887 4614 familiarissimas
2919 4558 2971 4613 ei
3002 4559 3223 4614 extitit.
3259 4560 3471 4614 Eodem
3516 4575 3750 4629 quoque

2104 4662 2251 4703 anno
2283 4662 2411 4703 cum
2445 4651 2603 4703 esset
2629 4648 2742 4717 jam
2774 4647 3109 4704 nominatus
3150 4648 3236 4703 vir
3286 4648 3340 4701 in
3394 4648 3750 4703 monasterii-

2106 4736 2292 4792 sancti
2328 4736 2562 4791 Vedasti
2597 4736 2689 4791 cui
2725 4740 2975 4807 prmerat
3009 4736 3259 4791 rectoris
3290 4736 3494 4806 ofﬁcio,
3529 4736 3754 4792 γενειᾶ-

2109 4824 2297 4879 tiones
2329 4824 2495 4879 facta:
2525 4830 2664 4879 sunt
2712 4823 2764 4879 ei
2818 4824 2875 4878 in
2928 4823 3130 4879 eodem
3185 4825 3469 4893 eoenobio,
3506 4840 3752 4895 quarum

2108 4917 2333 4968 textum
2367 4911 2516 4967 idem
2551 4912 2676 4982 ipse
2729 4912 2882 4967 misit
2935 4912 3204 4969 omnibus
3253 4912 3536 4970 :ecclesizc
3592 4913 3754 4983 filiis,

2109 5016 2253 5073 quas
2286 5000 2459 5056 etiam
2494 4998 2715 5072 placuit
2751 5000 2842 5056 hic
2893 5003 3177 5056 annotari.

2181 5090 2361 5160 (1011,
2384 5091 2483 5161 Ap.
2508 5094 2597 5162 17)
2625 5108 2649 5138 ‹‹
2672 5088 2887 5145 Electis
2908 5087 2975 5121 ⁵⁸³³
2999 5089 3265 5145 ecclesiae
3286 5090 3384 5146 Dei
3407 5089 3758 5147 orthodoxis

1717 5193 1952 5248 VAR'IE
1995 5195 2389 5250 LECTIONES.

422 5275 490 5309 ²⁰¹
513 5276 638 5333 Fol.
654 5280 835 5333 81-83.
852 5280 1085 5338 inserta
1107 5284 1311 5341 eadem
1324 5299 1527 5356 manu,
1545 5287 2355 5363 atramentopallidosert‘pta
2373 5291 2802 5349 minutissimis
2826 5292 3169 5349 litterarum
3182 5293 3473 5362 ductibus,
3491 5309 3747 5364 quorum

1940 5386 2158 5440 NOTAE.

425 5441 538 5511 (90)
569 5442 604 5496 ξι
639 5457 688 5498 e.
724 5444 998 5513 capitulo.
