3960 6052
180 214 292 277 221
1431 216 1739 283 ωΗΒΟΝΙ

2011 251 2043 260 -
2074 216 2223 276 LlB.
2270 215 2343 276 II.
3458 227 3575 289 222

180 349 240 400 et
275 345 453 401 unitis
486 346 696 403 unitati
721 348 988 419 corporis
1021 348 1074 403 in
1092 348 1307 404 Christi
1332 350 1524 421 capite
1549 350 1823 406 membris
1852 347 1909 407 Α
1941 348 2047 403 tati
2078 348 2368 418 videntes,
2387 362 2476 404 me
2497 349 2728 405 concite
2747 351 2955 409 adesse
2986 352 3151 421 signo
3175 355 3413 424 faciunt,
3436 354 3575 410 duo-

184 433 505 490 Ricbardus
545 435 643 492 Dei
670 437 895 492 favente
916 437 1101 506 gratia
1121 436 1258 492 licet
1319 438 1590 507 indignus
1621 439 1820 510 abbas,
1939 450 2181 507 rumque
2213 437 2456 492 fratrum
2485 437 2723 505 junctus
2745 439 3050 509 obsequio,
3094 454 3264 510 quam
3324 442 3570 507 primum

182 522 292 577 ista
316 523 653 592 legentibus
684 529 987 597 perpetuae
1020 525 1228 583 salutis
1266 526 1498 595 gaudia.
1534 516 1697 595 '(Fol.
1731 528 1821 598 8|)
1936 525 2092 595 afl‘ui,
2125 529 2183 580 et
2208 540 2339 580 mox
2372 526 2809 596 expositolecto
2826 528 2957 598 quia
2981 529 3228 599 spiritus
3271 529 3465 585 exitus
3481 529 3570 585 sui

182 611 524 680 l-Ivangelica
557 614 813 669 veritate
829 614 1024 670 edocti
1049 614 1674 683 ettotiusevangelicze
1690 615 1821 671 fidei
1934 613 3574 687 separationecolluctabatur,psalmodiaalitaniisquein-

181 699 537 756 auctoritate
570 701 624 757 in
684 702 913 758 Christo
946 703 1192 772 fundati,
1243 708 1484 773 paterna
1532 718 1669 772 erga
1719 719 1821 760 vos
1934 702 2149 759 sistens
2179 717 2402 758 omnem
2427 702 2635 758 adesse
2660 703 2764 759 feci
2788 706 3320 774 congregationem.
3349 706 3572 772 Quibus

183 788 866 860 quodammodojunctus
891 790 1312 861 sollicitudine,
1333 797 1589 847 vestram
1607 793 1821 847 fratres
1932 790 2203 861 expletis,
2241 790 2584 847 funebribus
2611 789 2820 846 intenti
2854 793 3121 864 exequiis
3149 799 3215 850 ut
3269 808 3298 848 a
3323 794 3570 851 circum-

182 877 544 934 dilectissimi
575 879 1824 950 exemplarireidivinitusgesttccommone-
1933 876 2250 946 stantibuS,
2313 876 2446 947 quia
2477 877 2745 947 spiritum
2808 879 3071 936 funditus
3118 881 3413 937 exalassot
3475 883 3572 937 vix

182 966 327 1021 facio
358 966 687 1035 caritatem,
716 982 885 1037 quam
922 968 993 1024 ad
1018 968 1482 1025 commonitionis
1504 973 1717 1025 vestra:
1735 986 1822 1025 so-
1932 980 2151 1021 summa
2169 967 2399 1036 poterat
2417 964 2719 1034 diligentia
2737 966 3578 1036 inquiridicendozSubvmite

178 1055 376 1110 latium
413 1070 519 1125 per
543 1057 828 1125 quendam
847 1057 1085 1112 fratrem
1111 1062 1375 1113 nostrum
1402 1072 1504 1128 per
1536 1071 1639 1113 sex
1653 1058 1820 1112 hora-
1930 1053 2125 1110 sancti
2150 1052 2516 1119 De£,exitum
2532 1052 2658 1121 ejus
2677 1058 2739 1109 et
2756 1056 3311 1128 osemuudarecepi.
3337 1059 3474 1113 Cum
3494 1058 3575 1112 in-

178 1156 300 1197 rum
336 1144 536 1213 spacia
559 1144 775 1214 spiritu
816 1144 976 1201 velut
1028 1146 1239 1201 mentis
1287 1161 1534 1202 excessu
1594 1152 1817 1217 raptam
1929 1141 2098 1196 terim
2125 1141 2241 1209 jam
2266 1141 2480 1197 subitis
2508 1140 2577 1174 ²⁹¹
2608 1143 2899 1213 turbatus,
2920 1160 3006 1199 me
3025 1147 3257 1216 corpori
3311 1148 3568 1202 defuncti

182 1232 348 1286 nobis
376 1231 636 1287 voluisse
670 1232 793 1288 ﬁeri
829 1233 1213 1302 manifestam,
1240 1234 1489 1289 divinam
1529 1234 1819 1303 conjicere
1931 1228 2207 1300 applicui,
2241 1244 2526 1299 manuque
2542 1244 2662 1286 mea
2678 1232 2805 1301 ejus
2827 1233 2909 1287 ori
2930 1234 3147 1303 pectori
3173 1234 3567 1305 vitalibusque

184 1335 491 1390 possumus
516 1320 790 1388 gratiam.
825 1322 962 1387 Qum
988 1321 1125 1377 licet
1150 1321 1558 1393 spiritualibus
1591 1337 1696 1377 nos
1728 1337 1823 1377 res
1933 1318 2315 1374 subtilissima
2346 1317 2717 1387 indagatione
2741 1321 2991 1390 admota,
3027 1322 3297 1392 spiritum
3315 1322 3573 1379 veluttc-

185 1422 441 1478 pugnare
463 1408 1139 1479 nequierismultimodis
1160 1410 1586 1481 scripturarum
1603 1410 1823 1466 divina-
1932 1406 2199 1463 nuissimi
2215 1421 2279 1462 ac
2303 1407 2669 1463 subtilissimi
2686 1408 2840 1464 aeris
2857 1410 3053 1465 ﬂatum
3070 1409 3259 1466 inesse
3290 1410 3571 1481 prmsensi

183 1512 303 1551 rum
336 1497 593 1553 occultis
613 1503 675 1553 et
704 1497 830 1568 ipsa
855 1498 951 1554 vix
990 1499 1376 1555 subtilissima
1438 1500 1651 1554 mentis
1696 1499 1820 1555 acie
1933 1499 1991 1550 et
2017 1495 2255 1551 remissa
2287 1496 2769 1553 commendaticia
2804 1498 3092 1569 oratione,
3126 1499 3397 1569 quidnam
3420 1500 3572 1554 futu-

181 1586 619 1644 coutrectaudis
648 1600 879 1656 semper
912 1586 1167 1643 instruat
1197 1587 1583 1658 documentis,
1619 1592 1824 1644 nosta-
1936 1599 2059 1640 rum
2091 1585 2871 1656 essetcepimusexpectarc.
2897 1587 3189 1657 Cumpost
3213 1587 3368 1643 velut
3400 1589 3570 1644 unius

185 1689 302 1729 men
327 1689 403 1730 ex
438 1674 788 1731 assiduitate
819 1680 1141 1745 torpentes,
1200 1691 1615 1747 corporezeque
1647 1677 1823 1747 impa-
1851 1702 1905 1761 B
1937 1673 2091 1729 horae
2118 1673 2374 1744 spacium
2413 1673 2758 1729 tenuissimo
2789 1679 2847 1731 et
2879 1675 2975 1730 vix
3027 1676 3288 1731 sensibili
3316 1676 3570 1745 singultu

187 1762 383 1818 tientis
420 1768 645 1819 naturae
688 1763 1063 1819 remissiones
1113 1763 1420 1821 adversum
1478 1765 1822 1836 pernitionis
1852 1760 1891 1761 ί
1937 1762 2157 1834 pariter
2184 1766 2242 1817 et
2274 1760 2530 1818 anhelitu
2557 1777 2767 1833 cepere
2792 1762 3572 1834 labiatremere,deindeque

185 1851 342 1919 quasi
375 1852 789 1908 exsecuritate
808 1852 963 1907 hosti
995 1851 1823 1924 exadversoinsidiantipate-
1934 1850 2292 1907 inconditum
2309 1850 2743 1923 quasisuspiria
2769 1853 3056 1921 gementis
3098 1854 3427 1909 etdolcntis
3470 1853 3574 1908 lin-

186 1939 483 2007 f.:cientes,
514 1939 821 1995 manifesta
853 1955 954 2011 per
976 1940 1123 1996 hanc
1151 1941 1435 1997 visionem
1455 1942 1552 1997 Dei
1587 1942 1819 1997 misera-
1932 1956 2042 2009 gua
2060 1944 2459 1997 summotenus
2474 1941 2744 1997 emittere
2769 1942 3047 2012 sonitum,
3081 1942 3442 2013 subindeque
3458 1943 3574 1999 dis-

184 2029 356 2095 tione,
382 2028 458 2083 ad
492 2029 776 2084 internum
803 2029 1247 2085 meutisnostraa
1269 2029 1824 2087 etdiscussionisre-
1933 2034 2181 2098 cretum,
2206 2029 2908 2099 velutvagitusinfantum
2924 2030 3096 2085 verba
3117 2031 3574 2087 formai-evolen-

186 2117 454 2173 ducimur
485 2116 895 2187 subtilitatem,
933 2118 1367 2188 proutquisquc
1391 2123 1655 2175 nostrum
1689 2120 1824 2174 sub-
1936 2122 2075 2173 tum.
2111 2119 2321 2188 Sicque
2352 2125 2442 2174 est
2473 2133 2542 2175 eo
2576 2133 2761 2189 usque
2788 2124 3229 2191 perventum,ut
3254 2123 3475 2176 rectum
3502 2121 3571 2176 ad

188 2205 479 2262 tilissimaa
514 2206 797 2262 mentiset
819 2206 1198 2262 discretionis
1218 2206 1386 2263 oculo
1407 2206 1821 2276 transfigurata
1934 2212 2193 2262 nostrum
2222 2208 2491 2262 formaret
2523 2208 2698 2264 verba
2732 2208 3013 2263 auditum.
3034 2208 3141 2264 Sed
3176 2208 3574 2278 quzesointes-

182 2294 785 2365 comparataquehuic
802 2294 1039 2351 visionis
1060 2295 1819 2366 sententizeprophetarum,
1935 2295 2075 2364 dite,
2112 2296 2243 2363 quia
2277 2295 2529 2364 linguam
2561 2298 2962 2351 commovebat
2990 2301 3378 2366 tantum,eum
3405 2297 3460 2352 in
3495 2312 3575 2353 re-

184 2382 608 2452 apostolorum,
638 2383 1130 2451 evangelistarum
1164 2398 1393 2454 quoque
1447 2383 1821 2439 invictissima
1934 2383 2391 2454 liquiscorporis
2415 2383 2709 2451 membris,
2740 2383 2932 2453 capite
2964 2383 3113 2451 dico,
3132 2383 3320 2439 oculis
3360 2388 3415 2439 et
3461 2399 3577 2439 ma-

184 2471 538 2526 diseretione
569 2471 676 2525 hoc
713 2470 767 2525 in
788 2486 850 2526 se
881 2471 953 2526 ad
977 2470 1292 2526 utilitatem
1341 2485 1503 2527 suam
1554 2472 1826 2527 veritatis
1935 2471 2126 2541 nibus,
2151 2471 2315 2526 coxis
2338 2476 2398 2527 et
2431 2471 2674 2541 pedibus
2707 2469 2903 2525 nullus
2933 2471 3164 2525 omnino
3215 2486 3281 2526 ac
3315 2472 3362 2526 si
3417 2471 3574 2541 ligno

185 2558 601 2615 transformare
631 2559 923 2615 studuerit
966 2559 1302 2615 testatione.
1367 2559 1604 2615 Cunctis
1650 2560 1823 2615 etiam
1935 2559 2072 2616 vitae
2104 2558 2604 2629 inessetspiritus,
2632 2558 2783 2628 quod
2804 2572 3063 2628 praesens
3107 2558 3419 2614 fratrumet
3468 2560 3576 2616 frc-

187 2646 383 2717 liquet,
422 2646 583 2717 quod
614 2646 737 2703 sine
770 2648 1126 2704 detrimento
1158 2646 1377 2704 silentii
1400 2648 1673 2716 tegimine
1714 2663 1826 2706 non
1938 2661 2122 2717 quens
2154 2646 2557 2701 indubitanter
2579 2647 2909 2702 testabatur
2961 2649 3238 2703 attactus.
3304 2647 3413 2701 Sed
3453 2648 3575 2704 visa

190 2736 437 2805 velatur,
475 2736 631 2806 quod
661 2736 872 2793 divinae
905 2736 1301 2793 miserationis
1349 2737 1745 2792 ostentatione
1769 2736 1826 2792 in
1939 2735 2080 2791 inibi
2111 2738 2170 2790 et
2194 2734 2533 2804 colloquuta
2560 2737 2762 2789 nostro
2783 2733 3005 2791 auditui
3029 2736 3209 2789 verba
3243 2734 3572 2804 solalingna

193 2824 438 2881 salutem
473 2829 735 2881 nostram
758 2825 1187 2880 manifestatur.
1219 2826 1469 2880 Narrare
1497 2839 1825 2895 veroopera
1940 2824 2245 2890 formabat;
2281 2838 2409 2893 quae
2442 2823 2495 2878 in
2529 2837 2591 2878 se
2637 2822 2997 2893 postmodum
3024 2838 3302 2879 reversus
3340 2839 3369 2878 a
3418 2823 3577 2879 nullo

188 2914 403 2970 Domini
434 2928 568 2970 cum
600 2914 677 2970 sit
706 2913 1111 2983 honorificum,
1135 2928 1201 2968 ea
1246 2913 1482 2969 silentio
1539 2914 1825 2984 subprimi
1941 2913 2051 2969 sub
2082 2912 2210 2967 celo
2243 2911 2532 2967 hominum
2566 2910 2700 2967 sciri
2732 2911 2993 2982 putabat.
3032 2911 3133 2967 Cui
3185 2913 3578 2968 assistensne-

193 3003 596 3071 perniciosum.
618 3001 763 3067 Quid
780 3017 1027 3072 namque
1053 3007 1166 3056 tam
1181 3000 1633 3057 saluberrimum
1652 3005 1826 3072 atque
1863 3054 1905 3072 ν,
1940 3000 2449 3070 tariusimpressis
2465 2999 2665 3054 eadem
2690 2997 3215 3067 signabatlitteris,
3235 3005 3433 3070 quaeet
3453 3000 3578 3071 ipse

191 3091 519 3159 utillimum,
560 3105 730 3161 quam
761 3091 971 3147 divinas
1028 3090 1321 3159 largitatis
1378 3090 1609 3159 donum,
1672 3090 1825 3160 quod
1861 3054 1907 3115 Ο
1937 3102 2223 3159 corporeo
2251 3088 2615 3157 postmodum
2642 3101 2784 3142 usus
2799 3087 3114 3157 colloquio,
3142 3102 3251 3141 non
3269 3087 3378 3142 alia
3404 3092 3579 3157 atque

192 3181 351 3234 habet
381 3179 674 3250 quispiam
725 3178 1021 3249 singulare
1070 3194 1200 3234 cum
1233 3178 1364 3233 aliis
1424 3178 1828 3249 participando
1940 3175 2049 3231 alia
2084 3174 2416 3229 testabatur
2439 3187 2468 3227 a
2504 3189 2568 3229 se
2598 3174 2792 3229 visaet
2815 3173 3155 3245 colloquuta
3183 3189 3314 3231 esse
3341 3175 3393 3229 in
3410 3176 3572 3230 czelo.

194 3268 346 3322 faciat
381 3267 533 3322 illud
556 3281 689 3323 esse
710 3281 1012 3323 commune
1039 3286 1050 3320 :
1074 3266 1228 3338 quod
1270 3281 1401 3322 cum
1428 3265 1509 3335 fit,
1561 3266 1656 3320 illa
1712 3266 1831 3320 Sal-
1939 3260 2335 3330 Quemcumin
2354 3261 3421 3332 subsequentibuslectoraudieris,ne
3438 3261 3575 3332 quid

194 3358 405 3412 valoris
434 3355 650 3425 jussio,
676 3371 786 3426 qua
802 3355 1022 3411 dicitur
1047 3375 1059 3409 :
1082 3356 1247 3421 Quod
1273 3356 1403 3411 dico
1419 3354 1585 3411 vobis
1632 3354 1698 3410 in
1754 3355 1829 3409 te-
1937 3366 2139 3408 eorum
2170 3350 2382 3420 ambigi
2417 3365 2588 3421 posse
2606 3350 2948 3420 credideris,
2966 3351 3369 3407 vehementius
3395 3364 3580 3406 emor-

191 3444 381 3502 uebris
413 3444 663 3511 (Matth.
691 3460 747 3514 x,
768 3446 858 3521 27)
882 3448 940 3499 et
956 3443 1397 3514 reliqua.Cujus
1427 3442 1828 3513 nonjussionis
1939 3445 2102 3496 tuum
2134 3452 2351 3509 corpus
2385 3439 2627 3494 humana
2664 3439 2912 3493 formare
2945 3453 3116 3509 posse
3146 3440 3323 3494 verba
3341 3438 3581 3494 mirabe-

192 3534 292 3588 vim
327 3533 1005 3604 perpendentes,ettoto
1021 3532 1233 3587 mentis
1253 3531 1458 3587 annisu
1486 3531 1640 3586 illam
1674 3546 1829 3586 com-
1939 3528 2042 3595 ris,
2070 3541 2238 3597 quam
2272 3526 2318 3583 si
2346 3531 2401 3581 et
2435 3524 2740 3594 utriusque
2765 3525 3099 3580 testamenti
3132 3525 3432 3581 verissima
3492 3538 3580 3580 as-

192 3621 343 3691 plere
376 3620 674 3689 volentes,
692 3620 915 3691 quodin
948 3620 1280 3676 tenebriset
1313 3620 1369 3674 in
1401 3619 1631 3689 aure,id
1664 3619 1825 3675 estin
1940 3615 2120 3672 sertio
2137 3614 2297 3670 credi
2330 3612 2651 3683 compellit,
2677 3614 2748 3668 ab
2778 3628 2847 3669 eo
2906 3620 2967 3669 ut
2992 3614 3172 3668 refert
3218 3613 3407 3669 visum
3444 3627 3579 3685 esse
3652 3662 3671 3679 ,

192 3711 441 3779 osculto,
479 3710 829 3779 audivimus,
864 3710 940 3766 ob
971 3708 1285 3765 multorum
1308 3707 1616 3763 utilitatem
1648 3707 1701 3761 in
1717 3721 1830 3762 me-
1938 3717 2053 3757 non
2084 3701 2466 3758 dubitaveris.
2502 3700 2834 3770 Egredienti
2861 3716 2889 3756 a
2923 3715 3170 3773 corpore
3188 3700 3391 3757 animai
3422 3700 3582 3755 mali-

192 3798 338 3854 dium
372 3798 750 3870 proferimus.
787 3798 931 3854 Sane
962 3812 1132 3853 nemo
1172 3799 1435 3852 autumet
1476 3795 1569 3851 hic
1609 3794 1827 3864 aliquid
1939 3804 2183 3860 gnorum
2218 3789 2528 3861 spirituum
2561 3792 2686 3845 tres
2721 3789 2840 3859 ipsa
2874 3804 2973 3846 sua
2998 3789 3224 3844 vnsione
3280 3788 3578 3845 terribiles

196 3887 468 3943 falsitatis
484 3901 616 3942 esse
638 3886 1174 3957 permixtum,auta
1198 3883 1831 3953 veritatealiquatenus
1942 3878 2251 3934 astiterunt
2288 3877 2416 3943 ;cui
2444 3876 3161 3947 quasihorriﬁcoimpulsu
3205 3877 3575 3947 insultantes,

195 3975 384 4029 credat
416 3974 695 4043 alienum,
724 3973 995 4043 quoniam
1012 3974 1167 4029 sicut
1191 3971 1540 4041 audivimus,
1558 3970 1828 4040 vidimus,
1942 3966 2215 4022 dicebant
2243 3979 2307 4021 se
2336 3964 2643 4020 habituros
2674 3965 2823 4021 hunc
2851 3963 3153 4020 tormentis
3194 3963 3578 4020 infernalibus

197 4062 405 4132 absque
431 4061 719 4117 mendacii
753 4062 884 4117 fuco
917 4060 1070 4117 fideli
1104 4060 1441 4115 narratione
1489 4058 1835 4130 perstrinxi—
1941 4053 2338 4121 cruciandum,
2364 4065 2598 4107 suarum
2634 4051 2716 4105 illi
2766 4050 3204 4106 attestationem
3256 4050 3577 4105 inferentes

199 4165 332 4206 mus.
365 4153 535 4207 Nunc
568 4151 746 4219 igitur
777 4150 848 4205 ad
880 4149 1273 4206 narrationem
1306 4148 1388 4204 rei
1434 4150 1617 4217 gestae
1635 4146 1829 4203 stilum
1943 4137 3147 4213 culparum:cultellumscilicetcujusdam
3177 4137 3376 4192 fratris
3395 4138 3578 4192 nostri

200 4244 511 4295 vertamus.
531 4239 735 4293 Debita
757 4238 1061 4307 religionis
1077 4237 1407 4293 reverentia
1422 4234 1712 4306 paschalia
1736 4248 1834 4289 no-
1947 4229 2248 4302 parvulum
2280 4240 2446 4297 quem
2463 4225 2753 4281 oblivione
2769 4230 2827 4281 et
2849 4224 3203 4294 negligentia
3220 4224 3434 4281 dudum
3453 4240 3581 4295 per-

200 4326 278 4381 bis
308 4333 377 4383 :50
406 4327 638 4382 dierum
668 4325 1097 4396 exequentibus
1120 4324 1607 4395 solempnia,cum
1636 4322 1693 4377 in
1727 4321 1833 4377 hoc
1945 4312 2703 4386 diderat,cujusquamlibet
2724 4313 2953 4367 minima
3006 4311 3458 4383 videaturculpa
3476 4327 3584 4369 nec

199 4416 434 4470 cenobio
465 4414 621 4484 quod
655 4417 750 4468 est
800 4412 1269 4468 Atrebatensium
1321 4411 1499 4467 situm
1550 4409 1605 4465 in
1665 4409 1830 4479 urbe,
1866 4402 1917 4461 D
1947 4404 2131 4481 priori
2163 4403 2425 4459 confessa
2456 4416 2559 4456 nec
2615 4401 2781 4456 venia
2835 4401 3023 4456 fuerat
3057 4400 3348 4457 absoluta.
3406 4401 3581 4456 Aﬁ‘uit

200 4502 609 4570 pretiosissimi
638 4500 1224 4557 confcssorisChristi
1249 4496 1829 4556 Vedasticultudica.
1947 4492 2120 4548 etiam
2155 4491 2315 4562 pacis
2340 4488 2811 4545 etlucirMichael
2838 4488 3103 4557 angelus,
3156 4488 3388 4545 hostilis
3430 4489 3586 4544 inva-

202 4595 313 4645 tum
344 4590 691 4657 honorifico,
725 4590 818 4646 cui
876 4589 1002 4660 ipse
1051 4589 1404 4644 monachica:
1459 4584 1837 4643 continentia)
1949 4580 2130 4636 sionis
2160 4583 2322 4634 tutor
2344 4575 3010 4642 serenissimus.Quibus
3031 4576 3586 4646 utrimqueconven-

202 4677 576 4735 instituendis
608 4677 938 4747 disciplinis
957 4679 1073 4733 Deo
1105 4681 1346 4732 auctore
1384 4672 1673 4742 deservio,
1732 4672 1839 4726 hec
1948 4667 2047 4736 tis,
2082 4666 2136 4720 in
2169 4663 2853 4721 momentoinfernalibus
2879 4664 3126 4719 astitere
3156 4663 3453 4720 claustris.
3480 4663 3583 4718 Ubi

204 4767 481 4823 divinitus
506 4766 723 4821 accidit
748 4765 922 4820 visio.
950 4764 1192 4830 Quidam
1213 4764 1457 4817 fratrum
1502 4766 1837 4815 nostrorum
1951 4754 2101 4823 ignis
2134 4752 2415 4807 maximus
2462 4754 2848 4821 quantitatem
2883 4750 3304 4819 magnitudinis
3353 4750 3585 4804 omnino

205 4855 502 4910 debilitate
518 4853 787 4924 corporis
801 4856 1158 4923 praeventus,
1189 4851 1453 4906 lectoest
1468 4845 1838 4917 aegritudinis
1949 4840 2258 4908 excedens,
2293 4838 2436 4895 locis
2461 4839 2578 4894 illis
2593 4838 2925 4894 crueiandis
2942 4837 3245 4893 animabus
3268 4838 3395 4891 erat
3410 4836 3587 4924 depu-

205 4948 540 5014 occupatus.
567 4923 1356 5011 Sicqueduobustransactis
1381 4936 1683 5004 diebus,iu
1706 4935 1837 5005 ipso
1951 4935 2129 4998 tatus,
2165 4928 2361 4998 nigras
2392 4927 2541 4983 adeo
2558 4931 2614 5014 et
2651 4925 3195 5014 fetentesemittens
3237 4923 3585 5014 flammas,in

208 5009 496 5085 terciidiei
522 5009 717 5089 noctis
732 5032 1073 5100 perventum
1088 5024 1466 5103 esturticulo,
1482 5037 1611 5080 cum
1634 5021 1838 5077 dolore
1951 5032 2065 5090 quo
2090 5015 2346 5072 traditor
2357 5013 2579 5103 Domini
2595 5012 2774 5103 indas
2796 5017 2997 5103 catena
3040 5009 3297 5079 undique
3316 5009 3584 5103 strictus,

207 5118 511 5173 anxietatis
531 5131 654 5172 sua:
687 5099 861 5170 nimio
886 5115 995 5170 hoc
1045 5114 1204 5170 visus
1234 5099 1325 5169 est
1381 5111 1535 5180 exigi
1575 5109 1839 5166 funditus
1950 5105 2267 5176 majoribus
2298 5103 2351 5159 in
2382 5099 3007 5177 diejudiciitormentis
3040 5099 3588 5154 servaturerucian-

211 5204 450 5274 migrare
483 5206 555 5259 de
575 5202 794 5261 seculo.
821 5201 984 5268 Quod
1011 5202 1222 5256 fratres
1263 5198 1468 5268 vigiles
1487 5197 1630 5252 inibi
1661 5197 1838 5268 depu-
1951 5193 2077 5255 dus.
2112 5192 2335 5259 Quibus
2363 5189 2550 5245 anima
2584 5204 2647 5244 se
2687 5186 3025 5258 deputatam
3084 5199 3347 5257 sperans,
3406 5185 3586 5241 nimio

1532 5319 1788 5376 VARUS
1829 5314 2225 5373 LECTIONES.

209 5433 521 5501 κοπρανα
543 5430 692 5501 fere
730 5427 1125 5501 ηακαθνοιθξίε
1159 5407 1964 5501 δίκσυιε-ορπέίκθπί.ίφιιθζ
1992 5424 2062 5501 (Ξῖ
2087 5418 2154 5501 εὶ
2170 5423 2239 5501 ⁷²ξ
2272 5415 2650 5501 limat“-
2684 5411 3434 5501 Ξ,ι⁶ξί;,ἔλέῗξζίῖλῗὲνμ⁶ζνί
3459 5426 3569 5485 “P0

208 5482 1314 5569 aditaaﬁawasissdeum;
1393 5493 1687 5564 "’juitm
1712 5491 1965 5549 subtus?
2000 5489 2065 5546 υ.
2096 5486 2373 5545 Fortasse
2399 5484 2655 5540 motibus
2684 5483 2795 5540 aut
2822 5482 2942 5539 tale
2962 5482 3116 5553 σαεά
3139 5482 3386 5539 excidit.
