3960 6052
205 214 327 280 225

1461 213 1963 284 CHRONIGON.
1995 249 2076 267 --
2103 216 2261 284 LIB.
2292 216 2366 283 II.

3503 225 3624 296 220

203 358 323 401 non
345 343 652 403 dimittam
673 345 747 415 te,
768 346 922 417 sede,
945 346 1098 418 sede,
1113 346 1266 404 sede.
1294 346 1494 405 Anima
1523 346 1719 415 Quare
1734 360 1854 405 non
1880 348 1934 408 A
1962 362 2094 405 mus
2126 348 2299 406 tunc?
2328 348 2594 419 Domine,
2619 346 2717 407 dic
2742 348 2919 420 mihi,
2957 350 3112 423 quid
3123 352 3430 426 faciemus
3460 356 3618 417 tunc.

203 433 462 492 dimittis
478 436 605 491 me?
636 436 912 504 Angelus.
937 436 1069 493 Non
1090 436 1395 493 dimittam
1425 437 1497 506 te,
1521 437 1646 494 nisi
1664 436 1854 493 venie-

201 536 336 579 mus
355 522 441 578 ad
454 523 855 581 Salvatorem.
881 523 1156 593 Angelus.
1195 525 1354 595 Veni,
1379 538 1599 581 eamus.
1627 524 1850 580 Anima.

207 610 496 667 Odomine
506 612 709 668 sancte
719 611 1273 682 Michael,dicmihi
1284 626 1417 684 qua
1428 612 1646 670 estista
1659 612 1856 669 altera

200 699 479 755 mansio?
504 699 775 770 Angelus.
797 701 963 756 Alter
972 702 1311 772 paradisus
1322 702 1425 760 est.
1447 701 1667 757 Anima.
1693 702 1737 758 0
1756 701 1858 757 do-

202 789 381 856 mine,
408 788 550 859 quis
562 789 773 845 estiste
785 789 950 845 homo
966 791 990 844 ?
1012 789 1287 860 Angelus.
1312 792 1443 847 Duo
1460 790 1659 847 sancti
1679 789 1858 846 Elius

204 879 263 934 et
279 880 464 935 Eme.
494 877 713 934 Anima.
741 878 787 933 0
806 876 1054 948 domine,
1077 879 1230 949 quid
1242 880 1498 951 faciunt
1519 879 1650 937 hic?
1674 881 1859 948 Ange-

204 965 318 1022 lus.
336 966 678 1038 Expectant
674 965 981 1037 judicium
994 968 1124 1024 Dei.
1144 968 1363 1024 Anima.
1385 970 1429 1024 0
1442 967 1693 1038 domine,
1707 966 1861 1037 quid

186 1055 442 1126 facient
467 1055 640 1111 tunc?
667 1053 938 1123 Angelus.
979 1055 1184 1111 Erunt
1204 1055 1293 1113 ibi
1321 1057 1627 1127 quousque
1654 1054 1860 1111 veniat

202 1143 592 1200 --lnticristus.
615 1142 834 1198 Anima.
856 1142 1102 1207 Quando
1112 1143 1310 1199 veniet
1320 1143 1700 1211 Anticristus,
1716 1156 1747 1198 o
1761 1142 1857 1198 do-

197 1232 381 1301 mine,
396 1231 550 1302 quid
543 1230 791 1302 facient
801 1231 973 1287 tunc?
997 1230 1269 1301 Angelus.
1294 1232 1455 1289 Tunc
1468 1230 1719 1303 surgent
1733 1231 1852 1288 illi.

200 1320 426 1375 Anima.
467 1318 580 1376 Ubi
614 1318 901 1390 pergent?
933 1318 1203 1388 Angelus.
1233 1319 1330 1376 Ad
1353 1320 1554 1376 secula
1593 1319 1851 1377 terrena.

198 1408 429 1465 Anima.
457 1410 502 1464 0
522 1409 771 1478 domine,
801 1409 941 1478 quis
960 1408 1052 1465 est
1067 1408 1175 1465 ille
1198 1408 1645 1466 Antichristus?
1672 1409 1857 1479 Ange-

200 1497 313 1553 lus.
338 1495 605 1568 Magnus
624 1495 902 1553 diabolus
913 1498 1018 1563 est,
1035 1498 1163 1567 ipse
1175 1486 1359 1553 dicet:
1376 1498 1505 1568 Ego
1524 1510 1657 1554 sum
1681 1496 1857 1555 Chri-

198 1587 364 1651 stus;
384 1586 619 1656 Helgas
649 1584 807 1641 dicet
820 1598 957 1655 non,
983 1585 1044 1641 et
1059 1584 1265 1642 Iinoch
1285 1585 1588 1641 similiter.
1625 1584 1850 1639 Anima.

202 1671 756 1735 OsancteMichael.
772 1672 927 1744 quid
929 1672 1469 1745 facienttunc?dic
1479 1671 1651 1728 mihi.
1670 1674 1854 1742 Ange-
1883 1700 1936 1760 Β

199 1761 307 1820 lus.
337 1763 482 1820 Dico
502 1761 632 1818 tibi.
656 1762 1006 1819 Salvatoris
1026 1761 1199 1819 testes
1220 1761 1413 1831 erunt,
1436 1761 1496 1817 et
1509 1761 1708 1818 dicent
1724 1760 1854 1830 ejus

199 1852 625 1920 testimonium,
651 1851 710 1907 et
728 1850 1129 1907 testimonium
1150 1864 1350 1908 eorum
1364 1864 1569 1907 verum
1588 1850 1693 1907 est.
1721 1850 1854 1905 Ani-

199 1954 311 1995 ma.
342 1941 387 1995 0
405 1952 602 1996 omnes
628 1939 832 2009 gentes
852 1951 970 1995 non
991 1938 1258 1995 credatis
1274 1937 1409 2008 illi;
1439 1937 1651 1996 credite
1676 1936 1849 2008 mihi,

196 2029 347 2099 quia
361 2027 655 2085 Salvator
672 2027 762 2083 est
774 2026 841 2083 in
862 2028 1017 2094 celo;
1036 2027 1145 2097 qui
1168 2025 1275 2084 hoc
1295 2040 1414 2084 non
1430 2026 1642 2097 credit,
1666 2025 1855 2083 vitam

195 2115 483 2171 aternam
506 2127 624 2171 non
643 2113 900 2171 habebit.
941 2114 985 2171 0
1005 2127 1202 2171 omnes
1227 2113 1433 2185 gentes
1455 2127 1573 2171 non
1592 2113 1855 2172 credatis

196 2203 303 2260 isti
312 2202 641 2263 seductori:
650 2216 765 2258 non
779 2200 1021 2258 habebit
1024 2202 1393 2273 potestatem.
1406 2200 1853 2271 0Antichriste,

196 2305 388 2363 quare
417 2290 653 2347 setucis
675 2289 915 2362 gentes?
957 2288 1145 2347 Verba
1175 2290 1281 2347 tua
1307 2302 1425 2347 non
1445 2290 1589 2347 sunt
1611 2302 1771 2346 vera.
1810 2289 1854 2346 0

193 2379 398 2437 sancte
410 2377 1097 2450 Michael,quidfacient
1108 2376 1453 2448 tunc?Angel
1463 2393 1551 2434 us.
1560 2378 1706 2436 Dico
1720 2376 1848 2447 tibi,

198 2466 599 2525 testimonium
601 2465 1169 2537 prophetabuntqui
1173 2480 1212 2522 a
1224 2466 1514 2524 Salvator
1525 2464 1854 2537 veniet;qui

198 2555 303 2613 hoc
329 2555 547 2621 credit,
571 2554 777 2611 salvus
799 2555 932 2611 erit.
957 2554 1104 2612 Dico
1127 2553 1259 2623 tibi,
1281 2553 1462 2610 multi
1491 2551 1731 2611 credent
1739 2566 1850 2622 per

199 2644 459 2715 Helqam
489 2643 552 2699 et
575 2642 798 2700 Enoch.
835 2642 1056 2698 Anima.
1085 2644 1130 2699 0
1146 2642 1353 2699 sancte
1376 2640 1662 2709 Michael,
1697 2640 1854 2712 quid

201 2732 431 2794 facient
455 2731 626 2788 tunc?
649 2730 920 2801 Angelus.
947 2731 1094 2788 Dico
1118 2730 1266 2799 tibi;
1271 2727 1726 2802 prophetabunt
1739 2743 1853 2785 om-

201 2822 303 2878 uia
322 2833 471 2877 vera
492 2832 681 2891 usque
692 2819 1043 2876 admortem.
1072 2818 1292 2874 Anima.
1326 2819 1455 2884 Qua
1470 2819 1657 2874 morte
1677 2817 1861 2874 erunt

203 2909 517 2966 morituri?
540 2907 813 2977 Angelus.
841 2908 1155 2981 Interfecti
1177 2908 1353 2964 erunt
1359 2920 1474 2979 pro
1495 2907 1608 2963 Dei
1629 2919 1848 2963 amore.

209 2999 422 3057 Anima.
453 3002 498 3056 0
519 2994 1260 3065 dominesancteMichael,
1280 2995 1378 3053 dic
1396 2993 1568 3065 mihi,
1592 2995 1855 3068 quidfa-

202 3091 417 3145 ciemus
441 3085 903 3156 tunc?Angelus.
926 3086 970 3141 0
991 3085 1219 3153 anima,
1235 3097 1417 3141 cessa.
1448 3084 1667 3140 Anima.
1695 3086 1739 3142 0
1760 3083 1856 3140 do-

200 3178 354 3232 mine
372 3177 582 3234 sancte
607 3174 892 3243 Michael,
913 3175 1013 3245 pie
1027 3175 1227 3245 pater,
1256 3172 1354 3229 dic
1374 3172 1545 3229 mihi.
1575 3172 1849 3243 Angelus.

147 3328 167 3345 ο
210 3266 364 3322 Tunc
393 3263 641 3321 ardebit
663 3264 848 3319 omnis
882 3261 1062 3318 terra.
1101 3262 1326 3316 Anima.
1365 3259 1524 3326 Quid
1548 3261 1855 3333 faciemus

200 3351 354 3421 tunc,
372 3352 644 3408 domine?
660 3349 940 3407 dicmihi.
961 3348 1237 3417 Angelus.
1262 3347 1855 3406 TuncvenietSalva-

199 3439 303 3496 tor.
335 3440 560 3496 Anima.
581 3439 695 3495 Pie
711 3438 962 3507 domine,
989 3437 1457 3508 quidfaciemus
1476 3437 1649 3493 tunc?
1672 3438 1854 3506 Ange-

198 3524 303 3584 lus.
327 3530 492 3585 Tunc
501 3524 1046 3596 venientMatheus,
1062 3523 1330 3593 Marcus,
1349 3526 1543 3583 Lucas
1552 3524 1612 3581 et
1626 3524 1854 3582 Johan-

194 3629 311 3673 nes.
338 3615 452 3672 Illi
478 3613 703 3672 dicent:
725 3614 873 3671 Ossa
888 3612 1089 3683 arida,
1106 3612 1372 3684 surgite;
1391 3612 1597 3670 audite
1612 3610 1854 3670 verbum

197 3705 458 3761 Domini.
491 3705 654 3760 Tunc
670 3704 969 3759 veniemus
991 3715 1191 3759 coram
1210 3701 1571 3772 Salvatore;
1583 3700 1722 3758 tunc
1740 3701 1856 3760 erit

197 3792 655 3850 mundusnovus
668 3791 897 3848 etterra
910 3804 1080 3847 nova.
1102 3789 1323 3846 Anima.
1344 3790 1389 3846 0
1406 3788 1637 3847 domine
1650 3790 1854 3847 sancte

200 3880 471 3939 Michael
486 3881 595 3953 pie
627 3881 822 3952 pater,
853 3878 1007 3952 quid
1029 3878 1340 3951 faciemus
1372 3878 1543 3935 tunc?
1572 3875 1848 3947 Angelus.

199 3971 342 4027 Dico
367 3969 503 4026 tibi.
526 3968 748 4024 Anima.
776 3967 1070 4036 Dicmihi,
1086 3968 1154 4024 in
1164 3980 1289 4039 qua
1296 3966 1509 4039 forma
1528 3968 1847 4024 veniemus.

202 4057 475 4129 Angelus.
513 4057 562 4113 0
587 4057 818 4126 anima,
847 4069 1032 4124 cessa,
1061 4055 1216 4112 satis
1247 4053 1481 4112 audisti
1498 4053 1846 4126 prophetas.

152 4202 161 4207 .
201 4146 403 4204 Omnis
420 4143 591 4218 plebs
612 4142 857 4201 habebit
858 4144 1128 4217 formam
1149 4142 1414 4215 triginta
1434 4156 1747 4213 annorum,
1771 4144 1853 4201 si-

196 4236 323 4292 mul
351 4236 479 4291 tam
493 4233 697 4306 pueri,
719 4232 985 4302 juvenes,
1021 4230 1420 4289 adolescentes
1449 4244 1633 4302 quam
1658 4243 1847 4289 senes.

201 4323 423 4380 Anima.
474 4324 519 4379 Ο
546 4321 814 4391 Domine,
854 4320 1008 4392 quid
1038 4318 1338 4391 faciemus
1369 4320 1541 4377 tunc?
1569 4317 1845 4389 Angelus.

1967 436 2238 505 Angelus.
2268 437 2415 494 Dico
2431 436 2561 507 tibi,
2579 438 2926 496 tuncveniet
2936 440 3043 496 ille
3054 442 3121 497 in
3135 455 3304 499 cruce
3320 458 3623 517 praepara-

1965 525 2078 581 tus.
2101 524 2324 581 Anima.
2346 526 2390 581 0
2403 524 2655 594 domine,
2674 526 2772 583 dic
2781 527 2955 596 mihi,
2970 528 3124 598 quid
3125 529 3437 599 facimus
3450 534 3621 589 tunc?

1965 612 2396 681 Angelus.Dico
2411 612 2542 679 tibi,
2564 613 2705 671 tunc
2717 614 3172 673 dicetSalvator
3191 635 3202 671 :
3224 620 3622 691 Oomnesgen-

1967 701 2071 771 tes,
2088 703 2323 772 angeli,
2351 702 2727 773 archangeli,
2743 703 3017 774 apostoli,
3033 719 3064 760 ο
3084 719 3282 762 omnes
3296 708 3519 777 gentes,
3536 710 3624 766 vi-

1969 789 2098 846 dete
2114 790 2339 847 dolores
2352 804 2533 861 meos;
2534 806 2619 862 pa
2629 791 2787 863 lpate
2797 792 3144 865 etvidete;vi
3150 794 3278 851 dete
3278 798 3623 866 passionem

1965 892 2172 945 meam,
2189 892 2403 936 manus
2412 878 2779 947 meas;sicut
2772 880 2884 951 fui
2896 879 2962 935 in
2973 894 3143 938 cruce
3141 884 3390 955 propter
3399 899 3519 954 vos,
3535 886 3624 943 sic

1965 980 2095 1024 sum
2117 981 2315 1024 coram
2333 966 2515 1025 vobis.
2542 969 2794 1024 Oomnes
2817 969 3045 1038 gentes,
3069 984 3185 1027 non
3206 985 3426 1028 aurum
3450 973 3511 1029 et
3523 987 3622 1029 ar-

1960 1057 2209 1125 gentum
2245 1055 2493 1127 propter
2512 1070 2614 1113 vos
2650 1055 2810 1126 dedi,
2841 1069 2946 1113 nec
2958 1056 3149 1113 ullum
3172 1058 3489 1131 hominem,
3519 1060 3625 1117 sed

1966 1158 2175 1215 corpus
2187 1158 2396 1199 meum.
2418 1146 2462 1200 0
2474 1159 2602 1199 omn
2610 1158 2669 1200 es
2674 1160 2715 1216 g
2722 1144 2899 1214 entes,
2918 1158 3020 1216 ego
3033 1148 3234 1203 amavi
3248 1162 3365 1218 vos,
3385 1147 3621 1206 tradidi

1965 1244 2174 1303 corpus
2186 1246 2378 1288 meum
2385 1246 2532 1303 pr0p
2540 1233 2625 1287 ter
2636 1246 2757 1301 vos,
2770 1233 2964 1290 videte
2976 1232 3044 1288 do
3051 1234 3199 1292 lores
3210 1248 3381 1292 meos.
3396 1236 3613 1292 Anima.

1969 1321 2014 1376 0
2036 1320 2284 1391 domine,
2304 1321 2457 1391 quid
2464 1319 3079 1391 respondebunttunc?
3100 1321 3374 1391 Angelus.
3399 1325 3613 1381 Omnia

1965 1422 2144 1480 opera
2173 1409 2373 1467 vestra
2408 1407 2844 1480 respondebunt
2870 1411 3116 1480 propter
3151 1422 3270 1467 vos.
3317 1411 3536 1468 Anima.
3576 1414 3620 1468 0

1968 1496 2219 1566 domine,
2248 1497 2401 1567 quid
2419 1497 2665 1569 postea?
2688 1496 2962 1566 Angelus.
2997 1499 3156 1554 Tunc
3183 1498 3469 1555 sedebunt
3483 1513 3619 1570 apo-

1964 1584 2107 1642 stoli
2129 1584 2212 1641 ad
2231 1586 2539 1642 dexteram
2560 1586 2618 1642 et
2635 1598 2830 1642 omnes
2852 1584 3076 1656 angeli.
3115 1585 3335 1641 Anima.
3371 1587 3415 1642 Ο
3437 1587 3619 1644 domi-

1964 1686 2038 1730 ne
2057 1673 2261 1731 sancte
2288 1673 2574 1743 Michael,
2613 1672 2707 1731 dic
2733 1672 2907 1736 mihi,
2943 1672 3096 1744 quid
3109 1674 3416 1746 faciemus
3448 1674 3620 1733 tunc?

1968 1761 2244 1830 Angelus.
2278 1762 2454 1818 Bene.
2504 1761 2721 1817 Anima.
2759 1763 2803 1817 Ο
2834 1762 3085 1831 domine,
3128 1761 3282 1834 quid
3312 1763 3620 1835 facie-mus

1965 1850 2137 1907 tunc!
2160 1848 2430 1919 Angelus.
2456 1850 2694 1913 Anima,
2718 1863 2910 1920 quare
2932 1863 3050 1906 non
3071 1852 3302 1907 cessas?
3324 1850 3544 1906 Anima.
3576 1852 3620 1908 0

1962 1938 2196 1995 domine
2209 1939 2311 2009 pie
2329 1938 2533 1996 sancte
2553 1938 2837 2006 Michael,
2864 1938 2961 1994 dic
2976 1937 3149 1995 mihi.
3178 1937 3454 2008 Angelus.
3479 1938 3619 1997 Scis

1961 2040 2183 2095 verum,
2198 2040 2403 2083 verum
2409 2026 2573 2098 potes
2584 2028 2761 2096 scire,
2775 2027 2923 2097 quia
2936 2026 3154 2083 Petrus
3158 2027 3397 2097 primus
3413 2027 3508 2097 loq
3517 2040 3616 2082 uu-

1965 2114 2060 2173 tus
2073 2114 2177 2172 est.
2197 2114 2415 2171 Anima.
2434 2114 2704 2184 Domine,
2727 2115 2881 2185 quid
2883 2114 3087 2187 faciet
3102 2114 3349 2171 sanctus
3368 2113 3620 2172 Petrus?
3676 2156 3683 2161 .

1965 2202 2244 2272 Angelus.
2279 2203 2398 2260 Ille
2413 2201 2727 2273 judicabit
2742 2203 3003 2274 primus,
3036 2202 3329 2259 secundus
3361 2202 3614 2271 Paulus,

1968 2289 2186 2348 tercius
2195 2290 2500 2348 Johannes
2512 2290 2820 2363 Baptista;
2833 2289 2973 2349 tunc
2982 2305 3178 2350 omnes
3190 2293 3470 2364 apostoli;
3481 2293 3620 2350 tunc

1954 2379 2531 2452 judicabantsancti
2544 2379 2876 2448 heremita;
2897 2380 3036 2437 tunc
3044 2381 3305 2453 perfecti
3316 2380 3611 2438 monachi.

1966 2467 2192 2525 Anima.
2224 2470 2269 2525 0
2291 2467 2543 2537 domine,
2576 2467 2731 2538 quid
2749 2467 2889 2524 tunc
2904 2467 3306 2538 judicabunt?
3336 2467 3611 2539 Angelus.

1960 2556 2121 2613 Boni
2143 2555 2402 2627 episcopi
2424 2555 2564 2613 tunc
2581 2554 3145 2613 reddentrationem
3157 2554 3395 2612 deomni
3408 2570 3618 2627 pecore

1962 2657 2087 2701 suo.
2125 2644 2348 2700 Anima.
2388 2645 2433 2700 0
2461 2642 2712 2712 domine,
2752 2641 2907 2713 quid
2934 2643 3110 2700 tunc?
3140 2642 3414 2713 Angelus.
3456 2645 3619 2701 Tunc

1962 2733 2202 2790 venient
2213 2731 2346 2790 boni
2345 2730 2710 2805 presbyteri,
2729 2730 3368 2803 tuncjudicabuntilli.
3389 2731 3611 2787 Anima.

1968 2821 2013 2878 0
2036 2819 2289 2890 domine,
2325 2819 2476 2892 quid
2489 2820 2797 2891 faciemus
2829 2819 2999 2877 tunc?
3030 2818 3305 2890 Angelus.
3338 2820 3499 2878 Tunc
3524 2834 3618 2877 ve-

1914 2926 1923 2933 ·
1963 2908 2138 2964 nient
2158 2906 2294 2964 boni
2320 2906 2502 2978 layci,
2518 2909 2578 2964 et
2579 2906 3159 2979 judicabuntomnia
3174 2908 3341 2965 bona.
3358 2908 3619 2966 Illivero

1963 2995 2072 3067 qui
2093 2993 2239 3051 sunt
2254 2993 2555 3066 agricola,
2577 2994 2771 3051 multa
2794 2993 2962 3065 bona,
2988 2995 3190 3052 omnia
3211 2994 3362 3052 bona
3385 2995 3617 3054 labora-

1962 3082 2193 3152 verunt,
2231 3084 2433 3138 omnia
2467 3081 2619 3138 bona
2642 3082 3005 3153 receperunt.
3039 3083 3259 3140 Anima.
3297 3084 3342 3140 0
3363 3084 3615 3155 domine,

1967 3169 2120 3243 quid
2134 3169 2445 3243 faciemus
2468 3170 2642 3227 tunc?
2675 3170 2951 3240 Angelus.
2980 3172 3140 3229 Tunc
3156 3166 3620 3229 venielttmutie-

1960 3271 2077 3315 res.
2098 3258 2377 3316 Anima.0
2389 3259 2638 3315 Domine
2647 3258 3144 3329 sancteMichael,
3159 3259 3311 3330 quid
3305 3260 3617 3333 faciemus

1964 3345 2141 3402 tunc?
2172 3345 2450 3417 Angelus.
2477 3347 2623 3405 Dico
2646 3347 2775 3404 tibi.
2800 3345 2918 3403 Ille
2943 3348 3053 3418 qui
3074 3347 3270 3405 dixit:
3314 3348 3471 3406 Vade
3488 3363 3617 3406 mu-

1964 3431 2101 3504 tier,
2108 3432 2246 3504 jam
2258 3450 2330 3491 no
2337 3435 2383 3492 li
2388 3449 2639 3508 peccare
2649 3449 2722 3492 ne
2737 3434 2999 3493 deterius
3012 3436 3057 3491 ti
3066 3434 3124 3492 bi
3136 3436 3380 3507 aliquid
3390 3437 3617 3495 contin-

1956 3522 2070 3595 gat
2090 3522 2328 3594 (Joann.
2343 3537 2396 3593 v,
2418 3526 2525 3594 14),
2538 3521 2851 3596 judicabit
2867 3523 3033 3581 illas.
3061 3524 3279 3580 Anima.
3301 3526 3345 3582 0
3359 3525 3610 3598 domine,

1960 3611 2460 3683 misericordiam,
2485 3611 2639 3683 quid
2641 3611 2952 3684 faciemus
2975 3612 3148 3669 tunc?
3168 3613 3442 3682 Angelus.
3465 3615 3614 3672 Dico

1965 3698 2093 3756 tibi.
2108 3699 2269 3758 Tunc
2279 3699 2554 3758 dicetren
2563 3700 2853 3758 Salvator
2867 3701 3068 3758 omnia
3084 3698 3233 3756 bona
3245 3700 3343 3757 his
3353 3701 3619 3771 quisunt

1963 3786 2046 3844 ad
2073 3787 2399 3859 dexteram,
2424 3789 2485 3845 et
2499 3788 2699 3845 omnia
2718 3788 2886 3845 mala
2916 3787 3014 3846 his
3042 3788 3151 3859 qui
3169 3789 3316 3846 sunt
3331 3788 3413 3845 ad
3432 3790 3605 3848 sinis-

1964 3874 2139 3932 tram.
2163 3876 2326 3934 Tunc
2337 3876 2570 3933 eritre.v
2578 3890 2834 3947 magnus
2849 3882 2903 3934 et
2894 3876 3113 3950 fortis,
3129 3877 3320 3934 omnis
3319 3875 3492 3949 plebs
3506 3877 3615 3935 hu-

1959 3962 2225 4021 miliata.
2254 3963 2417 4021 Tunc
2437 3964 2593 4022 dicet
2608 3965 2897 4023 Salvator
2918 3985 2938 4021 .-
2961 3966 3166 4021 Omnes
3178 3964 3388 4036 gentes
3409 3966 3612 4023 amavi

1960 4064 2100 4119 vos;
2117 4051 2280 4107 volui
2300 4052 2371 4107 ut
2381 4065 2482 4109 vos
2499 4051 2665 4108 domo
2685 4052 3007 4119 veniretis;
3026 4065 3127 4109 vos
3145 4052 3450 4110 noluistis.
3480 4054 3616 4109 Aul-

1962 4152 2070 4194 ma.
2100 4139 2145 4195 0
2165 4139 2416 4210 domine,
2447 4139 2601 4211 quid
2620 4146 2757 4196 tunc
2778 4139 2981 4197 dicent
2999 4140 3115 4209 illi,
3146 4140 3256 4212 qui
3278 4140 3429 4198 bona
3442 4141 3607 4213 fece-

1960 4226 2144 4283 runt?
2165 4227 2439 4299 Angelus.
2464 4227 2609 4285 Dico
2633 4226 2765 4297 tibi,
2795 4228 2934 4286 tunc
2960 4227 3567 4299 respondebuntjusti
3589 4247 3609 4285 .-

1961 4316 2229 4388 Domine,
2251 4314 2492 4388 quando
2514 4315 2568 4372 te
2585 4315 2886 4373 vidimus?
2904 4316 3233 4387 Nunquam
3248 4317 3303 4373 te
3313 4317 3613 4387 vidimus;

204 4412 362 4469 Tunc
372 4409 670 4468 habebitis
684 4424 895 4467 novam
907 4422 1161 4468 carnem.
1179 4407 1640 4465 Tuncveniemus
1651 4421 1851 4465 coram
1877 4401 1931 4462 D
1959 4418 2065 4463 nec
2086 4404 2141 4461 te
2156 4405 2415 4463 vidimus
2433 4418 2539 4463 nec
2554 4405 2832 4463 minimos
2856 4405 3005 4464 tuos.
3033 4405 3194 4463 Tunc
3215 4405 3375 4464 dicet
3389 4408 3478 4465 Sa
3486 4408 3609 4465 lva-

203 4501 447 4557 Domino
468 4511 666 4556 omnes
686 4497 891 4570 angeli
913 4503 966 4553 et
982 4495 1359 4569 archangeli,
1385 4496 1526 4553 tunc
1544 4496 1851 4554 duodecim

199 4589 470 4661 apostoli.
482 4598 563 4644 An
575 4587 704 4642 ima.
719 4585 876 4652 Quid
872 4585 1266 4658 facientilli?
1281 4584 1552 4656 Angelus.
1570 4584 1679 4642 Illi
1690 4585 1851 4642 sede-

202 4678 345 4735 bunt
360 4692 542 4749 super
560 4676 729 4733 sedes
747 4674 1074 4746 duodecim,
1093 4675 1152 4731 et
1157 4673 1527 4746 judicabunt
1543 4672 1851 4731 duodeeim

201 4766 390 4824 tribus
413 4766 635 4824 Israel.
665 4764 885 4821 Anima.
921 4766 966 4821 0
988 4764 1221 4821 domine
1248 4764 1451 4821 sancte
1468 4761 1732 4821 Michael
1743 4763 1851 4835 pie

188 4856 381 4927 pater,
398 4855 554 4927 quid
548 4853 859 4928 faciemus
873 4854 1035 4910 tunc?
1046 4850 1339 4910 Dicmihi.
1350 4850 1625 4923 Angelus.
1638 4851 1850 4909 Omnia

199 4959 369 5017 opera
381 4943 578 5000 omnis
591 4942 761 5014 plebs
777 4941 1426 4999 habebitinmanusua.
1447 4940 1668 4996 Anima.
1690 4942 1734 4997 0
1751 4938 1850 4997 do-

198 5035 369 5103 mine,
392 5030 635 5106 quando
655 5030 1192 5088 venietSalvator?
1211 5028 1483 5099 Angelus.
1504 5028 1715 5086 Adhuc
1732 5042 1849 5086 non

197 5123 372 5179 venit.
401 5122 625 5177 Anima.
655 5119 967 5190 Odomine,
990 5119 1231 5190 quando
1250 5117 1466 5185 veniet,
1491 5116 1642 5189 quid
1646 5116 1849 5188 facie-

197 5226 318 5269 mus
332 5211 504 5268 tunc?
519 5207 797 5280 Angelus.
820 5208 981 5265 Tunc
992 5207 1441 5264 venietsanctus
1456 5206 1673 5263 Petrus
1676 5205 1852 5277 prin-

198 5299 735 5372 eepsapostolorum
747 5293 1505 5368 etdicet:0fratres,sedete
1515 5306 1851 5366 omnesgen-

200 5388 295 5448 tes.
311 5390 476 5447 Tunc
486 5386 953 5460 venietmagnus
962 5384 1141 5443 Jesus
1150 5380 1417 5443 salvator
1429 5382 1843 5456 etredemptor.

202 5478 417 5538 Anima.
437 5479 484 5538 0
498 5476 752 5547 domine,
765 5488 946 5551 quam
960 5488 1243 5547 magnam
1257 5472 1606 5549 angustiam
1625 5473 1848 5537 videbi-

1962 4494 2051 4550 tor
2063 4515 2083 4551 .-
2100 4493 2344 4560 Quando
2350 4493 2599 4566 fecistis
2609 4494 2719 4551 uni
2732 4492 2801 4550 de
2812 4492 3082 4552 minimis
3096 4494 3253 4566 istis,
3267 4494 3416 4552 mihi
3419 4495 3610 4567 fecis-

1960 4582 2040 4639 tis
2052 4581 2291 4653 (Matth.
2310 4597 2442 4652 xxv,
2460 4582 2569 4654 40).
2586 4582 2808 4639 Anima.
2829 4584 2874 4641 0
2887 4582 3141 4655 domine,
3154 4583 3307 4656 quid
3300 4584 3610 4657 faciemus

1958 4680 2131 4734 tunc?
2145 4673 2413 4746 Angelus.
2430 4674 2597 4733 Justi
2611 4674 2769 4746 bene,
2786 4674 3108 4747 benejusti.
3122 4676 3287 4733 Tunc
3301 4675 3576 4733 dicetren
3588 4695 3608 4731 .-

1968 4765 2189 4835 Venite,
2206 4762 2495 4823 benedicti
2502 4765 2711 4837 patris
2727 4765 2864 4836 mei,
2871 4764 3174 4836 possidete
3183 4778 3434 4835 regnum
3451 4764 3612 4834 quod

1954 4853 2124 4912 vobis
2146 4854 2373 4926 paravi
2410 4852 2486 4910 ab
2524 4853 2759 4926 origine
2795 4848 3007 4910 mundi
3047 4850 3286 4921 (Matth.
3325 4867 3455 4922 xxv,
3491 4852 3602 4923 34).

1963 4944 2127 5000 Tunc
2137 4942 2458 5013 eritqloria
2470 4956 2692 5014 magna
2704 4956 2881 5014 super
2892 4955 3002 5000 eos.
3023 4938 3247 4998 Anima.
3266 4940 3427 5007 Post,
3437 4939 3596 4997 domi

1955 5044 2048 5099 ne,
2064 5030 2462 5101 quidfacient
2474 5029 2572 5088 illi
2585 5030 2668 5087 ad
2675 5029 3296 5099 sinistram.Angelus.
3319 5030 3363 5086 0
3375 5027 3605 5100 anima,

1958 5132 2141 5179 cessa.
2177 5118 2398 5175 Anima.
2437 5120 2481 5177 0
2504 5119 2733 5177 domine
2754 5120 2958 5177 sancte
2986 5116 3273 5187 Michael,
3308 5117 3405 5174 dic
3428 5116 3601 5175 mihi.

1958 5206 2234 5277 Angelus.
2268 5208 2412 5266 Dico
2445 5207 2573 5266 tibi.
2608 5207 2795 5265 Ibunt
2812 5208 2877 5264 in
2904 5205 3270 5278 supplicium
3300 5205 3600 5262 aternum.

1958 5295 2180 5353 Anima.
2202 5297 2465 5355 Osancte
2480 5295 2763 5365 Michael,
2780 5294 2877 5352 dic
2887 5294 3038 5351 mihi
3050 5292 3152 5353 ubi
3165 5296 3433 5368 pergunt
3449 5293 3608 5352 illa?

1963 5385 2130 5453 Quod
2146 5386 2204 5444 si
2223 5383 2490 5444 eritillis
2508 5384 2673 5443 ultra
2702 5383 2919 5457 aliqua
2936 5384 3232 5444 remissio.
3261 5374 3517 5457 Angelus
3561 5381 3606 5440 0

1957 5476 2188 5548 animo,
2214 5473 2343 5535 dico
2366 5472 2495 5536 tibi.
2532 5472 2926 5546 Indulgentia
2952 5474 3067 5539 Dei
3083 5471 3526 5544 succuretillie,
3549 5471 3610 5531 et
