3950 6048
296 141 439 249 ρετ

1265 183 1554 246 HUGON
1559 184 1632 244 IS
1671 182 2026 244 ABBA’I‘IS
2067 181 2746 244 FLAVINIACENSIS

3587 183 3706 242 928

298 318 501 390 angeli
513 319 625 374 Dei
629 300 875 390 facient
895 298 1494 390 raptmis-uperillos.
1519 317 1726 374 Omnes
1745 315 1944 373 sancti
1972 319 2027 378 A
2059 314 2277 370 Anima.
2299 296 2602 384 Odomine,
2621 331 2742 388 qua
2753 315 2909 385 lesin
2913 314 3109 380 firmi?
3132 313 3400 384 Angelus.
3423 315 3706 380 Quisatis

299 407 670 464 intercedent
684 405 766 464 ad
784 407 971 463 Deum
988 421 1095 480 pro
1115 405 1268 464 illis.
1297 405 1514 462 Anima.
1553 407 1598 462 0
1617 405 1863 473 domine,
1889 404 1946 461 si

303 509 500 552 omnes
511 493 752 552 liberati
770 495 976 552 erunt?
999 493 1270 565 Angelus.
1296 495 1618 552 Possumus
1635 504 1948 551 succurere

2055 402 2397 461 eacusation
2407 417 2498 460 em
2515 417 2632 460 non
2653 403 2872 459 habent
2889 403 2958 459 de
2963 403 3232 474 peccatis
3249 401 3396 471 suis,
3425 402 3522 458 illi
3545 403 3706 458 sede-

2058 491 2205 549 bunt
2217 506 2394 564 super
2411 493 2677 550 rivulum
2706 492 2906 550 istum.
2945 492 3166 546 Anima.
3205 491 3250 546 0
3272 491 3518 556 domine,
3547 490 3708 560 quid

302 583 455 640 ille.
483 584 753 640 Paucum
764 583 866 641 est.
895 583 1114 639 Anima.
1144 583 1431 640 Odomine
1445 583 1648 641 sancte
1659 579 1944 654 Michael,
2041 581 2378 653 faciemus?
2399 580 2672 651 Angelus.
2709 582 2870 651 Veni,
2895 579 3201 638 ostendam
3222 578 3350 637 tibi.
3389 579 3549 635 Vide.
3577 577 3708 634 Ani-

309 671 406 729 dic
431 672 604 743 mihi,
637 675 744 743 qui
759 671 1006 746 facient
1025 671 1300 743 raptum?
1331 671 1605 742 Angelus.
1635 672 1782 728 Dico
1813 668 1943 727 tibi.

307 802 365 905 et
384 802 702 908 duodecim.
716 802 1232 922 apostolifaocient
1255 800 1519 922 raptum,
1543 803 1604 906 et
1619 801 1815 906 omnes
1836 801 1950 904 ἀη-

303 935 1564 1025 qeli.Anlma.0dominesancteMichael,.
1646 979 1657 992 .
1740 979 1753 991 .
1835 977 1848 991 .
1931 978 1944 991 .

312 1069 530 1170 Anima.
559 1068 610 1170 ό
621 1067 869 1185 inde,
883 1069 998 1186 qui
1019 1069 1391 1172 statim
1395 1067 1662 1187 fuerint,
1688 1065 1952 1185 iii-ini

307 1200 607 1258 cientiili?
630 1200 898 1272 Angelus.
929 1202 1349 1259 Certemalum.
1374 1203 1594 1259 Anima.
1619 1201 1946 1258 0domine..

309 1289 448 1346 tunc
465 1289 620 1361 quid
621 1290 762 1362 faci
767 1291 870 1347 ent
884 1289 988 1347 '9'?
1011 1291 1285 1362 Angelus.
1314 1292 1360 1348 0
1379 1291 1604 1360 anima,
1629 1303 1820 1362 quare
1837 1304 1954 1346 non

309 1379 536 1436 cessas?
569 1379 668 1435 Vis
685 1379 902 1436 audire
921 1381 1028 1450 qui
1035 1380 1075 1435 d
1077 1380 1354 1452 facient?
1373 1381 1551 1450 Deus,
1571 1381 1731 1436 Deus
1747 1378 1958 1436 reddet

308 1467 441 1524 illis
465 1468 788 1524 secundum
813 1481 992 1539 opera
1009 1482 1125 1525 sua
1144 1468 1598 1526 retributionem
1625 1469 1954 1538 Postquam

2057 685 2166 727 ma.
2195 671 2500 741 Odomine,
2525 670 2677 742 quid
2697 671 2942 728 est‘hoc?
2965 669 3237 740 Angelus.
3264 669 3408 726 Hae
3426 667 3573 724 sunt
3589 667 3708 724 tor-

2055 759 2256 817 menta
2270 777 2286 828 ;
2299 758 2386 816 ibi
2396 757 2566 817 sedcb
2574 759 2932 831 untimpuri.
2947 758 3112 816 utibi
3120 759 3260 830 peni
3267 757 3612 831 teants-uper
3621 758 3708 814 ri-

2056 848 2652 920 vulumistumusque
2663 849 2730 905 in
2741 847 3133 919 diemjudicii
3145 848 3274 906 Dei.
3304 848 3524 904 Anima.
3552 848 3710 904 0do~

2056 939 2236 1007 mine,
2267 951 2492 1020 magna
2519 937 2665 996 sunt
2688 937 2812 996 ista
2843 937 3149 994 tormenta.
3200 936 3356 1003 Quid
3363 937 3708 1010 faciemus?

2061 1027 2334 1096 Angelus.
2392 1026 2554 1098 Veni,
2597 1026 2902 1086 ostendam
2941 1025 3070 1084 tibi.
3111 1027 3376 1098 Sequere
3412 1039 3518 1082 me.
3565 1025 3710 1082 Vide

2058 1114 2256 1186 ignem
2274 1129 2576 1186 magnum.
2607 1114 2828 1171 Anima.
2850 1114 3160 1184 Odomine,
3185 1115 3324 1184 quis
3336 1113 3571 1172 estille?
3597 1115 3712 1168 Au-

2059 1201 2246 1272 gelus.
2277 1203 2670 1268 VideJudam,
2687 1205 2795 1275 qui
2811 1203 3286 1262 tradiditDeum.
3305 1201 3501 1257 Anima
3514 1243 3528 1256 .
3545 1201 3711 1257 0Ju-

2063 1291 2160 1362 da,
2175 1305 2366 1362 quare
2375 1291 2706 1360 vendidisti
2717 1306 2928 1365 corpus
2939 1292 2999 1349 et
3007 1292 3358 1364 sanguinem
3371 1289 3598 1346 domini
3611 1303 3712 1345 no-

2060 1379 2176 1438 stri
2195 1381 2342 1437 Jesu
2367 1379 2632 1437 Christi?
2653 1381 2850 1447 Quare
2861 1379 3178 1438 tradidisti
3191 1379 3492 1436 dominum
3507 1379 3671 1435 tuum
3687 1378 3712 1431 ?

2068 1467 2264 1533 Quare
2267 1469 2488 1548 fecisti
2506 1469 2646 1526 hoc?
2674 1468 2949 1538 Angelus.
2982 1469 3183 1525 Multa
3199 1468 3367 1525 mala
3372 1467 3550 1540 fecit,
3567 1480 3712 1538 pro-

262 1555 276 1570 '
315 1555 472 1614 dicet
491 1556 578 1614 eis
599 1554 668 1590 ³³⁸
695 1575 706 1610 :
731 1556 1032 1614 Discedite
1049 1557 1358 1614 maledicti
1373 1558 1440 1616 in
1459 1570 1652 1630 Ignem
1672 1557 1954 1614 aternum
1981 1619 2032 1630 ﬁ
2057 1557 2264 1628 pterea
2286 1557 2537 1628 recipiet
2561 1555 2764 1615 omnia
2791 1557 2974 1614 mala.
3027 1557 3200 1616 Vides
3231 1556 3379 1614 istos
3407 1555 3714 1612 homines?

312 1643 553 1714 (Matth.
571 1659 699 1715 xxv,
715 1645 828 1716 41),
850 1645 1082 1702 reddite
1093 1659 1269 1720 opera
1280 1619 1728 1718 vestra'anqelis
1740 1643 1954 1703 vestris
1981 1619 2036 1684 Β
2057 1619 2182 1703 .Ille
2187 1645 2330 1718 fuit
2347 1619 2529 1712 dives,
2549 1645 2717 1702 modo
2739 1647 2831 1703 est
2843 1659 3095 1716 pauper.
3123 1645 3344 1701 Anima.
3385 1646 3430 1702 0
3451 1643 3709 1712 domine,

309 1731 528 1805 quibus
539 1734 877 1790 servivistis
888 1742 910 1790 !
922 1748 1040 1791 non
1061 1735 1353 1792 eritultra
1367 1734 1496 1792 ulla
1513 1733 1949 1792 misericordia.

315 1819 408 1876 Ibi
437 1819 560 1876 erit
584 1819 852 1878 luctuosa
878 1821 938 1878 et
955 1821 1260 1880 tenebrosa
1287 1824 1534 1880 mansio.
1575 1823 1737 1880 Tunc
1763 1821 1960 1879 veniet

310 1908 616 1966 Salvator.
654 1909 874 1965 Anima.
914 1911 959 1968 0
985 1910 1234 1982 domine,
1274 1911 1426 1983 quid
1451 1910 1659 1984 faciet
1682 1911 1956 1969 dominus

311 1997 494 2054 Deus?
509 1997 780 2068 Angelus.
802 1999 847 2054 0
858 1999 1084 2070 anima,
1099 2013 1290 2070 quare
1299 2015 1416 2057 non
1427 2001 1647 2058 cessas?
1661 1997 1948 2056 Animam.

317 2087 361 2142 0
385 2083 636 2156 domine,
661 2087 759 2144 dic
775 2087 948 2157 mihi,
982 2088 1136 2159 quid
1148 2088 1456 2160 faciemus
1483 2088 1653 2146 tunc?
1675 2087 1951 2158 Angelus.

315 2174 455 2230 Dico
471 2172 601 2231 tibi.
632 2175 790 2232 Tunc
813 2174 972 2232 dicet
985 2176 1302 2234 Salvator:
1334 2177 1532 2234 Venite
1553 2176 1635 2234 ad
1651 2190 1742 2234 me
1761 2189 1956 2237 omnes

307 2261 416 2332 qui
451 2259 742 2319 laboratis
772 2262 834 2318 et
857 2263 1089 2320 onerati
1130 2263 1291 2334 estis,
1327 2264 1386 2321 et
1408 2278 1511 2338 ego
1540 2265 1810 2338 reficiam
1855 2276 1956 2321 vos

308 2347 548 2419 (Matth.
569 2364 649 2414 XI,
664 2350 778 2420 28).
814 2350 920 2408 Vos
941 2351 1299 2424 quisequuti
1317 2353 1460 2410 estis
1469 2367 1560 2409 me
1569 2351 1850 2410 sedebitis
1860 2365 1959 2409 su-

303 2448 410 2506 per
436 2436 605 2494 sedes
638 2435 986 2508 [duodecim,
1019 2438 1392 2511 judicantes]
1427 2439 1734 2497 duodecim
1763 2437 1956 2496 tribus

184 2597 190 2604 _
307 2525 510 2583 Israel
520 2524 758 2591 (Matth.
777 2541 890 2597 xxx,
908 2528 1016 2595 28).
1043 2528 1217 2584 Modo
1228 2529 1422 2586 venite
1437 2529 1520 2586 ad
1527 2541 1652 2598 me;
1667 2542 1769 2601 eqo
1783 2528 1853 2585 do
1864 2541 1957 2584 vo-

309 2612 643 2684 bisqaudia
657 2615 898 2684 aeterna,
915 2617 983 2673 in
994 2615 1212 2686 quibus
1209 2616 1892 2689 permanebitis.Anima.
1913 2616 1958 2672 0

310 2701 558 2772 domine,
584 2701 1002 2773 quidfacient,
1028 2704 1321 2774 quiillam
1339 2719 1532 2762 vocem
1552 2703 1829 2762 audiunt.
1849 2705 1957 2760 An-

307 2788 492 2859 gelus.
520 2789 666 2846 Dico
688 2788 818 2847 tibi.
845 2789 1212 2848 Letabuntur
1229 2791 1361 2850 sine
1367 2794 1514 2864 ﬁne,
1544 2792 1764 2849 Anima.
1795 2794 1840 2849 0
1862 2792 1957 2849 do-

305 2877 468 2934 mine
477 2876 680 2935 sancte
697 2875 981 2950 Michael,
1007 2879 1474 2952 quidfaciemus
1492 2882 1650 2938 tunc.
1681 2880 1950 2952 Angelus.

2065 1734 2216 1806 quid
2223 1732 2293 1766 ³⁸⁸
2309 1732 2518 1804 faciet,
2543 1733 2786 1792 habebit
2799 1735 3204 1792 remissionem
3225 1733 3296 1790 de
3303 1733 3548 1804 peccato
3569 1733 3715 1790 suo?

2065 1821 2338 1893 Angelus.
2365 1823 2498 1880 Non
2516 1823 2641 1883 nisi
2661 1824 2727 1880 in
2744 1823 2982 1894 judicio
2999 1841 3014 1888 ;
3047 1824 3186 1880 tunc
3206 1821 3587 1881 dimittentur
3607 1821 3716 1878 illi

2063 1909 2264 1966 omnia
2285 1909 2537 1984 peccata
2563 1922 2694 1966 sua.
2734 1909 2954 1966 Anima.
2989 1909 3035 1966 0
3064 1909 3314 1980 domine,
3349 1909 3500 1980 quid
3511 1909 3718 1982 facie-

2063 1997 2229 2054 nus?
2259 1996 2534 2068 Angelus.
2569 1998 2716 2054 Dico
2747 1997 2876 2056 tibi.
2918 1997 3148 2055 Eamus
3175 1998 3246 2054 de
3273 1998 3389 2055 isto
3410 1998 3708 2068 periculo.

2061 2086 2326 2156 Sequere
2351 2099 2456 2142 me.
2493 2085 2665 2142 Modo
2686 2085 2993 2142 ostendam
3017 2085 3128 2143 tibi
3146 2099 3369 2157 magna
3387 2083 3714 2142 mirabilia

2062 2187 2196 2247 qua
2233 2174 2432 2231 adhuc
2467 2188 2582 2232 non
2617 2173 2848 2232 vidisti.
2904 2173 3063 2230 Vide.
3107 2173 3324 2228 Anima.
3372 2175 3416 2230 0
3454 2173 3710 2241 domine,

2065 2261 2216 2333 quid
2235 2262 2480 2319 esthoc?
2509 2261 2783 2334 Angelus.
2816 2262 3110 2334 Infernus
3137 2261 3479 2334 malignus;
3506 2260 3594 2319 ibi
3625 2275 3716 2318 se-

2065 2350 2208 2408 .lent
2232 2350 2519 2421 adulteri,
2534 2350 2795 2432 periuri,
2815 2351 2982 2424 falsi
3003 2351 3278 2424 episcopi,
3312 2351 3462 2409 'alsi
3477 2349 3718 2422 presbi-

2065 2437 2198 2508 teri,
2206 2439 2373 2514 falsi
2392 2439 2686 2510 monachi,
2703 2439 2792 2498 ibi
2807 2437 3092 2497 sedebunt
3104 2453 3293 2512 usque
3307 2439 3390 2496 ad
3395 2439 3712 2510 judicium

2064 2527 2188 2584 Dei.
2223 2527 2442 2584 Anima.
2473 2529 2518 2586 0
2536 2528 2739 2586 sancte
2767 2528 3053 2598 Michael,
3079 2527 3229 2600 quid
3241 2528 3576 2600 faciemus?
3596 2529 3713 2582 An-

2063 2615 2248 2686 gelus.
2288 2617 2552 2688 Sequere
2589 2629 2697 2672 me.
2750 2615 2957 2673 Adhuc
3003 2615 3309 2674 ostendam
3349 2615 3463 2674 tibi
3500 2617 3708 2672 omnia

2062 2704 2246 2760 mala.
2274 2703 2495 2760 Anima.
2524 2705 2570 2760 0
2591 2701 2844 2774 domine,
2871 2717 2988 2774 que
3009 2703 3182 2761 sunt?
3205 2702 3476 2772 Angelus.
3499 2702 3715 2760 Adhuc

2061 2790 2417 2849 monstrabo.
2452 2790 2623 2848 Vides
2642 2791 2906 2862 quantas
2923 2793 3195 2850 animas?
3217 2791 3513 2848 Anima.'0
3526 2791 3716 2848 domi-

2063 2893 2158 2950 ne,
2207 2881 2364 2938 unde
2397 2881 2717 2938 venerunt?
2757 2879 3030 2950 Angelus.
3073 2882 3202 2938 Hoc
3241 2881 3332 2937 est
3365 2881 3489 2937 tota
3527 2886 3710 2938 terra.

311 2966 356 3023 0
377 2965 602 3036 anima,
627 2979 942 3038 quarenon
953 2971 1183 3026 cessas?
1207 2970 1426 3026 Anima.
1449 2971 1492 3028 0
1511 2969 1744 3027 domine
1754 2969 1958 3028 sancte
1986 2971 2036 3036 ί]
2063 2967 2276 3026 Adhuc
2287 2981 2401 3024 non
2413 2969 2502 3025 est
2514 2968 2772 3039 plenum,
2794 2967 2992 3025 adhuc
3007 2981 3122 3025 non
3139 2969 3508 3026 suntomnes.
3541 2967 3719 3024 Vides

307 3053 590 3126 Michael,
607 3054 806 3113 adhuc
826 3054 922 3114 die
934 3057 1101 3114 mihi.
1120 3057 1393 3132 Angelus.
1409 3059 1676 3130 Sequere
1689 3072 1796 3116 me.
1825 3057 1958 3114 Ani-

309 3155 419 3199 ma.
447 3144 494 3200 0
512 3141 716 3201 sancte
735 3142 1018 3218 Michael,
1043 3144 1147 3202 ubi
1170 3145 1341 3202 debeo
1361 3148 1534 3220 sequi
1557 3146 1646 3204 te?
1677 3145 1951 3218 Angelus.

307 3231 436 3303 Ego
458 3231 587 3289 dico
607 3231 734 3289 tibi.
769 3232 981 3290 Adhuc
999 3234 1238 3292 ostendo
1262 3233 1374 3292 tibi
1393 3249 1617 3311 magna
1640 3235 1808 3308 bona,
1831 3249 1959 3293 ma-

303 3334 492 3392 gnum
499 3320 881 3392 paradisum.
914 3321 1072 3378 Vide.
1092 3323 1311 3380 Anima.
1339 3326 1384 3381 0
1403 3324 1606 3384 sancte
1625 3324 1910 3395 Michael,
1925 3339 1958 3386 0

313 3406 565 3478 domine,
589 3421 773 3480 quam
781 3409 1003 3482 pulcra
1023 3411 1114 3468 est
1129 3411 1252 3469 ista
1270 3413 1536 3471 mansio!
1573 3413 1730 3480 Quid
1748 3413 1856 3472 hoc
1874 3412 1963 3470 est

316 3495 582 3553 domine?
603 3495 874 3568 Angelus.
899 3498 1034 3555 Non
1048 3498 1177 3557 dico
1191 3499 1302 3560 tibi
1315 3501 1518 3570 modo;
1536 3501 1642 3558 sed
1658 3501 1796 3558 vide
1814 3501 1962 3558 alte-

2064 3057 2244 3113 illum
2252 3069 2540 3128 magnum
2550 3057 2656 3128 qui
2671 3056 2760 3114 est
2771 3055 2999 3127 ligatus
3011 3055 3271 3114 catenis?
3286 3055 3503 3111 Anima.
3523 3055 3715 3110 Domi

2063 3157 2156 3214 ne,
2169 3143 2356 3202 video.
2376 3143 2648 3214 Angelus.
2665 3143 2781 3201 Ille
2793 3158 3044 3216 magnus
3049 3145 3190 3216 fuit
3208 3144 3286 3202 C'o
3294 3143 3576 3202 loniensis
3589 3143 3718 3215 epi-

2063 3241 2272 3305 scOpus
2296 3231 2430 3305 (94).
2465 3233 2684 3289 Anima.
2723 3233 3038 3304 Odomine,
3072 3234 3214 3306 quis
3237 3233 3398 3300 fuit?
3435 3231 3720 3302 Angelus.
3777 3279 3791 3287 .

2065 3321 2286 3379 Pastor
2289 3321 2448 3395 fuit,
2471 3336 2588 3378 non
2589 3321 2735 3396 fuit
2734 3322 2966 3394 pastor,
2985 3321 3091 3379 sed
3114 3322 3596 3389 mercennarius;
3613 3322 3727 3378 ille

2071 3409 2407 3484 lupus/uit.
2431 3411 2650 3466 Anima.
2679 3412 2724 3468 0
2741 3410 2993 3480 domine,
3013 3409 3528 3478 misericordiam;
3550 3409 3724 3466 habe-

2069 3497 2158 3554 bit
2191 3498 2664 3572 indulgentiam?
2706 3498 2978 3568 Angelus.
3020 3499 3171 3556 Non.
3214 3498 3475 3570 Magnus
3508 3497 3722 3570 pastor

316 3585 698 3643 rum.Anima.
722 3585 1554 3663 Video,dmnine,quiapulcra
1566 3589 1960 3654 estistaman-
2049 3587 2210 3658 fuit,
2241 3587 2344 3645 sed
2369 3600 2486 3644 non
2509 3586 2834 3644 custodivit
2853 3586 3148 3658 praecepta
3178 3587 3444 3644 Domini.
3483 3586 3712 3642 Anima.

322 3673 434 3743 sio,
447 3675 598 3746 quia
609 3674 864 3750 pulcher
863 3677 1216 3747 paradisus.
1233 3679 1530 3750 Dicmihi,
1545 3679 1795 3751 domine,
1810 3677 1963 3754 quid

323 3761 546 3819 esthoc.
567 3761 838 3832 Angelus.
857 3763 984 3820 Hoc
1003 3764 1094 3822 est
1107 3765 1820 3840 refrigeriumjustarnm
1831 3765 1962 3822 ani-

322 3863 576 3907 marum.
597 3851 866 3908 Tercium
877 3865 995 3908 non
1005 3854 1402 3926 potesvidere.
1429 3854 1648 3911 Anima.
1677 3854 1964 3913 Odominc

321 3938 817 4012 sancteMichael,
837 3940 1334 4000 misericordiam.
1361 3943 1633 4015 Angelus.
1659 3943 1805 4001 Dico
1827 3941 1961 4014 tibi,

317 4041 434 4085 non
446 4025 678 4086 videbis
701 4027 968 4102 tercium,
983 4029 1157 4090 donec
1166 4031 1370 4091 veniat
1385 4030 1751 4105 diesjudicii
1766 4030 1960 4088 Domi-

315 4117 401 4175 ni.
425 4115 649 4174 Anima.
669 4117 976 4190 Odomine,
992 4119 1490 4194 quid/aciemus?
1503 4118 1776 4194 Angelus.
1790 4118 1962 4179 Modo

309 4205 540 4264 ibimus
552 4207 635 4264 ad
653 4207 986 4281 infernum.
1013 4209 1236 4268 Anima.
1265 4209 1568 4282 Odomine,
1593 4209 1746 4282 quid
1761 4208 1849 4266 ibi
1853 4209 1964 4282 fa-

2071 3677 2116 3733 0
2136 3677 2404 3747 Domine,
2430 3675 2584 3748 quid
2595 3677 2936 3750 faciemus?
2965 3677 3236 3749 Angelus.
3267 3679 3529 3746 Eamus;
3546 3679 3719 3734 modo

2067 3764 2373 3822 ostendam
2390 3762 2535 3832 tibi;
2554 3777 2800 3837 sequere
2816 3779 2925 3823 me.
2950 3765 3122 3823 Modo
3143 3765 3249 3823 sed
3254 3779 3297 3836 θ,
3315 3767 3540 3832 anima,
3556 3766 3712 3824 sede.

2071 3853 2292 3909 Anima.
2321 3853 2366 3910 0
2385 3853 2636 3923 domine,
2663 3867 2855 3926 quare
2869 3868 2984 3914 non
3005 3853 3266 3912 dimittis
3285 3855 3412 3911 me?
3435 3853 3713 3924 Angelus.

2069 3942 2280 4000 Adhuc
2304 3942 2498 4000 multa
2525 3942 2829 4000 miracula
2855 3942 3264 4000 demonstrabo
3295 3941 3425 4000 tibi.
3451 3944 3722 4014 Sequere

2068 4043 2178 4088 me.
2215 4030 2375 4088 Vide.
2402 4032 2623 4086 Anima.
2655 4033 2698 4087 0
2719 4031 2972 4102 domine,
2995 4031 3150 4106 quid
3168 4031 3414 4090 esthoc?
3441 4030 3719 4101 Angelus.

2069 4119 2200 4177 Hoc
2216 4125 2354 4176 sunt
2367 4119 2476 4192 qui
2491 4119 2693 4176 omnia
2711 4117 2862 4178 bona
2881 4119 3320 4192 laboraverunt,
3336 4120 3610 4178 etsedent
3623 4118 3726 4176 hic

2071 4221 2262 4282 usque
2295 4208 2375 4265 ad
2391 4209 2701 4282 judicium
2739 4209 2870 4267 Dei.
2919 4209 3136 4266 Anima.
3171 4211 3216 4266 0
3242 4209 3497 4280 domine,
3531 4223 3727 4281 quare

549 4295 862 4394 lAngclus.
879 4297 1329 4394 ‘0stendamtibi
1343 4298 1900 4394 tormenta.Anime._
1989 4327 2044 4394 Β
2071 4309 2190 4394 non
2217 4296 2449 4394 vadunt
2465 4299 2802 4394 in‘reqnum
2830 4298 2977 4394 Dei?
3007 4297 3282 4394 Angelus.
3316 4299 3556 4394 Anima,
3579 4299 3726 4394 dico

317 4382 568 4453 domine,
584 4397 656 4440 ne
673 4385 1089 4456 permittasme
1098 4386 1351 4448 intrare.
1369 4385 1640 4458 Angelus.
1657 4386 1804 4444 Dice
1825 4385 1957 4458 tibi,

313 4483 432 4528 non
445 4476 530 4528 est
542 4471 708 4528 homo
719 4474 788 4530 in
801 4474 984 4546 terra,
996 4475 1106 4551 qui
1116 4489 1234 4532 non
1244 4475 1678 4534 debeatvidere.
1697 4475 1962 4547 Sequere

312 4572 420 4616 me.
453 4560 612 4618 Vide.
643 4561 863 4618 Anima.
892 4564 1197 4637 Odomine,
1221 4565 1654 4636 quidsuntha?
1673 4564 1950 4636 Angelus.

317 4649 662 4708 Mansiones
682 4649 786 4709 ubi
807 4650 1092 4711 habitant
1107 4653 1354 4712 diaboli.
1381 4653 1600 4714 Anima.
1639 4656 1684 4712 0
1706 4653 1956 4724 domine,

316 4739 469 4812 quid
477 4738 818 4814 faciemus?
847 4742 1119 4814 Angelus.
1151 4744 1418 4816 Sequere
1435 4757 1543 4802 me.
1567 4743 1742 4801 Modo
1769 4741 1961 4801 venie-

310 4843 443 4886 mus
455 4829 830 4902 admaqnam
845 4831 1136 4904 etfortem
1147 4847 1388 4908 aquam.
1406 4833 1627 4893 Anima.
1648 4831 1693 4892 0
1705 4831 1954 4904 domine,

312 4930 503 4987 quare
517 4933 635 4978 non
656 4919 917 4980 dimittis
945 4922 1070 4978 me?
1101 4922 1373 5000 Angelus.
1419 4921 1560 4980 Veni
1581 4921 1640 4979 et
1655 4921 1960 4980 ostendam

315 5003 445 5062 tibi.
483 5007 636 5064 Vide.
662 5009 885 5068 Anima.
913 5011 958 5068 0
980 5010 1229 5084 domine,
1251 5011 1404 5084 quid
1411 5011 1671 5084 faciunt
1685 5009 1818 5068 hic?
1849 5013 1959 5067 An-

323 5091 490 5163 gelus
547 5094 644 5153 lbi
672 5097 958 5160 sedebunt
981 5101 1215 5174 infirmi
1241 5113 1431 5172 usque
1455 5100 1525 5162 in
1553 5099 1710 5162 diem
1723 5099 1960 5174 judicii

2072 4385 2202 4444 tibi.
2217 4386 2442 4445 Nullus
2457 4385 2721 4444 intrabit
2730 4399 2920 4459 usque
2936 4387 3002 4445 in
3006 4387 3313 4460 judicium
3330 4388 3460 4445 Dei.
3488 4388 3727 4445 Animae

2073 4475 2380 4546 Odomine,
2393 4475 2545 4548 quid
2551 4475 2888 4546 faciemus?
2908 4477 3182 4547 Angelus.
3203 4476 3374 4534 Sede.
3405 4477 3506 4535 Vis
3521 4477 3724 4534 adhuc

2068 4565 2266 4624 dicam
2293 4563 2435 4622 tibi?
2457 4565 2676 4625 Anima.
2715 4565 2866 4622 Volo.
2897 4564 3175 4637 Angelus.
3204 4565 3350 4624 Dico
3375 4565 3506 4624 tibi.
3534 4565 3725 4624 Multi

2069 4651 2332 4712 homines
2358 4652 2500 4712 sunt
2522 4653 2591 4709 in
2619 4654 2904 4710 mundum
2922 4653 3012 4724 ὀθ,
3039 4654 3148 4726 qui
3171 4653 3277 4711 hoc
3297 4668 3415 4711 non
3434 4652 3724 4710 viderunt

2066 4743 2227 4820 quod
2255 4741 2320 4802 tu
2345 4741 2530 4800 vides.
2584 4743 2806 4801 Anima.
2845 4743 2889 4800 0
2918 4740 3170 4811 domine,
3220 4742 3408 4813 quid?
3441 4742 3720 4813 Angelus.

2066 4833 2213 4894 Dico
2227 4830 2358 4889 tibi.
2373 4829 2558 4890 Multi
2571 4829 2835 4889 homines
2847 4831 3126 4902 sunt.qui
3139 4846 3256 4888 non
3272 4829 3730 4904 videruntquod

2070 4920 2134 4979 tu
2145 4921 2328 4979 vides.
2346 4919 2566 4978 Anima.
2587 4921 2632 4977 0
2655 4919 2908 4990 domine,
2926 4919 3264 4977 dimitteme
3290 4919 3383 4976 ire
3401 4919 3485 4976 ad
3479 4920 3729 4993 fratres

2066 5023 2221 5069 meos
2241 5008 2300 5068 et
2317 5009 2515 5067 dicam
2541 5008 2674 5066 illis
2699 5009 2905 5066 omnia
2941 5023 3074 5080 qua
3093 5007 3243 5066 vidi.
3279 5008 3552 5078 Angelus.
3596 5010 3732 5068 Non

2069 5099 2214 5158 .nisi
2233 5098 2508 5164 dominus
2524 5097 2815 5156 Salvator
2825 5097 3098 5157 voluerit.
3115 5100 3262 5157 Dico
3291 5096 3428 5167 tibi;
3452 5097 3613 5156 sicut
3641 5099 3728 5156 leo

1671 5203 1909 5262 VARIE
1946 5204 2350 5264 LECTIONES.

382 5294 454 5332 ’σε
478 5309 604 5363 νοω,
624 5300 885 5367 manu”.
960 5300 1031 5337 ’σε
1056 5316 1173 5368 νοω
1199 5304 1442 5370 evasisti.
1513 5301 1585 5342 ³⁸⁷
1611 5305 1730 5371 νοω
1755 5302 1934 5364 deest.
2010 5301 2082 5337 ’⁹⁸
2107 5302 2203 5364 ita
2227 5317 2274 5366 θ.
2351 5301 2422 5340 ³³⁸
2447 5297 2523 5380 qd
2553 5317 2586 5364 6

1901 5400 2131 5466 NOTE.

386 5465 500 5544 (94)
549 5468 905 5546 Evorgerum
937 5470 1182 5534 innuero
1209 5469 1462 5534 videtur.
