3950 6048
329 169 340 179 '
363 187 475 255 εει

1325 182 1695 253 HUGONIB
1735 172 2089 248 ABBATIS
2129 175 2813 246 FLAVINIACENBIS

3649 174 3770 239 282

368 320 558 394 spatio
582 318 831 390 contigit
848 317 1188 376 inﬂrmassc.
1218 317 1326 385 Qui
1345 318 1520 375 nimio
1566 317 2007 389 ingravescente
2035 321 2092 381 Α
2122 313 2188 371 ti.
2215 313 2374 370 Deus
2404 325 2508 384 ego
2533 324 2682 370 smn.
2707 310 2851 369 Scio
2872 308 3029 366 enim
3057 307 3257 364 omnia
3272 318 3404 394 qua
3404 304 3643 379 fecisti,
3668 318 3776 362 nec

366 408 667 480 languoris
687 408 775 465 sui
791 406 994 464 dolore
1018 408 1088 464 ad
1111 407 1303 479 ipsum
1322 407 1707 464 Kalendarum
1722 407 2010 475 Augusta-

366 513 492 554 rum
519 496 686 568 (Aug.
708 499 759 568 1)
783 496 882 567 qui
899 510 1002 568 pro
1020 494 1272 551 vinculis
1297 494 1622 552 beatiPetri
1645 490 2008 549 venerationi

367 587 617 643 debetur
653 583 1012 642 evocationis
1042 598 1163 639 suae
1196 584 1516 655 perductus
1548 586 1638 639 est
1680 580 1852 650 diem,
1878 593 2009 637 cum

369 672 763 745 praesentibus
787 672 1067 728 fratribus
1087 671 1297 727 mentis
1311 685 1559 726 excessu
1581 675 1804 740 raptus,
1826 681 2013 724 emor-

370 769 473 819 tuo
497 761 732 834 penitus
744 760 925 817 exivit
948 773 976 815 e
1000 774 1264 830 corpore,
1290 758 1532 829 locaque
1554 758 1820 815 revisens
1839 756 2013 813 infer-

372 850 429 906 ni
455 849 596 906 vidit
622 848 798 906 multa
824 864 951 920 quae
975 848 1143 904 nobis
1171 861 1364 903 coram
1394 847 1652 902 testibus
1674 845 1886 917 positis
1910 859 2013 915 pro

372 938 623 995 veritate
648 937 1060 1007 confirmando,
1087 934 1208 992 sola
1225 935 1466 991 absente
1484 934 1697 1006 spiritu
1722 933 2014 990 referebat

377 1026 595 1097 lingua,
619 1031 679 1083 et
702 1024 1064 1093 postmodum
1090 1027 1328 1096 peracto
1353 1022 1525 1094 pleno
1542 1023 1720 1079 trium
1742 1021 2013 1077 horarum

376 1114 575 1185 spacio
597 1114 650 1169 in
683 1128 744 1170 se
785 1127 1077 1183 reversus,
1112 1112 1308 1169 verius
1339 1111 1423 1168 sic
1467 1111 1847 1167 confirmabat
1892 1108 2015 1166 visa

376 1216 652 1273 praesens,
670 1204 731 1257 ut
746 1200 869 1257 haec
889 1215 1059 1271 quam
1078 1214 1147 1257 eo
1169 1200 1295 1272 ipso
1311 1203 1464 1255 teste
1480 1198 1660 1254 inscio
1676 1197 2021 1270 praenotavi-

375 1305 503 1346 mus
525 1288 925 1347 subtitulabit‘
946 1287 1239 1360 paginula.
1267 1286 1601 1356 Egredienti
1624 1286 1829 1342 animai
1855 1283 2016 1341 mis‘si

374 1394 444 1435 ex
467 1377 652 1435 officio
676 1378 1053 1433 tenebrarum
1081 1375 1373 1447 principes
1394 1375 1662 1444 extitere,
1715 1373 2019 1446 paratique

374 1465 723 1535 conducere,
759 1464 906 1536 ipsis
943 1463 1328 1520 infernalibus
1359 1463 1636 1520 claustris
1655 1462 1816 1519 dicto
1844 1461 2021 1519 citius

375 1555 615 1626 aﬂ‘uere,
647 1553 816 1623 cujus
836 1567 970 1609 mox
995 1552 1249 1609 debitam
1275 1566 1552 1624 penarum
1575 1566 1810 1608 causam
1831 1549 2022 1607 acturi

376 1642 830 1699 introduxerunt
854 1640 910 1697 in
943 1639 1193 1711 domum,
1230 1656 1378 1711 quae,
1405 1640 1560 1697 sicut
1588 1654 1660 1696 ex
1681 1639 1855 1696 nimia
1887 1637 2025 1695 eali-
2052 1670 2104 1729 B

376 1731 531 1800 ginis
552 1735 610 1787 et
637 1729 876 1786 fetentis
897 1730 1037 1785 fumi
1053 1730 1345 1787 densitate
1362 1728 1700 1801 expressius
1713 1726 1905 1798 colligi
1926 1742 2025 1798 po-

332 1843 343 1853 ~
377 1820 510 1889 tuit,
532 1822 708 1875 tantae
729 1817 1144 1888 magnitudinis
1168 1818 1443 1874 immensa
1462 1817 1673 1874 civitas
1693 1817 1818 1875 fuit.
1842 1817 2025 1888 Hujus

378 1907 633 1980 parietes
655 1910 713 1963 ct
739 1906 965 1962 interna
990 1906 1234 1962 munitio
1252 1906 1407 1963 velut
1433 1906 1616 1963 muris
1634 1909 1924 1976 extructa,
1945 1905 2028 1960 in-

380 1997 565 2053 terius
597 1995 854 2067 undique
877 1994 1096 2051 litteris
1110 1994 1422 2052 videbatur
1445 1994 1696 2067 depicta,
1724 1994 2028 2051 continens

378 2101 406 2141 a
433 2084 720 2158 principio
741 2084 926 2141 totius
950 2083 1147 2141 mundi
1163 2090 1422 2154 peccata,
1449 2083 1557 2139 nisi
1579 2097 1708 2154 quae
1730 2096 1871 2154 pura
1894 2097 2028 2138 con-

378 2174 633 2231 fessione
656 2178 716 2229 et
750 2172 1073 2245 penitentia
1122 2176 1256 2230 sunt
1311 2172 1576 2242 remissa,
1610 2172 1853 2243 quedam
1886 2185 2026 2228 vero

378 2262 654 2325 conculca
667 2267 742 2331 ta,
778 2266 840 2318 ut
861 2260 1175 2332 iterantur,
1207 2260 1394 2318 adhuc
1419 2260 1736 2317 viventium
1757 2259 2026 2315 servabat

379 2350 736 2408 memoriam.
767 2352 886 2406 lluc
919 2349 1232 2407 deductam
1247 2350 1495 2405 animam
1510 2347 1777 2405 diabolus
1799 2353 2024 2419 tenens,

380 2438 535 2499 illam
556 2437 824 2495 horribili
847 2438 1020 2494 nimis
1045 2438 1300 2510 impulsu
1325 2437 1738 2510 cepitagitare,
1757 2437 2026 2507 tondere,

378 2527 741 2599 gravissimis
757 2526 1054 2597 virgarum
1079 2526 1266 2598 plagis
1286 2526 1580 2596 insistere,
1605 2529 1663 2581 et
1689 2530 1903 2598 praeter
1925 2524 2031 2580 hec

381 2616 711 2688 appositum
737 2616 888 2685 ignis
913 2618 1265 2672 tormentum
1283 2614 1691 2684 comminitari,
1710 2628 1846 2670 suas
1859 2612 2031 2669 etiam

2119 400 2251 458 ulla
2260 401 2495 473 peccati
2508 398 2878 472 negligentia
2890 394 3088 455 evenit
3080 393 3398 468 fratribus
3411 394 3532 452 tuis
3545 395 3775 450 cuinon

2118 488 2428 559 intersim;
2444 502 2537 545 me
2565 488 2785 555 adora;
2816 485 3001 544 habeo
3019 482 3322 557 siquidem
3350 483 3405 539 te
3433 483 3501 540 in
3517 495 3652 538 mea
3670 497 3773 554 po-

2122 577 2421 647 testate,et
2434 575 2830 648 defratribus
2853 575 2976 633 tuis
2994 587 3198 631 unum.
3221 573 3394 629 Hem!
3409 572 3566 629 Num
3579 570 3775 629 meibi

2123 666 2346 723 dadum
2364 663 2709 733 cidisti,ubi
2730 664 2879 736 quia
2892 663 2951 720 et
2966 663 3037 720 in
3043 661 3334 734 potestate
3345 675 3476 717 mea
3497 674 3634 718 eras
3648 659 3779 716 hor-

2118 768 2257 812 rens
2283 752 2676 825 prasensisti,
2702 753 2761 809 et
2781 752 3047 825 fratrem
3076 750 3242 808 tuum
3254 763 3370 822 per
3397 748 3778 806 subitaneam

2121 844 2365 900 mortem
2392 843 2464 898 ut
2488 856 2621 899 eum
2646 840 2801 898 mihi
2815 841 3063 912 perdere
3085 838 3349 896 deberem
3367 838 3664 911 sufocare
3685 838 3779 895 de-

2125 931 2262 990 bui?
2299 933 2385 988 Tu
2432 931 2615 988 etiam
2646 930 2751 986 hec
2774 929 3012 1002 fecisti,
3047 941 3179 999 quae
3206 929 3273 985 in
3308 927 3541 1000 pariete
3560 927 3670 984 hoc
3690 928 3781 985 in-

2101 1021 2351 1091 scripta
2379 1019 2613 1077 vidisti.
2629 1019 2754 1075 Sed
2781 1020 2835 1075 si
2859 1020 2952 1076 cis
2974 1017 3047 1074 ab
3068 1018 3167 1075 his
3180 1017 3486 1074 tormentis
3502 1016 3777 1085 liberari,

2124 1123 2216 1166 me
2235 1109 2441 1177 adora,
2492 1121 2663 1178 quem
2691 1107 2966 1176 angelum
2987 1107 3100 1163 Dei
3140 1119 3264 1163 esse
3289 1105 3639 1175 cognovisti.
3677 1105 3779 1160 Hic

2128 1198 2314 1255 anima
2346 1195 2442 1252 illa
2479 1196 2531 1251 in
2566 1200 2810 1252 mortem
2838 1209 3023 1266 usque
3047 1195 3243 1263 flagris
3274 1198 3329 1250 et
3356 1193 3622 1251 adhibito
3648 1193 3781 1263 igne

2124 1286 2239 1358 jam
2270 1288 2546 1357 superata
2580 1283 2815 1341 dicebat
2841 1303 2852 1338 :
2891 1285 2936 1340 0
2967 1283 3198 1339 domine
3234 1283 3412 1353 Deus,
3444 1281 3785 1359 misericor-

2129 1377 2312 1433 diam.
2341 1376 2552 1444 Ardea,
2571 1375 2842 1444 Domine,
2880 1387 3012 1430 mea
3031 1373 3243 1445 culpa;
3260 1372 3463 1430 sancte
3490 1371 3779 1440 Michael,

2128 1462 2574 1522 succurremihi
2594 1473 2615 1520 ,ι
2654 1468 2713 1518 et
2729 1483 2749 1520 .-
2775 1463 2972 1528 Quare
2998 1475 3089 1518 me
3104 1462 3336 1518 domine
3362 1460 3787 1531 derelequisii?

2130 1552 2323 1609 multa
2333 1552 2495 1623 sunt,
2509 1551 2651 1621 scio,
2668 1551 2934 1621 Domine,
2968 1554 3209 1622 peccata
3232 1564 3382 1614 mea,
3412 1549 3662 1605 domnus
3683 1547 3782 1605 ab-

2135 1641 2240 1700 bas
2260 1642 2381 1699 scit
2405 1655 2495 1712 ea,
2530 1641 2575 1697 0
2595 1641 2774 1710 Dens,
2791 1653 2976 1711 quam
2998 1651 3222 1710 magna
3236 1637 3633 1707 suntjudicia
3646 1637 3788 1694 tua?

2138 1731 2182 1786 0
2207 1731 2424 1799 Satan,
2458 1742 2649 1800 quare
2690 1742 2807 1786 non
2862 1728 3122 1786 dimittis
3171 1729 3297 1785 me?
3322 1728 3455 1784 Non
3484 1728 3538 1784 te
3568 1726 3793 1796 adoro,-

2133 1819 2254 1877 scio
2284 1818 2344 1874 et
2369 1832 2471 1888 ego
2485 1818 2638 1891 quia
2667 1816 2731 1873 tu
2742 1818 2941 1875 omnia
2970 1817 3109 1887 scis,
3133 1817 3239 1874 sed
3258 1817 3499 1874 Domini
3511 1817 3791 1888 potestas

2135 1908 2227 1965 est
2243 1909 2310 1964 in
2337 1907 2474 1964 calo
2505 1905 2563 1963 et
2588 1908 2656 1964 in
2684 1906 2866 1977 terra,
2885 1905 2940 1962 et
2954 1907 3090 1976 ipsa
3116 1905 3627 1976 jndicetinterme
3639 1906 3697 1961 et
3709 1906 3785 1961 te.

2142 1996 2371 2062 Quodsi
2392 1996 2628 2052 tuDeus
2641 2007 2717 2065 es,
2732 1994 2837 2052 ubi
2847 1995 3202 2066 suntangeli
3216 1995 3341 2052 tui?
3366 1994 3612 2052 Ostende
3631 1994 3791 2050 mihi

2121 2084 2355 2157 faciem
2368 2084 2550 2141 tuam.
2576 2083 2729 2141 Phi!
2740 2084 3016 2141 mentiris
3028 2082 3319 2140 .tAlterum
3347 2081 3792 2155 angelis/moirti;

2134 2172 2443 2230 mentiris!
2464 2186 2581 2229 non
2609 2186 2669 2230 es
2698 2173 2966 2245 angelus.
3003 2173 3131 2243 Ego
3160 2172 3214 2229 te
3257 2184 3636 2244 recognosco;
3656 2170 3792 2228 dia-

2139 2261 2306 2321 bolus
2321 2275 2397 2319 es.
2430 2262 2574 2319 Scio
2605 2263 2755 2332 quia
2778 2261 3029 2332 angelus
3024 2260 3360 2333 fuisti,sed
3378 2260 3659 2333 superbia
3681 2261 3790 2317 tua

2139 2351 2208 2409 de
2224 2351 2343 2409 celo
2372 2350 2659 2408 cecidisti.
2673 2349 2840 2415 Quod
2858 2362 2993 2421 ergo
3013 2350 3078 2407 in
3089 2348 3350 2407 vinculis
3373 2349 3494 2406 tuis
3505 2363 3657 2418 sum,
3672 2350 3791 2404 Do-

2138 2440 2293 2497 mini
2299 2438 2569 2512 potestas
2591 2438 2680 2496 est
2693 2438 2753 2494 et
2788 2437 3088 2507 uoluntas,
3108 2452 3225 2494 non
3239 2438 3361 2494 tua.
3380 2437 3467 2494 Et
3498 2437 3787 2507 dicmihi,

2139 2529 2278 2601 quis
2291 2528 2761 2600 estfratermeus
2780 2527 2882 2584 illi
2896 2540 3070 2598 quem
3089 2524 3302 2583 habes?
3315 2529 3372 2583 et
3397 2541 3571 2597 quum
3596 2527 3791 2583 totius

2143 2618 2406 2675 scientiae
2426 2621 2483 2673 et
2509 2616 2798 2673 memoriae
2846 2620 2941 2671 est
2988 2614 3175 2671 anima
3204 2618 3436 2672 terrena
3473 2615 3579 2672 hac
3647 2615 3793 2671 habi

376 2693 466 2759 illi
490 2704 818 2778 improbare
849 2703 1071 2774 culpas,
1116 2708 1543 2775 repraesentans
1598 2701 1876 2773 quasdam
1924 2714 2038 2758 sm-
2142 2706 2364 2763 tatione
2396 2704 2607 2762 soluta.
2653 2704 3159 2761 Reminisccbatur
3179 2704 3508 2776 enim,quia
3530 2705 3793 2760 etinter-

383 2792 552 2850 dulas
581 2798 640 2848 et
666 2790 1089 2864 quaterniolos,
1126 2806 1274 2862 quos
1318 2791 1682 2860 negligenter
1727 2795 1784 2847 et
1815 2790 2035 2860 absque
2145 2795 2272 2865 fuit,
2296 2794 2453 2866 quod
2487 2795 2668 2850 frater
2701 2792 2799 2851 ille
2827 2807 3032 2850 novem
3065 2793 3385 2850 transactis
3408 2792 3632 2863 diebus,
3654 2809 3793 2850 cum

385 2880 601 2954 prioris
622 2880 866 2938 licencia
895 2879 1131 2952 proprio
1155 2894 1263 2936 usu
1299 2879 1692 2937 contrectavit
1716 2879 2030 2935 habendas.
2143 2883 2381 2956 expleto
2414 2882 2832 2939 matutinarum
2863 2882 3053 2939 oﬂlcio
3084 2881 3380 2954 paululum
3413 2897 3542 2939 cum
3574 2882 3796 2938 ceteris

383 2969 675 3040 Pluraque
703 2969 816 3026 alia
839 2969 1159 3027 autoritatc
1194 2967 1352 3025 illius
1382 2983 1444 3026 se
1468 2967 1785 3024 retinuisse
1808 2967 1862 3022 in
1891 2982 2036 3039 praa-
2066 3020 2111 3042 η
2146 2987 2209 3029 se
2242 2971 2559 3029 reclinaret
2590 2971 2643 3027 iu
2677 2971 2852 3042 lecto,
2888 2970 3058 3027 nobis
3113 2970 3513 3027 nescientibus
3563 2986 3678 3041 quo
3712 2971 3799 3026 in-

384 3058 543 3115 dicto
566 3057 1715 3139 parietejuxtasignabatinseripta,qua:
1738 3055 2032 3112 fraterille
2064 3020 2114 3084 Ο
2145 3061 2441 3118 firmitatis
2484 3061 2708 3132 morbo,
2746 3020 2852 3117 sed
2907 3076 3038 3117 eum
3073 3059 3350 3132 praesenti
3410 3020 3616 3116 mortis
3671 3074 3800 3116 suae

384 3148 441 3206 in
473 3147 840 3206 confessione
862 3161 1168 3218 numquam
1191 3147 1382 3219 potuit
1405 3145 1763 3203 comminisci
1787 3161 1890 3218 pro
1914 3146 2033 3202 vita
2142 3147 2405 3220 periculo
2435 3147 2682 3205 emissus
2713 3163 2742 3203 a
2766 3147 3049 3204 fratribus
3082 3147 3290 3203 fuisset
3323 3161 3354 3202 e
3387 3145 3558 3215 lecto,
3579 3150 3636 3202 et
3663 3152 3801 3218 post

376 3252 507 3295 sua.
540 3239 654 3294 Pro
678 3236 892 3308 quibus
935 3250 1068 3293 cum
1097 3234 1442 3307 multiplicia
1482 3235 1887 3305 inﬂigerentur
1917 3239 2034 3292 tor-

384 3329 712 3382 mentorum
739 3324 990 3395 tlagella,
1023 3324 1314 3382 consciam
1338 3328 1563 3381 tantum
1590 3323 1886 3381 fatebatur
1912 3321 2033 3380 cul-

388 3428 537 3485 pam,
574 3413 944 3485 divinamque
994 3412 1409 3470 m‘serabiliter
1439 3412 1549 3470 sibi
1582 3427 1793 3483 rogans
1824 3413 2032 3470 subve-

383 3502 509 3559 nire
539 3500 925 3558 clementiam.
984 3501 1213 3558 Sciebat
1269 3501 1419 3557 enim
1451 3501 1559 3558 hoc
1610 3515 1673 3557 se
1703 3518 1717 3572 ι
1748 3500 2027 3558 romercri

384 3596 586 3647 reatus
615 3590 704 3647 sui
727 3589 1101 3660 exigentibus
1130 3589 1341 3662 culpis,
1372 3604 1438 3647 ac
1464 3592 1702 3662 propter
1724 3589 1829 3646 hcc
1863 3604 2032 3661 ange-

384 3677 514 3735 licae
544 3679 874 3751 praesentiae
903 3677 1121 3735 auxilio
1152 3693 1215 3735 se
1249 3679 1512 3749 destitui,
1537 3678 1837 3750 solamque
1859 3679 2033 3735 relin-

387 3766 504 3836 qui.
539 3766 643 3822 llle
674 3781 810 3823 vero
842 3766 1092 3839 amplius
1124 3766 1448 3823 insultabat
1476 3767 1698 3838 dicens,
1725 3766 1879 3823 illam
1898 3766 2031 3838 jure

383 3855 649 3913 humanae
682 3854 903 3914 militiae
938 3870 1097 3913 suam
1124 3854 1338 3912 debere
1362 3854 1507 3925 fieri,
1533 3855 1763 3927 sibique
1786 3856 2029 3928 servire,

386 3958 491 4001 nec
518 3943 712 4016 aliquo
744 3944 914 4002 modo
944 3945 1016 4001 ab
1041 3943 1223 4001 illatis
1247 3958 1418 4016 posse
1438 3944 1746 4001 tormentis
1767 3944 2028 4015 liberari,

384 4032 494 4089 nisi
529 4033 823 4105 adoraret,
858 4049 889 4090 a
922 4049 1036 4106 quo
1068 4048 1181 4089 non
1213 4033 1455 4090 haberet
1481 4032 1537 4088 in
1567 4039 1910 4106 perpetuum
1944 4049 2035 4091 se-

387 4122 598 4195 parari.
628 4122 728 4180 Cui
753 4128 993 4181 econtra
1043 4122 1230 4179 anima
1255 4120 1659 4180 illaimmensae
1680 4122 2034 4180 Deielemen-

385 4211 483 4269 tiae
506 4211 773 4269 recolens
799 4216 1183 4283 sacramenta,
1220 4226 1323 4284 spe
1354 4212 1599 4282 quadam
1623 4217 1682 4268 et
1721 4211 2033 4269 credulita-

384 4299 465 4356 tis
520 4299 871 4357 confidentia
936 4299 1177 4371 conflsa,
1230 4305 1403 4371 sputa
1457 4300 1511 4355 in
1572 4300 1773 4357 faciem
1834 4300 2030 4372 dabat,

2143 3236 2315 3294 unius
2344 3236 2503 3294 horae
2527 3236 2785 3309 spacium
2833 3235 2930 3293 vix
2970 3235 3293 3307 recepisset
3318 3235 3455 3291 vitae
3486 3234 3798 3306 spiritum;

2142 3324 2270 3397 ejus
2294 3325 2619 3382 subitaneae
2643 3324 2814 3380 morti
2839 3338 2909 3380 eo
2930 3322 3179 3395 amplius
3192 3321 3803 3393 eondolens,mortife-

2142 3428 2236 3470 ras
2267 3413 2454 3471 hostis
2508 3412 2756 3469 insidias
2789 3412 3185 3483 exprobrabat
3219 3410 3423 3469 dicens
3451 3430 3463 3465 :
3498 3412 3543 3468 0
3569 3412 3795 3481 Satan,

2139 3502 2342 3560 omnia
2364 3501 2561 3560 trahis
2583 3502 2666 3558 ad
2692 3502 2767 3558 te.
2802 3500 2998 3566 Quare
3029 3500 3310 3573 decepisti
3328 3499 3540 3557 illum?
3583 3501 3661 3557 In
3691 3499 3803 3557 hoc

2141 3590 2201 3649 et
2226 3591 2292 3647 tu
2310 3590 2610 3661 mentiris,
2640 3591 2791 3662 quia
2818 3603 3025 3647 servus
3056 3590 3194 3647 tuus
3212 3603 3330 3647 non
3356 3588 3507 3660 erit;
3530 3600 3805 3647 mansue-

2142 3680 2236 3737 tus
2266 3680 2354 3738 est
2376 3680 2631 3737 multum
2663 3680 2720 3736 et
2759 3678 3030 3750 humilis,
3065 3678 3125 3736 et
3146 3692 3381 3751 magna
3409 3691 3553 3751 erga
3601 3692 3803 3736 omnes

2139 3767 2489 3826 obedientice
2511 3767 2573 3825 et
2589 3768 2866 3840 pietatis,
2900 3782 2973 3825 ac
2983 3782 3093 3840 per
3115 3766 3223 3825 hoc
3250 3767 3617 3825 convertetnr
3638 3767 3697 3823 et
3712 3768 3803 3824 oi-

2139 3857 2345 3927 oet;et
2368 3857 2518 3928 quia
2545 3855 2752 3915 nullus
2784 3856 2872 3915 est
2897 3856 3319 3914 misericordia
3352 3857 3465 3914 Dei
3481 3856 3657 3928 ﬁnis,
3690 3857 3803 3928 qui

2138 3959 2257 4002 non
2281 3945 2526 4002 mortem
2545 3944 2651 4002 sed
2688 3945 3089 4018 penitentiam
3118 3943 3427 4003 desiderat
3439 3944 3797 4017 peccatoris,

2142 4035 2278 4093 tuus
2299 4048 2419 4093 non
2439 4034 2573 4105 erit,
2588 4034 2695 4092 sed
2704 4033 3076 4092 concertetur
3088 4033 3329 4091 etoivet.
3349 4035 3394 4090 0
3389 4033 3622 4107 frater,
3637 4046 3803 4105 cave,

2140 4137 2283 4183 cave
2292 4124 2507 4197 frater
2532 4123 2799 4181 insidias
2830 4124 2982 4195 ejus,
3013 4136 3088 4180 ne
3116 4122 3380 4195 decipiat
3408 4123 3479 4180 te.
3512 4123 3809 4182 Salvator

2140 4212 2370 4281 mundi,
2402 4225 2684 4270 succurre
2711 4211 2886 4282 mihi,
2917 4212 3143 4270 Sancte
3169 4210 3455 4281 Michael,
3488 4224 3683 4283 quare
3711 4210 3808 4269 de-

2142 4300 2451 4373 reliquisti
2470 4301 2794 4358 me?Pater
2818 4300 3041 4372 sancte,
3073 4300 3579 4359 misericordiam!
3606 4299 3808 4358 Domi-

389 4385 557 4442 simul
580 4391 641 4443 et
663 4386 966 4444 inhonesta
1008 4392 1185 4458 prout
1218 4386 1427 4457 dignus
1448 4390 1535 4444 est
1559 4386 1907 4459 improperia
1933 4387 2035 4443 im-
2062 4382 2115 4444 D
2145 4404 2236 4461 ne,
2255 4390 2455 4460 ardeo,
2478 4389 2681 4448 ardeo.
2709 4391 2752 4446 0
2770 4390 2993 4462 Satan,
3006 4389 3080 4446 ut
3096 4389 3249 4462 quid
3260 4403 3352 4447 me
3370 4390 3492 4447 tota
3509 4389 3608 4446 die
3615 4390 3810 4462 punis

390 4488 662 4547 precans,
697 4474 947 4544 singulis
982 4474 1139 4532 illius
1170 4475 1365 4533 verbis
1381 4490 1485 4533 sua
1510 4475 1736 4546 singula
1759 4475 2031 4548 reddens,

391 4561 500 4618 hoc
525 4561 653 4633 ipso
679 4576 948 4619 sermone
971 4562 1206 4620 dicebat
1230 4582 1241 4619 :
1269 4564 1355 4621 Tu
1374 4564 1531 4621 enim
1554 4565 1735 4622 totius
1748 4563 2038 4637 superbiae

389 4651 448 4707 et
462 4651 825 4723 perditionis
844 4651 1116 4723 spiritus,
1133 4654 1240 4725 qui
1261 4652 1541 4725 decepisti
1553 4654 1763 4723 anm,
1781 4654 2039 4725 infecis-

391 4740 439 4797 ti
454 4741 647 4799 multa
655 4755 755 4798 ma
763 4742 842 4812 la,
857 4756 990 4814 quae
993 4754 1103 4814 per
1121 4743 1176 4799 te
1187 4742 1664 4815 humanogeneri
1673 4742 2040 4815 suntiltata;

390 4830 444 4886 te
462 4844 579 4887 non
599 4830 800 4901 adoro,
846 4831 995 4903 quia
1019 4831 1083 4887 tu
1104 4830 1293 4903 esfur
1312 4832 1373 4887 et
1388 4831 1579 4901 latro;
1617 4831 1786 4888 modo
1813 4831 2042 4889 tantam

386 4919 733 4988 potestatem
752 4919 934 4978 habes
954 4919 1022 4977 in
1038 4933 1150 4989 me,
1176 4921 1233 4977 et
1252 4919 1407 4978 hanc
1426 4934 1540 4976 non
1558 4920 1804 4978 haberes
1825 4923 1947 4979 nisi
1970 4922 2043 4978 ti-

391 5004 450 5062 bi
473 5006 618 5064 data
625 5009 1136 5081 fuissetdesuper.
1178 5009 1335 5066 Deus
1365 5008 1656 5081 estfortis
1677 5010 1735 5066 et
1740 5010 1952 5081 potens
1987 5008 2045 5066 et

387 5092 685 5152 immensa
703 5097 1148 5168 misericordia,
1165 5097 1223 5153 et
1241 5097 1439 5168 ipsum
1465 5099 1573 5170 qui
1588 5112 1698 5170 pro
1720 5113 1810 5155 me
1817 5111 2044 5172 passus

320 5250 333 5263 .
374 5182 481 5255 fu:
492 5183 723 5241 tadoro.
736 5186 780 5241 0
791 5185 1024 5243 domine
1032 5187 1193 5244 Deus
1204 5198 1584 5257 meus,quare
1596 5201 1684 5244 me
1697 5188 2048 5260 dereliquis.

389 5269 473 5327 ti?
500 5270 587 5327 Tu
592 5271 888 5344 formasti
905 5287 998 5330 me
1017 5274 1074 5331 et
1093 5276 1314 5333 creasti
1333 5289 1450 5347 me;
1470 5275 1664 5334 multa
1683 5276 1827 5334 sunt
1832 5289 2042 5348 pecca-

394 5358 621 5432 tamea,
647 5362 913 5435 Domine,
948 5377 1081 5421 mea
1106 5364 1300 5438 culpa.
1357 5365 1460 5423 Cui
1490 5369 1728 5424 econtra
1770 5364 2040 5425 diabolus

392 5448 789 5524 respondebat
812 5468 824 5507 :
839 5451 975 5514 Non
994 5452 1112 5513 erit
1128 5454 1220 5514 ita
1233 5454 1461 5527 ;tunon
1482 5455 2045 5532 eacon/essusfuis—

2148 4480 2207 4537 et
2217 4481 2432 4551 punis?
2452 4481 2569 4535 Hec
2591 4486 2648 4535 et
2682 4479 2793 4536 alia
2831 4479 2999 4551 plura
3032 4478 3122 4535 his
3155 4477 3367 4535 similia
3393 4493 3520 4550 quae
3561 4482 3808 4551 propter

2148 4568 2650 4641 importunitatem
2668 4567 3126 4640 multiplicitatis
3141 4566 3465 4624 lectoribus
3484 4581 3632 4624 nova
3652 4581 3809 4638 qua:-

2149 4671 2262 4729 que
2295 4656 2738 4714 fastidientibus
2789 4656 2979 4715 minus
3006 4671 3331 4726 congruum
3383 4654 3652 4727 ingerere
3681 4653 3809 4711 vili-

2152 4745 2476 4818 pendimus.
2507 4747 2645 4802 Cum
2682 4746 2966 4817 ejusmodi
2989 4744 3404 4803 confabulatus
3452 4744 3809 4801 altrinsecus

2154 4833 2503 4905 infatigabili
2526 4834 2911 4893 altercatione
2926 4825 3309 4892 consererent
3323 4834 3510 4891 anima
3526 4838 3583 4890 et
3609 4833 3810 4891 diabo-

2153 4922 2264 4993 lus,
2289 4928 2754 4995 consumptaque
2777 4924 2977 4995 flagris
3007 4937 3138 4981 cum
3182 4924 3298 4994 jam
3343 4937 3487 4995 pene
3509 4936 3571 4980 se
3592 4922 3808 4979 victam

2155 5014 2216 5068 ut
2271 5024 2400 5068 eum
2451 5013 2725 5069 adoraret
2772 5012 3168 5084 proﬁteretur,
3204 5026 3374 5083 quam
3408 5026 3518 5068 non
3552 5011 3810 5082 impetus

2155 5099 2308 5169 ignis
2337 5099 2599 5158 ardentis
2630 5104 2688 5158 et
2721 5100 2973 5158 lucentis
2998 5116 3027 5157 a
3060 5099 3231 5170 longe
3268 5101 3337 5157 ad
3371 5099 3498 5170 ejus
3529 5098 3811 5155 auxilium

2153 5187 2395 5245 veniens
2427 5190 2584 5262 cepit
2614 5204 2956 5261 comparare
2989 5189 3251 5260 angelus,
3286 5188 3454 5258 cujus
3488 5187 3816 5260 placidissi-

2156 5291 2262 5334 ma;
2292 5278 2622 5351 praesentia:
2653 5277 2860 5348 gratiae
2901 5278 3220 5351 resumptis
3252 5278 3478 5335 viribus
3527 5276 3814 5333 conviciis

2154 5368 2406 5442 amplius
2457 5366 2796 5440 insistebat,
2849 5367 3089 5443 perﬁdis
3122 5366 3341 5426 inimici
3401 5366 3816 5440 praesumptio-

2159 5458 2333 5517 uibus
2361 5459 2646 5518 resistens
2677 5462 2738 5517 et
2767 5457 3006 5517 dicens:
3045 5460 3089 5517 0
3126 5458 3328 5518 Satan
3351 5457 3569 5528 .S'atan,
3616 5456 3815 5515 puella
