3960 6052
206 146 335 207 233

1436 188 1441 193 ς
1469 153 1968 219 CHRONICON.
2001 192 2081 206 -
2109 160 2263 225 LIB.
2302 166 2381 230 11.

3512 182 3627 243 234

207 279 268 335 te
290 279 357 335 in
376 277 478 336 die
503 280 748 338 Domini
777 282 1096 353 expectant
1117 285 1304 356 mala,
1353 286 1504 371 quia
1525 300 1586 344 es
1616 287 1867 346 humani
1895 289 1952 349 A
1979 296 2170 350 tutum
2203 302 2389 355 mater
2419 300 2638 371 caritas
2672 307 2902 363 sancta.
2942 294 3076 364 ViSa
3109 309 3219 367 hoc
3241 311 3466 388 interea
3499 330 3627 372 san-

192 369 443 437 generis
452 368 723 441 perditio
746 369 803 426 et
819 370 1189 442 perditionis
1220 368 1423 432 causa.
1446 375 1621 432 Modo
1642 390 1758 433 non
1776 391 1870 433 me

197 456 449 527 tenebis,
501 459 569 513 de
604 472 697 514 me
725 459 956 517 diutius
984 476 1099 519 non
1129 463 1443 535 gaudebis,
1474 464 1642 522 modo
1676 467 1729 523 te
1755 481 1871 523 non

197 545 425 616 adoro;
446 547 598 618 quia
624 547 689 603 tu
711 549 867 606 Deus
887 550 991 619 sis,
1011 552 1324 623 mentiris;
1343 553 1542 610 nichil
1547 555 1870 626 potestatis

201 634 391 692 habes
413 636 678 707 amplius
724 637 788 693 in
809 652 915 694 me.
955 640 1000 694 0
1024 641 1228 697 sancte
1252 640 1537 714 Michael,
1571 643 1674 700 ubi
1701 645 1794 702 es?
1827 646 1871 702 0

202 724 484 795 Domine,
505 726 1021 799 misericordiam;
1038 741 1170 786 mea
1183 731 1378 802 culpa,
1401 732 1682 803 Domine;
1699 733 1870 791 video

199 814 443 869 malum
468 828 681 885 meum,
716 815 867 886 quia
901 819 1368 891 praceptisyuis
1396 834 1513 877 non
1542 821 1788 879 obedivi.
1828 826 1873 882 0

199 903 412 959 sancte
431 900 720 974 Michael,
753 905 1250 964 misericordiam.
1282 909 1564 981 Emendo,
1598 911 1870 982 Domine,

205 991 492 1061 emendo;
537 992 656 1048 Deo
675 994 963 1064 promitto
1012 994 1071 1051 et
1123 996 1327 1054 sancto
1383 997 1561 1056 Petro
1589 1000 1649 1056 et
1670 1001 1873 1058 sancto

207 1080 417 1137 Paulo
430 1080 488 1137 et
506 1081 777 1139 omnibus
793 1083 1041 1154 sanctis,
1065 1086 1265 1142 omnia
1278 1087 1538 1158 quidqui
1546 1088 1770 1160 drogas
1767 1090 1876 1161 fa-

205 1168 669 1241 ciam-Adjuva
720 1183 830 1242 me,
886 1172 1153 1243 Domine,
1190 1187 1292 1245 ego
1347 1175 1556 1234 ardeo!
1590 1177 1671 1233 Ad
1705 1192 1873 1248 quem

209 1257 461 1328 angelus
490 1279 502 1313 :
559 1260 727 1331 Tace,
754 1260 862 1319 hoc
908 1263 998 1319 est
1024 1264 1297 1322 voluntas
1326 1265 1473 1336 Dei;
1497 1266 1604 1324 sed
1629 1281 1875 1339 sequere

214 1361 327 1403 me.
367 1348 437 1402 Et
456 1346 552 1402 illa
570 1369 588 1404 .-
598 1348 833 1419 Sequor
848 1349 919 1420 te,
939 1350 1189 1422 domine,
1206 1353 1460 1410 ettecum
1473 1356 1732 1426 paratus
1744 1369 1877 1413 sum

203 1436 276 1493 in
302 1437 553 1493 mortem
573 1450 765 1508 usque
783 1439 895 1498 ire.
926 1439 1052 1496 Sed
1074 1441 1243 1511 quid,
1279 1441 1376 1499 dic
1400 1442 1574 1515 mihi,
1620 1444 1870 1516 domine,

200 1525 312 1583 ille
322 1525 539 1598 frater
556 1539 720 1584 meus
729 1527 950 1599 faciet,
977 1527 1047 1584 de
1067 1543 1182 1600 quo
1205 1530 1372 1589 dixit
1385 1532 1541 1590 mihi
1571 1532 1863 1605 diabolus,

1981 387 2092 440 ctze
2162 388 2455 445 memoriae
2522 390 2825 465 miraculo,
2897 394 3123 466 placida
3181 387 3627 469 praemonitione

1982 475 2331 532 ammonitus
2359 478 2431 533 ab
2463 478 2689 552 angelo,
2742 481 2855 538 alio
2902 491 3271 545 secesserunt
3300 490 3533 558 inloco;
3559 508 3624 549 ac

1981 566 2113 633 post
2146 563 2441 634 paululum
2476 571 2771 639 progressi
2808 590 2819 626 :
2864 571 3026 645 Vide,
3060 575 3126 632 in
3142 577 3270 647 lilii
3293 582 3563 651 angelus,
3598 598 3628 639 ο

1981 653 2209 723 anima,
2245 667 2314 710 ea
2335 669 2466 725 qua
2490 657 2878 718 miseratione
2896 662 3010 719 Dei
3033 663 3146 720 tibi
3169 665 3538 741 largiuntur,
3566 672 3634 728 ut

1980 739 2186 797 videas
2206 741 2439 813 inferni
2453 744 2761 817 lamenta,
2783 763 2896 819 que
2911 739 3630 829 licetsinthumanogene-

1980 828 2455 902 riincredibilia,
2478 836 2682 892 sciant
2701 837 2899 895 tamen
2922 840 3013 897 ita
3042 841 3164 901 sibi
3191 857 3316 902 esse
3343 828 3632 917 praedicta

1969 930 2083 987 per
2100 920 2400 991 evangelii
2418 922 2645 994 sa’[ora]
2662 927 2881 983 menta.
2905 928 2974 982 Et
2999 928 3117 985 ille:
3155 932 3346 1005 Video,
3379 935 3629 1005 domine,

1982 1005 2133 1075 quia
2151 1007 2343 1065 multa
2363 1010 2510 1066 sunt
2522 1014 2763 1081 peccata
2777 1015 2835 1070 et
2851 1017 3036 1073 mala.
3051 1018 3423 1079 Sedre-mitte
3436 1023 3501 1080 in
3521 1026 3634 1082 ali—

1982 1094 2362 1167 quantulum,
2379 1099 2529 1168 quia
2547 1101 2740 1158 multa
2762 1116 2894 1159 sum
2903 1119 3147 1175 passus.
3167 1109 3461 1170 Diabolus
3480 1115 3635 1170 enim

1983 1196 2099 1238 non
2109 1184 2524 1243 minimumme
2522 1189 2895 1260 ﬂagellavit.
2916 1195 2981 1248 Et
2997 1195 3240 1266 angelus
3259 1218 3272 1253 :
3291 1201 3525 1273 Anima,
3541 1204 3635 1260 vis

1984 1269 2404 1330 sedere?Sede.
2434 1277 2505 1331 At
2537 1275 2635 1332 ille
2658 1280 2821 1334 tanta
2846 1284 3079 1352 tamque
3098 1282 3355 1343 inaudita
3382 1269 3635 1360 praesen-

1986 1358 2130 1415 tium
2144 1362 2569 1419 tormentorum
2588 1366 2986 1435 magnitudine
3002 1358 3633 1450 perterritum—promer

1986 1446 2197 1504 nimios
2228 1449 2511 1519 ejusmodi
2556 1452 2844 1512 mirabilis
2876 1461 2933 1513 et
2959 1446 3409 1521 innumerabilis
3432 1446 3632 1538 populi

1989 1534 2225 1594 dolores
2241 1540 2296 1593 et
2322 1538 2519 1595 luctus
2537 1541 2783 1612 quodam
2807 1548 3225 1618 compassionis
3242 1534 3633 1623 priemoveba-

224 1614 389 1685 quod
407 1614 1535 1691 decepissetillum?OsancteMichael,
1562 1621 1875 1695 indulgen-
1908 1641 1956 1703 Β
1988 1627 2086 1713 tur
2139 1626 2372 1698 affectu,
2424 1644 2887 1690 commemorans
2932 1614 3083 1692 intra
3132 1652 3194 1694 se
3242 1614 3402 1697 illius
3426 1643 3629 1713 judicii

226 1702 396 1773 tiam,
421 1704 918 1773 misericordiam,
935 1705 1185 1775 domine,
1204 1706 1275 1763 de
1285 1707 1621 1780 eo,{dimitte
1637 1723 1873 1782 meper.

209 1805 355 1864 gere
375 1791 460 1848 ad
466 1792 892 1864 frah-esmeos;
903 1794 1297 1853 emendabunt
1321 1798 1409 1854 se!
1435 1798 1549 1855 Dic
1572 1799 1748 1870 mihi,
1781 1799 1876 1858 do-

207 1881 393 1938 mine.
431 1882 682 1940 Possum
734 1883 817 1940 ad
843 1883 1021 1940 illum
1053 1883 1268 1958 loqui:
1328 1883 1466 1942 bene
1494 1889 1712 1945 omnia.
1747 1888 1875 1945 Mox

217 1974 464 2041 recepto
497 1970 552 2025 in
586 1985 834 2044 corpore
896 1971 1109 2043 spiritu
1143 1972 1386 2045 resedit,
1442 1980 1767 2047 vocatoque
1801 1991 1873 2032 ex

206 2058 443 2115 nomine
494 2058 594 2116 illo
626 2060 721 2131 qui
772 2075 1033 2132 praesens
1065 2061 1142 2117 ibi
1175 2062 1378 2119 aderat
1434 2064 1636 2134 fratre,
1667 2064 1817 2120 dixit
1856 2088 1868 2124 :

214 2145 377 2203 Cave
382 2148 528 2220 fiat,
553 2162 626 2205 ne
654 2149 923 2221 decipiat
962 2149 1016 2206 te
1036 2149 1314 2208 diabolus
1358 2153 1510 2224 quia
1518 2165 1634 2225 per
1679 2152 1876 2226 ipsum

204 2234 1870 2308 fuittibiprouima..................

209 2334 285 2391 ab
311 2336 531 2406 angelo
549 2336 803 2407 spiritus
819 2338 1162 2395 remanente
1187 2339 1443 2397 emortuo
1462 2354 1700 2411 corpore
1717 2324 1880 2399 sicut

205 2424 426 2496 prius;
449 2425 510 2481 et
526 2424 727 2483 dia-it.-
758 2426 803 2483 0
823 2427 1028 2484 sancte
1045 2425 1330 2500 Michael,
1340 2426 1457 2500 fui
1477 2428 1560 2484 ad
1568 2429 1755 2499 illum
1794 2471 1807 2484 .
1854 2472 1866 2486 .

201 2561 216 2576 .
263 2562 278 2574 .
328 2562 342 2576 .
373 2520 838 2594 fratresomnes
855 2522 1003 2581 vidi.
1024 2523 1109 2579 Ad
1128 2538 1296 2595 quem
1321 2523 1874 2598 angelus.-Sequere

202 2633 325 2675 me.w
348 2620 420 2674 Et
450 2618 551 2674 illa
572 2641 592 2677 .-
628 2621 864 2693 Sequor
884 2620 957 2692 te,
990 2621 1242 2679 domine.
1274 2622 1375 2678 His
1399 2622 1572 2680 dictis
1601 2625 1872 2682 tenebra-

210 2723 343 2764 rum
372 2712 433 2765 to
473 2750 486 2763 .
534 2748 549 2762 .
592 2751 606 2764 .
650 2751 665 2765 .
709 2750 723 2764 .
768 2750 782 2764 .
828 2750 841 2765 .
891 2750 904 2765 .
951 2751 965 2766 .
1010 2751 1022 2764 .
1067 2709 1277 2767 abinde
1303 2711 1692 2782 procedentes
1725 2711 1871 2770 duce

211 2803 447 2875 angelo,
506 2820 714 2862 rursus
760 2805 817 2861 in
849 2804 1020 2862 aliam
1070 2806 1445 2864 introductus
1493 2810 1580 2864 est
1613 2809 1846 2867 domum

210 2906 346 2963 qua:
377 2893 512 2964 quia
545 2893 695 2951 lucis
725 2909 794 2952 ac
823 2895 1158 2953 serenissim
1200 2937 1213 2951 .
1268 2938 1283 2952 .
1335 2895 1393 2968 pl
1444 2938 1458 2953 .
1514 2939 1526 2953 .
1581 2938 1594 2952 .
1650 2939 1664 2954 .
1719 2940 1732 2954 .
1785 2940 1797 2955 .

206 2989 457 3046 nimium
519 2991 833 3062 renitebat,
868 2992 999 3061 ejus
1044 2990 1439 3063 pulcritudine
1470 2992 1717 3050 miratus
1767 3010 1871 3053 nec
1903 2993 1952 3054 C

212 3078 366 3134 satis
382 3078 609 3149 expleri
626 3093 734 3135 nec
757 3094 862 3150 pro
876 3083 1015 3136 voto
1030 3080 1218 3150 potuit
1244 3081 1476 3152 saeiari,
1501 3081 1602 3137 sed
1628 3082 1704 3139 du
1739 3125 1751 3138 .
1798 3124 1811 3139 .
1854 3138 1867 3152 ,

228 3190 340 3247 pon
375 3217 388 3229 .
432 3217 445 3231 .
479 3176 769 3247 stupende
789 3191 855 3233 ac
872 3176 1177 3233 tremendo
1199 3177 1561 3249 prospiciens
1586 3179 1875 3237 intellexit

216 3264 392 3333 cujus
421 3268 583 3319 esset
606 3263 879 3335 ofﬁcium,
905 3268 964 3319 et
993 3265 1065 3321 ad
1097 3264 1235 3334 quid
1268 3264 1434 3322 locus
1465 3264 1563 3321 ille
1596 3266 1745 3324 lucis
1778 3284 1876 3340 po-

215 3352 435 3408 tuisset
488 3352 709 3408 haberi.
773 3353 1018 3409 Videbat
1071 3367 1317 3423 namque
1347 3353 1403 3410 in
1456 3369 1522 3410 ea
1586 3356 1874 3426 parietum

214 3438 537 3511 superﬁcie
571 3439 907 3512 conscripta
956 3440 1141 3497 totius
1168 3440 1401 3497 humani
1456 3442 1691 3512 generis
1725 3444 1874 3502 bona

210 3541 414 3600 Opera,
453 3527 555 3585 sed
583 3534 642 3584 et
694 3529 1085 3600 quodcunque
1133 3529 1337 3587 usibus
1366 3530 1633 3588 humanis
1662 3532 1720 3589 in
1753 3534 1877 3605 qui-

216 3617 478 3673 buslibet
542 3622 634 3674 est
677 3618 970 3675 creaturis
1004 3618 1169 3690 utile,
1228 3619 1383 3690 quod
1429 3619 1874 3679 elemosinarum

210 3720 453 3762 munera
488 3706 847 3778 pauperibus
872 3707 1088 3764 Christi
1127 3712 1325 3779 potest
1349 3708 1598 3780 expendi
1632 3725 1737 3781 pro
1758 3711 1876 3766 ani-

211 3808 438 3851 marum
469 3794 679 3865 salute,
728 3795 1002 3866 quodque
1026 3795 1193 3866 quasi
1233 3796 1605 3853 substantiali
1636 3798 1875 3856 edicens

214 3882 459 3937 materia
491 3882 628 3937 mihi
681 3882 991 3939 videbatur
1020 3897 1388 3954 expressum,
1431 3898 1618 3955 equos
1648 3886 1876 3942 scilicet

214 3973 273 4024 et
290 3970 586 4042 jumenta.
622 3969 820 4027 asinos
870 3985 1127 4042 ovesque
1156 3977 1214 4026 et
1248 3971 1481 4029 diversa
1510 3968 1876 4030 diversorum

218 4058 576 4128 animalium,
611 4073 817 4116 aurum
851 4074 1104 4131 quoque,
1161 4064 1491 4131 argentum,
1542 4067 1741 4118 vestes
1773 4076 1879 4133 per

218 4144 507 4217 pluraque
543 4148 805 4219 preeiosa
831 4147 960 4219 ejus
991 4148 1226 4218 generis
1255 4163 1515 4219 munera,
1546 4151 1880 4221 peregrino-

214 4248 340 4290 rum
368 4234 649 4306 hospitia,
668 4250 991 4307 pauperum
1011 4236 1396 4309 lectisternia,
1412 4241 1729 4309 ceteraque
1749 4254 1880 4309 gra-

217 4323 297 4379 tis
322 4323 592 4394 impensa
618 4338 725 4394 pro
747 4323 964 4381 Christi
996 4323 1229 4380 nomine
1251 4324 1554 4397 beneficia,
1580 4326 1877 4383 straminis
1910 4344 1958 4404 ι)

210 4425 281 4467 ac
306 4410 425 4467 feni
459 4411 809 4482 manipulos,
834 4415 1108 4468 vetustos
1137 4411 1313 4469 etiam
1335 4413 1547 4485 socios,
1574 4419 1635 4470 et
1661 4414 1878 4471 virides

212 4498 445 4556 olerum
474 4498 730 4571 plantas,
776 4500 1029 4572 desuper
1052 4499 1215 4570 quasi
1268 4500 1366 4557 illo
1398 4516 1737 4574 suspensas,
1774 4518 1878 4560 nec

219 4601 333 4645 non
357 4592 560 4660 potum
586 4602 752 4659 aqum
775 4588 1003 4658 frigidae
1019 4588 1090 4645 de
1114 4603 1228 4659 quo
1250 4590 1529 4648 Dominus
1549 4591 1677 4663 ipse
1700 4596 1879 4665 testa_

213 4681 315 4733 tur
347 4676 558 4733 ﬁdeles
603 4692 745 4733 suos
771 4678 827 4732 in
851 4682 1070 4733 aeterna
1093 4677 1213 4733 vita
1245 4681 1571 4735 mercedem
1604 4696 1717 4736 non
1751 4695 1880 4752 per-

210 4763 373 4820 dere.
409 4764 682 4820 Ceterum
706 4763 838 4833 quia
863 4762 1098 4833 longum
1131 4768 1220 4820 est
1257 4765 1492 4821 edicere
1522 4768 1735 4837 omnia,
1772 4768 1877 4824 hee

210 4859 271 4908 et
297 4853 470 4925 plura
495 4851 609 4909 alia
637 4852 867 4909 Christo
891 4854 948 4908 in
968 4853 1245 4910 membris
1268 4853 1392 4910 suis
1413 4853 1627 4911 collata
1650 4863 1879 4913 sancta-

212 4956 343 4997 rum
368 4941 825 4998 elemosinarum
849 4940 994 4998 vidit
1019 4940 1278 5012 donaria,
1306 4957 1551 5014 quarum
1578 4959 1683 5017 pro
1708 4949 1878 5003 aeter-

210 5042 302 5085 nae
336 5030 475 5086 vitie
532 5030 925 5087 retributione
959 5030 1014 5086 in
1057 5036 1378 5103 conspectu
1409 5032 1511 5088 Dei
1543 5033 1729 5091 solum
1757 5048 1878 5091 ser-

217 5130 389 5182 vatur
444 5127 501 5182 in
548 5127 848 5198 membris,
882 5131 944 5183 ut
1003 5126 1186 5196 major
1215 5128 1442 5185 scilicet
1499 5130 1600 5187 Dei
1661 5130 1875 5203 populo

214 5224 420 5281 futuro
479 5228 538 5280 et
590 5224 870 5295 prmsenti
929 5224 1172 5281 daretur
1222 5224 1456 5297 fiducia,
1514 5226 1733 5285 nullius
1779 5230 1871 5287 sui

215 5322 351 5379 licet
378 5320 599 5376 minimi
649 5323 827 5378 Deum
851 5320 1243 5379 immemorem
1274 5338 1405 5380 esse
1435 5325 1701 5381 beneﬁcii
1731 5327 1778 5382 si
1813 5327 1868 5383 in

1988 1712 2160 1784 diem,
2215 1722 2429 1786 quanta
2483 1717 2704 1776 istunc
2747 1721 2946 1791 judice
2989 1726 3260 1784 veniente
3311 1712 3629 1789 cumulabit

1984 1802 2293 1874 supplicia,
2328 1818 2474 1875 quos
2506 1810 2667 1863 tanta
2698 1809 2770 1865 ab
2801 1810 2929 1882 ipso
2963 1813 3141 1871 ferme
3164 1818 3359 1874 mundi
3391 1821 3631 1879 exordio

1985 1891 2173 1947 adhuc
2199 1890 2353 1948 videt
2380 1894 2684 1965 possidere
2708 1900 3020 1971 tormenta,
3046 1908 3105 1958 et
3124 1903 3411 1963 clamabat
3437 1927 3448 1961 :
3478 1910 3636 1975 Quid

1984 1994 2015 2036 o
2040 1980 2266 2052 miseri,
2299 1982 2506 2040 miseri
2553 1997 2683 2041 cum
2724 1992 3135 2058 supervenerit
3163 1992 3431 2053 districti
3453 1999 3513 2053 et
3536 2012 3634 2054 no-

1981 2070 2216 2127 vissimi
2236 2070 2473 2142 judicii
2518 2074 2631 2130 Dei
2657 2075 3154 2149 inreeuperabilis
3193 2082 3343 2141 hora
3372 2086 3433 2141 et
3454 2088 3633 2159 impe-
3678 2082 3700 2104 ⁸

1981 2158 2181 2215 nitens
2212 2158 2339 2216 dies
2360 2160 2671 2220 illatDies
2711 2165 2838 2235 ira,
2872 2166 2998 2224 dies
3017 2168 3132 2226 illa
3177 2158 3549 2234 calamitatis
3578 2178 3639 2234 et

1980 2246 2259 2317 miseriae,
2292 2247 2420 2305 dies
2439 2264 2661 2321 magna
2681 2252 2745 2308 et
2756 2266 2969 2311 amara
2996 2258 3204 2315 valde!

2061 2335 2525 2405 «iEratnimirum
2557 2341 2705 2396 tanti
2721 2355 2826 2412 per
2865 2341 3207 2403 immensum
3239 2351 3421 2421 spacii
3464 2351 3629 2411 locus

1984 2419 2424 2496 ipse'penarum,
2462 2429 2741 2499 tantaque
2775 2432 3036 2488 confusis
3059 2437 3115 2490 et
3158 2419 3631 2499 immemorabilis

1985 2510 2311 2581 frequentia
2346 2512 2667 2584 lugentium
2685 2517 3051 2593 populorum,
3084 2530 3363 2595 quantum
3394 2542 3506 2584 non
3536 2536 3628 2587 est

1984 2612 2172 2671 neque
2217 2601 2474 2658 continet
2523 2604 2788 2675 cujusvis
2814 2606 3038 2680 imperii
3087 2626 3360 2682 regnum;
3394 2617 3494 2673 sed
3521 2633 3627 2675 nec

1984 2691 2171 2744 totum
2217 2688 2307 2746 his
2340 2693 2566 2761 putavit
2599 2695 2852 2751 conferri
2886 2712 3015 2753 cum
3049 2699 3280 2758 homine
3328 2705 3623 2781 mundum,

1982 2775 2088 2831 Ubi
2148 2776 2417 2848 plurimis
2464 2780 2763 2839 distinctis
2808 2787 3232 2845 tormentorum
3287 2775 3623 2870 generibus,

1983 2864 2289 2923 adstantes
2319 2868 2430 2924 sibi
2477 2883 2550 2925 ex
2581 2869 2810 2941 legione
2852 2888 2955 2931 sua
3007 2876 3222 2947 singuli
3256 2882 3508 2938 ministri
3542 2864 3626 2942 sic

1982 2952 2101 3009 suis
2131 2955 2636 3027 principiabantur
2667 2960 2990 3033 ordinibUS,
3017 2970 3080 3021 ut
3110 2980 3248 3037 pars
3275 2972 3518 3040 quedam
3544 2978 3629 3029 te-

1981 3042 2181 3098 nebris
2205 3058 2334 3099 cum
2377 3045 2564 3101 fetore
2588 3061 2695 3103 suo
2722 3053 3063 3108 tenerentur
3077 3053 3627 3127 horrentibus,alte-

1983 3143 2043 3184 ra
2081 3130 2260 3201 piceis
2292 3132 2536 3189 ﬂammis
2566 3136 2833 3193 obnoxiis
2871 3140 3237 3199 eondebatur
3278 3144 3626 3219 hominibus,

1983 3217 2095 3274 alia
2122 3234 2286 3296 ‘vero
2311 3222 2474 3293 puris
2499 3222 2752 3295 ignibus,
2778 3230 2834 3281 et
2860 3226 2971 3284 alia
3006 3229 3221 3301 frigore
3244 3236 3301 3289 et
3328 3237 3491 3305 quasi
3517 3217 3634 3292 hie-

1984 3305 2236 3363 malibus
2257 3308 2486 3378 pruinis
2505 3311 2839 3369 eruciandis
2858 3317 3629 3391 augebaturpeceatoribus.

1984 3393 2075 3449 Sic
2102 3410 2205 3465 pro
2228 3396 2455 3453 meritis
2477 3400 2689 3470 cuique
2721 3416 2867 3473 pena
2890 3417 2920 3458 a
2946 3406 3070 3461 suis
3108 3410 3431 3477 parabatur
3462 3426 3636 3483 appa-

1986 3482 2503 3558 ritoribus,et_'ejus
2548 3503 2756 3546 rursus
2779 3490 2888 3547 alia
2916 3507 3051 3564 pars
3097 3496 3260 3565 quasi
3285 3482 3632 3567 quibusdam

1982 3573 2275 3629 extructis
2298 3576 2697 3635 mansionibus
2722 3579 3141 3650 refrigerandis
3167 3584 3359 3642 inutili
3377 3588 3637 3646 minaba-

1982 3661 2082 3715 tur
2113 3661 2434 3720 animabus.
2462 3665 2669 3722 Preter
2698 3667 2803 3724 hec
2837 3668 3228 3728 indeiieientia
3263 3677 3543 3733 vermium
3577 3683 3634 3733 et

1986 3748 2343 3807 flammarum
2369 3756 2706 3824 eternieque
2732 3757 2938 3813 mortis
2961 3758 3227 3816 incendia
3262 3762 3414 3833 ignis
3445 3779 3476 3821 e
3507 3781 3639 3823 con-

1990 3834 2149 3905 tigue
2185 3838 2468 3896 maximus
2489 3855 2599 3897 non
2634 3842 2808 3913 lignis
2839 3847 3245 3905 materialibus
3278 3852 3379 3907 sed
3411 3854 3638 3911 crebris

1987 3924 2176 3982 adhuc
2207 3927 2525 3986 viventium
2557 3930 2750 4002 culpis
2781 3932 3206 3993 conficiebatur
3236 3941 3293 3995 et
3327 3941 3638 3999 cotidianis

1987 4013 2422 4071 offensionibus.
2459 4016 2583 4083 Quo
2606 4017 2733 4074 viso
2764 4034 2875 4075 non
2899 4024 3045 4079 satis
3069 4025 3158 4080 sati
3185 4025 3323 4083 fisus
3352 4028 3637 4101 periculo,

1988 4100 2210 4157 audivit
2233 4102 2304 4156 ab
2326 4103 2530 4173 angelo
2559 4124 2571 4158 ε
2610 4106 2751 4164 Veni
2773 4108 2832 4163 et
2854 4109 3007 4166 vide.
3035 4112 3104 4166 Et
3129 4112 3272 4171 ille:
3315 4116 3507 4187 Video,
3544 4100 3641 4173 do-

1985 4190 2164 4260 mine,
2205 4191 2354 4261 quia
2392 4193 2621 4249 malum
2650 4194 2765 4261 est;
2812 4200 3013 4256 omnia
3057 4201 3226 4257 video
3254 4203 3313 4259 et
3345 4206 3512 4263 mala
3542 4207 3643 4263 hic

1989 4280 2207 4337 omnia.
2229 4279 2355 4337 Sed
2375 4280 2473 4337 dic
2489 4282 2665 4349 mihi,
2688 4285 2942 4357 domine,
2966 4288 3119 4359 quid
3129 4290 3220 4346 est
3236 4290 3343 4348 hoc
3362 4294 3472 4350 aut
3489 4297 3642 4366 quid

1986 4368 2313 4441 signiﬁcat.
2350 4368 2452 4426 Cui
2497 4385 2626 4427 eum
2687 4373 2951 4445 dixisset,
2987 4376 3137 4447 quod
3170 4379 3516 4438 Frandrensi
3548 4399 3640 4440 eo-

1991 4456 2116 4513 miti
2136 4455 2419 4514 Balduino
2444 4460 2756 4529 pararetur
2777 4466 2833 4518 et
2859 4468 3037 4535 esset,
3064 4464 3193 4534 ejus
3216 4467 3414 4523 subito
3465 4470 3639 4526 admi-

1992 4559 2129 4602 rans
2154 4560 2267 4602 non
2313 4545 2591 4618 imparem
2626 4549 2771 4620 regii
2801 4550 2996 4609 cultus
3023 4568 3353 4628 personam,
3389 4557 3640 4615 denomi-

1990 4637 2180 4688 natam
2206 4634 2378 4690 etiam
2404 4649 2534 4692 cum
2559 4636 2783 4695 divitiis
2804 4641 3123 4699 ethumana
3144 4643 3422 4702 felicitate
3440 4652 3642 4717 poten-

1989 4721 2151 4791 tiam,
2188 4723 2236 4778 si
2270 4728 2473 4781 tantus
2526 4726 2617 4782 vir
2674 4730 2808 4800 post
2865 4731 3244 4789 transitorios
3298 4735 3547 4791 honores
3580 4740 3637 4791 et

1987 4810 2230 4881 gloriam
2292 4812 2583 4870 infelicem
2634 4816 2919 4886 ejusmodi
2952 4820 3267 4877 sortiretur
3321 4836 3548 4893 penam,
3580 4828 3638 4880 et

1988 4898 2280 4955 exitialem
2313 4901 2528 4957 debita:
2578 4905 2785 4960 mortis
2819 4906 3132 4980 miseriam,
3187 4909 3294 4965 hac
3324 4911 3637 4967 verborum

1985 5000 2129 5042 voce
2157 4988 2445 5044 clamabat
2472 5008 2483 5043 :
2522 4992 2567 5048 0
2587 4992 2837 5065 domine,
2864 4998 3013 5066 quia
3031 4999 3197 5055 mala
3231 4997 3412 5055 habet
3418 5000 3640 5072 facta?

1986 5074 2053 5130 Et
2087 5076 2372 5145 angelus:
2434 5077 2589 5143 Quia
2615 5080 2844 5138 malum
2884 5083 3066 5156 fecit,
3111 5088 3339 5145 malum
3366 5089 3634 5161 recipiet.

1985 5163 2125 5218 Itcm
2153 5163 2292 5221 ille:
2328 5166 2590 5231 Domine.
2616 5169 2671 5225 si
2694 5170 2955 5228 dimittis
2973 5187 3081 5241 me,
3109 5188 3211 5245 ego
3235 5176 3640 5247 pronunciabo

1984 5253 2086 5308 illi
2117 5254 2187 5307 ut
2209 5256 2588 5310 convertatur
2610 5258 2669 5311 et
2693 5257 2876 5316 vivat.
2901 5261 3126 5319 Sancte
3151 5264 3438 5337 Michael,
3468 5267 3642 5323 mise-

1984 5341 2205 5396 ricordi
2211 5355 2311 5397 am
2330 5343 2401 5398 de
2413 5343 2520 5399 illo
2530 5360 2554 5412 ;
2565 5344 2858 5405 Dominus
2876 5361 2995 5408 non
3011 5349 3270 5424 despicit
3272 5354 3635 5425 peccatores.

216 5415 441 5474 honore
462 5415 653 5474 laudis
671 5416 800 5489 ejus
820 5421 876 5474 et
899 5414 1084 5487 gloria
1115 5418 1404 5490 quidlibet
1434 5419 1719 5491 eptulerit
1748 5423 1864 5480 vir-
1967 5425 2112 5487 Scio
2142 5427 2202 5484 et
2217 5429 2389 5488 credo
2406 5429 2559 5503 quia
2585 5431 2716 5504 ipse
2742 5432 2946 5494 discit:
2976 5414 3132 5499 Νοῶ
3155 5414 3404 5500 mortem
3417 5452 3643 5516 peccat

462 5512 730 5578 Ριτιιοι..
762 5512 971 5578 CLIV.

3275 5538 3318 5599 8
