3960 6052
355 223 474 292 235
500 204 503 209 ”

1333 204 1702 291 HUGONis
1742 205 2096 290 ABBATIS
2136 199 2816 290 FLAVINIAcENsts

3639 211 3757 295 236‘

357 367 506 425 toris
529 364 635 426 sed
652 362 726 424 ut
745 380 823 423 m.
858 377 907 422 o.
942 363 1002 422 et
1024 362 1212 422 vivat.
1237 364 1323 423 Ac
1338 377 1454 437 per
1476 363 1602 435 hoc,
1625 360 1877 433 domine,
1915 359 2002 419 di-
2030 358 2088 423 A
2116 358 2277 428 tudo,
2297 358 2569 433 quantam
2591 356 2719 434 quis
2740 366 2977 434 putaret
2998 365 3126 419 toto
3150 377 3263 421 non
3280 378 3449 436 posse
3468 365 3753 423 contineri

352 457 523 513 mitte
546 470 671 525 me;
697 457 938 513 veniam
968 454 1050 512 ad
1105 455 1301 524 illum,
1332 455 1390 512 et
1434 455 1631 511 dicam
1660 454 1732 511 ut
1762 467 1824 510 se
1847 464 2002 510 reco-

347 544 1067 617 gnoscatetpenitentiam
1079 545 1243 615 agat.
1272 544 1373 599 Cui
1396 544 1639 612 angelus
1654 561 1667 592 :
1684 541 1865 600 Nihil
1862 556 2001 613 pro-

353 634 688 705 derit,quia
699 647 814 690 non
826 633 1033 691 credit.
1056 635 1128 688 At
1141 631 1262 688 ille:
1274 632 1499 701 Etiam,
1517 631 1767 688 domine:
1783 644 2001 688 aurum

256 766 260 771 .
352 722 411 779 et
422 722 736 795 argentum
751 720 931 779 habet
957 720 1244 788 multum;
1260 720 1588 791 possibilia
1600 717 1782 775 etiam
1806 719 1999 776 multa

349 815 418 872 in
430 813 592 870 terra
602 829 627 880 ;
640 811 778 868 bene
776 810 1313 884 possetemendare.
1342 811 1408 865 Et
1425 808 1690 878 angelus:
1704 809 1848 866 Dico
1864 808 1993 879 tibi,

348 915 461 960 sua
489 915 608 959 non
634 901 794 971 sunt,
809 900 916 957 sed
936 898 1180 956 diaboli.
1197 899 1337 967 Sed,
1364 899 1589 967 anima,
1606 911 1850 970 sequere
1874 912 1998 967 me;

347 992 484 1049 veni
506 991 567 1047 et
590 989 743 1046 vide.
778 990 913 1044 Erat
946 987 1230 1057 siquidem
1255 986 1662 1055 adjacentibus
1695 986 1854 1043 mira;
1885 1002 1998 1043 ma-

350 1078 675 1148 gnitudinis
719 1076 936 1149 spaciis
984 1076 1257 1132 diffusum
1291 1091 1394 1146 per
1438 1076 1777 1133 immensum
1827 1078 1992 1147 quasi

351 1167 743 1236 frigidissimae
762 1181 926 1237 aquae
948 1169 1237 1234 stagnum,
1257 1165 1425 1235 cujus
1443 1164 1996 1235 congelascentibus

350 1255 520 1313 undis
546 1269 649 1326 per
669 1258 1168 1323 exurgentescum
1194 1255 1378 1309 fetore
1406 1255 1643 1323 pruinas
1659 1253 1993 1310 mortifer-os

347 1342 505 1400 celos
531 1358 718 1413 usque
740 1343 1335 1399 videbatureructare
1357 1356 1622 1413 vapores.
1645 1344 1990 1399 Continebat

346 1448 592 1504 namque
642 1448 745 1505 per
777 1433 1111 1488 innumeros
1143 1432 1381 1487 ordines
1416 1431 1526 1487 loci
1560 1432 1731 1502 hujus
1772 1432 1994 1504 suppli-

342 1522 493 1580 cium
531 1522 874 1579 muliebrem
900 1535 1122 1589 sexum,
1150 1521 1338 1577 solum
1369 1520 1591 1578 scilicet
1617 1523 1988 1579 meretricum

343 1617 716 1680 conventum,
745 1624 873 1681 quae
892 1625 997 1681 per
1018 1608 1493 1666 incontinentiam
1518 1611 1769 1681 propriae
1793 1611 1988 1667 carnis

2115 452 2362 520 mundo;
2387 465 2631 522 quorum
2653 451 2904 508 omnium
2927 452 3188 524 penale‘m
3211 453 3529 511 condolens
3560 454 3752 525 ﬁnem,

2112 546 2167 597 et
2192 541 2480 613 quandam
2504 540 2875 611 aliquatenus
2895 540 3012 597 illis
3030 542 3083 597 in
3119 542 3602 613 adventujudicis
3627 561 3757 617 spe-

2114 646 2249 687 rans
2280 630 2697 699 remissionem,
2753 629 3013 686 dicebat:
3045 632 3271 689 Sancte
3300 632 3572 704 Michael,
3604 635 3760 706 quid

2107 719 2340 786 facient
2345 718 2686 791 peccatores
2707 717 2804 775 vel
2820 720 3060 791 quando
3075 721 3272 776 veniet
3279 720 3313 791 j
3322 721 3590 779 udicium
3604 725 3716 781 Dei
3727 732 3755 783 Ρ

2110 807 2364 878 Angelus
2384 828 2394 862 :
2421 809 2658 879 Anima,
2682 808 2843 878 tace;
2861 810 3016 878 veni,
3034 822 3276 880 sequere
3290 823 3398 880 me,
3416 810 3754 884 etvidequee

2107 898 2450 956 ostensurus
2460 911 2592 955 sum
2612 896 2743 954 tibi.
2769 899 3064 954 Exeuntes
3083 912 3221 954 vero
3238 898 3445 955 inferni
3461 902 3749 958 stationes

2108 992 2163 1043 et
2213 1002 2487 1058 penarum
2521 986 2643 1043 loca
2668 1000 2741 1042 ex
2771 985 3018 1042 adverso
3049 985 3340 1058 deorsum,
3373 989 3558 1045 totius
3589 992 3747 1062 pacis

2107 1075 2255 1133 lucis
2281 1080 2336 1132 et
2371 1075 2586 1146 quietis
2619 1075 3057 1131 accommodum
3105 1077 3504 1146 praeminentis
3534 1080 3746 1137 montis

2108 1164 2462 1235 superabant
2495 1163 2773 1220 verticem
2834 1163 3044 1234 ipsum,
3102 1163 3196 1219 ubi
3245 1179 3347 1235 per
3377 1167 3744 1225 amenissima

2105 1254 2560 1323 circumquaque
2584 1252 2780 1324 spacia
2807 1267 2911 1324 pro
2945 1253 3115 1311 unius
3136 1254 3423 1325 cujusque
3447 1256 3657 1313 merito
3687 1258 3742 1313 in

2103 1347 2365 1398 eternam
2401 1343 2661 1412 requiem
2692 1356 2962 1398 mansura
3005 1341 3390 1398 ediﬁcabatur
3421 1345 3662 1402 mansio.
3701 1348 3775 1403 A'

2105 1446 2216 1501 quo
2240 1445 2368 1487 cum
2396 1430 2789 1502 placidissimo
2804 1431 3115 1486 verborum
3139 1430 3401 1502 alloquio
3414 1432 3745 1490 sciscitare-

2102 1524 2219 1589 tur,
2256 1519 2393 1590 quid
2416 1520 2526 1575 hoc
2557 1523 2735 1588 esset,
2777 1518 2867 1575 vel
2899 1518 3112 1589 quibus
3144 1517 3257 1575 illae
3280 1523 3459 1576 tantae
3491 1522 3747 1592 magnifi-

2100 1609 2306 1665 centia:
2338 1611 2822 1664 construerentur
2854 1607 3209 1679 mansiones,
3229 1609 3527 1680 respondit
3555 1630 3566 1665 :
3603 1612 3746 1668 Ani-

345 1699 756 1769 adulterando,
803 1699 1066 1755 humanae
1096 1703 1319 1754 naturae
1348 1699 1578 1755 modum
1609 1699 1983 1771 exeedentes,
2015 1721 2071 1782 Β
2098 1712 2217 1768 ma,
2250 1712 2392 1753 nu/m
2423 1697 2524 1754 hic
2542 1697 2764 1753 dudum
2780 1696 2995 1769 fuisti,
3030 1697 3091 1753 et
3114 1710 3230 1754 non
3260 1699 3314 1753 te
3339 1701 3745 1770 recognoscis?

343 1788 443 1845 siti
468 1788 818 1844 mercatoris
841 1803 952 1843 non
982 1788 1413 1859 pertimuerunt
1434 1803 1811 1860 corrumpere
1832 1788 1989 1860 leges

339 1880 397 1933 et
418 1877 570 1947 jura.
589 1879 802 1934 Harum
819 1875 1123 1947 mamillas,
1148 1876 1440 1933 anteriora
1466 1891 1695 1948 quoque
1713 1880 1771 1933 et
1799 1882 1990 1949 poste-

342 1966 496 2023 riora
524 1964 931 2038 perhorrentia
958 1965 1123 2020 multi
1148 1966 1378 2035 generis
1400 1970 1658 2022 monstra
1680 1969 1740 2022 et
1757 1967 1991 2023 cohabi-

342 2054 590 2111 tantium
626 2054 874 2111 maxima
923 2054 1237 2110 multitudo
1262 2054 1620 2125 serpentium
1644 2060 1992 2126 acceperant

342 2144 695 2201 devoranda.
728 2143 952 2209 Quibus
977 2145 1100 2199 visu
1128 2144 1448 2214 percursis,
1470 2144 1784 2212 praemissis
1800 2145 1992 2215 angeli

343 2234 543 2290 verbis
559 2232 859 2304 respondit
876 2232 1077 2291 dicens
1093 2252 1104 2287 :
1120 2233 1354 2303 Sequor
1367 2233 1421 2288 te
1432 2232 1994 2304 dominum,etvideo

341 2323 493 2397 quia
511 2321 807 2379 tormenta
821 2322 1214 2391 suntmagna.
1239 2322 1365 2378 Sed
1381 2321 1477 2378 dic
1496 2322 1669 2392 mihi,
1695 2337 1827 2395 qua
1854 2324 1999 2380 sunt

335 2409 451 2468 illa
483 2408 885 2466 insidentium
941 2409 1211 2481 agmina,
1240 2410 1341 2465 vel
1356 2410 1513 2480 quod
1526 2410 1671 2481 fuit
1680 2411 1994 2481 peccatum

335 2505 571 2556 eorum?
586 2499 698 2555 Hie
709 2497 858 2554 sunt
869 2497 1211 2555 meretrices
1225 2510 1379 2569 quas
1399 2497 1584 2568 vides,
1600 2513 1859 2568 quarum
1869 2514 1993 2555 ma-

332 2584 544 2643 millas
571 2584 820 2641 tortines
840 2582 910 2617 3°“
935 2585 1201 2641 lacerant
1217 2584 1535 2657 serpentes,
1557 2586 1706 2657 quia
1722 2600 1993 2656 peccave-

332 2672 480 2730 runt
509 2686 618 2744 per
629 2686 868 2729 carnem
885 2671 945 2728 et
979 2672 1287 2729 adulteria
1310 2673 1815 2730 adultevaverunt
1827 2688 1993 2745 mag-

332 2776 434 2819 na.
462 2760 686 2817 Atille:
712 2759 1027 2830 Vevobis,o
1056 2761 1360 2829 mulieres,
1376 2760 1908 2831 utquidnascendo
1923 2765 1991 2821 in

334 2849 491 2906 hanc
502 2848 693 2906 vitam
711 2847 999 2905 venistis?
1012 2849 1282 2918 Domine,
1297 2849 1584 2905 sedebunt
1602 2850 1899 2923 hicusque
1910 2852 1992 2908 ad

321 2938 668 3011 judicium?
681 2937 935 3008 Angelus
957 2957 968 2992 :
992 2939 1140 2995 Dico
1155 2937 1282 2995 tibi.
1302 2939 1637 2997 Remissius
1649 2940 1988 2998 eritillisin

2097 1786 2430 1843 Scientiam
2441 1799 2557 1842 non
2569 1784 2775 1853 habes;
2789 1785 2879 1841 ha
2889 1786 3033 1843 sunt
3034 1785 3313 1857 fratrum
3330 1787 3565 1843 tuorum
3577 1802 3744 1845 man-

2098 1874 2311 1944 siones,
2326 1888 2481 1945 quas
2492 1873 2635 1930 olim
2645 1872 2755 1931 tibi
2776 1874 2965 1945 juxta
2984 1876 3275 1947 cujusque
3284 1875 3563 1931 meritum
3572 1876 3741 1933 deno-

2096 1965 2344 2022 minavi.
2371 1966 2441 2021 Et
2464 1963 2560 2019 ille
2574 1982 2593 2018 .-
2606 1963 2871 2030 Domine,
2896 1965 2953 2020 si
2978 1977 3172 2022 omnes
3183 1964 3465 2021 habemus
3483 1966 3740 2023 mansio-

2098 2061 2237 2112 nes?
2265 2052 2554 2122 Angelus:
2585 2051 2839 2108 Habetis
2857 2051 3048 2122 juxta
3066 2067 3241 2123 opera
3260 2053 3473 2110 vesh'a.
3512 2052 3580 2107 Et
3608 2052 3736 2109 ille:

2100 2142 2370 2213 Domine,
2402 2140 2600 2198 adhuc
2627 2140 2925 2197 innotesce
2955 2141 3113 2197 mihi
3138 2141 3210 2197 de
3221 2140 3542 2212 fratribus
3567 2144 3733 2201 meis.

2104 2231 2386 2301 Angelus:
2420 2232 2566 2287 Dico
2599 2229 2743 2295 tibi;
2761 2229 2960 2285 omnia
2987 2230 3081 2287 vis
3098 2230 3271 2300 scire,
3291 2232 3396 2287 sed
3413 2245 3531 2287 non
3545 2232 3734 2302 potes.

2112 2321 2320 2377 Verum
2333 2331 2579 2390 sequere
2596 2331 2704 2374 me.
2746 2317 2902 2386 Veni,
2918 2317 3218 2374 ostendam
3241 2318 3351 2376 tibi
3372 2319 3527 2390 quod
3538 2321 3742 2378 oculus

2100 2423 2214 2466 non
2233 2407 2408 2467 vidit.
2426 2406 2481 2463 et
2501 2409 2674 2463 auris
2684 2420 2799 2463 non
2811 2406 3055 2484 audivit
3070 2407 3129 2462 et
3141 2408 3207 2463 in
3226 2420 3325 2464 cor
3345 2406 3604 2465 hominis
3622 2423 3743 2467 non

2099 2495 2585 2566 ascendit(onr.
2612 2510 2671 2564 Il,
2698 2495 2772 2566 0).
2801 2497 2880 2551 Ac
2903 2495 3145 2566 proinde
3170 2494 3466 2566 paululum
3487 2497 3745 2554 eminen-

2104 2585 2360 2641 tioribus
2384 2583 2599 2655 Spaciis
2615 2585 2932 2655 superatis,
2960 2584 3112 2639 inter
3125 2585 3435 2641 eminentia
3456 2585 3738 2654 ejusmodi

2102 2674 2251 2730 lucis
2266 2678 2323 2729 et
2339 2673 2628 2729 claritatis
2643 2673 3041 2729 constiterunt
3064 2672 3290 2744 fastigia
3308 2691 3322 2739 ;
3341 2673 3435 2729 ubi
3451 2674 3741 2745 quoddam

2101 2763 2265 2833 quasi
2300 2776 2371 2817 ex
2408 2776 2550 2817 auro
2598 2762 2912 2833 purissimo
2945 2761 3193 2817 solidum
3240 2762 3292 2817 in
3344 2762 3575 2819 modum
3612 2779 3743 2836 par-

2097 2851 2352 2908 vissimaa
2394 2863 2622 2905 camere
2684 2848 3065 2921 praefulgebat
3121 2849 3497 2922 domicilium,
3559 2852 3741 2906 radiis

2100 2941 2397 3011 perfusum
2456 2938 2992 3008 circumactumque
3056 2937 3509 3009 ﬂammantibus,
3580 2940 3738 3010 quod

334 3024 681 3097 diejudicii.
711 3025 1082 3081 Cuirursus:
1119 3025 1988 3097 Veni,sequereme,ethisquee
2017 3074 2062 3097 ρ,
2097 3042 2526 3097 nonnumquam
2559 3025 2631 3083 ad
2661 3025 2976 3095 cujuslibet
3024 3027 3263 3083 omnino
3306 3070 3317 3083 .
3364 3070 3375 3083 .
3422 3070 3435 3083 .
3481 3070 3493 3083 .
3540 3071 3552 3083 .
3598 3070 3609 3083 .
3657 3071 3668 3084 .
3718 3071 3730 3082 .

344 3074 424 3082 π,
475 3074 681 3083 πη--.
718 3074 1075 3081 __------_--
1901 3074 1980 3084 ..νυ
2400 3074 2526 3084 μη-
2560 3074 2631 3083 η
2663 3074 2975 3095 ,Ἵππη
3029 3074 3258 3083 ------.-.ν
3306 3074 3317 3083 .
3364 3074 3375 3083 .
3422 3074 3435 3083 .
3481 3074 3493 3083 .
3540 3074 3552 3083 .
3598 3074 3609 3083 .
3657 3074 3668 3084 .
3718 3074 3730 3082 .

344 3074 973 3183 tibimonslrabuntur,
992 3074 1618 3185 diligentiusintende.
1638 3115 1705 3169 Et
1730 3074 1985 3172 illefDo-
2016 3074 2109 3174 Ο.
2156 3159 2168 3172 .
2216 3160 2227 3172 .
2274 3158 2285 3170 .
2332 3074 2402 3173 .Ὶ.
2452 3159 2464 3170 .
2510 3158 2521 3170 .
2570 3158 2581 3170 .
2628 3160 2640 3169 .
2690 3158 2702 3170 .
2746 3159 2757 3170 .
2806 3157 2817 3168 .
2864 3116 3073 3172 divinae
3106 3117 3385 3187 potentia;
3432 3118 3735 3188 speculum

328 3205 970 3276 mine,quovissequor
991 3204 1061 3259 te.
1090 3202 1978 3274 Acpostpaululumprogressi:
2096 3203 2309 3261 mundo
2351 3249 2362 3261 .
2409 3248 2421 3259 .
2468 3247 2479 3259 .
2525 3247 2537 3259 .
2584 3246 2596 3259 .
2646 3247 2657 3259 .
2705 3247 2715 3259 .
2766 3248 2776 3259 .
2824 3247 2835 3260 .
3002 3247 3013 3258 .
3061 3248 3073 3259 .
3119 3248 3131 3260 .
3179 3249 3191 3261 .
3238 3250 3249 3262 .
3297 3249 3308 3261 .
3354 3249 3367 3261 .
3413 3250 3426 3263 .
3471 3207 3736 3263 imitaba-

328 3294 486 3351 Sede
498 3294 616 3364 hic,
648 3292 862 3366 inquit
881 3291 1151 3363 angelus,
1182 3293 1335 3363 quia
1354 3291 1553 3349 adhuc
1574 3292 1771 3349 etalia
1790 3293 1984 3349 multa
2094 3298 2191 3348 tur
2219 3293 2477 3363 globum.
2511 3294 2648 3350 Viso
2671 3294 2781 3350 hoc
2799 3294 3008 3352 divinae
3025 3295 3560 3352 translermationis
3592 3310 3740 3368 prae-

331 3380 581 3439 via’ebis.
608 3381 755 3437 Inibi
779 3396 917 3437 vero
949 3380 1284 3436 consistens
1309 3384 1532 3451 patrem
1564 3380 1849 3450 cujusdam
1874 3382 1982 3435 fra-

330 3471 438 3527 tris
470 3470 656 3526 nostri
698 3469 787 3540 δοθ,
806 3485 975 3541 quem
1000 3469 1182 3541 prima
1197 3468 1345 3525 visio
1371 3469 1980 3539 manifestavit,adbuc

328 3559 554 3628 inignis
586 3562 881 3615 tormento
914 3558 1170 3630 positum
1202 3557 1466 3614 vidit.De
1483 3573 1596 3628 quo
1618 3558 1686 3614 ad
1713 3557 1979 3627 angelum

329 3646 475 3703 dixit
495 3648 945 3717 :Di.vi,domine,
962 3648 1177 3705 amicis
1188 3646 1803 3718 suis,etpronunciavi
1823 3647 1983 3717 quod

328 3734 758 3793 insolubilibus
786 3736 1025 3809 inferni
1066 3737 1156 3792 sic
1181 3736 1507 3807 puniretur
1538 3735 1983 3807 suppliciis.sed

328 3836 447 3880 non
461 3823 1050 3881 credideruntverbis
1060 3824 1341 3881 meis.Ubi
1359 3823 1982 3895 etiam,appositisjux-

326 3911 749 3967 tasententiam
783 3926 945 3968 suam
985 3910 1311 3983 suppliciis,
1338 3910 1704 3967 torrentibus
1735 3911 1978 3968 ﬂammis

328 4000 573 4072 quedam
609 3998 1020 4057 involvebatur
1070 4015 1319 4071 persona
1353 4000 1614 4069 cujusvis
1645 4000 1879 4056 honoris
1914 4006 1978 4057 ut

324 4089 637 4146 videbatur
662 4089 858 4160 digna,
874 4104 1003 4160 quas
1023 4088 1331 4145 demonum
1359 4089 1708 4161 quibusdam
1724 4093 1977 4162 potesta-

324 4186 487 4243 tibus
510 4186 748 4256 tradita,
767 4185 984 4255 majora
1018 4200 1252 4256 semper
1274 4187 1598 4255 cogebatur
1616 4188 1813 4243 subire
1845 4203 1977 4259 sup-

324 4281 517 4354 plicia.
546 4282 724 4352 Cujus
738 4297 869 4338 cum
894 4297 1128 4339 causam
1141 4297 1271 4339 cum
1293 4283 1498 4353 angelo
1517 4288 1740 4354 ageret,
1760 4288 1818 4341 et
1843 4284 1974 4354 quis

325 4384 653 4450 quantusve
678 4375 770 4436 hic
807 4393 934 4435 esse
964 4380 1159 4450 potuit
1191 4380 1532 4450 diligentius
1566 4381 1969 4453 investigaret,

325 4476 549 4533 audivit
578 4496 590 4531 :
624 4479 691 4535 Is
720 4478 792 4534 de
816 4490 933 4548 quo
963 4478 1170 4548 queris
1201 4478 1291 4535 est
1316 4479 1609 4537 Sciherus
1632 4480 1743 4551 (95)
1789 4479 1969 4550 dives,

322 4572 552 4631 cunctis
583 4573 802 4644 quibus
819 4573 1055 4646 efulsit
1072 4588 1316 4645 avarus,
1338 4576 1398 4633 et
1417 4577 1572 4634 totus
1590 4590 1725 4633 vere
1745 4576 1976 4635 diaboli

323 4671 490 4736 illius
501 4690 521 4726 :
536 4673 635 4728 cui
654 4671 903 4742 posthec
922 4672 1113 4729 multa
1126 4687 1260 4744 qua
1269 4673 1438 4730 video
1453 4674 1761 4744 tormenta,
1780 4674 1978 4732 multa

322 4768 521 4826 adhuc
531 4768 918 4841 supersuntet
928 4771 1454 4842 manentfortiora.
1474 4771 1541 4825 Et
1559 4770 1655 4825 ille
1674 4790 1692 4826 :
1705 4772 1971 4842 Domine,

323 4865 570 4924 habebit
592 4865 996 4924 remissionem
1015 4876 1040 4925 ?
1100 4867 1353 4936 Angelus
1380 4886 1399 4922 :
1430 4868 1577 4924 Dico
1605 4867 1737 4939 tibi,
1772 4868 1979 4927 nullus

321 4964 438 5022 scit
455 4964 579 5023 nisi
625 4964 898 5023 dominus
955 4967 1116 5022 Deus
1149 4964 1448 5021 Christus.
1513 4965 1717 5020 Frater
1749 4980 1979 5036 quoque

323 5060 833 5131 suusjuvenculus
855 5062 994 5118 inibi
1020 5060 1205 5116 adhuc
1239 5058 1636 5131 detinebatur,
1682 5062 1835 5132 ignis
1865 5068 1983 5119 tor-

322 5154 517 5207 mento
551 5150 905 5222 purgandus,
946 5149 1061 5204 Nec
1112 5163 1226 5203 non
1258 5152 1419 5205 tanta
1452 5149 1749 5209 hominum
1779 5151 1971 5209 multi-

2094 3381 2271 3451 stigio
2314 3424 2326 3437 .
2373 3425 2384 3437 .
2432 3426 2444 3438 .
2489 3425 2502 3437 .
2550 3425 2562 3439 .
2610 3426 2624 3435 .
2670 3425 2682 3438 .
2726 3383 2980 3439 instabat
3027 3382 3216 3454 angeli
3269 3383 3406 3454 quid
3439 3384 3546 3440 hoc
3577 3392 3741 3442 esset

2090 3484 2448 3539 cognoscere
2480 3485 2783 3542 responso.
2807 3471 2907 3526 Cui
2930 3470 3172 3540 angelus
3198 3490 3209 3524 :
3235 3471 3428 3543 Istud,
3453 3487 3485 3527 ο
3506 3474 3735 3543 anima,

2090 3560 2249 3631 quod
2275 3559 2460 3628 vides,
2488 3560 2578 3616 est
2623 3560 3091 3617 senetissimnm
3115 3560 3414 3632 quoddam
3432 3560 3742 3619 celestium

2087 3648 2511 3719 mysteriorum
2538 3648 2843 3705 secretum.
2879 3648 3178 3717 Signatum
3209 3649 3386 3705 solvit
3425 3651 3737 3707 verborum

2090 3736 2187 3791 Dei
2213 3736 2598 3807 signaculum,
2635 3741 2693 3792 et
2727 3736 3006 3807 proprius
3040 3736 3348 3808 accedens,
3373 3738 3646 3796 ostiolum
3678 3739 3739 3795 in

2089 3839 2157 3880 eo
2181 3825 2448 3881 visus'est
2472 3824 2723 3895 aperire,
2759 3840 2890 3881 cum
2915 3840 3030 3896 quo
3084 3832 3281 3883 tantus
3305 3826 3450 3883 odor
3472 3828 3650 3885 exivit
3678 3832 3739 3883 et

2089 3912 2337 3968 liliorum
2378 3927 2760 3983 rosarumque
2794 3913 3099 3982 ﬂagrantia
3133 3916 3267 3986 (97),
3297 3916 3742 3987 utpreciosissi-

2090 4015 2230 4071 mas,
2257 4001 2512 4057 omnium
2537 4004 2858 4057 aromatum
2885 4002 3115 4073 species
3138 4003 3398 4059 vinceret
3424 4008 3738 4073 etgenera.

2088 4089 2269 4159 Hujus
2319 4089 2731 4146 inestimabilis
2761 4089 2966 4146 celesti
3018 4091 3258 4147 visionis
3303 4096 3363 4145 et
3394 4091 3556 4160 pacis
3586 4092 3745 4148 desi-

2087 4178 2272 4248 derio,
2293 4183 2349 4233 et
2376 4178 2748 4234 inestimabili
2785 4178 3057 4249 perennis
3082 4178 3285 4234 letitiae
3302 4176 3513 4246 gaudio
3527 4178 3744 4235 multo-

2088 4267 2270 4336 magis
2301 4266 2490 4320 anima
2542 4264 2639 4321 illa
2670 4272 2986 4322 exestuans
3037 4265 3279 4337 perfrui,
3317 4264 3547 4321 dicebat
3574 4285 3586 4320 :
3618 4268 3737 4325 Do-

2084 4356 2244 4412 mine
2255 4353 2457 4423 sancte
2469 4351 2943 4425 Michael,guam
2955 4354 3151 4410 multa
3162 4353 3262 4410 hic
3277 4353 3458 4411 totius
3454 4354 3530 4425 fe
3536 4354 3742 4413 locita-

2003 4431 2056 4492 D
2088 4442 2168 4500 tis
2189 4441 2369 4498 bona!
2390 4454 2575 4511 quam
2599 4443 2765 4499 mira
2786 4444 2877 4500 est
2891 4441 3232 4514 inezpertis
3284 4442 3561 4501 suavitas
3578 4445 3742 4502 ista!

2088 4531 2190 4587 Cui
2220 4529 2464 4600 angelus
2494 4548 2507 4583 :
2541 4530 2776 4601 Accede,
2820 4532 3062 4601 anima;
3089 4545 3335 4604 sequere
3361 4546 3473 4603 me,
3514 4533 3656 4592 veni
3679 4533 3746 4591 et

2084 4618 2219 4675 vide
2239 4619 2299 4675 et
2323 4618 2464 4691 lege.
2502 4619 2727 4687 Quibus
2758 4619 2857 4674 ille
2889 4620 3152 4679 intentus
3174 4623 3437 4680 dicebat:
3464 4623 3734 4693 Domine,

2084 4721 2202 4765 non
2224 4721 2463 4778 possum
2491 4709 2703 4781 legere.
2739 4710 2883 4765 Item
2916 4710 3192 4779 angelus:
3221 4712 3383 4782 Vide,
3417 4713 3643 4782 anima,
3676 4718 3742 4768 et

2088 4797 2231 4868 lege.
2268 4799 2337 4852 Et
2368 4797 2465 4854 ille
2497 4817 2509 4853 :
2568 4799 2705 4857 Non
2720 4812 2996 4871 possum,
3028 4801 3283 4871 domine,
3315 4802 3443 4859 nisi
3479 4801 3731 4860 dinei-is.

2091 4884 2478 4955 Adhibitaque
2499 4885 2794 4957 paululum
2817 4901 2951 4958 pers
2960 4887 3230 4959 picaciori
3242 4889 3542 4947 oculorum
3574 4888 3743 4945 lumi-

2093 4986 2183 5043 ne,
2202 4974 2505 5045 praenimia
2532 4989 2643 5046 qua
2657 4975 2969 5033 admodum
2993 4977 3739 5049 resplendebantclaritate

2094 5061 2191 5119 vix
2220 5075 2287 5119 ea
2320 5076 2453 5133 quoe
2483 5063 2591 5120 hoc
2624 5064 2794 5121 modo
2824 5066 3281 5125 continebantur
3311 5066 3618 5138 inscripta,
3654 5066 3738 5122 ita

2082 5150 2278 5223 legere
2294 5155 2557 5224 poterat:
2590 5154 2808 5225 Veniet,
2832 5156 3032 5214 veniet
3050 5155 3177 5218 dies
3193 5155 3622 5231 Dminigicut
3630 5155 3742 5226 fur

1691 5250 1927 5309 νΑΒΙΑΞ
1967 5250 2369 5309 LECTIONES.

1917 5393 2143 5452 NOTE.

390 5319 460 5355 ³⁰³
492 5320 763 5378 tortiles?
835 5317 904 5352 ³⁰⁶
928 5318 1314 5394 superscript.
1351 5332 1403 5381 c.

394 5482 507 5554 (96)
540 5479 1182 5555 Fortasse_Seiherus?
1218 5483 1298 5539 Cf.
1366 5482 1535 5541 Gesta
1590 5497 1720 5555 epp.
1788 5484 1983 5540 Came-

321 5551 440 5614 rae.
475 5551 517 5626 Ι,
542 5557 740 5624 0.121,
777 5552 870 5608 ss.
908 5551 1021 5624 vn,
1057 5568 1113 5625 p.
1152 5555 1288 5612 454.

2166 5482 2280 5555 (97)
2312 5484 2351 5539 1.
2390 5498 2444 5555 q.
2475 5482 2809 5554 fragrantia.
