3950 6048
151 214 274 287 287

1414 221 1914 296 CHRONICON.
1947 266 2028 281 -—
2054 220 2210 299 LIB.
2255 227 2332 298 ῙῙ.

3450 240 3569 310 238

150 360 290 423 cito.
326 367 401 423 Et
431 361 661 424 dicebat
700 361 909 432 :Quid,
944 361 1197 435 domine,
1237 362 1348 435 qui
1388 364 1636 437 facient
1672 366 1812 423 tunc
1844 369 1886 427 Α
1925 367 2233 432 tormentis
2262 370 2323 426 et
2360 369 2620 429 cinculis
2646 371 2947 444 religavit.
2975 373 3111 432 Cum
3162 389 3293 433 mox
3349 379 3563 437 fratres

148 456 496 523 peccatores
522 456 547 509 ἲ
571 455 675 511 Vel
716 452 1578 525 quotrestantanni,utastare
1603 454 1815 513 debeat

151 557 345 602 novus
356 543 523 601 orbis
534 542 780 599 venturo
791 541 1447 613 unicersorumjudici?
1459 542 1805 614 Etjangelus:

153 631 383 690 Anima
398 630 847 705 legesequentia
867 629 926 685 et
956 643 1230 700 cognosce
1257 631 1485 688 cunctis
1522 630 1811 690 intuenti-

159 720 672 779 busmiranda.At
689 717 785 775 illa
802 717 1032 775 litteras
1047 733 1176 789 qua;
1195 733 1466 777 numeros
1477 720 1811 792 exprimunt

157 808 393 879 videns,
430 809 534 865 sed
559 822 634 863 ex
654 806 743 864 eis
763 820 1064 863 numerum
1109 806 1375 876 redigere
1433 822 1544 864 non
1587 808 1806 879 valens,

157 902 359 953 tamen
395 897 531 968 quia
561 896 850 953 modicum
884 895 1199 967 tempusad
1231 895 1287 950 id
1327 910 1510 966 usque
1565 897 1812 954 instaret

158 986 513 1043 intendebat
546 985 748 1042 dicens
772 984 1027 1053 :Etiam,
1042 984 1294 1053 domine,
1324 987 1678 1057 paucisunt.
1741 988 1806 1043 Et

156 1075 409 1145 angelus
434 1095 455 1130 .-
489 1074 637 1131 Dico
651 1072 762 1131 tibi
790 1087 907 1130 non
935 1074 1024 1130 est
1042 1075 1447 1144 amplius;sed
1465 1076 1810 1133 hodiereoe-

155 1164 353 1221 latum
384 1164 482 1221 est
507 1162 618 1221 tibi
631 1176 812 1234 quam
823 1164 892 1219 in
904 1161 1722 1235 breeisitbujusseculiﬂnis,
1738 1166 1810 1221 de

155 1268 270 1325 quo
280 1266 404 1309 non
414 1251 536 1309 ulli
546 1252 857 1321 creatura,
871 1251 1254 1323 nonangelis,
1269 1252 1373 1309 sed
1382 1253 1571 1310 solius
1600 1254 1808 1311 estsci-

150 1342 346 1399 reDei
346 1340 720 1413 patris.Sed
730 1340 957 1409 anima,
970 1340 1127 1410 seni,
1151 1353 1514 1411 sequereme.
1548 1341 1617 1397 Et
1640 1342 1808 1398 Exin-

156 1432 246 1488 de:
274 1428 696 1503 procedentes,
727 1428 932 1498 angelo
964 1427 1121 1484 illam
1146 1432 1379 1486 tenente
1419 1433 1477 1485 et
1511 1430 1802 1502 praeduce,

157 1522 449 1577 venerunt
504 1518 575 1573 ad
598 1522 863 1574 sanctum
912 1519 1169 1587 Petrum,
1224 1517 1469 1589 ejusque
1529 1518 1805 1589 potestati

156 1608 312 1664 illam
348 1606 601 1678 angelus
622 1606 869 1662 tradidit
898 1610 959 1661 et
992 1607 1255 1663 recessit.
1284 1606 1392 1672 Qui
1416 1605 1666 1663 vinculis
1681 1622 1805 1663 eam

1925 457 2226 513 missarum
2250 463 2613 516 sacramenta
2644 461 2970 531 exibentes,
2997 462 3207 535 spiritu
3230 467 3509 525 redeunte
3532 484 3563 525 a

1920 560 2167 616 corpore
2191 562 2317 618 suo,
2352 548 2569 605 auxilio
2591 550 2826 607 missum
2884 552 3111 609 eminus
3166 554 3315 609 vidit
3363 558 3564 612 venire

1922 635 2191 704 angelum
2224 642 2280 691 et
2315 636 2570 695 clamans
2602 638 2746 694 dixit
2782 642 2861 697 :0
2888 643 3091 698 sancte
3125 641 3398 700 Michael
3430 646 3566 702 oeni

1921 724 2171 793 domine,
2187 726 2344 795 veni,
2359 724 2528 783 testis
2541 727 2660 785 esto
2670 728 2842 799 milii,
2860 729 3233 800 adjutorium
3250 732 3414 788 tuum
3439 734 3566 791 colo

1921 812 2002 869 ad
2012 813 2284 869 sanctum
2302 814 2655 882 Petrum;et
2679 830 2870 887 quare
2905 832 3013 889 me,
3056 819 3309 891 domine,
3352 822 3566 880 dereli-

1919 901 2148 972 quisti?
2167 901 2267 957 Cui
2294 902 2568 972 angelus:
2599 905 2881 963 Voluntas
2919 906 3164 965 Domini
3188 909 3344 981 fuit.
3396 911 3559 979 Veni,

1920 1004 2121 1046 eamus
2137 990 2220 1046 ad
2228 993 2501 1048 sanctum
2521 994 2785 1051 Petrum.
2807 996 2879 1050 At
2902 994 3001 1051 ille
3014 996 3217 1053 videns
3230 1012 3382 1068 eum,
3422 1000 3564 1056 mul-

1920 1077 2556 1148 tiplicesingeminabat
2598 1096 2803 1152 preces
2820 1083 3332 1143 dicens:0sancte
3363 1088 3557 1157 Petre,

1916 1167 2408 1224 misericordiam.
2423 1170 2499 1226 Si
2513 1169 2773 1228 dimittis
2782 1184 2893 1241 me,
2912 1171 3144 1228 domine
3167 1174 3563 1233 stabilitatem

1903 1254 2081 1326 facio
2095 1255 2225 1325 tibi,
2244 1256 2304 1311 et
2307 1257 2596 1327 promitto
2612 1257 2741 1327 tibi,
2744 1272 2858 1330 per
2871 1259 3113 1316 Panem
3151 1262 3212 1317 et
3243 1263 3470 1320 Filia/1n
3507 1268 3565 1322 et

1916 1344 2218 1415 Spiritum
2232 1346 2522 1415 sanctum,
2540 1347 2690 1418 quia
2696 1347 3089 1418 penitentiam
3124 1357 3558 1425 agensrequiro

1905 1432 2245 1503 prasentia
2255 1434 2518 1504 corporis
2533 1434 2622 1491 tui
2636 1434 2890 1491 domum.
2910 1436 3166 1504 Angelus
3188 1457 3198 1492 :
3214 1439 3289 1495 Si
3300 1442 3565 1500 emenda-

1914 1534 1981 1577 re
1995 1518 2204 1578 dabis?
2235 1522 2499 1579 Visenim
2519 1523 2928 1580 dare?Etille:
2963 1525 3128 1592 Volo,
3146 1526 3554 1597 domine,colo.

1919 1609 2207 1677 Angelus:
2236 1610 2320 1666 Et
2342 1613 2409 1667 in
2430 1612 3048 1683 hocquodpromisisti
3077 1616 3283 1672 sancto
3331 1618 3509 1676 Petro
3537 1630 3564 1679 .9

154 1698 428 1768 alligans,
460 1695 778 1766 etexigens
802 1695 1063 1752 debitum
1078 1696 1380 1766 cujusdam
1396 1696 1516 1753 voti
1534 1697 1685 1766 quod
1704 1712 1806 1767 pro
1836 1719 1889 1777 Β
1921 1696 2036 1754 Uni
2054 1698 2160 1754 ille
2189 1718 2201 1752 :
2229 1700 2496 1770 Domine,
2518 1714 2635 1757 non
2632 1702 2776 1773 fuit
2782 1703 3216 1775 potestasmea,
3248 1707 3564 1765 sedcolun-

156 1786 387 1844 reddita
423 1784 747 1842 sanitatein
767 1784 1028 1854 ejusdem
1054 1785 1807 1842 festivitatisanniversario

156 1878 234 1934 illi
266 1877 495 1934 dudum
521 1875 757 1931 devovit
782 1878 841 1930 et
874 1890 984 1931 non
1037 1873 1315 1945 reddidit,
1353 1875 1408 1930 in
1470 1874 1601 1932 loco
1657 1874 1808 1944 ejus-

155 1966 305 2023 modi
330 1964 649 2021 tormentis
674 1964 760 2020 sic
810 1964 1061 2020 habilem
1123 1968 1190 2019 ut
1232 1964 1539 2036 puniretur
1582 1963 1803 2034 ligavit.

154 2057 268 2112 Hoc
299 2052 764 2125 equidemmulti
789 2052 1052 2123 ejusdem
1070 2052 1182 2108 loci
1226 2052 1612 2123 incolaacujus
1630 2056 1686 2108 et
1713 2052 1807 2107 hic

154 2145 340 2199 frater
359 2142 503 2199 olim
533 2141 849 2199 canonicus
868 2141 1310 2206 fuitnoverunt,
1357 2142 1510 2213 quod
1574 2140 1805 2197 biennio

149 2237 448 2301 tansacto,
477 2245 610 2288 cum
631 2229 785 2302 apud
800 2230 1180 2302 semetipsum
1205 2230 1275 2286 de
1300 2230 1491 2287 salute
1542 2246 1645 2288 sua
1693 2234 1805 2290 sol-

154 2322 356 2378 licitus
385 2324 447 2376 et
478 2320 619 2389 vita,
672 2318 1591 2389 multaanxiusageretquomodo
1645 2336 1806 2379 mun-

152 2411 286 2467 dum
311 2409 515 2467 exiret
540 2413 601 2465 et
631 2423 694 2465 se
715 2408 824 2465 soli
865 2409 980 2464 Deo
1028 2408 1298 2465 victurus
1351 2406 1654 2478 alligaret:
1698 2411 1804 2468 hac

153 2499 464 2557 voluntate
489 2502 789 2571 permotus
816 2498 1004 2554 virum
1038 2496 1136 2552 Dei
1160 2496 1217 2553 in
1270 2496 1400 2554 loco
1439 2496 1643 2554 eodem
1662 2500 1801 2555 adiit

154 2596 284 2648 vota
314 2588 593 2645 conferre
625 2602 737 2644 non
780 2586 1034 2656 distulit,
1096 2590 1306 2657 petens
1354 2586 1482 2656 ejus
1535 2588 1832 2659 consilio,.

153 2678 393 2737 conscio
422 2681 482 2733 et
516 2680 668 2733 teste
694 2691 889 2733 coram
915 2676 1030 2731 Deo
1060 2689 1123 2730 se
1182 2674 1404 2731 laneam
1465 2691 1577 2732 non
1620 2675 1801 2746 indui,

154 2765 438 2822 carnibus
464 2779 578 2820 non
611 2763 790 2834 vesci,
824 2768 883 2820 et
915 2763 987 2818 ab
1021 2761 1243 2818 illicitis
1266 2762 1461 2818 mundi
1495 2762 1806 2820 desideriis

155 2855 397 2927 penitus
426 2852 732 2922 abstineri,
768 2851 944 2922 idque
978 2850 1132 2907 beati
1156 2850 1314 2906 Petri
1350 2850 1689 2908 testimonio
1714 2850 1806 2906 flr-

154 2944 297 3000 mari
333 2962 350 3011 ;
383 2941 555 3014 cujus
576 2940 868 2997 memoria)
901 2943 957 2996 et
990 2938 1354 2996 venerationi
1400 2954 1661 3010 praasens
1678 2940 1805 2996 dies

154 3031 251 3088 ille
274 3035 507 3104 praesto
556 3035 679 3087 erat
705 3028 816 3099 agi.
871 3027 1035 3095 Quod
1071 3033 1127 3083 et
1172 3029 1388 3084 factum
1439 3028 1493 3083 in
1528 3028 1803 3099 praesenti

155 3120 393 3191 quidem
425 3125 542 3189 est,
568 3118 669 3177 sed
694 3116 1062 3191 postmodum
1088 3116 1400 3185 juventute
1438 3116 1719 3173 illiciente
1748 3122 1804 3173 ct
1839 3109 1887 3134 υ

157 3210 466 3267 illecebris
498 3212 829 3275 revocatus,
848 3212 1081 3279 pactum
1105 3205 1250 3263 illud
1276 3210 1461 3263 totum
1476 3207 1803 3277 abnegavit.

158 3300 266 3355 Sed
300 3313 422 3355 non
456 3296 821 3355 illumadhuc
836 3296 1029 3351 divina
1054 3294 1453 3352 misericordia
1468 3294 1802 3365 dereliquit.

158 3390 380 3445 lterum
417 3391 715 3442 remeante
749 3378 903 3443 beati
931 3384 1092 3441 Petri
1112 3384 1436 3440 festivitate
1475 3384 1531 3440 in
1564 3385 1809 3440 maxima

158 3476 584 3552 desperatione
615 3476 751 3532 vitae
783 3474 1128 3531 debilitatus
1150 3477 1239 3529 est
1280 3473 1635 3529 infirmitate.
1700 3473 1810 3530 Sed

159 3582 370 3624 rursus
405 3567 582 3621 beato
604 3564 782 3621 Petro
814 3563 968 3635 quod
1001 3562 1198 3618 limina
1228 3562 1355 3632 ejus
1391 3562 1658 3619 visitaret
1715 3578 1814 3619 vo-

160 3660 281 3713 tum
318 3655 570 3725 faciens,
596 3657 982 3725 recuperatus
1005 3655 1093 3709 est
1108 3650 1367 3721 sanitati,
1393 3656 1451 3706 et
1470 3652 1578 3707 hoc
1601 3651 1811 3707 iterum

161 3760 274 3801 non
312 3743 604 3816 implevit,
636 3746 974 3815 praeventus
995 3739 1221 3798 scilicet
1272 3740 1368 3796 Dei
1418 3739 1810 3808 miseratione,

160 3848 293 3906 quae
307 3834 473 3891 hunc
490 3832 565 3889 ad
579 3830 914 3889 monasticae
926 3831 1062 3886 vitm
1085 3827 1357 3902 perduxit
1374 3829 1813 3900 perfectionem,

163 3937 409 3979 suarum
425 3922 503 3977 ob
527 3917 1160 3991 hujusmodiconsciam
1173 3917 1480 3975 veritatem
1513 3916 1816 3989 culparum

163 4026 275 4068 non
309 4011 639 4080 immemor,
672 4023 889 4067 vocens
913 4007 1169 4065 attolens
1198 4007 1257 4064 in
1315 4006 1568 4075 ﬂetibus,
1600 4012 1658 4062 et
1692 4021 1817 4077 spe-

165 4115 302 4158 rans
324 4098 875 4171 quomodocumque
907 4097 1019 4153 sibi
1034 4096 1395 4153 commodum
1430 4095 1549 4151 fore
1563 4094 1610 4151 si
1632 4109 1823 4151 emen-

165 4190 468 4246 dationem
509 4187 901 4259 promitteret,
942 4185 1261 4242 clamabat:
1306 4186 1352 4242 0
1386 4180 1589 4242 sancte
1623 4185 1819 4254 Pen-e,

168 4293 307 4336 mea
339 4278 733 4349 culpacoram
752 4275 1344 4347 tedepeccatismeis;
1367 4272 1603 4331 emendo
1642 4272 1824 4330 domi-

169 4380 246 4425 ne
264 4385 292 4438 ,ο
319 4366 532 4423 sancte
546 4362 1529 4434 Petre,misericordiam;domine,
1555 4361 1823 4419 emendo!

1919 1787 2013 1843 tas
2027 1787 2496 1845 domniabbatis.
2520 1791 2990 1849 Etsiemendare
3012 1806 3131 1850 non
3157 1809 3420 1866 possum,
3470 1812 3563 1854 re-

1914 1876 2081 1932 niam
2098 1875 2445 1946 biciterum,
2460 1876 2718 1935 debitum
2733 1880 2999 1938 luiturus
3009 1883 3373 1953 supplicium
3393 1886 3453 1941 et
3478 1901 3562 1942 ec-

1914 1963 2621 2036 cetibijuroperPabrem
2637 1968 2699 2023 et
2735 1969 2963 2025 Filium
3003 1972 3063 2026 et
3094 1973 3399 2042 Spiritum
3427 1988 3564 2031 san~

1915 2052 2091 2123 ctum,
2106 2054 2195 2110 sic
2214 2056 2518 2111 meomnia
2556 2057 3000 2127 completurum.
3037 2061 3153 2115 Hoc
3193 2060 3270 2116 ita
3300 2063 3557 2133 expleto,

1915 2140 2343 2198 educensillam
2363 2144 2608 2213 angelus
2632 2145 2711 2200 ait
2739 2145 3005 2216 :Anima,
3039 2148 3191 2205 caele
3218 2150 3284 2206 in
3310 2165 3474 2221 pace.

1994 2251 2019 2278 «
2049 2231 2269 2287 Hisita
2286 2233 2513 2302 ﬁnitis,
2530 2247 2661 2290 cum
2673 2234 2868 2290 eodem
2879 2235 3050 2293 verbo
3097 2237 3299 2309 afuit,
3322 2239 3383 2296 et
3405 2241 3567 2298 sicut

1915 2320 2766 2392 eoignorantescripseramus,
2821 2324 2911 2380 ita
2946 2324 3050 2381 nec
3079 2326 3284 2383 cadent
3330 2342 3392 2384 eo
3432 2331 3561 2400 ipso

1909 2406 2279 2477 postmodum
2306 2408 2601 2479 referente
2619 2410 2865 2481 scriptis
2882 2412 3288 2482 ﬁrmavimus.
3309 2416 3509 2472 Amen.
3526 2440 3552 2466 η

1989 2493 2132 2563 (F01.
2168 2495 2470 2566 84.)Anno
2503 2511 2731 2568 quoque
2770 2499 2995 2569 eodem,
3055 2499 3110 2555 id
3160 2505 3249 2557 est
3314 2504 3387 2558 ab
3444 2504 3552 2561 inc.

1915 2582 2073 2637 Dom.
2104 2587 2259 2653 1011,
2296 2583 2592 2652 regiminis
2620 2588 2814 2641 autem
2862 2586 2989 2657 ejus
3027 2602 3076 2643 a.
3138 2594 3189 2644 7.
3252 2590 3558 2647 Heinricus

1916 2684 2065 2725 anno
2098 2671 2258 2740 regni
2285 2672 2371 2727 sui
2395 2677 2427 2727 9
2459 2686 2488 2727 a
2523 2673 2837 2729 Benedicto
2869 2690 3014 2746 papa
3048 2676 3103 2731 in
3146 2676 3554 2749 imperatorem

1916 2765 2219 2830 promotus
2243 2764 2352 2816 est.
2392 2760 2555 2831 [Ron.
2593 2762 2763 2818 GLAB.
2796 2778 2858 2819 ιιι
2900 2764 3070 2835 prol].
3125 2767 3195 2821 Et
3251 2782 3385 2823 cum
3441 2768 3557 2837 jam

1916 2854 2421 2923 Langobardorum
2440 2854 3125 2917 instabilitasArduinum
3142 2862 3430 2932 quendam
3445 2862 3557 2919 sibi

1916 2955 2110 3012 regem
2141 2958 2172 2999 c
2215 2943 2566 3015 nstituisset,
2591 2946 2825 3002 tandem
2851 2962 2963 3004 non
3025 2949 3150 3005 sine
3192 2965 3393 3021 magna
3429 2966 3560 3008 suo-

1917 3046 2042 3087 rum
2067 3030 2208 3087 cede
2242 3031 2554 3089 subdidere
2578 3048 2641 3090 se
2672 3036 2745 3105 ei,
2779 3039 2837 3090 et
2866 3035 2952 3092 sic
2985 3038 3292 3095 Heinricus
3327 3040 3593 3111 Papiam~

1917 3119 2174 3187 veniens,
2209 3121 2280 3175 ab
2311 3121 2397 3177 eis
2428 3121 2556 3176 miri
2589 3123 2785 3194 aperis
2818 3124 3096 3195 palatium
3151 3127 3260 3183 sibi
3293 3128 3558 3185 construi

1921 3207 2075 3263 fecit.
2104 3208 2202 3263 llic
2235 3207 2410 3263 etiam
2436 3208 2572 3264 fecit
2600 3209 2897 3266 civitatem
2941 3212 3460 3283 Bavebergensem,
3492 3220 3549 3271 et

1918 3295 2225 3351 ecclesiam
2259 3309 2289 3350 a
2323 3296 2637 3353 Benedicto
2660 3312 2806 3369 papa
2832 3299 3089 3356 dedicari
3114 3301 3388 3373 cptinuit,
3408 3303 3563 3373 ejus-

1921 3398 2032 3454 que
2055 3383 2761 3457 auctoritateepiscopum
2795 3387 2874 3442 ibi
2909 3390 3560 3447 constituit.Eratenim

1920 3486 2057 3527 vere
2078 3472 2420 3542 catholicus,
2445 3473 2821 3543 etreligionis
2833 3478 3055 3532 amator
3072 3478 3420 3549 praecipuus.
3452 3480 3564 3536 Ad-

1922 3563 2164 3618 herebat
2198 3562 2517 3619 moralibus
2546 3563 2839 3620 seniorum
2871 3564 3157 3620 consiliis.
3186 3581 3433 3636 quorum
3462 3583 3563 3638 pu-

1926 3650 2101 3707 ritate
2132 3656 2189 3705 et
2220 3650 2411 3706 nitore
2435 3650 2686 3707 florebat
2713 3652 3104 3723 Lotharingia,
3123 3654 3567 3712 illuminabatur

1926 3738 2193 3807 Saxonis,
2231 3737 2596 3808 dirigebatur
2628 3739 2833 3796 Suevia
2858 3746 2917 3796 et
2950 3739 3305 3798 Alemannis.
3360 3742 3567 3808 Quam-

1927 3826 2126 3881 obrem
2159 3827 2268 3882 sub
2300 3826 2427 3897 ejus
2459 3826 2701 3899 imperio
2723 3828 2885 3885 salus
2901 3827 3238 3887 fuitmundo
3276 3835 3334 3887 et
3357 3830 3562 3901 gloria.

1930 3917 2086 3972 Inter
2119 3930 2266 3986 quos
2298 3914 2548 3972 habebat
2598 3917 2971 3986 gratissimos
3011 3918 3310 3976 Odilonem
3344 3920 3571 3977 Clunia-

1930 4003 2414 4062 censisaacclesite
2447 4010 2671 4076 patrem
2704 4005 3047 4077 piissimum,
3071 4007 3425 4065 Willelmum
3481 4010 3571 4063 Di-

1929 4092 2224 4149 vionensis
2253 4092 2535 4171 tecclesiaa
2592 4098 2879 4150 rectorem
2928 4099 3253 4167 strenuum,
3290 4096 3570 4166 religione

1934 4181 2873 4253 praestantissimum,quietsinon
2902 4188 3071 4240 erant
3110 4184 3180 4241 de
3203 4199 3384 4255 regno
3422 4185 3566 4254 ejus,

1932 4274 2126 4326 tamen
2159 4269 2215 4325 in
2245 4269 2518 4326 amicitiis
2549 4270 2601 4325 ei
2628 4269 3044 4342 jungebantur,
3070 4274 3573 4330 eteorumoratio-

1936 4359 2110 4414 nibus
2127 4358 2287 4428 regni
2309 4358 2547 4427 negocia
2564 4358 2619 4414 in
2636 4373 2775 4431 pace
2796 4361 3223 4418 tractabantur.
3243 4362 3355 4418 Nec
3370 4362 3569 4419 deerat

172 4436 359 4514 Nulli
387 4452 695 4511 hominum
716 4452 787 4509 de
800 4452 1192 4524 promissione
1211 4450 1474 4509 etsalute
1493 4450 1664 4509 credo
1700 4450 1825 4507 nisi
1853 4436 1905 4497 D
1936 4447 2319 4507 familiaritati
2350 4447 2479 4517 ejus
2509 4447 2829 4505 Pandulfus
2869 4451 3257 4521 Agaunensis,
3292 4451 3381 4508 vir
3434 4454 3573 4521 vita,

172 4543 295 4602 soli
308 4543 566 4601 Domino
587 4543 892 4611 ;Domine,
908 4541 1146 4599 emendo
1158 4557 1183 4610 ,·
1195 4540 1507 4599 etosanete
1542 4538 1821 4607 Michael,

172 4646 371 4705 quare
393 4645 489 4689 me
518 4629 1168 4703 dereliquistifPastor
1198 4628 1356 4699 bone,
1397 4630 1601 4687 sancte
1629 4628 1826 4699 Petre,

172 4734 297 4780 non
328 4721 567 4779 diutius
571 4731 813 4792 possiem
840 4718 1068 4776 malum
1109 4718 1217 4775 hoc
1242 4719 1555 4777 sustinere.
1610 4717 1831 4776 Sancte

178 4811 384 4880 Petre,
427 4811 715 4883 scioquia
742 4806 909 4866 mala
912 4808 1057 4880 fuit
1090 4807 1376 4879 cogitatio
1428 4821 1599 4877 mea;
1636 4809 1832 4864 tamen

174 4899 317 4959 disci
337 4899 400 4957 et
421 4899 756 4971 confusius
781 4910 915 4955 sum
936 4898 1137 4955 omnia
1166 4897 1366 4953 domno
1394 4896 1620 4955 abbati.

262 5012 283 5043 ε
312 4993 435 5047 Hoc
465 4989 648 5058 dicto,
681 4991 962 5059 operante
976 4986 1168 5043 divina
1199 4985 1419 5043 virtute
1440 4990 1500 5041 et
1531 4985 1720 5056 gratia
1736 4985 1832 5042 de-

183 5095 302 5138 nuo
317 5079 572 5152 spiritus
586 5078 657 5135 ad
672 5092 889 5149 corpus
901 5076 1094 5147 rediit,
1118 5075 1403 5146 nobisque
1416 5075 1752 5132 videntibus
1776 5074 1832 5130 in

181 5184 315 5226 enm
350 5167 609 5226 viventis
631 5167 882 5223 hominis
910 5166 1109 5223 vultus
1124 5164 1360 5235 resedit,
1377 5179 1444 5221 ac
1467 5178 1594 5221 mox
1618 5178 1832 5220 vocans

189 5260 413 5316 fratres
438 5272 586 5330 quos
601 5257 830 5315 viderat
844 5270 976 5313 esse
999 5258 1343 5329 presentens
1355 5255 1700 5325 colloquens
1720 5253 1829 5311 ait:

185 5347 836 5420 Dilectissimifratres
845 5348 963 5405 mei
974 5348 1034 5404 et
1050 5345 1294 5415 domini,
1308 5344 1677 5402 miseremini
1685 5344 1838 5413 mei;

183 5440 356 5499 orate
376 5451 499 5513 pro
518 5450 629 5509 me,
653 5437 804 5510 quia
817 5435 981 5495 beato
993 5436 1172 5493 Petro
1183 5435 1430 5494 sanctus
1466 5431 1838 5493 Michaelme

186 5528 473 5599 tradidit,
507 5527 572 5587 et
595 5526 653 5588 is
680 5526 905 5586 solome
922 5525 1132 5586 relicto
1166 5527 1234 5585 in
1249 5525 1362 5586 loco
1399 5522 1562 5585 sicut
1591 5523 1838 5585 cernitis

1937 4538 2217 4608 moribus,
2257 4535 2555 4607 religione,
2583 4538 2900 4593 sanctitate
2949 4538 3390 4611 celeberrimus,
3445 4557 3577 4598 cum

1936 4640 2067 4682 eum
2101 4624 2317 4681 faceret
2347 4623 2866 4680 commendabilem
2901 4626 3022 4695 regi
3078 4631 3137 4682 et
3195 4628 3580 4698 optimatibus

1940 4715 2084 4770 fama
2118 4712 2359 4771 virtutis
2382 4712 2527 4783 ejus.
2564 4714 2635 4768 At
2669 4727 2810 4770 vero
2834 4715 2904 4770 de
2930 4729 3109 4785 regno
3135 4716 3397 4785 ejusfere
3412 4722 3580 4787 quot-

1940 4808 2077 4876 quot
2112 4808 2281 4859 crant
2311 4802 2615 4872 pontiﬁces
2645 4807 2703 4858 et
2728 4804 2896 4874 primi
2929 4804 3352 4875 aecclesiarum,
3405 4810 3495 4861 tot
3525 4806 3578 4860 ei

1939 4899 2103 4950 erant
2128 4891 2501 4948 incitamenta
2525 4892 2835 4961 virtutum,
2860 4908 2990 4949 cum
3019 4893 3139 4963 ipse
3153 4893 3371 4948 eisdem
3398 4895 3581 4949 muni-

1942 4987 2125 5051 retur,
2160 4985 2220 5037 et
2248 4980 2359 5052 ipsi
2381 4982 2508 5037 vice
2539 4995 2706 5037 versa
2738 4980 2866 5050 ejus
2888 4981 3242 5037 auctoritate
3273 4981 3583 5038 abillicitis

1945 5071 2475 5144 reprimerenturet
2508 5070 2579 5125 ad
2596 5070 2944 5142 perfectiora
2990 5075 3469 5140 provocarentur.
3496 5072 3585 5125 In-

1940 5167 2034 5220 ter
2047 5174 2193 5233 quos
2207 5160 2359 5217 hunc
2373 5162 2599 5232 patrem
2614 5163 2877 5215 nostrum
2894 5157 3148 5213 habebat
3190 5157 3581 5229 karissimum,

1943 5250 2098 5308 inter
2113 5250 2443 5322 praecipuos
2456 5247 2776 5318 egregium,
2796 5246 3016 5318 pietate
3034 5246 3489 5319 praedicabilem,
3506 5264 3579 5304 re-

1944 5339 2162 5411 ligione
2189 5337 2707 5396 commendabilem
2733 5353 2749 5403 ;
2781 5339 3131 5407 quemtanta
3154 5338 3307 5393 Deus
3337 5338 3590 5396 donave-

1944 5434 2038 5487 rat
2067 5428 2325 5487 omnium
2354 5425 2567 5497 gratia,
2593 5430 2654 5483 ut
2696 5440 2726 5481 a
2745 5424 3039 5499 plerisque
3061 5441 3166 5498 pro
3218 5426 3421 5483 inclita
3477 5427 3591 5485 sibi

1947 5517 2313 5588 benignitate
2342 5514 2600 5592 vitaeque
2630 5518 2687 5575 et
2720 5516 3006 5576 sermonis
3028 5514 3368 5592 acceptione
3389 5521 3447 5571 et
3478 5530 3592 5580 non
