3950 6048
322 243 440 304 289

1284 240 1656 305 HUGONIS
1696 237 2044 302 ABBATIS
2088 233 2766 298 FLAVINIACENSIS

3609 243 3730 303 240

325 374 530 431 affecta
553 373 842 445 elegantia
867 373 971 431 sed
1004 373 1242 445 inpensa
1266 374 1453 444 gratia
1501 372 1610 430 hoc
1656 373 1969 430 vocaretur
1996 368 2052 430 A
2083 366 2305 438 ralitas,
2331 381 2531 424 verum
2546 366 2819 424 Masmelli
2836 372 3071 442 pontem
3084 370 3271 427 eidem
3287 371 3559 444 contulit,
3577 389 3731 430 mer-

322 463 652 534 agnomine,
672 462 952 520 videlicet
984 462 1311 520 Richardus
1342 462 1538 518 Gratia
1587 460 1707 531 Dei,
1733 460 1888 517 sicut
1909 463 1967 515 et

323 558 560 611 sanctus
583 553 750 610 Odilo
774 553 845 610 ab
867 553 1119 624 ingenita
1145 554 1366 624 pietate
1389 552 1545 621 Pius,
1567 556 1627 607 et
1649 548 1970 606 Willelmus

325 658 353 697 a
383 642 579 713 rigore
612 642 986 699 ferventioris
1021 642 1308 714 propositi
1340 641 1521 711 Supra
1547 637 1745 709 regula
1778 638 1972 694 dictus

324 736 432 789 cst.
477 734 615 788 Erat
636 737 692 789 et
722 733 775 787 in
808 732 1106 803 regalibus
1138 730 1398 801 negociis
1448 727 1881 801 pertractandis
1911 730 1966 783 et

326 821 710 893 disponendis
731 819 1062 877 consodalis
1097 820 1227 890 ejus
1264 817 1511 875 domnus
1570 816 1972 874 Ermenfridus

326 909 708 966 Virdunensis
733 908 1014 966 mcclcsize
1045 908 1378 977 canonicus,
1413 906 1581 977 cujus
1601 907 1720 963 vita
1737 910 1969 963 actuum

323 998 455 1054 luce
490 1000 634 1055 satis
667 998 864 1070 seipsa
897 996 1281 1054 commendat.
1301 994 1665 1053 Feliciatunc
1704 999 1970 1066 tempora

327 1086 705 1143 Virdunensis
728 1085 1032 1155 accola-sim,
1057 1086 1238 1141 tantis
1271 1084 1380 1141 sub
1404 1084 1678 1141 Heimone
1691 1083 1970 1155 episcopo

327 1174 623 1244 insignitae
655 1174 944 1247 personis,
974 1177 1034 1230 ut
1070 1189 1255 1245 usque
1313 1174 1368 1229 in
1428 1173 1773 1229 hodiernum
1820 1172 1970 1227 diem

325 1268 559 1319 actuum
594 1262 829 1320 illorum
860 1262 1133 1320 claritate
1174 1261 1571 1334 resplendeat,
1617 1276 1746 1332 qua)
1795 1261 1969 1317 etiam

322 1354 484 1407 tanta
517 1351 618 1422 sit,
654 1357 718 1408 ut
752 1351 908 1408 nulla
940 1350 1583 1407 vetustateoblitterari
1613 1349 1827 1406 valeat.
1855 1350 1970 1406 Sub

324 1452 394 1495 eo
417 1440 569 1497 enim
596 1440 833 1497 Amicus
866 1440 1217 1511 praepositus
1232 1438 1556 1496 mcclesiam
1589 1442 1804 1495 sanctae
1834 1439 1972 1495 Cru-

324 1528 410 1585 cis
440 1529 796 1598 construxit,
830 1527 993 1585 Dudo
1018 1528 1373 1600 praepositus
1424 1526 1748 1584 aecclesiam
1782 1525 1968 1583 sancti

328 1617 645 1685 Laurentii,
676 1614 1969 1688 Ermcnfriduspraefectusaecclesiamjsanctze

331 1705 518 1759 Maria:
546 1705 918 1774 Magdalcum,
960 1704 1097 1759 etin
1143 1719 1209 1759 ca
1265 1704 1675 1759 canonicoruin
1719 1708 1966 1768 turmam

330 1792 691 1875 aggregavit,
720 1793 936 1862 quibus
967 1791 1182 1848 victum
1208 1807 1279 1847 ex
1307 1790 1490 1861 regali
1540 1790 1849 1861 largitione
1910 1794 1969 1844 ct

331 1894 633 1950 procerum
650 1880 970 1937 traditione
991 1880 1347 1936 sufﬁcienter
1361 1879 1616 1952 providit
1636 1883 1719 1945 ;ct
1739 1892 1971 1934 venera-

331 1967 465 2023 bilis
492 1968 814 2025 Richardus
844 1968 1261 2025 monasterium
1314 1971 1644 2023 sanctorum
1704 1966 1859 2023 Petri
1912 1971 1970 2023 et

328 2056 491 2113 Pauli
525 2063 584 2113 et
606 2058 757 2112 beati
791 2058 984 2113 Vitoni
1018 2057 1420 2113 confessorisa
1448 2055 1972 2112 fundamentisere-

329 2149 483 2200 ctum
510 2149 671 2200 tanta
708 2145 761 2201 in
799 2150 1094 2217 posterum
1128 2144 1567 2216 possessionum
1599 2147 1656 2200 et
1675 2142 1973 2213 religionis

333 2233 467 2288 dote.
487 2232 715 2303 ditavit,
735 2238 894 2290 tanta
925 2234 1178 2305 reliquas
1191 2233 1492 2291 aecclesias
1514 2232 1786 2289 claritate
1810 2231 1973 2287 dota-

330 2320 435 2390 vit,
472 2327 532 2375 ut
568 2322 776 2378 merito
800 2327 965 2395 pater
988 2321 1270 2385 urbislux
1294 2321 1519 2394 patriae,
1553 2320 1732 2378 decus
1772 2318 1973 2377 accele-

331 2409 430 2464 siae
464 2410 674 2466 debeat
692 2410 992 2467 nominari.
1010 2410 1138 2466 Vita
1162 2410 1313 2466 enim
1328 2410 1455 2480 ejus
1479 2408 1763 2465 mirabilis
1794 2408 1971 2465 vitam

334 2497 648 2555 multorum
668 2497 987 2554 mirabilem
1011 2498 1267 2555 reddidit
1288 2497 1687 2565 ;conversatio
1701 2497 1827 2566 ejus
1846 2510 1973 2568 spe-

334 2586 570 2644 ctabilis
606 2586 806 2658 plures
828 2585 972 2642 alios
993 2586 1350 2657 spectabiles
1385 2584 1842 2657 bonisoperibus
1892 2586 1974 2640 in-

333 2675 547 2731 stituit.

405 2767 488 2819 16.
521 2762 627 2818 Sed
662 2776 768 2818 nec
793 2762 918 2834 ipse
948 2761 1194 2819 domnus
1224 2762 1467 2818 Heimoa
1505 2763 1669 2819 bonis
1696 2762 1974 2834 operibus

336 2855 634 2907 vacantem
667 2851 917 2907 animum
949 2851 1223 2922 praebuit,
1255 2851 1388 2921 quin
1422 2851 1621 2922 potius
1650 2850 1973 2907 zecclesiam

334 2940 515 2996 sancti
547 2939 823 2996 Johannis
848 2940 901 2994 in
935 2939 1521 3011 prospectucivitatis
1554 2939 1820 3009 sitam,in
1863 2952 1973 3010 qua

334 3028 519 3085 sancti
550 3028 924 3085 confessores
957 3028 1207 3097 Maurus,
1242 3026 1530 3098 Salvinus,
1576 3030 1786 3084 Arator
1819 3027 1976 3098 quie-

332 3122 523 3187 scunt,
560 3116 921 3173 melioratam
948 3115 1323 3185 restauravit,
1346 3119 1405 3172 ct
1428 3115 1480 3171 in
1496 3130 1561 3171 ea
1582 3116 1975 3186 congregatio-

333 3221 461 3261 ncm
507 3205 1037 3263 sanctimonialium
1093 3204 1202 3259 sub
1226 3204 1613 3274 dispositione
1659 3204 1843 3275 patris
1881 3204 1975 3260 Ri-

332 3294 532 3350 chardi
580 3292 928 3362 regulariter
943 3291 1258 3347 viventium
1276 3290 1612 3359 instituit,et
1631 3295 1872 3347 matrem
1886 3291 1972 3349 eis

331 3380 582 3436 consilio
596 3380 644 3449 ej
658 3380 852 3435 usdcm
867 3378 1128 3450 providit
1144 3376 1523 3447 Adelbcrgam
1543 3377 1767 3434 fidelem
1817 3379 1976 3435 Chri-

332 3469 405 3524 sti
423 3467 712 3537 famulam,
749 3481 876 3538 quie
891 3466 1413 3538 cognominabatur
1427 3467 1565 3537 Ava,
1582 3465 1752 3537 cujus
1767 3481 1977 3523 memo-

334 3557 416 3612 ria
434 3560 783 3612 estaaterna.
819 3555 1114 3611 llaeccnim
1155 3554 1457 3626 velutapis
1500 3554 1972 3625 prudentissima,

333 3644 519 3716 patris
544 3643 634 3700 sui
682 3642 1301 3698 formamimitatacum
1317 3643 1390 3698 ob
1414 3640 1675 3712 zclilboni
1718 3642 1978 3699 devotio-

332 3746 459 3787 nem
491 3735 551 3787 et
586 3730 718 3787 fidei
743 3730 1275 3800 magnanimitatem
1292 3745 1597 3787 servorum
1639 3730 1739 3788 Dei
1767 3730 1978 3789 lustra-

336 3824 423 3876 rct
450 3819 734 3890 ccenobia,
758 3824 822 3875 ut
847 3819 916 3875 ad
950 3833 1152 3875 eorum
1194 3818 1577 3876 imitationem
1617 3818 1979 3886 emularetur

332 3908 644 3964 karismata
676 3906 936 3977 meliora,
972 3906 1308 3965 Cluniacum
1325 3907 1450 3979 ivit,
1468 3913 1528 3965 et
1552 3908 1676 3965 viro
1690 3909 1788 3966 Dei
1805 3909 1977 3966 beato

332 3996 562 4053 Odiloni
592 3994 895 4053 advenisse
914 3996 1209 4069 nunciata,
1225 3997 1396 4070 cujus
1436 3997 1688 4054 animum
1706 3998 1832 4071 ipsa
1854 4012 1981 4071 pos-

332 4084 568 4141 sidebat
590 4084 803 4157 pietas,
835 4099 965 4141 cum
983 4083 1191 4157 grandi
1211 4084 1421 4142 affectu
1452 4091 1725 4159 suscepta
1739 4086 1975 4144 est.Ubi

331 4187 661 4244 quanquam
681 4186 822 4230 usus
850 4172 1136 4231 ecclesiae
1164 4178 1346 4245 esset,
1367 4178 1427 4231 et
1459 4188 1564 4247 pro
1596 4172 1980 4247 legehabere-

329 4267 446 4333 tur,
473 4266 539 4318 ut
568 4261 829 4319 claustra
864 4263 1338 4320 monasterii'non
1365 4261 1619 4321 calcaret
1646 4278 1749 4336 pes
1779 4262 1980 4320 mulie-

333 4349 473 4420 bris,
500 4349 622 4422 ipsa
656 4365 762 4422 pro
793 4365 892 4408 sua
918 4350 1199 4421 religione
1229 4356 1288 4407 et
1323 4352 1510 4423 patris
1560 4351 1976 4409 Richardicum

333 4443 540 4493 sancto
564 4437 808 4495 0dilone
840 4438 1089 4495 indivisa
1114 4438 1400 4495 dualitate
1428 4455 1541 4498 non
1584 4439 1768 4498 solum
1824 4440 1982 4497 clau-

331 4530 518 4582 strum
553 4526 816 4599 intravit,
851 4542 1052 4583 verum
1085 4527 1261 4582 etiam
1281 4528 1526 4601 capituli
1546 4528 1981 4586 societatemin-

331 4614 530 4687 depta,
555 4619 615 4670 et
646 4614 944 4671 Dominico
959 4615 1052 4672 die
1067 4615 1137 4672 ad
1154 4617 1589 4688 processioncm
1623 4631 1753 4673 cum
1788 4615 1980 4672 fratri-

333 4702 440 4759 bus
463 4707 737 4775 suscepta
774 4708 884 4773 est,
921 4704 1072 4775 quod
1107 4720 1292 4776 usque
1324 4705 1498 4760 hodie
1532 4704 1586 4759 in
1628 4704 1829 4761 eodem
1864 4719 1980 4760 mo-

330 4789 588 4846 nasterio
611 4794 911 4862 permanet
946 4791 1301 4848 memoriale.
1330 4790 1459 4860 Egit
1485 4792 1592 4847 hoc
1634 4790 1786 4847 beati
1848 4790 1980 4847 Odi-

330 4876 480 4935 lonis
511 4894 648 4950 erga
685 4878 865 4935 filium
898 4879 1262 4936 carissimum
1306 4883 1363 4934 et
1405 4879 1757 4935 confratrem
1811 4879 1981 4936 devo-

331 4968 621 5025 tissimum
666 4969 915 5025 affectus
956 4968 1323 5040 propensior,
1378 4967 1621 5024 dilectio
1664 4968 1975 5041 profusior,

327 5055 546 5111 caritas
577 5056 648 5113 de
673 5057 773 5113 illo
809 5058 965 5112 fonte
1001 5071 1295 5127 emanans,
1333 5056 1402 5111 de
1439 5072 1553 5127 quo
1589 5061 1764 5114 tantas
1810 5057 1980 5113 nobis

330 5144 713 5216 perfectionis
728 5145 929 5202 alveus
944 5146 1127 5200 diriva
1140 5150 1232 5201 tus
1245 5151 1337 5200 est
1353 5146 1501 5201 idem
1518 5145 1795 5203 videlicet
1814 5151 1981 5217 pater

328 5235 554 5303 noster,
588 5233 686 5303 qui
703 5234 871 5290 nobis
895 5250 923 5289 a
942 5236 1112 5290 beato
1124 5234 1328 5291 eodem
1343 5233 1713 5293 donatusest.
1741 5234 1850 5290 Sed
1870 5249 1979 5290 nec

328 5335 466 5391 erga
498 5321 693 5378 locum
713 5322 810 5392 qui
841 5327 1091 5394 praeerat
1106 5322 1805 5380 domniHeimonisdefuit
1836 5322 1979 5378 libe-

2005 4224 2061 4286 D

2080 460 2392 527 catumque
2417 454 2472 511 in
2505 456 2788 514 suburbio
2820 457 2917 528 qui
2951 458 3137 515 eidem
3169 461 3439 517 coenobio
3493 460 3726 531 adjacet

2079 545 2406 602 habendum
2419 545 2747 616 constituit,
2766 546 3063 603 in'murum
3098 547 3152 603 in
3168 548 3422 607 circuitu
3438 556 3730 607 monaste-

2082 634 2154 689 rii
2185 648 2256 689 ex
2286 646 2390 689 suo
2421 633 2685 689 construi
2720 633 2876 689 fecit.
2923 634 3066 705 (Fol.
3102 635 3234 706 84’.)
3279 637 3630 709 Exactisque
3672 639 3728 694 in

2079 722 2425 794 episcopatu
2447 725 2515 778 36
2543 721 2729 794 annis,
2765 722 2911 778 obiit
2967 723 3144 780 2Kal.
3192 725 3341 796 Maii,
3400 741 3551 785 anno
3609 728 3724 785 inc.

2080 813 2239 868 Dom.
2276 814 2417 867 1024
2442 815 2500 868 et
2535 811 2805 884 sepultus
2836 816 2922 868 est
2956 812 3010 868 in
3042 813 3307 870 aecclcsia
3367 830 3539 886 quam
3598 816 3727 888 ipse

2079 901 2430 957 construxit.
2449 901 2655 971 (Gesta
2687 900 2897 973 γένει).
2917 902 2984 956 Et
3000 902 3288 959 successit
3305 903 3359 958 in
3375 904 3723 976 episcopatu

2079 990 2447 1061 Rambertus,
2485 989 2581 1061 qui
2614 990 2952 1062 saepefatum
2980 995 3201 1062 patrem
3226 1006 3337 1049 non
3365 992 3573 1050 minori
3592 994 3730 1050 affe-

2079 1081 2177 1141 ctu
2211 1077 2413 1149 coluit,
2436 1078 2609 1135 immo
2622 1078 3030 1136 devotionema
3058 1079 3593 1151 praedecessoribus
3620 1083 3729 1138 ini-

2080 1166 2279 1222 tiatam
2313 1171 2373 1222 et
2405 1167 2474 1225 ad
2507 1181 2567 1225 se
2598 1182 2786 1240 usque
2819 1167 3137 1225 derivatam
3172 1169 3263 1241 pia
3281 1170 3728 1229 bonzevolunta-

2080 1255 2159 1311 tis
2173 1256 2479 1312 affectione
2493 1256 3035 1329 auxit,provexitet
3056 1256 3316 1314 sustulit.
3365 1259 3575 1315 Verum
3610 1246 3743 1315 non'

2081 1345 2152 1401 ab
2167 1360 2228 1400 re
2244 1343 2495 1416 videtur,
2517 1346 2563 1402 si
2579 1359 2711 1403 cum
2727 1346 2855 1416 ejus
2872 1342 3205 1415 familiares,
3227 1349 3288 1401 et
3301 1345 3463 1416 regni
3477 1345 3724 1416 gloriam

2081 1448 2209 1504 quae
2232 1434 2341 1489 sub
2357 1434 2484 1506 ipso
2500 1439 2649 1505 erat,
2687 1434 2985 1506 miramur,
3008 1432 3726 1506 etiaquuisimperatoris

2080 1522 2215 1579 vitae
2233 1522 2427 1579 exitus
2454 1522 2629 1579 fuerit
2682 1523 3032 1579 intueamur.
3091 1522 3255 1595 [Rom
3314 1522 3486 1579 Gus.
3529 1537 3610 1591 ιη,
3646 1522 3724 1594 1.]

2078 1611 2358 1683 Tempore
2389 1611 2585 1683 itaque
2616 1611 2744 1681 ejus
2776 1626 2881 1668 rex
2902 1612 3229 1681 Ungrorum
3262 1626 3393 1669 cum
3426 1616 3597 1682 gente
3619 1625 3725 1669 sua

1999 1728 2052 1787 B
2082 1699 2451 1755 Christianus
2484 1698 2799 1755 factusest.
2820 1699 2921 1756 Cui
2945 1700 3122 1756 etiam
3138 1700 3431 1771 Stephano
3460 1699 3513 1754 in
3541 1699 3730 1787 bapti-

2083 1791 2268 1842 smate
2300 1787 2459 1843 dicto
2479 1801 2810 1857 germanam
2835 1803 2998 1845 suam
3027 1801 3267 1845 uxorem
3292 1787 3474 1857 dedit,
3519 1790 3578 1843 et
3603 1786 3730 1858 ipse

2081 1888 2231 1931 anno
2263 1875 2533 1945 sequenti
2565 1874 2903 1932 infirmitate
2937 1876 3397 1946 ingravescente,
3426 1875 3558 1945 quia
3597 1881 3726 1931 erat

2079 1964 2302 2035 absque
2325 1964 2479 2035 filiis,
2495 1963 2703 2022 videns
2730 1965 2863 2036 quia
2890 1964 2961 2021 ad
2990 1964 3149 2035 regni
3168 1963 3462 2033 fastigium
3493 1962 3727 2035 plurimi

2080 2052 2260 2109 duces
2289 2058 2347 2109 et
2369 2052 2993 2125 comitesaSpirabant,
3045 2053 3224 2123 elegit
3258 2053 3583 2109 Conradum
3624 2051 3728 2106 ali-

2082 2141 2313 2211 quando
2347 2142 2456 2198 sibi
2486 2148 2845 2213 suspectum,
2887 2142 2987 2200 sed
3047 2145 3369 2210 strenuum,
3414 2140 3511 2212 qui
3570 2143 3729 2197 Cono

2083 2228 2410 2301 dicebatur,
2435 2234 2495 2286 et
2514 2229 2596 2287 sic
2619 2244 2749 2287 cum
2771 2230 2959 2301 gloria
2992 2230 3138 2286 obiit
3182 2230 3522 2286 monarches
3559 2242 3730 2286 cesar

2082 2324 2370 2388 angustus
2392 2323 2423 2374 3
2456 2318 2593 2376 ldus
2617 2318 2775 2390 Julii,
2808 2333 2878 2375 eo
2906 2318 3184 2374 videlicet
3218 2332 3369 2373 anno
3408 2332 3522 2387 quo
3554 2332 3726 2390 supe-

2085 2406 2207 2463 rius
2221 2410 2560 2465 annotatum
2580 2414 2673 2463 est
2693 2406 3030 2479 epiSCOpum
3047 2405 3378 2462 Hcimonem
3394 2405 3634 2462 obiisse.
3655 2408 3728 2461 At

2082 2509 2223 2551 vero
2239 2495 2565 2567 Stephanus
2583 2497 2907 2565 Ungrorum
2924 2494 3390 2566 rex,imminente
3404 2509 3539 2551 voca
3550 2494 3730 2551 tionis

2086 2597 2207 2641 suae
2225 2588 2486 2656 tempore
2500 2584 2569 2641 ad
2604 2584 2868 2642 caelestia
2893 2588 3192 2653 evocatus,
3209 2598 3361 2639 nunc
3387 2583 3441 2638 in
3458 2583 3725 2640 aecclesia

2087 2686 2197 2742 qua
2233 2673 2550 2743 requiescit
2577 2674 2871 2744 humatus,
2913 2671 3408 2729 miraculisclaret
3428 2673 3721 2743 egregius.

2084 2761 2366 2830 Regnavit
2401 2765 2594 2818 autem
2610 2762 2913 2818 Heinricus
2946 2775 2996 2817 a.
3036 2764 3123 2830 24,
3160 2776 3232 2816 m.
3267 2763 3319 2831 6,
3350 2766 3410 2817 et
3432 2761 3733 2817 Conradus

2086 2849 2373 2905 successit
2395 2850 2640 2907 Othonis
2672 2851 2772 2906 IlI.
2806 2850 2962 2905 illius
2992 2848 3081 2918 εστ,
3118 2849 3214 2920 qui
3241 2849 3467 2920 accepit
3489 2863 3726 2905 uxorem

2086 2937 2323 3009 Gislam,
2359 2938 2588 2995 Rodulfl
2613 2939 2766 3009 regis
2800 2938 3144 3009 Burg’uudize
3175 2952 3452 3007 sororem,
3476 2937 3725 2994 Conradi

2084 3029 2141 3080 et
2157 3026 2450 3083 Mathildis
2466 3026 2659 3097 filiam,
2677 3026 2749 3082 de
2763 3041 2871 3097 qua
2897 3026 3095 3095 genuit
3119 3026 3354 3081 tertium
3375 3025 3728 3089 lleinricum.

2086 3113 2185 3183 qui
2215 3114 2610 3171 venerabilem
2644 3114 2992 3171 Richardum
3017 3115 3283 3171 abbatem
3325 3114 3477 3170 inter
3509 3115 3732 3186 primos

2086 3200 2285 3272 palatii
2321 3202 2541 3259 habuit.
2580 3204 2741 3276 [lem
2770 3219 2851 3274 ιιι,
2875 3202 2953 3275 2.]
2978 3202 3173 3269 Quoin
3210 3202 3732 3274 temporerebella-

2084 3295 2294 3346 verunt
2324 3296 2525 3347 contra
2567 3292 2887 3349 Robertum
2935 3294 3281 3349 Francorum
3326 3306 3520 3362 regem
3581 3292 3729 3363 Odo,

2084 3378 2319 3435 Tebaldi
2346 3379 2571 3437 fallacis
2606 3380 2778 3450 illius,
2803 3385 2862 3437 et
2891 3379 3234 3451 Willelmus,
3270 3379 3526 3437 Heinrici
3558 3380 3730 3437 ducis

2086 3467 2406 3539 privignus,
2425 3468 2653 3525 favente
2675 3473 2732 3524 et
2758 3470 3024 3525 Brunone
3048 3468 3433 3539 Linguonensi
3450 3469 3734 3540 episcopo

2085 3555 2254 3626 cujus
2277 3557 2329 3612 in
2365 3558 2737 3614 matrimonio
2768 3557 3015 3614 habebat
3045 3572 3331 3628 sororem,
3360 3562 3421 3613 et
3445 3558 3734 3614 Landrico

2086 3642 2427 3701 Nivernensi
2451 3645 2684 3702 comite.
2719 3645 3037 3703 Rainaldus
3064 3660 3204 3702 vero
3253 3659 3449 3702 comes
3500 3646 3731 3717 praefati

2087 3730 2530 3790 Willelmifllius
2561 3747 2823 3790 sororem
2850 3732 3123 3790 Richardi
3156 3733 3738 3791 Normannorumdu-

2088 3818 2176 3875 cis
2193 3819 2590 3877 Adbelleidam
2615 3821 2780 3878 duxit
2805 3836 3066 3879 uxorem.
3092 3820 3492 3889 Quivldelicet
3514 3820 3739 3877 Willel-

2089 3922 2238 3978 mus,
2276 3907 2416 3965 licet
2447 3908 2690 3981 advena,
2726 3910 3012 3968 intantum
3047 3910 3343 3967 convaluit
3390 3909 3617 3966 divitiis
3674 3915 3733 3966 et

2089 3996 2324 4067 milicia,
2363 4002 2425 4053 ut
2454 4012 2568 4054 non
2591 3998 2957 4055 inveniretur
3005 3999 3059 4055 ei
3092 3998 3388 4056 secundus
3411 3998 3467 4053 in
3519 3998 3730 4070 patria.

2091 4085 2190 4141 Cui
2226 4089 2415 4142 tamen
2443 4084 2753 4158 plurimum
2786 4088 3010 4144 restitit
3058 4089 3222 4159 llugo
3265 4087 3738 4145 Autissiodoren-

2090 4172 2189 4243 sis,
2224 4172 2321 4244 qui
2354 4173 2689 4232 abbicomes
2716 4174 2912 4232 dictus
2943 4180 3054 4247 est,
3078 4176 3250 4247 cujus
3264 4179 3573 4247 cognatam
3590 4175 3737 4230 Con-

2091 4261 2366 4318 stantiam
2399 4262 2695 4320 Robertus
2726 4263 2978 4320 habebat
3002 4279 3265 4321 uxorem.

2163 4350 2323 4423 [1310.
2364 4366 2438 4421 ιν,
2474 4352 2549 4424 1.]
2582 4357 2670 4409 17.
2695 4351 3028 4425 Igiturpost
3048 4352 3422 4410 Benedictum
3439 4366 3646 4426 papam
3680 4368 3732 4411 a.

2089 4443 2229 4497 1023
2262 4440 2442 4496 frater
2470 4439 2598 4510 ejus
2627 4440 2921 4497 Iohannes
2988 4440 3299 4512 largitione
3340 4441 3603 4513 pecuniae
3663 4455 3737 4497 ex

2089 4526 2278 4585 laicali
2303 4528 2511 4585 ordine
2542 4528 2869 4602 neophytus
2891 4529 3200 4587 ordinatus
3225 4535 3334 4587 est.
3381 4533 3425 4587 A
3449 4545 3563 4601 quo
3603 4545 3737 4587 cum

2090 4617 2438 4688 requisisset
2470 4618 3157 4691 Constantinopolitanus
3198 4619 3471 4690 antistes,
3518 4626 3582 4676 ut
3635 4635 3737 4682 sua

2088 4705 2357 4763 aacclesia
2382 4706 2536 4763 sicut
2563 4711 2625 4763 et
2646 4708 2900 4763 Romana
2916 4706 3271 4765 universalis
3327 4706 3649 4777 diceretur,
3681 4711 3740 4762 et

2091 4794 2404 4851 doniseum
2429 4795 2839 4866 Romanosque
2871 4795 2971 4867 qui
3004 4796 3183 4853 curiae
3233 4800 3526 4867 praeerant
3576 4795 3742 4850 innu-

2090 4883 2267 4939 meris
2288 4882 2572 4953 flecteret,
2592 4884 2668 4940 ita
2687 4888 2745 4940 ut
2761 4882 3743 4955 clanculotemptareutconcedere

2090 4972 2246 5043 quod
2307 4971 2644 5042 rogabatur,
2697 4972 2884 5028 omnis
2931 4974 3006 5029 ob
3048 4974 3157 5029 hoc
3215 4970 3742 5028 vehementissime

2090 5066 2377 5116 commota
2406 5064 2495 5117 est
2522 5060 2705 5115 Italia.
2743 5060 2848 5117 Sed
2867 5060 3184 5117 Galliarum
3212 5060 3746 5131 episcopictabba-

2088 5151 2180 5204 tes
2214 5146 2305 5204 his
2333 5147 2569 5204 obviare
2590 5148 2785 5204 conati
2819 5153 2979 5220 sunt,
3005 5148 3238 5219 quidam
3263 5149 3317 5203 in
3345 5163 3593 5220 persona
3612 5163 3740 5216 ειη,

2091 5234 2324 5305 quidam
2359 5249 2494 5291 vero
2515 5234 2732 5293 litteris
2753 5235 2951 5293 missis
2985 5237 3183 5293 sedem
3202 5236 3589 5308 apostolicam
3605 5236 3747 5292 visi-

2090 5327 2302 5393 tantes,
2336 5326 2394 5381 et
2425 5326 2654 5382 tantum
2676 5323 3054 5396 obprobrium
3069 5321 3742 5382 etdedecusauctorita-

1688 5434 1927 5492 VARUE
1969 5426 2369 5495 LECTIONES.

396 5521 465 5561 ’δ”
495 5523 559 5582 Ο.
594 5523 691 5597 lli,
724 5523 761 5581 τ.
794 5524 863 5584 in
887 5526 1162 5599 margine
1191 5526 1423 5585 addita.
