3950 6048
213 233 327 295 241

1471 231 1971 300 CHRONICON.
2004 268 2083 282 —
2114 233 2248 296 LIB
2274 233 2351 295 II.

3504 232 3622 298 242

211 365 375 422 tibus
404 364 476 421 ad
509 365 762 423 medium
792 368 1064 440 prolatis,
1098 369 1309 441 quibus
1339 368 1748 427 contradicere
1774 368 1860 423 fas
1892 366 1946 428 Α
1978 368 2230 423 stratum
2261 365 2359 436 sit,
2392 363 2601 436 vulgus
2633 368 2823 420 tamen
2855 364 3134 436 injustum
3168 381 3274 437 pro
3314 368 3484 424 Justo
3528 383 3623 424 ve-

210 467 324 508 non
349 457 527 524 esset,
544 469 574 510 a
596 454 849 510 Romana
877 456 1140 513 aecclesia
1162 458 1598 530 prepulsantes.
1628 457 1743 512 Nec
1766 454 1863 512 de-

212 541 415 598 fuitin
447 541 540 599 his
588 543 775 614 patris
825 544 1100 602 Richardi
1152 546 1446 604 autentica
1500 544 1859 618 praesentia:

209 629 388 685 immo
421 631 657 687 omnino
680 633 892 703 sategit
920 638 982 690 ut
1008 634 1689 707 ConstantinOpolitanea
1718 647 1865 706 prae-

207 719 473 791 sumptio
496 720 799 776 confutata
821 722 1291 793 conquiesceret,
1308 723 1487 779 ﬁlium
1512 737 1575 780 se
1595 724 1863 780 Romanae

207 807 521 879 recelesiaa,
540 808 672 864 dum
694 809 900 866 matris
915 810 1121 868 honori
1138 812 1506 884 providebat,
1524 812 1858 869 ostendens.

209 897 409 970 [Imm]
440 899 602 953 Inter
631 896 779 954 alios
812 914 1043 971 quoque
1065 900 1392 959 Willelmus
1417 902 1595 958 abbas
1617 901 1865 958 eximius

206 985 525 1058 epistolam
556 1002 722 1060 papae
758 988 914 1045 misit
942 1004 1189 1061 corpore
1215 990 1470 1062 brevem,
1498 992 1598 1047 sed
1624 989 1863 1047 materia

208 1073 512 1143 ingentem
545 1078 602 1129 et
635 1088 903 1132 sermone
950 1074 1324 1149 locupletem,
1359 1092 1529 1150 quam
1578 1078 1671 1135 hic
1716 1078 1866 1135 inse-

206 1176 342 1219 rere
378 1177 494 1220 non
530 1162 716 1235 piguit
753 1183 765 1220 :

279 1253 483 1309 Gratia
519 1252 617 1310 Dei
652 1256 710 1309 et
743 1254 1074 1311 reverentia
1107 1254 1262 1312 beati
1292 1256 1449 1313 Petri
1484 1255 1608 1313 sedi
1644 1256 1697 1312 in
1723 1256 1864 1312 orbe

205 1345 508 1398 terrarum
559 1341 1069 1401 excellentissiman
1120 1344 1361 1418 indepto
1413 1360 1573 1418 papze
1616 1332 1863 1402 Iohanni

204 1428 547 1487 Willelmus
577 1429 646 1463 ’σθ
674 1432 868 1489 crucis
900 1432 1113 1490 Christi
1156 1449 1363 1491 servus
1411 1440 1609 1491 sedem
1656 1434 1862 1504 judicii

204 1534 338 1575 cum
374 1518 664 1591 apostolis
692 1524 751 1577 et
783 1535 1057 1578 coronam
1091 1523 1274 1593 regni.
1314 1523 1571 1595 Magistri
1601 1524 1861 1594 gentium

204 1606 387 1674 dictis
407 1607 778 1681 instruimur,
799 1610 1085 1667 seniorem
1102 1625 1213 1668 non
1229 1611 1862 1684 increpandum.lsdem

205 1701 405 1751 tamen
438 1696 585 1786 alias
616 1697 788 1753 dicit:
819 1697 1042 1757 Factus
1061 1713 1193 1757 sum
1210 1701 1525 1773 insipiens,
1548 1714 1648 1759 eos
1666 1716 1759 1759 me
1776 1716 1864 1759 σο-
1893 1725 1947 1786 Β

204 1785 446 1857 egistis.
464 1784 691 1842 Idcirco
712 1786 892 1857 igitur
915 1787 1213 1846 ﬁliationis
1236 1788 1536 1860 diligentia
1562 1790 1863 1847 hortamur

201 1890 575 1932 communem
608 1880 867 1932 vestram
901 1878 1340 1950 paternitatem,
1363 1883 1427 1935 ut
1459 1879 1513 1935 in
1538 1895 1652 1935 uno
1678 1880 1865 1937 imite-

202 1964 345 2019 mini
380 1964 776 2035 cogitationes
809 1965 1103 2023 hominum
1137 1965 1538 2039 pervidentem
1571 1969 1863 2026 dominum

205 2050 602 2124 Salvatorem,
622 2057 686 2109 ut
707 2052 918 2109 dicatis
938 2054 1009 2109 ad
1035 2052 1286 2126 aliquem
1309 2055 1495 2126 vobis,
1512 2056 1859 2127 unanimem,

202 2142 701 2213 quemadmodum
726 2146 784 2197 et
809 2142 934 2215 ipse
956 2144 1161 2200 Petro:
1193 2144 1352 2210 Quid
1371 2144 1865 2216 dicuntjtomines

198 2230 271 2286 de
299 2230 444 2286 me?
477 2230 532 2286 Si
564 2245 705 2287 vero
740 2244 1085 2303 responsum
1118 2230 1245 2302 ejus
1273 2246 1345 2287 ex
1378 2232 1489 2288 fide
1524 2232 1865 2305 fuerit,jani-

201 2318 568 2375 madvertite
592 2318 847 2391 qualiter
875 2320 1159 2377 sonuerit.
1187 2321 1242 2377 Si
1264 2320 1443 2392 clare,
1469 2322 1763 2378 custodite
1793 2338 1862 2379 nc

200 2407 584 2464 obfuseetur.
612 2407 666 2463 Si
689 2422 829 2464 vero
855 2409 1130 2479 obscure,
1158 2407 1257 2465 lux
1282 2409 1478 2466 mundi
1504 2410 1721 2467 oranda
1746 2415 1857 2483 est,

199 2494 471 2567 qualiter
503 2496 584 2552 ita
610 2495 906 2566 fulgeatis,
935 2500 996 2552 ut
1024 2496 1314 2554 universis
1338 2498 1394 2553 in
1418 2499 1641 2568 gremio
1663 2498 1863 2556 {eccle-

197 2585 300 2642 siae
318 2584 676 2641 constitutis
690 2584 760 2641 ad
776 2585 926 2641 viam
948 2586 1352 2643 mandatorum
1368 2587 1466 2643 Dei
1482 2585 1860 2657 gradiendam

198 2672 403 2731 lumen
436 2673 771 2745 praebeatis.
797 2672 907 2728 Sed
929 2676 1019 2729 est
1041 2675 1186 2730 fama
1212 2674 1317 2744 rei,
1347 2689 1685 2748 quaepuper
1707 2677 1861 2749 apud

198 2776 308 2818 vos
344 2760 589 2831 accidit,
623 2760 693 2817 de
727 2775 837 2832 qua
864 2761 997 2830 quis
1019 2762 1265 2819 audiens
1295 2761 1341 2819 si
1366 2777 1476 2819 non
1502 2763 1861 2821 scandaliza-

199 2855 321 2921 tur,
361 2849 595 2906 noverit
631 2863 694 2906 se
727 2849 898 2920 longe
929 2851 1001 2907 ab
1035 2865 1230 2908 amore
1262 2865 1517 2924 superno
1548 2852 1855 2926 disparari.

199 2939 492 3006 Quoniam
518 2937 655 2994 licet
678 2942 947 3012 potestas
970 2940 1211 2997 Romani
1231 2939 1478 3014 imperii,
1499 2956 1626 3013 quae
1641 2941 1777 2998 olim
1802 2944 1856 2998 in

198 3030 350 3085 orbe
384 3032 678 3083 terrarum
709 3027 1053 3086 monarches
1083 3029 1289 3102 viguit,
1316 3044 1469 3087 nunc
1501 3044 1604 3103 per
1627 3030 1857 3088 diversa

197 3123 503 3174 terrarum
537 3116 663 3174 loca
716 3117 1037 3174 innumeris
1070 3124 1311 3189 regatur
1341 3083 1856 3193 sceptrrisjligandi
1890 3083 1940 3148 Ο

196 3204 595 3275 solvendique
623 3204 678 3260 in
711 3204 862 3262 coelo
892 3210 953 3262 et
985 3204 1041 3262 in
1088 3209 1247 3262 terra
1282 3207 1858 3280 potestasiincumbit

197 3292 550 3364 magisterio
597 3293 775 3349 Petri.
814 3295 1005 3365 Atque
1056 3293 1276 3352 idcirco
1326 3294 1434 3352 ista
1483 3296 1757 3367 diximus,
1794 3300 1857 3355 ut

90 3434 93 3437 λ
196 3381 693 3439 animadvertatis
727 3395 839 3438 non
872 3380 1047 3439 aliter
1088 3383 1301 3441 Greeos
1333 3398 1503 3456 quam
1533 3385 1856 3443 cenodoxia

197 3472 308 3528 hoc
348 3470 507 3542 quod
542 3470 872 3527 audivimus
906 3471 1059 3543 apud
1095 3486 1195 3528 vos
1226 3472 1548 3545 requirere,
1583 3472 1858 3546 impetra-

198 3561 383 3617 visse.
420 3560 500 3615 De
531 3564 733 3614 cetero
766 3573 1000 3631 quoque
1029 3564 1321 3632 optamus,
1349 3562 1433 3618 uti
1466 3562 1855 3620 universalem

197 3648 375 3704 decet
414 3647 761 3719 antistitem,
787 3662 890 3705 vos
914 3648 1109 3706 acrius
1131 3648 1185 3704 in
1210 3650 1582 3722 correptione
1604 3656 1662 3707 et
1686 3651 1857 3708 disci-

196 3738 360 3809 plina
396 3741 614 3793 sanctae
646 3741 706 3792 et
741 3735 1080 3809 apostolicae
1112 3738 1655 3811 aecclesizejigcre,
1688 3743 1857 3797 aeter-

199 3839 395 3897 neque
428 3829 488 3880 et
525 3824 774 3882 feliciter
805 3825 861 3881 in
897 3826 1127 3883 Christo
1176 3826 1389 3884 valere.

271 3914 425 3985 (Fel.
444 3914 665 3987 85.)Sic
679 3914 979 3971 confutata
1003 3916 1318 3975 Grecorum
1344 3916 1723 3990 prmsumptio
1741 3921 1851 3974 est.

203 4004 429 4061 todem
464 4017 633 4075 anno,
667 4003 765 4075 qui
796 4010 922 4060 erat
958 4005 1029 4061 ab
1063 4004 1175 4062 inc.
1212 4007 1371 4062 Dom.
1410 4010 1566 4077 1024,
1595 4006 1765 4077 jussu
1797 4010 1855 4063 et

201 4090 570 4149 obmdientia
584 4091 772 4163 patris
794 4091 1089 4165 Richardi,
1118 4094 1429 4165 Leduinus,
1447 4095 1517 4151 de
1540 4110 1655 4166 quo
1680 4109 1855 4167 supra

201 4180 543 4251 retulimus,
580 4179 980 4253 praelatus‘est
1010 4183 1259 4240 abbatim
1289 4184 1475 4240 sancti
1529 4183 1781 4240 Vcdasti.

274 4273 448 4327 Anno
480 4284 711 4341 quoque
741 4274 878 4327 1027
920 4270 1066 4327 obiit
1118 4272 1431 4329 Fulbertus
1480 4273 1857 4331 Carnotensis

200 4359 546 4431 episcopus,
599 4356 915 4415 indictione
949 4364 1021 4428 7;
1055 4360 1151 4431 qui
1199 4366 1416 4432 quanto
1462 4376 1658 4418 amore
1703 4362 1855 4421 hunc

1976 470 2190 513 nerans
2221 454 2276 511 in
2308 469 2413 512 suo
2444 453 2766 527 permansit
2797 468 3000 510 errore
3030 453 3117 510 ³0⁸.

2050 541 2192 613 (Fol.
2224 542 2352 612 85‘.)
2387 547 2473 599 18.
2498 543 2620 599 Iam
2656 546 2848 598 autem
2879 542 3067 597 eidem
3102 542 3252 614 patri
3280 542 3492 600 Gratiae
3521 546 3620 603 Dei

1977 629 2341 704 przelationis
2372 631 2599 687 sarcina
2631 629 2828 701 gravis
2860 630 3191 701 videbatur,
3212 630 3328 700 jam
3362 631 3435 688 ad
3462 637 3622 689 ante-

1976 721 2133 777 riora
2162 719 2458 792 progredi,
2494 718 2855 790 liberiusque
2888 719 3098 777 divinze
3141 719 3619 793 contemplat‘oni

1976 807 2245 865 inherere
2272 806 2534 876 juvabat,
2570 807 2703 877 quia
2737 807 2853 878 jam
2887 807 2940 862 in
2975 807 3099 877 ejus
3144 809 3321 865 corde
3374 809 3623 868 mundus

1977 897 2231 952 aruerat.
2259 896 2327 950 Et
2354 894 2484 965 quia
2504 893 2806 966 quosdam,
2826 895 3393 967 quiJherosolymam
3410 897 3620 967 ierant,

1979 984 2149 1040 beate
2181 983 2237 1038 in
2271 982 2501 1040 Christo
2532 984 2883 1040 occubuisse
2925 985 3254 1055 constabat,
3293 986 3446 1042 inter
3478 1002 3623 1058 quos

1978 1086 2212 1143 quoque
2245 1071 2531 1144 quendam
2563 1086 2636 1127 ex
2668 1072 3187 1142 Augustudunensi
3215 1074 3515 1131 territorio
3536 1090 3624 1131 sa-

1978 1175 2113 1217 num
2146 1164 2205 1217 et
2233 1164 2503 1230 vegetum
2534 1159 2809 1231 nullaque
2843 1160 3048 1217 mort-is
3081 1162 3243 1232 signa
3286 1162 3618 1235 habentem,

1978 1250 2034 1305 in
2068 1248 2198 1306 loco
2232 1248 2329 1305 ubi
2362 1249 2675 1305 novissime
2706 1252 2997 1306 steterunt
3033 1250 3211 1323 pedes
3241 1251 3464 1307 Domini
3489 1266 3619 1309 cum

1976 1344 2225 1409 orasset,
2246 1343 2301 1394 et
2336 1353 2397 1395 se
2430 1337 2724 1411 ajDomino
2747 1338 2963 1410 suscipi
2993 1339 3047 1394 in
3072 1354 3214 1411 pace
3242 1340 3619 1413 postulasset,

1978 1429 2208 1484 modico
2241 1427 2442 1485 dolore
2469 1443 2602 1484 mox
2620 1431 2865 1498 tactum,
2886 1427 3039 1483 domi
3073 1427 3345 1501 relatum,
3370 1445 3621 1501 moxque

1979 1517 2227 1573 relatum
2260 1517 2464 1573 eodem
2500 1516 2553 1572 in
2590 1515 2719 1573 loco
2751 1531 2864 1587 quo
2897 1521 3188 1587 oraverat,
3212 1518 3479 1589 spiritum
3504 1520 3621 1576 Deo

1981 1605 2327 1676 reddidisse,
2363 1608 2524 1662 certa
2567 1606 2712 1660 fama
2757 1603 3098 1675 vulgaverat
3130 1625 3143 1660 :
3177 1609 3373 1663 tactus
3404 1611 3463 1663 et
3493 1606 3621 1679 ipse

1980 1698 2186 1751 sancto
2206 1693 2380 1751 simili
2407 1694 2570 1750 bona:
2594 1692 2924 1749 devotionis
2946 1693 3262 1765 desiderio,
3285 1695 3620 1767 sepulcrum

1979 1783 2204 1840 Domini
2222 1783 2474 1840 invisere
2487 1782 3021 1853 gestiens,quaesita
3038 1799 3066 1839 a
3086 1784 3346 1856 principe
3360 1789 3416 1841 et
3433 1785 3624 1857 ponti-

1982 1871 2190 1930 ficibus
2208 1873 2487 1943 regnique
2502 1870 2860 1944 primoribus
2873 1876 2930 1927 et
2945 1872 3151 1930 vicinis
3168 1872 3439 1931 ﬁdelibus
3452 1877 3511 1931 et
3524 1872 3622 1931 vix

1978 1966 2220 2033 optenta
2246 1961 2504 2031 licentia,
2526 1959 2843 2017 destinavit
2866 1961 3050 2033 primo
3074 1961 3210 2019 ﬁliis
3232 1962 3541 2034 providere
3563 1967 3622 2021 et

1978 2064 2178 2106 eorum
2202 2049 2256 2105 in
2275 2049 2545 2108 omnibus
2568 2062 2765 2107 curam
2792 2062 2984 2120 agere,
3012 2054 3076 2107 ut
3100 2056 3297 2122 posset
3318 2067 3447 2108 cum
3473 2052 3621 2110 bona

1977 2140 2234 2196 omnium
2288 2139 2599 2196 affectione
2649 2140 3142 2213 peregrinationis
3188 2140 3372 2197 omcia
3420 2148 3621 2200 sancta

1977 2229 2303 2301 suscipere.
2342 2230 2544 2300 Itaque
2586 2229 2919 2287 Cluniacum
2969 2229 3094 2300 ivit,
3127 2233 3188 2285 et
3240 2230 3390 2287 sicut
3436 2246 3622 2303 usque

1977 2318 2149 2375 hodie
2181 2317 2235 2373 in
2270 2317 2471 2373 eodem
2505 2318 2772 2375 coenobio
2804 2321 2993 2375 manet
3019 2317 3370 2390 memoriale,
3395 2323 3620 2390 patrem

1977 2406 2300 2478 piissimum
2335 2410 2604 2464 sanctum
2638 2407 2938 2463 Odilonem
2964 2405 3282 2463 Virdunum
3309 2421 3505 2463 secum
3527 2407 3623 2465 de-

1977 2495 2164 2565 duxit,
2185 2510 2353 2566 quem
2371 2494 2570 2567 plurin
2590 2495 2636 2551 is
2650 2495 2856 2552 diebus
2879 2509 3072 2552 secum
3096 2494 3371 2566 retinens,
3390 2510 3617 2553 omnem

1974 2583 2027 2640 ei
2061 2584 2397 2641 monasterii
2415 2583 2837 2655 habitudinem,
2864 2597 3055 2641 mores
3075 2587 3134 2641 et
3154 2584 3332 2665 vitam
3357 2585 3423 2641 ha
3435 2585 3619 2642 bitan-

1975 2673 2119 2729 tium
2142 2672 2433 2744 lostendit,
2462 2673 2686 2744 judicio
2716 2672 2843 2743 ejus
2871 2678 2929 2731 et
2958 2672 3191 2730 tuitioni
3227 2672 3453 2744 singula
3484 2689 3618 2732 con-

1972 2760 2233 2832 tradens,
2259 2766 2318 2817 et
2350 2762 2421 2818 ad
2452 2761 2579 2833 ejus
2608 2762 2915 2819 arbitrium
2946 2762 3215 2820 universa
3240 2762 3543 2833 corrigens
3559 2768 3621 2821 et

1972 2849 2341 2907 confirmans.
2378 2851 2625 2908 Gavisus
2657 2854 2746 2907 est
2783 2856 2974 2908 autem
3009 2852 3066 2907 in
3106 2851 3345 2908 Domino
3377 2855 3619 2908 sanctus

1974 2938 2164 3010 Odilo,
2203 2938 2335 3010 quia
2370 2952 2475 3011 per
2504 2953 2606 2995 eos
2639 2954 2785 3010 quos
2814 2938 2926 2996 sibi
2961 2938 3113 2997 filios
3152 2940 3371 2996 fecerat
3399 2942 3458 2996 et
3491 2938 3619 2997 loco

1972 3026 2299 3098 remiserat,
2334 3028 2565 3084 fructus
2597 3027 2730 3083 boni
2762 3028 2960 3084 odoris
2991 3028 3291 3099 carpebat.
3329 3027 3469 3097 (Fol.
3500 3031 3614 3102 86.)

1974 3115 2077 3171 Ubi
2111 3129 2252 3171 vero
2288 3114 2579 3171 voluntati
2614 3114 2845 3172 illorum
2872 3115 3236 3172 satisfecisse
3260 3130 3322 3171 se
3339 3116 3612 3187 credidit,

1970 3202 2305 3261 valedicens
2334 3202 2624 3273 omnibus,
2662 3202 2841 3260 filium
2875 3205 2991 3261 Deo
3026 3204 3461 3274 commendans,
3490 3204 3619 3261 Clu-

1970 3293 2200 3351 niacum
2216 3292 2412 3364 rediit,
2427 3297 2485 3349 et
2502 3293 2571 3350 de
2586 3293 2857 3365 profectu
2875 3291 3155 3351 zecclesiae
3170 3292 3330 3350 illius
3342 3292 3616 3363 gaudium

1968 3382 2104 3439 filiis
2135 3386 2191 3439 et
2223 3382 2505 3439 fratribus
2536 3380 3016 3439 Cluniacensibus
3044 3381 3291 3438 exibuit.
3325 3382 3615 3438 Referunt

1970 3471 2160 3528 adhuc
2189 3471 2472 3542 moderni,
2499 3470 2595 3542 qui
2620 3470 2930 3528 audierunt
2956 3485 2984 3527 a
3008 3471 3296 3543 patribus,
3324 3470 3454 3543 quia
3480 3485 3619 3542 quo—
3730 3468 3754 3493 ⁸

1968 3560 2124 3617 tiens
2145 3560 2217 3617 ab
2242 3559 2374 3616 istis
2398 3560 2667 3632 partibus
2685 3558 3146 3631 regrediebatur,
3165 3559 3310 3615 adeo
3327 3574 3389 3615 se
3402 3558 3619 3629 gratio-

1971 3663 2096 3706 sum
2130 3650 2201 3705 de
2234 3649 2425 3720 bonis,
2452 3638 2670 3720 quze'in
2706 3652 2871 3720 patre
2902 3652 3105 3705 nostro
3127 3651 3183 3705 et
3205 3647 3340 3705 ﬁliis
3363 3647 3621 3718 gratula-

1970 3737 2163 3805 batur,
2188 3736 2646 3809 exibebat,adeo
2670 3752 2770 3794 eos
2789 3736 3286 3794 commendabiles
3309 3737 3614 3808 reddebat,

1970 3832 2034 3884 ut
2056 3831 2288 3899 gratum
2313 3827 2557 3884 haberet
2580 3828 2676 3899 qui
2700 3826 2957 3883 videbat.
2975 3827 3162 3898 Igitur
3182 3827 3402 3900 paratis
3421 3840 3619 3884 neces-

1970 3917 2145 3974 sariis
2161 3916 2516 3988 sumptibus,
2540 3915 2847 3987 dispositis
2872 3915 2978 3973 vize
3000 3916 3337 3987 comitibus,
3353 3914 3619 3972 commis-

1968 4020 2030 4062 sa
2046 4006 2164 4061 Deo
2182 4005 2432 4062 filiorum
2463 4018 2624 4075 cura,
2645 4004 3052 4061 benedictione
3078 4004 3374 4077 pontificis
3397 4008 3456 4060 et
3480 4003 3617 4059 vici-

1970 4108 2175 4149 norum
2194 4092 2534 4164 praesulum,
2550 4092 2898 4163 optimatum
2914 4105 3144 4162 quoque
3158 4092 3483 4148 etomnium
3499 4107 3616 4147 om-

1970 4182 2105 4239 nino
2121 4181 2421 4254 postulata
2444 4188 2499 4237 et
2525 4186 2787 4253 accepta,
2812 4179 3166 4237 venerabilis
3192 4184 3357 4252 pater
3380 4180 3615 4236 Richar-

1971 4272 2081 4329 dus
2116 4270 2311 4327 Gratia
2343 4270 2442 4327 Dei
2473 4284 2752 4339 egressus
2791 4273 2886 4325 est
2922 4284 3053 4326 cum
3103 4267 3397 4326 Madclveo
3432 4284 3615 4326 novus

1972 4360 2318 4434 peregrinus
2348 4360 2403 4415 in
2434 4358 2629 4416 cordis
2667 4357 2897 4415 lzetitia.
2928 4359 3336 4429 Prosequutus
3366 4361 3455 4415 est
3486 4373 3617 4415 eum

204 4453 442 4520 patrem
504 4450 767 4504 nostrum
810 4447 1104 4520 dilexerit,
1157 4450 1574 4522 experimentis
1622 4450 1856 4524 perplu-
1884 4445 1938 4505 D
1972 4454 2135 4507 totus
2166 4447 2420 4522 p0pulus
2447 4463 2577 4506 cum
2603 4446 2857 4506 lacrimis
2878 4452 2934 4504 et
2956 4447 3155 4518 rugitu
3178 4446 3393 4519 cordis,
3414 4446 3618 4504 dolens

203 4538 373 4594 ribus
412 4542 599 4611 patet.

276 4626 427 4697 (Fol.
462 4625 595 4700 84³.)
627 4629 783 4686 Tunc
813 4628 1099 4699 temporis
1130 4628 1376 4699 contigit
1401 4628 1585 4685 innoti
1605 4642 1735 4685 ossa
1759 4628 1858 4685 ho-

203 4717 381 4773 minis
413 4716 486 4773 de
516 4716 643 4774 loco
674 4716 1078 4788 abjectissimo
1103 4730 1133 4771 a
1159 4718 1407 4788 quodam
1434 4731 1716 4788 mangone
1741 4718 1858 4774 col-

206 4805 365 4863 lecta
398 4809 459 4860 et
515 4805 733 4863 feretro
764 4806 1037 4878 imposita
1090 4805 1212 4877 (fol.
1248 4806 1360 4878 85),
1397 4806 1452 4861 in
1504 4806 1858 4863 monasterio

204 4898 436 4951 sanctae
456 4892 646 4952 Maria
669 4893 823 4966 apud
848 4894 1109 4951 Seusiam
1134 4896 1241 4951 sub
1265 4894 1496 4951 nomine
1526 4896 1677 4951 Justi
1712 4909 1859 4951 mar-

206 4984 355 5054 tyris
374 4996 406 5039 a
426 4983 743 5041 Mainfredo
765 4982 1098 5040 marchione
1126 4984 1303 5041 fuisse
1320 4984 1599 5057 reposita.
1620 4984 1761 5057 [lam
1782 5001 1854 5056 IV,

205 5073 281 5144 3.]
317 5071 431 5129 Sed
463 5070 599 5129 licet
632 5071 928 5141 religiosis
960 5071 1018 5128 id
1051 5072 1425 5130 vanissimum
1467 5078 1526 5131 et
1573 5072 1859 5131 stultissi-

208 5175 361 5217 mum
400 5160 581 5219 fuisse
615 5159 815 5218 multis
843 5164 903 5217 et
932 5160 1200 5234 probatis
1234 5161 1601 5221 documentis
1625 5163 1859 5219 demon-

1972 4538 2127 4610 quod
2143 4537 2569 4595 destitueretur
2587 4535 2714 4607 ejus
2732 4535 3068 4609 praesentia,
3087 4550 3256 4608 quem
3273 4552 3394 4593 sum
3410 4535 3619 4593 salutis

1969 4625 2280 4700 praesulem
2313 4626 2567 4698 vitzeque
2603 4628 2857 4682 tutorem
2889 4625 3187 4683 credebat.
3216 4625 3377 4692 Quod
3404 4624 3492 4680 vir
3514 4624 3611 4679 Dei

1974 4716 2221 4786 benigne
2235 4715 2570 4785 consolans,
2586 4717 2647 4771 ut
2673 4718 3114 4771 reverterentur
3130 4712 3451 4783 admonuit,
3470 4712 3614 4767 dans

1972 4804 2029 4861 in
2062 4804 2376 4873 mandatis,
2402 4806 2581 4860 Deum
2613 4807 2736 4860 tota
2759 4803 2981 4860 virtute
3004 4801 3270 4873 diligere,
3289 4801 3615 4873 proximum

1971 4894 2261 4965 venerari,
2281 4893 2548 4950 inimicos
2572 4892 2838 4963 diligere,
2862 4892 3169 4949 caritatem
3192 4904 3405 4957 amare,
3426 4888 3619 4960 hospi-

1973 4983 2262 5039 talitatem
2278 4982 2514 5054 sectari,
2531 4980 2867 5039 elemosinis
2884 4979 3271 5049 intendere,ct
3292 4992 3394 5050 pro
3408 4992 3470 5034 se
3486 4977 3619 5034 sibi-

1974 5089 2084 5145 que
2109 5072 2528 5130 comitantibus
2549 5072 2727 5129 Deum
2752 5068 3104 5143 propensius
3118 5082 3384 5124 exorare.
3413 5067 3503 5124 Sic
3528 5082 3617 5125 sa-

1972 5162 2178 5220 lutatis
2211 5161 2497 5232 omnibus,
2520 5159 2880 5219 resalutatus
2901 5172 2931 5214 a
2954 5156 3204 5229 cunctis,
3226 5156 3503 5214 dimissus
3525 5160 3617 5213 cst

1569 5331 1809 5389 VARIIE
1852 5330 2250 5389 LECTIONES.

274 5453 344 5488 ³⁰⁶
378 5455 469 5531 W.
501 5468 550 5512 c.
593 5525 607 5531 _
629 5454 699 5531 ’φ’
728 5453 958 5531 Abhinc
986 5454 1254 5514 ordinem
1280 5453 1662 5531 immutarier):
1699 5456 1877 5525 Euge
1913 5456 1983 5514 in
2016 5454 2293 5527 margine
2333 5453 2542 5531 littera
2580 5450 3152 5531 adjectandicqeit
3196 5450 3254 5531 et
3289 5450 3395 5531 [ioc
3429 5452 3573 5509 nota
3605 5472 3618 5507 :

215 5524 546 5584 Secundum
575 5525 1119 5583 determinationem
1151 5532 1211 5583 et
1238 5525 1499 5584 ordinem
1532 5521 1865 5587 litterarum
1896 5532 1959 5585 tu
1993 5521 2226 5597 quoque
2259 5537 2426 5583 serva
2458 5521 2689 5597 legendi
2719 5521 2983 5581 ordinem
3012 5527 3073 5580 et
3102 5521 3512 5594 capitulorum.
