3950 6048
346 222 485 341 ⁸243

1332 276 1699 345 HUGONIS
1740 272 2089 339 ABBATIS
2131 273 2812 340 FLAVINIACENSIS

3654 278 3768 343 211

370 416 588 485 Optata
613 410 719 471 viae
740 428 869 471 cum
891 412 1101 486 gratia,
1130 413 1400 473 omnibus
1424 413 1750 484 orantibus,
1775 415 1836 470 et
1857 409 2009 470 elata
2043 411 2095 472 Α
2128 414 2316 471 000110
2351 413 2561 473 famulo
2594 420 2651 474 ut
2680 414 2750 473 de
2777 415 2935 473 fonte
2963 412 3072 472 sibi
3099 412 3357 486 afferret,
3385 414 3555 490 cujus
3579 414 3775 490 perlu-

372 501 427 557 in
462 501 757 561 excelsum
790 518 933 561 voce
960 502 1374 577 clamantibus,
1412 509 1474 562 ut
1506 505 1960 577 prosperaretur
1982 516 2010 557 a

372 591 489 647 Deo
513 592 601 649 via
625 593 767 663 ejus.
796 593 1096 664 Expensas
1118 600 1313 650 autem
1337 594 1444 650 vite
1469 593 1792 650 Riebardus
1817 606 2014 647 comes

372 682 620 737 Nerman
633 697 835 738 norum
868 698 1068 740 omnes
1090 684 1141 739 ei
1168 682 1458 739 attribuit.
1486 684 1621 737 Erat
1647 681 1797 737 enim
1824 681 1877 736 in
1901 680 2016 735 elc-

376 769 612 827 mosinis
636 770 849 840 largus,
875 772 1125 827 caritate
1149 772 1413 839 ditl‘usus,
1440 771 1743 826 honestate
1778 770 2015 841 praecla-

374 872 493 914 rus.
523 860 841 932 Supersunt
868 861 1055 917 adhuc
1091 862 1143 915 in
1180 860 1537 916 Brittannica
1568 858 1752 915 insula
1787 862 1845 914 01
1877 860 2015 913 Ner-

375 948 599 1003 mannia
633 947 860 1005 nobiles
888 952 944 1005 et
982 950 1208 1019 probati
1250 948 1379 1017 viri,
1408 948 1505 1019 qui
1539 948 1813 1004 viderunt
1862 948 2012 1002 hunc

377 1042 597 1105 patrem
630 1040 894 1093 nostrum
930 1038 1124 1095 Gratia
1158 1037 1277 1106 Dci,
1304 1041 1360 1093 et
1397 1037 1663 1092 noverint
1698 1039 1917 1105 quanto
1942 1035 2012 1089 ab

371 1126 572 1181 eodem
588 1125 797 1181 comite
813 1125 1410 1195 diligebaturaﬂ‘ectu.
1432 1128 1473 1180 A
1490 1126 1703 1195 quibus
1720 1123 2011 1180 nosetiam

288 1274 309 1298 ο
372 1212 478 1268 1810
522 1214 869 1285 audivimus,
913 1214 1007 1285 qui
1039 1219 1096 1271 et
1131 1216 1352 1270 referre
1385 1213 1540 1271 soliti
1574 1220 1727 1281 sunt,
1762 1212 1892 1283 quia
1927 1212 2010 1267 sic

370 1301 481 1355 sibi
531 1301 826 1359 individua
875 1302 1191 1360 dilectione
1247 1303 1628 1373 adherebant,
1668 1305 1726 1357 ut
1774 1306 2015 1373 putares

372 1403 538 1444 unam
572 1391 817 1446 animam
851 1391 1078 1448 duobus
1113 1392 1307 1447 inesse
1342 1390 1705 1461 corporibus.

445 1482 523 1535 19.
545 1480 689 1550 Opta
702 1480 799 1535 bili
824 1496 963 1550 ergo
986 1480 1455 1551 peregrinatione
1479 1483 1778 1550 suscepta,
1797 1479 1883 1535 vir
1906 1480 2014 1533 Do-

367 1567 504 1621 mini
564 1568 891 1624 Richardus
946 1569 1352 1640 septingentos
1417 1568 1759 1639 peregrinos
1817 1583 2009 1624 secum

368 1654 531 1710 duxit
560 1654 692 1727 (98),
721 1656 933 1727 quibus
962 1672 1033 1712 ex
1067 1656 1320 1728 propriis
1352 1657 1609 1713 subsidia
1644 1657 1836 1713 victus
1861 1658 2013 1713 solii-

2125 505 2249 561 cida
2269 505 2537 564 claritate
2561 506 2889 564 delectatus
2907 508 3056 577 erat,
3073 505 3391 563 admonuit.
3411 505 3511 564 Ille
3527 506 3765 579 vadens,

2125 612 2195 652 ex
2227 611 2374 668 aqua
2408 597 2584 653 fontis
2630 612 2767 653 vase
2820 596 3077 668 implete,
3114 594 3239 652 viro
3281 595 3379 651 Dei
3413 596 3765 668 prepinavit.

2126 684 2236 740 Sed
2266 688 2333 741 'ut
2359 701 2463 741 vas
2495 685 2579 741 ori
2614 686 2889 753 admovit,
2926 700 3133 755 aquam
3172 683 3231 740 in
3266 684 3459 741 vinum
3489 686 3771 743 Dominus

2128 773 2376 829 mirabili
2410 774 2628 830 virtute
2653 773 2964 842 convertit,
2991 777 3049 830 et
3074 772 3161 829 sic
3185 772 3282 843 qui
3308 788 3515 843 aquam
3538 772 3769 829 deside-

2126 869 2377 931 raverat,
2412 862 2606 918 vinum
2659 862 2902 933 accepit.
2940 862 3314 933 Stupefactus
3346 876 3376 917 0
3414 861 3627 918 famulo
3678 876 3767 917 re-

2125 951 2326 1021 quirit,
2346 952 2439 1007 ubi
2460 951 2651 1007 vinum
2668 951 2980 1023 acceperit,
2998 955 3053 1006 et
3070 953 3352 1007 evacuate
3374 965 3532 1021 vase,
3552 951 3766 1007 iterato

2123 1056 2252 1095 eum
2288 1057 2393 1112 pro
2427 1056 2572 1111 aqua
2610 1041 2784 1098 fontis
2817 1040 3059 1096 remisit.
3084 1040 3372 1111 (Fol.86").
3400 1040 3502 1097 llle
3521 1040 3769 1097 admira-

2122 1136 2239 1199 tus,
2265 1130 2497 1186 cunctis
2530 1131 2905 1186 cernentibus
2936 1145 3141 1200 aquam
3176 1130 3366 1186 hausit
3392 1131 3463 1187 de
3499 1131 3682 1199 fonte,
3709 1134 3771 1185 et

2125 1221 2248 1276 viro
2282 1220 2381 1276 Dei
2417 1220 2765 1291 propinavit.
2794 1220 2901 1274 Sed
2926 1220 3134 1275 iterum
3160 1218 3467 1275 divinitate
3501 1218 3766 1291 prepicia

2124 1325 2270 1380 aqua
2306 1308 2484 1365 fontis
2533 1308 2587 1363 in
2635 1308 2825 1364 vinum
2871 1322 3153 1363 conversa
3200 1312 3311 1363 est.
3348 1308 3511 1373 Quod
3542 1307 3631 1363 vir
3664 1308 3765 1364 Dei

2123 1414 2469 1468 agnoscens,
2486 1401 2600 1454 Dee
2614 1398 2832 1467 gratias
2854 1397 2995 1467 egit,
3011 1400 3067 1452 et
3096 1396 3510 1465 bibit,cunctis
3533 1411 3768 1467 quoque

2122 1503 2192 1544 ex
2223 1488 2424 1544 eodem
2455 1488 2587 1543 vine
2637 1486 2688 1541 in
2749 1486 2951 1542 eodem
3011 1500 3146 1542 vase
3210 1485 3557 1557 prepinavit.
3613 1485 3767 1552 Quid

2123 1577 2288 1648 plura
2311 1579 2335 1633 ?
2357 1577 2629 1633 Biberunt
2662 1590 2884 1645 omnes,
2910 1579 2966 1630 et
2991 1574 3231 1631 virtutis
3262 1573 3500 1630 Domino
3530 1573 3770 1630 benedi-

2124 1671 2354 1735 xerunt,
2395 1666 2487 1736 qui
2534 1665 2667 1720 facit
2716 1662 3001 1719 mirabilia
3049 1662 3211 1719 solus
3243 1663 3433 1727 (Psal.
3467 1678 3615 1731 LXXI,
3650 1665 3764 1732 48),

369 1743 595 1799 cientcr
627 1744 1081 1802 administravit.
1106 1747 1281 1802 Erant
1307 1746 1556 1802 etiamin
1582 1747 1863 1802 comitatu
1883 1746 2009 1816 ejus
2045 1772 2090 1827 υ
2123 1756 2291 1823 cujus
2325 1767 2563 1823 regnum
2596 1768 2835 1821 regnum
2867 1754 2957 1807 est
2993 1755 3272 1806 :eternum
3305 1751 3485 1819 (Dan.
3514 1766 3610 1819 vn,
3645 1754 3765 1818 27),

369 1830 744 1902 quamplures
777 1832 895 1904 alii,
932 1833 1084 1890 inter
1116 1849 1259 1904 quos
1290 1838 1454 1890 erant
1490 1834 1604 1890 duo
1636 1836 1707 1890 ab
1743 1835 1885 1890 urbe
1910 1836 2010 1889 Ba-

363 1920 711 1992 jecensium,
749 1926 915 1994 pater
935 1926 990 1980 et
1018 1922 1192 1992 filius,
1220 1925 1515 1981 Hubertus
1538 1928 1594 1980 et
1622 1924 2003 1993 Gauzfredus,

334 2085 338 2089 ⁴
370 2010 464 2079 qui
492 2008 566 2065 ita
590 2010 890 2067 comitatui
915 2012 1041 2082 ejus
1058 2012 1431 2069 adheserunt.
1455 2014 1589 2069 Erat
1617 2013 1766 2068 idem
1792 2014 2010 2068 1101101·-

369 2103 465 2153 tus
497 2098 722 2155 diutine
756 2099 1031 2169 languere
1085 2101 1418 2173 depressus,
1456 2102 1531 2157 ita
1569 2105 1629 2158 ut
1663 2116 1767 2173 per
1799 2116 2008 2157 annum

369 2185 659 2256 integrum
676 2205 779 2245 nec
796 2189 945 2245 lecto
967 2205 1207 2259 surgere
1227 2206 1332 2246 nec
1356 2191 1408 2245 in
1434 2191 1588 2246 latus
1610 2190 1764 2246 aliud
1791 2192 2010 2260 absque

370 2276 748 2345 suifragantis
781 2278 1151 2335 amminiculo
1184 2294 1244 2334 se
1278 2283 1468 2351 posset
1505 2279 1839 2335 deflectere.
1870 2278 2010 2333 liuic

369 2374 476 2414 una
514 2360 736 2417 dierum
792 2361 844 2415 in
896 2361 1186 2432 cubiculo,
1224 2377 1337 2433 quo
1379 2363 1631 2433 jacebat,
1667 2362 2008 2431 angelusin

369 2448 653 2505 0011111111ίο
687 2450 913 2521 species
945 2465 1233 2521 apparens
1261 2470 1273 2505 ε
1312 2452 1484 2517 Vade,
1513 2451 1715 2522 inquit,
1731 2465 2010 2522 parane-

367 2539 648 2605 eessaria,
666 2538 725 2594 et
738 2553 915 2610 perge
934 2539 1330 2609 Jliernsalem,
1348 2541 1496 2613 quia
1516 2540 1803 2597 Dominus
1815 2540 2002 2612 jubet.

369 2626 470 2681 Cui
486 2642 613 2681 cum
632 2626 728 2682 ille
744 2628 1172 2698 respondisset:
1195 2629 1353 2695 Quid
1347 2630 1769 2701 faciam,quia
1786 2643 2008 2700 nequeo

367 2724 657 2785 surgere?
689 2716 787 2772 ille
822 2717 1034 2774 iterato
1066 2738 1077 2772 :
1115 2719 1300 2788 Para,
1339 2719 1547 2789 inquit,
1581 2720 1925 2776 necessaria
1953 2720 2013 2775 et

326 2820 342 2840 κ
366 2803 536 2872 rade,
558 2806 705 2873 quia
726 2804 1013 2861 Dominus
1036 2806 1180 2861 calt.
1211 2805 1518 2876 Adquicvit
1544 2807 1733 2876 homo,
1760 2811 1817 2862 et
1843 2821 2007 2863 mane

369 2891 520 2945 facto
568 2892 779 2948 fratres
812 2898 870 2949 et
904 2894 1257 2966 propinquos
1306 2893 1612 2965 advocans,
1644 2894 2003 2951 voluntatem

371 2979 586 3035 Domini
620 2981 870 3053 aperuit,
892 2997 1049 3039 suam
1073 2998 1302 3054 quoque
1326 2982 1683 3040 voluntatem
1709 2984 1763 3039 in
1791 2984 1845 3039 id
1876 2998 2006 3041 esse

370 3075 428 3123 ut
455 3070 717 3126 obcdiret
747 3071 1039 3142 patefecit.
1059 3071 1143 3127 llli
1171 3071 1617 3143 admirantes,et
1642 3088 1746 3144 pro
1771 3073 2007 3128 inﬁrmi-
2039 3126 2085 3151 η

367 3163 489 3213 tate
524 3175 690 3229 quam
719 3161 991 3217 videbant
1015 3160 1298 3218 voluntati
1329 3162 1454 3231 ejus
1476 3163 1773 3219 contraire
1796 3177 2008 3219 cenan-

369 3253 475 3309 108,
503 3264 632 3303 cum
664 3255 930 3305 avertere
963 3250 1248 3306 hominem
1280 3268 1308 3305 a
1342 3256 1505 3306 recta
1545 3250 1865 3307 intentione
1889 3267 2007 3307 me-

370 3333 639 3405 lireutur,
669 3336 1029 3407 impossibile
1051 3354 1177 3394 esse
1204 3338 1656 3409 pronuntiabant
1675 3340 1826 3409 quod
1852 3339 2006 3398 dice-

371 3421 572 3488 batur;
595 3440 724 3478 cum
760 3425 855 3480 ille
885 3425 1063 3481 ﬁlium
1102 3427 1486 3483 (lauzfredum
1517 3426 1892 3484 assistentcm
1923 3428 2005 3484 vi-

369 3509 541 3565 deus:
574 3512 745 3581 l’ade,
761 3513 863 3583 ait,
868 3528 1152 3585 praepara
1173 3529 1461 3587 expensas
1482 3516 1679 3588 etquae
1689 3522 1827 3573 sunt
1840 3516 2006 3573 tanto

367 3597 576 3656 itineri
599 3601 954 3671 necessaria,
980 3604 1129 3675 quia
1146 3603 1203 3659 et
1222 3618 1324 3675 ego
1346 3603 1459 3673 ibo,
1478 3610 1530 3660 et
1552 3605 1615 3661 tu
1635 3618 1876 3673 mecum,
1897 3605 2006 3661 Dei

364 3690 929 3758 cooperanteclemen
942 3691 1047 3748 tia.
1068 3692 1377 3762 Adquievit
1397 3692 1472 3746 fili
1485 3710 1568 3761 us,
1585 3697 1642 3748 et
1660 3692 1878 3763 paratis
1892 3708 2005 3763 quo

367 3776 541 3833 citius
562 3778 750 3848 potuit
777 3782 937 3834 tanto
953 3780 1145 3835 itineri
1164 3780 1532 3850 necessariis,
1553 3785 1775 3852 patrem
1790 3782 1860 3836 de
1876 3797 2007 3852 pro-

368 3864 617 3921 fectione
642 3866 959 3923 admonuit.
989 3867 1089 3923 1110
1117 3868 1575 3940 propinquorum
1598 3874 1653 3924 et
1680 3869 2001 3925 vicinorum

366 3967 612 4023 surgens
635 3954 1028 4026 amminiculo,
1047 3963 1276 4028 pontem
1300 3962 1434 4012 ante
1450 3958 1801 4014 monasteriu
1813 3973 1863 4012 01
1877 3972 2007 4013 800-

363 4046 473 4099 ctze
506 4044 696 4101 Maria:
727 4044 1075 4114 Magdalenze
1107 4046 1160 4101 in
1195 4046 1395 4103 eadem
1433 4046 1831 4117 Bajocensium
1867 4046 2005 4103 civi-

364 4134 486 4186 tate
516 4130 712 4201 situm,
744 4133 897 4202 quod
932 4138 1061 4189 erat
1090 4134 1341 4191 vicinum
1376 4134 1567 4190 domui
1602 4150 1742 4205 sum,
1779 4149 1807 4190 0
1840 4137 2005 4205 quat-

2121 1847 2178 1899 et
2205 1848 2465 1915 potestas
2485 1841 2612 1910 ejus
2636 1845 2900 1912 potestas
2921 1845 3144 1908 eterna,
3169 1854 3294 1909 quas
3322 1854 3429 1893 non
3458 1840 3765 1893 auferetur

2124 1932 2330 2000 (Ibid,
2356 1936 2466 1996 it).
2495 1931 2796 1999 Biberunt,
2814 1930 3066 2000 inquam,
3087 1943 3288 2005 omnes
3313 1926 3384 1982 de
3405 1927 3538 1982 vino
3565 1926 3687 1996 illo,
3703 1931 3765 1982 et

2122 2021 2314 2075 vinum
2346 2020 2709 2076 imminutum
2734 2034 2842 2075 non
2876 2022 2998 2079 est;
3026 2017 3156 2087 quia
3191 2032 3321 2072 cum
3354 2030 3556 2072 omnes
3587 2016 3770 2073 bibis-

2121 2113 2269 2176 sent,
2295 2107 2478 2165 sollus
2503 2108 2599 2164 ille
2625 2108 2881 2179 scyphus
2906 2105 3275 2161 abundanter
3296 2104 3531 2161 cunctis
3551 2104 3761 2174 adfuit,

2119 2202 2178 2251 et
2210 2198 2575 2268 postmodum
2626 2197 2779 2269 patri
2830 2193 3118 2251 Richardo
3171 2210 3280 2249 non
3318 2193 3522 2249 defuit.
3561 2194 3627 2249 Et
3664 2194 3765 2264 qui

2120 2285 2285 2355 vidit,
2344 2285 2742 2342 testimonium
2802 2283 3120 2356 perhibuit,
3169 2281 3491 2353 praedictus
3532 2281 3765 2339 scilicet

2122 2376 2474 2432 Humbertus
2507 2380 2566 2430 et
2598 2374 2752 2430 illius
2784 2372 2910 2443 ejus
2926 2372 3282 2437 Gaufredus;
3306 2374 3367 2426 et
3390 2370 3605 2427 scimus
3627 2371 3766 2441 quia

2119 2478 2319 2520 verum
2351 2468 2437 2520 est
2465 2463 2859 2519 testimonium
2880 2475 3100 2531 eorum,
3128 2460 3259 2530 quia
3280 2457 3392 2530 ipsi
3415 2474 3486 2513 ex
3509 2473 3577 2514 eo
3601 2459 3765 2515 bibe-

2118 2555 2274 2623 runt,
2308 2567 2438 2609 cum
2469 2552 2739 2608 sederent
2772 2566 2839 2606 ea
2880 2550 3021 2605 hora
3068 2562 3249 2620 prope
3301 2547 3457 2603 latus
3504 2546 3764 2604 hominis

2117 2641 2247 2709 Dei;
2268 2646 2325 2697 et
2352 2645 2632 2713 praeterea
2659 2640 2896 2696 virtutis
2918 2637 3092 2707 hujus
3113 2640 3199 2693 tot
3222 2640 3356 2693 sunt
3382 2640 3591 2705 testes,
3618 2642 3763 2707 quot

2117 2736 2285 2785 erant
2314 2730 2419 2787 vite
2451 2729 2713 2799 comites,
2750 2729 2881 2800 quia
2914 2726 3110 2783 nullus
3142 2726 3197 2781 in
3231 2724 3514 2781 comitatu
3548 2723 3647 2781 illo
3680 2725 3766 2780 in-

2116 2822 2326 2876 ventus
2355 2823 2468 2888 est,
2493 2818 2585 2875 cui
2620 2832 2733 2875 non
2757 2816 2845 2874 vir
2865 2816 3058 2872 Deiex
3080 2815 3188 2870 hoc
3210 2814 3343 2870 vino
3367 2813 3603 2870 virtutis
3628 2829 3765 2886 pro-

2119 2906 2395 2978 pinassct.
2423 2909 2523 2964 Est
2546 2906 2735 2963 adhuc
2759 2906 2815 2961 in
2849 2903 3149 2976 Bajeeensi
3175 2903 3318 2960 urbe
3350 2902 3515 2973 quasi
3547 2918 3762 2960 novum

2118 2995 2225 3052 hoc
2258 2995 2617 3066 miraculum,
2642 3001 2701 3051 et
2726 2999 2921 3068 patres
2945 2992 3041 3065 qui
3065 2992 3340 3050 viderunt
3368 2997 3758 3049 narraverunt

2117 3100 2181 3140 ea
2218 3083 2350 3142 ﬁliis
2380 3085 2518 3159 suis,
2545 3088 2599 3140 et
2637 3084 2738 3140 filii
2769 3084 3019 3141 filiorum
3051 3081 3207 3154 ﬁliis,
3235 3086 3294 3139 ut
3321 3085 3637 3153 cognoscat
3659 3097 3760 3152 ge-

2119 3174 2344 3230 neratio
2378 3174 2581 3230 altera.
2618 3175 2732 3230 Nos
2763 3186 2995 3245 quoque
3044 3172 3154 3228 hoc
3199 3186 3228 3228 0
3279 3170 3586 3227 Gauzfredi
3635 3169 3758 3226 filio

2121 3263 2394 3319 Gezelino
2426 3263 2675 3333 nomine,
2711 3263 2837 3320 viro
2879 3262 3063 3333 probo
3096 3266 3155 3316 et
3187 3261 3452 3330 honesto,
3490 3274 3640 3316 nunc
3672 3259 3784 3315 Di--

2116 3352 2411 3410 vionensis
2441 3353 2707 3409 ecclesiae
2732 3352 3032 3421 monacho,
3056 3349 3401 3421 audivimus,
3426 3349 3523 3420 qui
3549 3348 3667 3419 jam
3690 3364 3764 3405 eo

2119 3444 2385 3509 tempore
2414 3444 2587 3496 natus
2615 3443 2673 3494 et
2705 3437 2959 3507 adultus,
2986 3452 3016 3492 a
3038 3439 3202 3508 patre
3224 3441 3283 3491 et
3305 3436 3376 3491 ab
3401 3450 3507 3491 avo
3530 3435 3641 3491 hoc
3662 3450 3765 3492 au-

2117 3527 2282 3598 divit,
2309 3531 2368 3583 et
2404 3527 2606 3583 didicit
2640 3528 2712 3583 ab
2747 3526 2862 3582 illis
2895 3526 3131 3581 formam
3155 3524 3381 3594 orandi,
3404 3539 3572 3595 quam
3599 3524 3765 3580 insti-

2115 3616 2230 3673 tuit
2265 3616 2650 3688 simpliciores
2679 3621 2735 3671 et
2770 3615 2980 3673 idiotas
3011 3631 3041 3670 e
3074 3614 3292 3671 szecule
3340 3614 3412 3669 ad
3459 3628 3519 3670 se
3559 3614 3766 3670 confu-

2114 3706 2345 3775 gientes
2398 3710 2564 3777 pater
2597 3704 2919 3760 Richardus
2953 3703 3006 3759 in
3040 3704 3307 3773 ingressu
3357 3701 3761 3759 azcelesiarum

2117 3794 2332 3863 dicere,
2360 3794 2415 3849 in
2448 3794 2592 3849 hanc
2618 3794 2857 3848 formam
2886 3812 2897 3846 :
2922 3793 3246 3850 Adoremus
3264 3791 3763 3861 Deum,sanctam

2121 3882 2496 3952 Trinitatem,
2513 3882 2889 3954 deprecemur
2898 3881 3133 3939 sanctos
3143 3880 3201 3951 ej
3207 3894 3274 3938 us
3285 3880 3393 3952 qui
3391 3892 3509 3951 pro
3520 3879 3639 3935 Deo
3658 3893 3762 3951 ap-

2102 3972 2433 4044 pellantur,
2478 3971 2548 4027 ut
2580 3972 2701 4042 ipsi
2731 3970 3115 4041 deprecentur
3145 3971 3352 4040 Deum,
3375 3968 3448 4026 ut
3471 3967 3571 4046 det
3593 3958 3762 4026 nobis

2108 4074 2314 4133 pacem
2349 4061 2406 4117 et
2430 4060 2774 4129 sanitatem,
2820 4058 3226 4131 peccatoribus
3267 4071 3472 4115 ceram
3484 4056 3760 4130 peniten-

2114 4151 2280 4219 tiam,
2333 4148 2815 4206 discordantibus
2862 4161 3065 4204 ceram
3153 4145 3548 4217 concordiam,
3598 4145 3759 4204 eicis

362 4221 501 4277 tuor
529 4221 662 4311 hinc
693 4226 752 4311 et
785 4221 917 4278 inde
951 4227 1314 4281 sustentatus
1367 4224 1619 4293 transiit,
1653 4227 1710 4280 01
1762 4240 1895 4280 mox
1940 4228 2005 4281 ut
2103 4252 2331 4311 pacem,
2365 4237 2667 4309 ἀθχπησιέε
2719 4236 3005 4309 requiem,
3067 4237 3183 4292 Hec
3216 4234 3420 4292 orandi
3471 4235 3654 4291 forma
3700 4234 3757 4290 in

362 4324 515 4379 equo
544 4309 854 4381 impositus
881 4317 994 4382 est,
1030 4328 1205 4369 sanus
1237 4314 1425 4369 factus
1454 4317 1510 4369 et
1546 4312 1868 4381 incolomis,
1896 4310 2002 4367 viae

364 4412 426 4451 se
457 4397 727 4468 credidit,
763 4402 821 4454 et
847 4400 1166 4456 comitante
1199 4400 1391 4456 divina
1441 4400 1629 4471 gratia
1679 4401 2000 4458 Virdunum

2113 4326 2381 4383 omnibus
2410 4324 2778 4382 monasteriis
2822 4324 2944 4381 suis
2971 4324 3155 4395 laycis
3199 4323 3567 4380 tradebatur.

367 4484 621 4555 veniens,
654 4501 783 4541 cum
816 4487 1046 4543 audiret
1077 4493 1133 4543 et
1168 4489 1395 4545 videret
1429 4490 1845 4562 profectionem
1888 4490 1997 4545 viri
2030 4485 2085 4549 D
2183 4492 2271 4543 20.
2296 4488 2432 4564 Erat
2468 4489 2659 4542 autem
2691 4485 2818 4541 viro
2850 4484 2949 4541 Dei
2982 4483 3263 4541 familiare
3294 4497 3460 4540 mane
3490 4494 3753 4553 surgere,

365 4570 462 4628 Dei
488 4575 610 4627 tota
632 4573 776 4629 urbe
800 4575 1138 4646 accelerari,
1155 4576 1454 4648 sustinuit,
1473 4582 1531 4637 et
1554 4577 1856 4634 comitatui
1874 4578 2002 4649 ejus

363 4662 670 4731 adhercns,
704 4662 1068 4719 orationibus
1100 4665 1225 4735 ejus
1254 4680 1313 4722 se
1345 4682 1474 4722 eum
1524 4666 1642 4723 filio
1686 4667 1997 4739 commisit,

361 4767 511 4825 quos
542 4751 628 4807 vir
659 4752 756 4807 Dei
790 4752 1270 4811 familiarissimos
1294 4754 1514 4812 habuit.
1544 4757 1795 4832 Profecti
1821 4757 2001 4828 igitur

362 4858 464 4914 per
496 4840 813 4912 Illyricum,
848 4847 1133 4898 venerunt
1164 4843 1232 4898 ad
1265 4842 1521 4899 deserta.
1560 4844 1696 4911 Quae
1726 4861 1856 4902 cum
1882 4847 1999 4917 jam

363 4932 481 4986 fere
507 4928 987 5002 pertransissent,
1004 4928 1099 4985 die
1119 4931 1363 5002 quadam
1381 4931 1595 4988 fontem
1619 4933 1845 4990 eminus
1870 4949 2003 4991 con-

362 5018 566 5088 Spicati
587 5018 976 5075 clarissimum
991 5022 1047 5074 et
1065 5018 1883 5091 perlucidum,descenderunt
1907 5038 2003 5095 pa-

362 5109 453 5160 ter
467 5105 929 5163 Richarduseum
957 5107 1133 5165 sociis
1159 5113 1223 5165 ut
1245 5108 1577 5180 acciperent
1601 5110 1994 5179 gentaculum.

358 5193 565 5250 Turbis
594 5209 825 5265 quoque
857 5196 1013 5253 circa
1041 5197 1256 5253 fontem
1282 5196 1803 5268 discumbentibus,
1831 5214 2001 5255 vene-

363 5281 565 5339 rabilis
580 5286 748 5354 pater
761 5281 889 5339 loco
902 5285 1253 5356 competenti
1272 5301 1376 5358 pro
1392 5290 1655 5359 tempore
1679 5287 1922 5357 resedit,
1939 5293 1999 5344 et

2114 4576 2319 4633 laudes
2342 4576 2459 4632 Deo
2483 4574 2697 4644 dicere,
2718 4575 2830 4629 iter
2849 4572 3200 4643 accelerare,
3220 4577 3395 4643 atque
3408 4575 3755 4628 consuetum

2112 4665 2355 4721 Domino
2388 4664 2441 4720 in
2474 4663 2565 4719 via
2600 4678 2842 4736 pensum
2869 4663 3138 4733 reddere,
3164 4666 3221 4719 et
3246 4662 3327 4718 sic
3350 4661 3492 4716 hera
3519 4660 3756 4717 fractio-

2113 4754 2203 4811 nis
2236 4752 2401 4825 panis
2433 4751 2790 4822 imminente,
2827 4751 3137 4808 missarum
3185 4749 3503 4821 solempnia
3558 4763 3753 4819 agere,

2113 4856 2477 4914 quocumque
2508 4854 2662 4911 esse,
2698 4845 2753 4896 et
2786 4839 3040 4911 expletis
3080 4838 3356 4895 misteriis
3386 4838 3457 4893 ad
3492 4838 3758 4907 frangen-

2112 4933 2247 4989 dum
2281 4944 2485 5003 panem
2518 4928 2909 4998 discumbere,
2932 4943 3002 4984 ne
3027 4930 3415 4999 gravarentur
3440 4927 3655 4983 fratres
3681 4926 3760 4981 la-

2114 5022 2253 5075 bere
2285 5018 2514 5075 itineris
2542 5021 2601 5074 et
2634 5016 3071 5073 continuatione
3097 5016 3303 5086 jejunii
3339 5015 3511 5083 (Vita
3529 5013 3762 5072 Simeo-

2109 5109 2205 5165 nis
2234 5112 2344 5175 40).
2381 5105 2549 5161 Venit
2580 5120 2720 5176 ergo
2753 5105 3136 5175 Antiochiam,
3164 5104 3260 5161 ubi
3286 5119 3417 5160 cum
3435 5118 3566 5161 eum
3590 5103 3763 5160 itine-

2111 5197 2194 5254 ris
2208 5196 2529 5255 necessitas
2545 5196 2766 5268 aliquot
2792 5196 3001 5254 diebus
3025 5195 3305 5253 remorari
3332 5195 3651 5266 coegisset,
3668 5195 3763 5252 vir

2111 5287 2211 5342 Dei
2244 5286 2510 5358 Symeon,
2538 5285 2635 5357 qui
2667 5300 2819 5343 nunc
2848 5285 3251 5343 Trevirensem
3282 5282 3608 5342 tecelesiam
3630 5298 3763 5342 cor-

1944 5458 2164 5518 NOT/E.

432 5580 545 5651 (98)
582 5578 850 5638 Ademari
884 5579 1029 5638 Hist.
1063 5583 1156 5641 Ill.
1192 5586 1278 5640 6:5.
1316 5584 1445 5641 Vita
1478 5584 1771 5655 Richardi,
1803 5589 1892 5643 17.
