3960 6052
231 255 351 317 245

1478 224 2083 321 CHRONICON.-
2113 252 2266 316 1.13.
2314 244 2392 318 II.

3532 224 3648 316 éte

233 403 383 463 pore
404 396 464 448 et
486 388 808 449 virtutibus
828 388 1574 464 adornat(99),etamicitiis
1588 394 1637 450 ei
1649 394 1887 465 junctus
1916 388 1972 449 A
2001 394 2179 453 ventu
2204 406 2311 452 suo
2338 404 2547 465 passus
2571 391 2760 450 fuerat
2784 387 3045 462 infestos,
3079 384 3191 463 ipsi
3238 385 3290 447 ei
3320 400 3489 449 versa
3519 389 3649 451 vice

230 486 346 552 est,
378 483 450 563 ,ει
496 480 775 539 fratribus
819 480 915 553 qui
965 485 1130 539 erant
1162 499 1290 541 cum
1319 498 1407 555 eo,
1440 483 1727 557 adOptans
1775 484 1885 543 sibi

232 570 401 627 illum
423 571 477 626 in
531 574 751 642 patrem
796 570 964 643 (100).
1003 574 1059 627 In
1096 586 1209 643 quo
1234 573 1387 629 beati
1427 574 1708 631 Simeonis
1736 574 1888 631 facto

233 658 345 716 hoc
372 660 588 716 intueri
615 658 779 730 libet,
798 660 930 731 quia
956 660 1107 716 idem
1140 662 1229 717 vir
1252 663 1350 717 Dei
1374 678 1485 719 non
1513 662 1639 732 ejus
1672 678 1734 719 se
1766 677 1890 719 cre-

230 747 405 804 deret
456 749 811 819 magisterio,
834 765 944 805 non
973 750 1366 807 committeret
1400 752 1743 822 patrocinio,
1780 752 1887 807 nisi

231 836 435 893 divina
473 838 681 908 pietas,
734 854 863 908 quae
895 853 1025 894 eum
1079 854 1107 895 a
1167 839 1347 897 seculi
1378 841 1609 897 actibus
1639 840 1887 898 alienum

232 925 602 997 reddiderat,
630 928 793 983 cordi
817 926 946 997 ejus
972 927 1289 985 revelasset
1314 930 1547 999 dignum
1575 930 1734 986 illum
1758 945 1888 986 esse

232 1015 333 1086 qui
370 1015 628 1072 subditis
652 1031 874 1088 praesse
906 1022 964 1073 et
990 1018 1271 1089 prodesse
1298 1024 1514 1090 posset.
1550 1020 1892 1076 Mittebatur

232 1106 434 1159 autem
462 1104 643 1160 isdem
670 1105 878 1163 beatus
898 1107 1139 1177 Symeon
1175 1123 1203 1163 a
1239 1107 1519 1165 fratribus
1550 1109 1887 1165 monasterii

230 1192 455 1249 montis
475 1193 624 1263 Syon
661 1210 766 1265 pro
787 1194 1126 1266 elemosina,
1163 1211 1291 1267 quae
1323 1198 1393 1253 de
1428 1203 1581 1253 terra
1620 1197 1887 1253 Richardi

228 1281 475 1337 comitis
487 1282 857 1340 Normanniae
877 1285 1229 1341 monasterio
1248 1285 1432 1342 eidem
1449 1286 1804 1347 debebatur;
1830 1290 1887 1340 et

233 1384 592 1441 quamquam
644 1375 843 1429 nosset
896 1373 1107 1444 spiritu
1142 1372 1253 1430 sibi
1287 1374 1583 1431 revelante
1616 1374 1795 1431 multa
1828 1390 1888 1431 se

230 1459 480 1516 adversa
518 1475 848 1532 passurum,
884 1467 1074 1518 tamen
1116 1469 1286 1535 pater
1314 1464 1641 1520 Richardus
1670 1464 1890 1520 discre-

226 1548 416 1604 tionis
447 1549 634 1605 oculis
657 1550 790 1607 hinc
823 1551 954 1607 inde
980 1552 1237 1609 munitus
1259 1553 1572 1609 concilium
1605 1552 1794 1621 dedit,
1825 1559 1886 1609 ut

227 1636 425 1708 ceptis
454 1636 774 1709 insisteret,
810 1640 1224 1697 oboedientiam
1258 1642 1549 1712 impleret,
1584 1656 1885 1712 usquequo

1999 498 2127 541 cum
2177 483 2396 540 honore
2427 481 2739 554 servirent,
2772 484 2831 536 et
2887 491 3051 535 mane
3104 477 3257 534 facto
3288 477 3647 536 deducerent

2001 571 2331 628 abeuntem.
2362 570 2701 626 Mirificabat
2734 567 2886 624 enim
2910 564 3183 625 Dominus
3224 578 3455 621 servum
3482 582 3646 626 suum

1999 660 2184 730 signis
2216 662 2273 715 et
2301 656 2603 730 prodigiis,
2632 657 2687 713 in
2712 661 2939 712 tantum
2974 658 3034 711 ut
3068 654 3340 711 omnibus
3368 655 3650 713 sanctitas

2000 750 2127 820 ejus
2180 749 2599 817 innotesceret,
2638 750 2695 801 et
2727 747 2917 802 virtus
2944 746 3079 801 Jesu
3114 758 3217 816 per
3249 758 3379 801 eum
3435 744 3650 816 ubique

2002 836 2453 908 praedicabatur,
2517 835 2649 906 quia
2685 835 2830 891 fama
2891 831 3227 890 sanctitatis
3258 832 3387 903 ejus
3435 834 3649 905 ubique

2004 927 2322 982 ferebatur.

2068 1014 2156 1069 21.
2192 1011 2753 1084 Constantinopolim
2805 1010 3067 1079 veniens,
3120 1024 3250 1066 cum
3304 1014 3522 1081 quanto
3552 1010 3651 1067 ho-

2003 1118 2142 1159 nore
2166 1109 2451 1173 exceptus
2476 1103 2546 1156 ab
2572 1101 2924 1171 imperatore
2948 1100 3044 1169 sit,
3072 1099 3379 1169 dignisque
3402 1099 3651 1156 muneri-

2003 1193 2112 1248 bus
2143 1196 2199 1247 et
2230 1190 2531 1261 obsequiis
2562 1191 2903 1257 honoratus,
2941 1189 3136 1244 dicere
3170 1188 3647 1260 supersedemus,

2002 1281 2135 1352 quia
2169 1280 2240 1336 ad
2263 1279 2371 1335 alia
2394 1292 2795 1351 properamus.
2825 1277 3052 1348 Optata;
3104 1278 3301 1348 itaque
3324 1277 3433 1333 viae
3457 1276 3652 1334 dimis-

2001 1386 2099 1427 sus
2120 1386 2248 1427 cum
2273 1368 2481 1439 gratia,
2519 1381 2621 1439 per
2664 1366 3002 1422 multimoda
3036 1365 3295 1437 pericula
3329 1367 3651 1438 apprehen-

2001 1461 2088 1516 dit
2108 1458 2506 1515 Jherosolimaa
2525 1457 2655 1513 loca
2670 1456 3025 1512 desiderata.
3044 1455 3497 1527 Ingrediensque
3516 1455 3653 1512 civi-

2004 1550 2145 1605 tatis
2168 1557 2416 1621 portam,
2439 1546 2875 1618 responsorium
2900 1545 3042 1601 illud
3068 1544 3139 1601 de
3160 1543 3454 1601 Dominica
3481 1546 3537 1600 in
3560 1560 3650 1601 ra-

2004 1639 2111 1693 mis
2132 1637 2318 1709 palma
2328 1651 2451 1693 rum
2487 1656 2499 1691 :
2532 1633 3174 1707 IngredimteDomino
3188 1634 3257 1689 in
3280 1634 3553 1690 sanctam
3570 1632 3652 1690 ci-

229 1740 353 1782 rem
370 1728 655 1799 probaret
669 1728 1418 1801 eventus.Flentemitaque
1432 1730 1884 1788 ettristemeum
1915 1748 1969 1811 Β
1998 1728 2263 1798 citatam,
2299 1725 2631 1783 dulcissona
2662 1739 2792 1780 cum
2826 1722 2999 1781 sociis
3022 1722 3414 1779 modulatione
3444 1721 3652 1779 decan-

227 1829 261 1870 a
284 1829 348 1871 se
382 1814 627 1887 dimisit,
655 1817 947 1888 utrimque
971 1818 1216 1889 pedibus
1248 1820 1514 1876 manibus
1544 1824 1602 1876 et
1635 1821 1885 1890 genibus

225 1903 612 1974 exosculatis,
638 1906 771 1976 quia
792 1909 917 1961 erat
951 1906 1005 1962 in
1048 1906 1135 1963 eis
1180 1908 1370 1977 gratia
1394 1908 1648 1979 Spiritus
1672 1908 1883 1965 sancti.

228 1994 363 2050 Haec
397 1998 492 2050 est
515 1993 668 2050 enim
702 1998 1039 2052 sanctorum
1071 1995 1683 2068 delectatio,-di|igere
1712 1997 1888 2055 alter-

227 2086 454 2151 utrum,
480 2084 616 2153 quia
640 2088 701 2139 et
730 2085 879 2140 Deus
899 2085 1117 2141 caritas
1139 2090 1249 2156 est,
1277 2092 1338 2142 et
1371 2087 1466 2157 qui
1494 2090 1682 2143 manet
1711 2085 1765 2142 in
1795 2102 1887 2144 ca-

227 2172 431 2241 ritate,
480 2172 538 2227 in
579 2174 699 2229 Deo
731 2174 1167 2243 manet(lJoan.
1207 2192 1280 2245 ir,
1312 2176 1416 2246 16).
1445 2176 1757 2232 Caritatem
1790 2191 1890 2232 au-

222 2266 347 2317 tem
379 2276 548 2332 aqua)
581 2262 779 2319 multas
811 2278 920 2319 non
953 2269 1230 2335 poterunt
1264 2266 1628 2335 extinguere,
1656 2281 1759 2322 nec
1786 2266 1888 2321 llu-

227 2351 386 2407 mina
410 2352 665 2408 obruent
711 2352 866 2409 illam
900 2353 1097 2420 (Ocmt.
1137 2370 1254 2423 vm,
1280 2355 1354 2425 7).
1384 2357 1673 2411 l’robatus
1708 2356 1887 2425 igitur

226 2437 457 2493 Domini
480 2452 687 2495 servus
711 2438 859 2494 viam
878 2454 1145 2512 carpens,
1163 2446 1221 2496 et
1242 2441 1347 2498 viae
1362 2441 1565 2498 ducem
1590 2442 1884 2497 Christum

224 2524 599 2596 collaudans,
627 2530 843 2583 terram
878 2529 1329 2586 Sarracenorum
1364 2531 1667 2601 ingressus
1686 2535 1794 2587 est.
1816 2532 1886 2587 Et

228 2630 366 2672 cum
391 2616 892 2688 appropinquaret
913 2618 1255 2675 civitatibus
1277 2633 1499 2683 eorum,
1527 2620 1882 2691 prmdicabat

224 2705 505 2762 omnibus
532 2706 826 2763 Christum
855 2708 1074 2777 Jesum,
1111 2708 1164 2763 in
1199 2705 1432 2764 domino
1476 2710 1592 2764 Deo
1617 2724 1720 2765 suo
1749 2724 1885 2766 con-

227 2793 392 2866 ﬁsus,
429 2794 565 2865 quia
591 2809 701 2851 non
733 2798 860 2851 erat
895 2795 949 2851 in
974 2797 1181 2868 spiritu
1217 2797 1344 2867 ejus
1370 2797 1559 2853 dolus.
1589 2799 1710 2853 Jam
1743 2813 1883 2855 vero

228 2883 327 2940 ubi
353 2883 426 2939 ad
452 2884 652 2941 urbem
676 2885 957 2955 venisset,
989 2889 1124 2942 ante
1155 2901 1379 2943 murum
1407 2886 1567 2942 urbis
1595 2886 1883 2958 psallebat

224 2972 517 3030 Salvatori
544 2987 666 3041 suo,
712 2978 770 3029 et
804 2973 1109 3031 missarum
1136 2974 1449 3047 solempnia
1484 2976 1698 3031 ibidem
1729 2976 1880 3032 cele-

2002 1819 2187 1887 tabat,
2250 1815 2542 1872 Christum
2575 1813 2941 1881 crucifixum,
2978 1811 3074 1883 qui
3124 1815 3215 1869 est
3248 1826 3427 1883 super
3458 1811 3649 1868 omnia

2003 1908 2156 1963 Deus
2181 1903 2595 1963 benedictusin
2624 1902 2817 1959 secula
2838 1902 3025 1971 (Rom.
3054 1917 3130 1971 ix,
3167 1904 3240 1973 5).
3280 1901 3533 1958 adorans
3588 1903 3648 1956 et

2002 1996 2190 2054 locum
2242 1993 2538 2068 sepulchri
2579 1992 2708 2063 ejus
2756 1991 2942 2049 oculis
2990 1991 3121 2048 fidei
3153 1993 3506 2047 veneranter
3535 2006 3651 2047 am-

2004 2085 2285 2158 plectens.
2321 2083 2521 2140 Omnia
2544 2098 2686 2153 ergo
2709 2080 3037 2138 nativitatis
3058 2080 3346 2153 passionis
3376 2084 3432 2135 et
3459 2096 3652 2137 resur-

2002 2174 2279 2231 rectionis
2308 2174 2433 2230 loca
2468 2173 2580 2229 fide
2638 2171 2954 2241 circuiens,
2989 2171 3124 2227 dum
3182 2185 3294 2226 non
3324 2168 3650 2226 saciaretur

2001 2263 2187 2321 oculis
2222 2261 2523 2332 intuendo,
2563 2268 2755 2318 mente
2788 2260 3171 2332 pascebatur;
3214 2258 3345 2330 quia
3380 2259 3450 2315 ad
3481 2256 3651 2315 visio-

2000 2368 2127 2410 nem
2154 2351 2551 2409 dulcissimam
2584 2354 2641 2406 et
2675 2349 2772 2406 diu
2806 2348 3222 2418 desideratam,
3248 2348 3484 2418 jamque
3516 2361 3650 2403 con-

1999 2441 2323 2513 cupiscenti
2358 2440 2547 2495 animo
2599 2441 2991 2509 preparatam,
3028 2436 3377 2492 mirabilium
3401 2435 3645 2491 Domini.

1997 2530 2210 2600 gaudio
2238 2534 2298 2585 et
2321 2527 2526 2585 laetitia
2560 2526 2836 2582 ineffabili
2870 2524 3227 2597 replebatur.
3256 2524 3526 2581 Occurrit
3550 2538 3649 2581 au-

1997 2625 2114 2675 tem
2144 2618 2194 2675 ei
2228 2617 2481 2674 vementi
2543 2615 2871 2687 patriarcha
2930 2613 3519 2685 Jherosolymitanus;
3549 2627 3647 2669 au-

1998 2708 2186 2763 dierat
2234 2706 2385 2763 enim
2420 2706 2624 2761 famam
2655 2704 2781 2773 ejus
2811 2703 3063 2760 omnium
3095 2717 3197 2759 ore
3252 2701 3646 2770 celebratam;

1996 2801 2052 2853 et
2087 2795 2437 2854 consalutati
2471 2796 2691 2863 mutuo,
2726 2792 2863 2849 dato
2894 2791 3003 2849 sibi
3029 2791 3188 2864 pacis
3210 2791 3438 2861 osculo,
3461 2791 3645 2847 lmtati

1996 2891 2130 2945 sunt
2158 2886 2211 2941 in
2245 2884 2507 2942 Domino.
2531 2884 2748 2940 Videns
2776 2897 2919 2939 vero
2952 2881 3006 2937 in
3040 2896 3109 2938 eo
3140 2885 3440 2953 aspectum
3475 2895 3646 2951 ange-

1994 2975 2187 3045 licum,
2216 2974 2544 3031 modestum
2588 2986 2934 3041 sermonem,
2970 2971 3265 3028 incessum
3300 2971 3517 3042 mitem,
3553 2985 3647 3028 ca-

225 3063 458 3131 brabat,
496 3061 734 3134 paganis
756 3062 827 3119 de
852 3078 1027 3134 super
1050 3063 1576 3134 saxajacientibus,
1612 3068 1674 3120 ut
1698 3063 1877 3135 capiti
1908 3100 1957 3162 C
1989 3064 2196 3120 niciem
2231 3062 2641 3130 venerandam,
2676 3059 3077 3117 habitudinem
3103 3059 3429 3117 senectutis
3461 3058 3643 3116 omni-

221 3150 356 3220 ejus
378 3149 711 3215 illiderent;
738 3150 941 3221 quisic
958 3152 1085 3207 urbi
1108 3166 1217 3223 app
1229 3152 1580 3223 ropiaverat,
1600 3156 1659 3207 ut
1678 3152 1875 3208 tabula

220 3238 433 3296 altaris
453 3238 690 3296 hereret
714 3255 895 3296 muro.
924 3242 989 3295 Et
1013 3256 1142 3297 cum
1168 3240 1347 3297 multa
1365 3241 1619 3312 desuper
1642 3256 1779 3297 saxa
1804 3242 1877 3298 ab

219 3329 446 3385 eisdem
472 3328 898 3400 aspicientibus
926 3334 986 3385 et
1009 3329 1767 3401 illudentibusjacerentur,
1798 3331 1875 3387 ita

221 3417 511 3473 aChristo
547 3419 986 3489 protegebatur,
1039 3422 1103 3474 ut
1153 3433 1264 3474 non
1300 3418 1505 3489 altare,
1536 3434 1645 3476 non
1676 3419 1875 3476 tabula

223 3505 451 3576 altaris,
487 3520 598 3561 non
624 3510 920 3577 postremo
950 3506 1093 3562 illud
1114 3507 1395 3578 quidquid
1419 3512 1508 3563 est
1536 3509 1688 3579 quod
1705 3507 1877 3564 altari

220 3594 565 3666 imponitur,
583 3608 693 3650 non
719 3595 841 3667 ipse
865 3596 1116 3666 denique
1131 3596 1227 3667 qui
1253 3596 1424 3652 altari
1448 3597 1674 3653 astabat
1701 3598 1878 3653 intre-

220 3683 454 3755 pidus,a
481 3683 775 3755 lapidibus
796 3687 1159 3755 tangeretur,
1188 3700 1318 3741 cum
1342 3690 1709 3743 tantusesset
1735 3688 1876 3744 mul-

219 3771 443 3828 totiens
475 3771 530 3827 in
588 3771 839 3828 circuitu
871 3771 1075 3829 altaris
1108 3788 1285 3843 agger
1336 3774 1589 3845 lapidum
1623 3775 1876 3847 desuper

220 3861 543 3931 ruentium,
602 3863 664 3917 ut
716 3861 893 3917 missa
926 3861 1080 3917 dicta
1112 3876 1223 3918 non
1276 3860 1386 3919 nisi
1418 3863 1507 3917 via
1558 3864 1706 3920 facta
1741 3864 1873 3921 inde

216 3950 448 4006 extrahi
474 3954 699 4022 posset.
722 3950 1130 4007 Monacborum
1155 3967 1295 4008 vero
1326 3956 1382 4007 et
1406 3952 1754 4009 clericorum
1778 3969 1872 4009 co-

218 4037 553 4095 mitantium
587 4038 748 4095 illum
772 4038 971 4097 nullus
990 4039 1044 4096 ei
1073 4054 1273 4098 coesse
1299 4039 1389 4097 vel
1412 4041 1753 4099 cohabitare
1776 4059 1871 4115 po-

218 4130 401 4195 terat;
426 4128 1021 4199 setquantumjactus
1041 4134 1133 4186 est
1156 4129 1367 4201 lapidis
1397 4130 1620 4201 alonge
1644 4135 1867 4190 stantes

220 4218 598 4283 cauebant,et
618 4217 849 4273 canenti
876 4218 1462 4290 respondebant,ipse
1494 4219 1654 4276 solus
1683 4221 1867 4277 inten-

1988 3151 2098 3208 bus
2130 3149 2527 3219 reverendam,
2552 3147 2962 3218 gratulabatur
2984 3147 3039 3202 in
3071 3146 3283 3219 spiritu
3304 3147 3517 3216 :St'cut,
3554 3147 3645 3202 in-

1989 3248 2218 3320 quiens,
2255 3246 2631 3316 audivimus,
2665 3245 2757 3302 ita
2786 3244 3124 3302 etvidemus
3150 3244 3342 3311 (Psal.
3369 3258 3538 3313 xuii,
3563 3246 3637 3316 9).

1990 3336 2371 3393 Introductus
2396 3335 2577 3406 igitur
2612 3334 2665 3389 in
2698 3338 2958 3407 sanctam
2992 3334 3162 3406 Syon,
3216 3332 3521 3389 missarum
3554 3346 3644 3389 so-

1988 3424 2239 3497 lempnia
2264 3423 2608 3494 celebravit,
2628 3424 2858 3479 astante
2883 3421 3158 3494 pontiﬁce
3180 3425 3240 3478 et
3263 3421 3456 3490 clero;
3478 3426 3538 3477 et
3560 3421 3640 3479 sic

1985 3513 2179 3570 locum
2230 3511 2523 3583 sepulchri
2584 3510 2805 3566 Domini
2847 3510 3047 3565 cordis
3101 3508 3314 3566 affectu
3358 3507 3636 3582 revisens,

1987 3615 2331 3672 omnemque
2385 3600 2575 3656 locum
2615 3603 2879 3655 sanctum
2934 3597 3026 3669 pia
3069 3597 3377 3654 devotione
3418 3596 3641 3670 perlus-

1986 3694 2174 3760 trans,
2192 3704 2321 3746 cum
2338 3702 2399 3745 se
2414 3688 2711 3744 desiderio
2735 3686 3096 3744 satisfecisse
3118 3685 3408 3755 crederet,
3427 3685 3637 3743 iterum

1984 3782 2317 3835 estuantcm
2359 3777 2571 3833 devota
2615 3774 3011 3832 sollicitudine
3062 3774 3320 3831 saciabat
3362 3774 3632 3831 animum.

1984 3869 2305 3938 Numquam
2330 3881 2360 3922 a
2398 3865 2705 3921 missarum
2730 3864 3129 3921 celebratione
3152 3863 3464 3935 desistens,
3482 3878 3640 3920 num-

1986 3971 2153 4027 quam
2171 3970 2199 4011 a
2221 3954 2384 4011 verbi
2410 3955 2509 4009 Dei
2539 3953 2880 4023 erogatione
2913 3966 3119 4009 cessan
3137 3967 3184 4022 s,
3204 3953 3376 4008 immo
3426 3952 3637 4023 ubique

1983 4060 2111 4116 qum
2143 4044 2242 4100 Dei
2269 4047 2408 4099 sunt
2430 4042 2811 4112 annuncians,
2833 4055 2940 4097 nec
2956 4041 3167 4097 timore
3183 4040 3408 4110 mortis,
3435 4055 3539 4097 nec
3557 4040 3637 4095 in-

1984 4132 2298 4190 festatione
2320 4130 2623 4187 barbarica
2643 4145 2673 4185 a
2697 4128 2823 4185 veri
2847 4132 2904 4185 et
2924 4129 3069 4185 recti
3087 4127 3405 4184 exibitione
3424 4135 3482 4183 et
3502 4128 3634 4185 mali

1982 4219 2373 4292 prohibitione
2390 4218 2755 4275 desistens.0
2769 4216 2899 4288 quis
2923 4216 3050 4288 ejus
3069 4215 3315 4272 aﬂectus
3344 4215 3398 4271 in
3422 4217 3598 4273 Deum
3620 4222 3633 4276 l

221 4304 504 4362 debatbis
523 4320 653 4376 qua;
673 4306 1136 4377 ccperat,donee
1160 4305 1333 4363 missa
1352 4307 1687 4379 perexpleta
1704 4323 1868 4379 egre-
1895 4296 1950 4357 D
1982 4311 2195 4379 quanta
2258 4306 2497 4363 contriti
2544 4310 2603 4361 et
2660 4304 2949 4362 humiliati
3007 4303 3255 4377 spiritus
3309 4303 3631 4362 exultatio!

214 4393 462 4475 deretur
484 4394 577 4450 vel
593 4392 787 4465 potius
798 4395 1229 4451 extraheretur.
1251 4395 1390 4461 lFol.
1410 4399 1522 4463 87.)
1539 4398 1756 4454 Erutus
1771 4413 1869 4455 au-

216 4481 507 4551 teminde,
534 4485 669 4538 ante
693 4482 856 4539 urbis
881 4488 1249 4555 prospectum
1276 4488 1527 4542 tentoria
1559 4487 1868 4559 figebat,et

212 4571 579 4641 comparatis
590 4571 943 4629 necessariis
969 4574 1298 4645 sumptibus
1315 4575 1523 4631 ibidem
1541 4575 1768 4648 hospita
1779 4578 1873 4633 ba-

217 4660 336 4729 t_ur,
372 4673 403 4713 a
439 4658 542 4715 Dei
603 4658 874 4716 laudibus
936 4676 1246 4733 numquam
1281 4677 1517 4733 vacans,
1580 4665 1713 4736 quia
1748 4664 1874 4721 laus

222 4746 349 4816 ejus
397 4761 635 4818 semper
663 4752 790 4804 erat
824 4748 1164 4807 indeﬂeiens
1194 4752 1248 4806 in
1278 4767 1378 4807 ore
1424 4752 1625 4823 ipsius.
1660 4752 1871 4823 Pagani

216 4839 413 4890 autem
432 4834 722 4893 miraculo
739 4838 1064 4908 perterriti,
1080 4842 1138 4894 et
1152 4840 1340 4909 gratia
1356 4840 1659 4895 reverendi
1676 4840 1875 4899 vultus

211 4923 344 4992 ejus
376 4922 635 4991 invitati,
662 4925 974 4981 veniebant
999 4926 1069 4981 ad
1090 4941 1239 4991 eum.
1266 4927 1477 4997 quibus
1501 4927 1623 4998 ipse
1657 4944 1760 5000 per
1793 4930 1875 4986 in-

210 5016 539 5084 terpretem
566 5027 696 5084 qua:
723 5014 943 5070 deJesu
959 5019 1125 5070 erant
1140 5019 1867 5089 gratanterannunciabat,

208 5106 267 5157 et
303 5106 360 5157 ut
403 5102 477 5157 ab
509 5101 720 5172 injuria
788 5116 1090 5158 servorum
1136 5103 1232 5158 Dei
1264 5119 1468 5161 manus
1525 5108 1870 5164 cohiberent

214 5188 597 5260 praedicabat.
638 5187 960 5260 Fiebatque
992 5188 1140 5246 miro
1172 5190 1363 5261 modo,
1405 5196 1467 5247 ut
1502 5208 1652 5263 quos
1684 5195 1742 5249 in
1774 5194 1871 5250 ad-

1983 4399 2197 4468 quanta
2225 4394 2420 4452 cordis
2447 4392 2777 4465 jubilatio;.
2806 4409 2935 4451 cum
2969 4393 3196 4450 videret
3228 4409 3292 4451 se
3324 4408 3455 4451 esse
3490 4410 3637 4466 pra:-

1983 4483 2313 4542 sentialiter
2341 4482 2437 4539 ubi
2470 4483 2736 4539 Christus
2765 4488 2938 4539 natus
2967 4486 3079 4553 est,
3118 4483 3211 4538 ubi
3264 4497 3496 4555 passus,
3533 4483 3631 4541 ubi

1987 4572 2274 4645 sepultus,
2292 4572 2389 4629 ubi
2405 4574 2700 4628 steterunt
2717 4571 3032 4627 novissime
3049 4571 3229 4642 pedes
3252 4571 3379 4642 eujs
3402 4572 3633 4643 quando

1986 4663 2248 4719 ascendit
2276 4662 2331 4718 in
2355 4661 2564 4719 celum.
2590 4660 2952 4732 Ubicumque
2978 4661 3339 4719 incubuisset
3355 4661 3628 4729 orationi,

1986 4752 2255 4808 madebat
2271 4753 2427 4807 terra
2443 4750 2718 4818 lacrimis,
2736 4749 3168 4807 clamorcordis
3186 4749 3545 4806 ascendebat
3561 4748 3631 4804 ad

1985 4840 2309 4911 Dominum,
2333 4854 2549 4911 corpus
2573 4839 2962 4909 atterebatur,
3002 4838 3248 4909 spiritus
3269 4836 3627 4893 elevabatur.

1985 4929 2374 4985 Continuabat
2400 4932 2602 4984 noctes
2622 4927 2855 4997 vigiliis,
2880 4927 3225 4983 attenuabat
3256 4924 3634 4997 corpusjeju-

1984 5016 2114 5086 niis,
2141 5031 2452 5089 numquam
2495 5016 2620 5071 sine
2644 5015 2918 5083 lacrimis,
2948 5028 3257 5083 numquam
3290 5014 3415 5070 sine
3449 5013 3635 5085 preci-

1983 5104 2110 5175 bus,
2135 5119 2265 5160 eum
2314 5109 2476 5161 totus
2499 5103 2794 5160 exultaret
2825 5103 2879 5157 in
2903 5102 3161 5171 Domino,
3189 5102 3449 5159 laetitiam
3481 5117 3636 5159 men-

1991 5194 2089 5265 tis,
2123 5192 2324 5251 vultus
2355 5193 2677 5252 serenitate
2710 5191 3061 5263 proferebat.
3086 5191 3379 5249 Dominica
3402 5191 3495 5248 die
3519 5206 3633 5265 qua

1798 5319 2020 5377 ΝΟΤΕ.

276 5398 393 5470 (99)
428 5398 587 5457 Obiit
616 5414 667 5457 a.
702 5405 858 5459 1035.

275 5470 433 5539 (100)
484 5470 693 5529 Ultima
742 5472 864 5531 haec
898 5477 1034 5532 sunt
1084 5476 1262 5534 verba
1294 5476 1586 5535 Eberwini
1637 5477 1868 5535 abbatis

206 5540 456 5613 Trevir.,
492 5543 591 5615 qui
613 5544 888 5603 Richardi
912 5546 969 5603 in
1002 5546 1211 5605 itinere
1234 5544 1757 5620 Hierosolymitano
1774 5564 1871 5606 co-

1978 5423 2123 5479 mes,
2176 5407 2364 5465 Vitam
2396 5406 2677 5465 Simeonis
2725 5406 3073 5479 composuit.
3131 5407 3301 5480 Mab,
3344 5409 3475 5467 Act.
3534 5406 3627 5464 SS.

1982 5482 2104 5537 Saac
2134 5480 2224 5551 Vl,
2256 5483 2306 5552 l,
2345 5496 2398 5552 p.
2435 5484 2538 5536 376
2599 5480 2683 5535 Cf.
2723 5493 2919 5551 supra.
