3950 6048
310 219 427 282 247

1263 172 1632 288 PlUGONlS
1675 221 2034 285 ABBATIS
2075 220 2763 286 FLAVINIACENSIS

3611 216 3737 281 248

311 348 649 407 celebratur
690 350 978 409 adventus
1009 352 1232 411 Domini
1267 353 1323 410 in
1377 353 1740 415 Jherusalem
1771 358 1833 412 et
1861 368 1960 411 ex-
1989 351 2046 415 Α
2076 352 2133 408 in
2154 368 2299 411 voce
2322 352 2458 412 fidei
2483 353 2866 411 annunciaret
2897 350 3218 410 fratribus:
3240 352 3602 411 Βίωνι-ιι
3615 355 3734 412 Do-

312 437 510 510 ceptio
542 437 669 509 ejus
699 453 730 495 a
761 440 964 512 pueris
992 455 1124 499 cum
1156 441 1384 513 hymnis
1427 444 1870 515 palmarumque
1902 446 1959 500 et

316 527 606 600 frondium
660 528 854 598 ramis,
889 529 1091 586 urbem
1140 530 1437 601 ingressus
1466 536 1587 589 est:
1642 532 1961 588 ebdomada

317 618 441 671 tota
475 616 840 688 pernoctavit
862 616 918 673 in
938 616 1212 675 laudibus
1237 619 1352 689 Dei,
1374 635 1506 676 eum
1540 625 1661 677 tota
1694 619 1963 676 :ecclesia

317 704 755 761 discurreretur
777 719 805 760 a
826 705 1068 776 paganis
1085 703 1297 775 gladiis
1335 707 1610 764 accinctis
1633 708 1759 779 ipse
1787 706 1964 763 nichil

319 792 611 863 dubitans,
645 793 822 849 nichil
862 793 1145 865 hesitans,
1169 810 1296 865 quae
1319 795 1417 851 Dei
1449 800 1585 853 sunt
1616 798 1733 853 Deo
1767 796 1967 853 redde-

322 882 416 937 bat
448 881 696 953 pervigil
726 881 783 937 in
829 882 1210 954 orationibus,
1248 884 1302 940 in
1341 885 1580 956 jejuniis
1607 885 1963 942 continuus:

320 969 465 1026 adeo
502 968 835 1040 utgentiles
867 969 974 1043 ipsi
1006 970 1438 1029 admirarentur
1479 973 1811 1031 devotionis
1841 972 1968 1042 ejus

323 1058 680 1129 instantiam,
705 1062 763 1115 et
787 1065 1202 1116 revererentur
1221 1062 1634 1118 constantiam.
1660 1062 1800 1131 (Fol.
1825 1062 1969 1133 86b.)

322 1147 479 1203 Diem
530 1161 691 1203 eenze
738 1148 1195 1206 sacratissimum
1228 1148 1282 1205 in
1335 1150 1655 1227 exibitione
1716 1150 1971 1207 mandati

324 1235 548 1291 Domini
582 1240 639 1292 et
703 1251 1024 1308 pauperum
1076 1238 1441 1294 recreatione
1470 1238 1734 1309 deduxit,
1794 1239 1974 1310 pedes

324 1337 644 1395 pauperum
670 1324 939 1396 abluens,
967 1328 1162 1383 vestes
1175 1330 1233 1382 et
1258 1342 1504 1398 qumque
1518 1327 1850 1384 necessaria
1874 1327 1977 1384 tri-

326 1411 531 1483 buens,
563 1416 621 1468 et
657 1415 843 1470 totum
876 1427 940 1469 se
970 1413 1288 1471 Dominicis
1318 1416 1584 1473 serviciis
1611 1417 1977 1473 conformans

324 1507 381 1555 et
408 1499 725 1572 applicans.
750 1503 873 1558 Jam
906 1516 1046 1558 vero
1080 1502 1211 1573 quis
1237 1504 1472 1574 referat,
1505 1504 1757 1576 qualiter
1790 1519 1854 1562 se
1885 1504 1977 1562 die

330 1602 649 1661 parasceve
664 1591 1030 1660 mactaverit,
1048 1591 1662 1663 cruciaverit,Christo
1675 1593 1836 1651 cruci
1851 1608 1980 1651 con-

2071 442 2292 499 minus.
2346 443 2505 499 Mane
2556 444 2733 513 facto,
2783 440 3324 499 consuetudinariis
3351 440 3604 501 canticis
3632 458 3734 501 ex-

2078 529 2274 600 pletis,
2325 530 2553 588 missam
2588 531 2796 588 festive
2846 529 3006 586 circa
3067 529 3267 585 horam
3299 529 3540 586 terciam
3572 531 3735 589 cele-

2076 617 2287 688 bravit,
2346 623 2407 675 et
2461 617 2905 675 communicatis
2960 616 3234 673 ﬁdelibus
3298 616 3533 689 pepulis
3592 635 3729 677 cum

2074 707 2289 776 gaudio
2311 707 2540 764 domum
2563 707 2818 777 rediens,
2842 705 3177 763 celebritati
3201 705 3315 761 diei
3339 706 3654 777 satisfecit,
3673 713 3736 764 et

2074 798 2201 852 tota
2227 795 2319 852 die
2349 810 2480 852 eum
2512 795 2844 867 patriarcha
2878 794 3221 851 familiarius
3244 793 3544 871 loquutus,
3570 796 3728 853 diem

2079 883 2323 941 deduxit
2348 885 2401 940 in
2422 884 2612 955 jubilo
2630 883 2826 941 cordis
2849 882 3476 954 etvoceexultationis,
3494 898 3735 957 semper

2080 972 2270 1029 locum
2293 971 2586 1044 sepulchri
2617 972 2841 1028 Domini
2865 971 3122 1029 revisere
3152 972 3431 1043 gestiens,
3460 972 3737 1031 recolens

2080 1065 2139 1116 ct
2190 1060 2484 1117 admirans
2542 1060 2838 1117 sudarium
2886 1060 3103 1131 capitis
3152 1060 3376 1117 Domini
3435 1075 3551 1117 non
3603 1075 3740 1119 eum

2082 1148 2522 1207 linteaminibus
2551 1149 2827 1221 positum,
2860 1147 2962 1206 sed
2984 1149 3300 1221 separatim
3323 1148 3655 1208 involutum
3680 1150 3741 1207 in

2084 1252 2261 1294 unum
2284 1236 2496 1294 locum.

2156 1326 2244 1384 22.
2278 1326 2496 1383 Diebus
2530 1325 2698 1383 festis
2725 1324 2969 1397 reliquis
2991 1324 3309 1383 celebratis
3340 1326 3397 1383 in
3427 1327 3648 1399 gaudio
3681 1334 3748 1386 et

2089 1414 2348 1487 tripudio
2380 1414 2577 1487 animi,
2613 1415 2930 1472 destinavrt
2960 1414 3051 1471 vir
3072 1415 3446 1473 mittissimus
3474 1417 3746 1488 cogitare

2091 1504 2160 1560 de
2191 1503 2404 1561 reditu.
2454 1506 2569 1561 Nec
2594 1503 2770 1560 rediit
2797 1519 3017 1562 vacuus
3042 1518 3073 1561 a
3104 1516 3363 1575 munere,
3396 1506 3536 1577 quia
3566 1507 3745 1565 archa

2090 1593 2287 1649 cordis
2309 1592 2433 1663 ejus
2446 1592 2670 1664 repleta
2689 1592 2979 1649 eratbona
3003 1592 3332 1651 devotione.
3357 1593 3522 1661 Quod
3545 1600 3746 1653 autem

332 1677 762 1735 ﬂxerit?Totus
785 1678 841 1735 in
892 1679 1169 1753 lacrimis,
1217 1685 1377 1739 totus
1402 1682 1456 1739 in
1480 1682 1679 1740 cordis
1707 1698 1979 1755 compun-
2006 1697 2064 1759 Β
2095 1680 2199 1738 fuit
2237 1696 2444 1738 munus
2496 1680 2675 1738 illud?
2721 1681 3131 1739 Discurrentes
3159 1682 3366 1753 pagani
3400 1698 3502 1754 per
3562 1684 3750 1741 muni-

332 1765 546 1837 ctione,
584 1766 640 1822 in
673 1768 1192 1841 contemplatione,
1239 1770 1294 1825 in
1332 1771 1543 1829 suimet
1576 1772 1977 1843 abnegaticne,

335 1854 583 1912 maxime
605 1871 735 1912 cum
756 1856 986 1913 videret
1006 1858 1379 1930 sepulchrum
1399 1862 1535 1917 Jesu
1560 1876 1678 1932 prae
1698 1861 1907 1932 oculis,
1922 1867 1982 1919 et

335 1948 494 2001 esset
516 1944 567 2000 ei
592 1944 835 2002 materia
869 1944 1094 2003 doloris
1125 1952 1182 2003 et
1215 1949 1661 2021 compassionis.
1689 1951 1749 2005 In
1771 1950 1987 2008 oratio-

336 2033 510 2089 nibus
540 2034 836 2105 assiduus,
864 2049 1087 2106 pernox
1116 2034 1171 2090 in
1199 2035 1437 2108 vigiliis,
1476 2037 1818 2094 fatiscentes
1841 2037 1987 2108 jeju-

336 2120 450 2177 niis
482 2127 648 2179 artus
707 2123 944 2196 spiritui
997 2124 1221 2181 servire
1271 2127 1670 2197 cogebat.Die
1729 2125 1828 2182 illa
1857 2142 1987 2184 cum

338 2214 510 2268 nocte
542 2213 813 2283 sequenti
846 2228 875 2269 a
910 2212 1036 2270 loco
1077 2213 1377 2286 sepulchri
1409 2230 1523 2271 non
1557 2215 1822 2287 recessit,
1876 2231 1992 2273 am-

339 2299 687 2357 mirantihus
735 2303 1003 2360 omnibus
1052 2303 1390 2361 instantiam
1446 2302 1623 2376 illius,
1659 2304 1812 2376 quod
1863 2304 1995 2361 aliis

343 2388 760 2448 recedentibus
815 2392 941 2464 ipse
983 2407 1094 2449 non
1147 2392 1479 2451 recedebat.
1516 2392 1659 2464 (Fol.
1698 2395 1813 2467 87.)
1844 2393 1992 2461 Quid

345 2478 562 2536 multa?
584 2480 745 2536 venit
769 2480 895 2539 dies
914 2481 1100 2539 sancti
1143 2482 1392 2553 sabbati,
1423 2497 1538 2554 quo
1568 2484 1995 2554 expectabatur

341 2568 559 2640 ignisa
607 2571 870 2642 Domino,
932 2575 993 2627 et
1048 2570 1304 2641 gentiles
1364 2572 1593 2643 armati,
1653 2571 1996 2629 Christianis

344 2659 501 2714 intro
530 2658 824 2715 conclusis
854 2662 912 2716 et
958 2659 1386 2732 beneplacitam
1420 2658 1780 2718 voluntatem
1812 2661 1998 2718 Domi-

345 2744 401 2800 ni
434 2745 505 2803 de
556 2746 687 2816 igne
737 2746 1111 2819 suscipiendo
1158 2747 1656 2820 praestolantibus,
1689 2753 1869 2807 totam
1900 2751 1999 2807 ob-

346 2839 725 2893 servaverant
758 2834 1106 2907 meclesiam,
1140 2841 1204 2893 ut
1249 2836 1297 2894 si
1330 2836 1479 2908 ignis
1509 2853 1623 2894 non
1673 2839 1996 2910 adveniret,

348 2937 552 2981 omnes
580 2922 777 2995 gladio
807 2923 1237 2996 perimerentur
1272 2944 1284 2980 :
1316 2941 1448 2984 cum
1479 2941 1638 2999 ecce,
1665 2927 1803 2985 hora
1833 2927 2003 2985 circi-

2096 1771 2244 1828 tiora
2269 1769 2491 1842 templi,
2510 1769 2633 1842 ipsa
2664 1770 2985 1827 ebdomada
3009 1774 3144 1827 ante
3166 1771 3405 1843 pascha,
3428 1771 3659 1844 lapides
3684 1773 3747 1829 in

2097 1858 2372 1932 populum
2416 1873 2582 1915 sacra
2615 1858 3011 1916 celebrantem
3054 1859 3373 1929 jaciebant.
3410 1861 3561 1918 Casu
3593 1859 3751 1933 lapis

2095 1947 2336 2005 veniens
2369 1946 2522 2004 intra
2564 1946 2898 2020 sepulcrum
2936 1948 3171 2019 cecidit,
3208 1963 3377 2020 quem
3395 1948 3484 2005 vir
3522 1950 3752 2007 Domini

2098 2051 2203 2109 pro
2226 2051 2435 2106 magno
2466 2050 2705 2093 munere
2736 2035 2848 2092 sibi
2878 2037 3217 2109 assumpsit,
3245 2041 3304 2094 et
3329 2037 3472 2094 totis
3491 2035 3608 2094 illis
3630 2037 3758 2094 die-

2100 2125 2227 2195 bus,
2255 2124 2467 2196 quibus
2488 2123 2823 2181 celebratur
2850 2124 3050 2196 passio
3078 2124 3170 2182 vel
3206 2125 3567 2183 resurrectio
3585 2127 3754 2197 Iesu,

2102 2213 2253 2269 intra
2285 2211 2656 2285 sepulchrum
2696 2211 2987 2282 jacentem
3036 2212 3254 2284 vigiliis
3285 2217 3343 2269 et
3378 2213 3753 2271 orationibus

2100 2301 2341 2359 Domino
2366 2300 2678 2357 dedicavit.
2704 2302 2867 2357 Hunc
2903 2314 3245 2358 recessurus
3266 2316 3397 2358 cum
3420 2316 3623 2372 magna
3655 2301 3759 2359 de-

2102 2390 2340 2448 votione
2361 2388 2623 2461 sustulit,
2648 2392 2704 2448 et
2719 2389 3059 2447 exosculato
3080 2389 3212 2447 loco
3232 2393 3458 2461 saneto,
3483 2390 3652 2462 quasi
3667 2394 3761 2447 ιο-

2103 2483 2231 2536 tum
2250 2494 2447 2536 secum
2473 2479 2672 2550 ferret,
2712 2478 2866 2535 inter
2894 2482 3096 2536 sancta
3128 2479 3413 2551 reposuit,
3436 2482 3492 2536 et
3536 2479 3760 2536 valedi-

2105 2584 2244 2626 cens
2258 2567 2631 2641 patriarcha,
2648 2582 2931 2640 prospera
2945 2568 2997 2624 ei
3012 2567 3370 2641 imprecatus
3380 2568 3543 2626 abire
3557 2567 3762 2625 decre-

2107 2658 2211 2713 vit.
2266 2657 2552 2728 ingemuit
2584 2656 2682 2712 ille
2731 2656 2790 2712 in
2818 2670 2964 2713 voce
2995 2655 3195 2713 dilecti
3226 2655 3355 2712 vale
3386 2656 3657 2725 dicentis,
3691 2658 3753 2712 et

2108 2748 2416 2820 proferens
2440 2745 2723 2816 reliquias
2745 2744 3203 2817 preeiosissimas
3229 2744 3301 2802 de
3326 2744 3481 2815 ligno
3503 2744 3752 2813 Domini,

2110 2837 2367 2907 itemque
2391 2833 2746 2906 marsupium
2772 2849 2945 2892 unum
2976 2848 3120 2891 auro
3150 2837 3377 2890 textum
3408 2832 3758 2905 praegrande

2114 2923 2376 2996 reliquiis
2393 2926 2730 2981 sanctorum
2754 2921 3277 2994 refertum,optulit
3298 2923 3420 2980 seni
3434 2920 3759 2979 venerabili

353 3017 442 3070 ter
491 3027 662 3086 nona,
727 3014 998 3073 omnibus
1065 3014 1394 3087 orantibus,
1453 3016 1510 3072 in
1569 3030 1680 3074 una
1737 3016 2002 3090 lampade
2034 3010 3764 3113 Ccumgratiarumactione,inquiens:{locipaoailectePoj

351 3104 506 3178 ignis
529 3104 677 3178 (101)
702 3117 988 3162 accensus
1019 3109 1113 3162 est
1159 3119 1188 3161 a
1218 3106 1480 3177 Domino,
1514 3105 1733 3164 nullius
1792 3110 2008 3163 morta.

352 3196 493 3254 lium
517 3193 874 3265 suffragante
898 3193 1294 3265 amminiculo,
1319 3199 1377 3251 et
1391 3194 1645 3264 gentiles
1666 3210 1865 3253 omnes
1887 3200 2009 3254 stu-

354 3300 463 3358 por
489 3281 874 3355 apprehendit
896 3287 956 3338 et
980 3297 1180 3354 pavor,
1204 3282 1567 3340 Christianos
1581 3284 2007 3354 verogaudium

354 3376 417 3430 et
443 3370 752 3440 exultatio,
777 3374 837 3428 ut
862 3373 935 3427 ab
960 3372 1230 3429 omnibus
1251 3375 1371 3428 tota
1391 3373 1662 3429 certatim
1696 3377 2010 3431 caneretur

358 3460 654 3521 aecclesia:
678 3458 941 3532 Magnus
960 3460 1251 3518 Dominus
1271 3461 1488 3533 noster,
1510 3463 1791 3534 etmagna
1813 3463 2011 3522 virtus

359 3554 508 3624 ejus,
536 3550 1057 3623 etsapientireejus
1070 3563 1188 3607 non
1216 3550 1798 3622 estnumerus(Psal.
1826 3567 2008 3623 cxm,

362 3642 436 3713 5).
467 3640 610 3697 Ilico
639 3639 730 3697 vir
763 3640 971 3696 beatus
1004 3639 1192 3696 sacris
1224 3638 1463 3697 indutus
1501 3640 1787 3712 vestibus,
1823 3655 2011 3712 myssa

365 3728 656 3798 inchoata,
674 3726 1101 3800 Kyrieeteison
1119 3727 1419 3800 solempne
1445 3728 1598 3785 clata
1630 3729 1688 3785 in
1715 3728 2011 3787 excelsum

364 3831 507 3875 voce
523 3815 949 3890 pronunciavitt
979 3815 1124 3887 (F01.
1167 3814 1299 3889 87’.)
1318 3805 1439 3873 Jam
1472 3817 1624 3873 enim
1648 3815 1929 3875 lectiones
1954 3822 2015 3874 et

367 3896 615 3978 cantica,
643 3919 744 3963 seu
782 3904 1065 3977 quidquid
1089 3910 1183 3962 est
1206 3904 1346 3962 illud
1371 3905 1870 3963 consuetudinarii
1899 3906 2017 3964 om-

366 3995 445 4053 cii
470 4008 655 4068 usque
685 3993 756 4051 ad
789 3993 1194 4052 accensionem
1236 3994 1474 4052 luminis
1503 3994 1560 4052 in
1607 3996 2017 4069 expectatione

371 4099 536 4142 novm
560 4083 816 4141 lucernae
840 4082 1091 4155 finierat,
1113 4088 1173 4140 et
1194 4083 1278 4140 sic
1304 4083 1515 4145 Gloria
1533 4086 1601 4143 in
1627 4086 1878 4144 encelsis
1898 4087 2019 4143 Deo

370 4187 500 4231 cum
556 4172 813 4230 lacrimis
862 4176 922 4229 et
947 4172 1137 4245 jubilo
1166 4171 1365 4230 cordis
1419 4174 1711 4245 intonans,
1743 4174 2018 4244 gaudium

375 4261 746 4332 Christianis,
774 4265 989 4318 metum
1007 4266 1065 4318 et
1099 4261 1543 4319 admirationem
1569 4256 1810 4335 paganis
1833 4263 2022 4320 incus-

375 4348 473 4407 sit.
492 4352 776 4407 Astahant
799 4349 853 4404 in
874 4348 1128 4406 circuitu
1148 4348 1353 4405 altaris
1368 4350 1623 4422 undique
1638 4352 1951 4408 frementes
1962 4354 2022 4408 et

377 4437 733 4509 frendentes,
771 4438 871 4494 sed
904 4442 1065 4494 tanta
1088 4441 1217 4495 erat
1246 4410 1573 4496 reverentia
1613 4440 1744 4512 viri,
1767 4443 1930 4497 tanta
1964 4441 2022 4497 in
2049 4410 2105 4473 D

379 4527 566 4583 virum
622 4526 917 4598 protectio
950 4525 1160 4583 Christi
1193 4526 1430 4598 domini,
1463 4533 1525 4586 ut
1584 4543 1784 4587 omnes
1815 4532 2027 4589 sancti-

380 4621 558 4673 tatem
583 4614 711 4685 ejus
732 4620 792 4671 et
838 4615 1179 4687 religionem
1210 4615 1567 4674 admirantes
1591 4624 2024 4692 revererentur,

379 4711 440 4763 et
463 4705 617 4763 omni
659 4718 790 4761 eum
841 4704 1059 4762 honore
1108 4705 1343 4777 dignum
1377 4706 1659 4764 ducerent
1693 4708 1804 4780 ipsi
1853 4709 2028 4767 etiam

382 4793 478 4867 qui
503 4793 974 4850 inimicabantur.
1011 4795 1247 4851 Noctem
1282 4794 1438 4851 illam
1473 4800 1640 4868 pater
1663 4801 1865 4854 noster
1895 4799 2032 4855 Gra-

381 4884 462 4939 tia
496 4882 595 4939 Dei
613 4881 1134 4954 duxitinsomnem,
1159 4883 1460 4941 Dominum
1482 4890 1883 4957 resurgentem
1903 4887 2034 4945 ado-

386 4984 542 5042 rans,
567 4975 625 5027 et
672 4986 802 5028 cum
852 4971 1025 5028 Maria
1058 4971 1394 5042 Magdalenc
1436 4973 1491 5027 in
1514 4977 1644 5030 orto
1666 4975 1897 5046 mentis,
1932 4976 2032 5033 ubi

386 5060 653 5115 virebant
683 5074 788 5132 per
842 5074 972 5117 eum
1023 5059 1311 5132 plantaria
1340 5060 1643 5135 virtutum,
1704 5064 2033 5122 ortolanum

384 5150 582 5206 Iesum
624 5148 825 5205 videre
866 5148 1224 5221 desiderans,
1260 5154 1325 5207 ut
1352 5155 1589 5208 vocaret
1620 5166 1751 5211 eum
1800 5153 2035 5227 proprio

390 5235 639 5306 nomine,
699 5240 760 5292 et
814 5251 878 5292 se
936 5237 1282 5308 magistrum
1332 5243 1394 5295 et
1446 5239 1749 5298 Dominum
1795 5240 2035 5299 doceret

387 5338 729 5396 agnoscere,
747 5328 812 5381 ut
831 5324 1021 5382 factus
1043 5326 1216 5385 testis
1235 5341 1388 5386 veras
1410 5328 1864 5389 resurrectionis
1885 5329 2031 5401 ejus,

2114 3104 2285 3173 mini,
2299 3114 2517 3160 munus
2529 3100 2690 3159 bona
2706 3100 3037 3158 voluntatis
3057 3101 3119 3158 et
3134 3100 3480 3171 devotionis,
3497 3100 3663 3173 quod
3675 3099 3767 3159 sit

2113 3192 2310 3249 mutui
2334 3192 2567 3264 pignus
2582 3189 2825 3260 amoris,
2843 3202 3062 3247 munus
3078 3190 3240 3262 quod
3266 3203 3597 3261 numquam
3631 3202 3767 3247 con-

2115 3281 2470 3350 summatur,
2495 3291 2721 3351 semper
2750 3277 2928 3348 extet,
2967 3277 3192 3349 lter-eat,
3226 3278 3417 3337 amico
3463 3278 3763 3350 convivat,

2117 3370 2277 3445 quod
2303 3367 2735 3427 evanescentem
2770 3367 3116 3424 memoriam
3153 3365 3765 3438 excitetjocundum,

2118 3459 2278 3533 quod
2286 3456 2520 3516 obviam
2553 3456 2754 3515 animo
2791 3454 3015 3525 veniat,
3040 3454 3431 3526 etnquuam
3469 3453 3770 3512 labatura

2118 3546 2423 3605 memoria.
2451 3543 2986 3603 PrestetDominus
3013 3543 3150 3600 istis
3161 3540 3498 3599 etomnibus
3534 3542 3770 3600 sanctis

2121 3632 2641 3704 intercedentibus,
2673 3633 2746 3690 ut
2760 3631 2981 3690 iterum
3008 3632 3317 3690 videamus
3328 3645 3432 3689 nos
3443 3631 3771 3690 inculcati-

2125 3722 2359 3796 bus,ubi
2384 3725 2539 3797 ﬁnis
2580 3721 2919 3780 labora/met
2948 3719 3351 3778 remuneratio
3384 3719 3773 3792 praemiorum

2123 3810 2602 3883 aternorum,ubi
2612 3824 2939 3883 numquam
2953 3808 3028 3866 ab
3054 3809 3307 3867 invicem
3317 3809 3773 3882 separabimur;

2118 3901 2450 3978 gaudentes
2461 3901 2522 3958 et
2537 3900 2852 3973 gustantes
2881 3912 3066 3971 quam
3082 3898 3346 3956 sitdulce
3355 3900 3413 3956 et
3433 3897 3774 3969 jacet/udum

2126 3990 2648 4064 habitarefratres
2662 3991 2725 4047 in
2736 3988 3420 4060 unum(Psal.cxxxn,1).
3438 3987 3614 4046 Divisi
3633 3990 3770 4045 sunt

2127 4097 2269 4153 ergo
2285 4081 2355 4139 ab
2368 4080 2613 4137 invicem
2629 4077 3076 4149 flentes,quibus
3089 4076 3137 4134 si
3158 4076 3423 4134 licuisset
3435 4077 3769 4147 convivere,

2129 4168 2481 4231 etcommori
2504 4167 2795 4225 libuisset.
2813 4165 3089 4224 Graditur
3110 4164 3615 4238 paterRichai-dus
3636 4166 3777 4220 Gra-

2134 4262 2212 4319 tia
2244 4256 3315 4331 D:iaggerepublico,oueratusonere
3340 4253 3519 4311 nobili
3542 4253 3774 4311 etdulei

2136 4351 2341 4421 iluo,se
2363 4352 2424 4405 et
2445 4347 2554 4405 sibi
2577 4345 2988 4404 commitantes
3010 4343 3324 4401 comittens
3344 4344 3461 4400 Deo
3477 4342 3780 4400 universo-

2137 4456 2263 4498 rum
2274 4438 2451 4496 corde
2471 4434 2670 4494 humili
2691 4439 2748 4493 et
2774 4432 3184 4491 contribulato.
3200 4432 3539 4490 Pendebant
3565 4425 3778 4489 a'eollo

2137 4529 2265 4600 ejus
2288 4523 2916 4594 sanctorumreliquite,
2938 4529 3002 4580 ut
3019 4522 3263 4579 haberet
3284 4535 3401 4594 prie
3413 4519 3603 4578 oculis
3617 4535 3782 4592 para-

2140 4625 2261 4676 tum
2285 4615 2581 4690 specimen
2596 4612 3063 4684 sanctitatis,nec
3076 4610 3307 4669 deesset
3322 4609 3485 4667 cordi
3503 4608 3779 4666 memoria

2138 4722 2360 4777 eorum,
2386 4718 2630 4776 quorum
2677 4702 2906 4761 sarcina
2931 4698 3262 4760 delectabili
3284 4698 3565 4770 reliquias
3590 4702 3781 4769 gesta-

2140 4797 2258 4854 bat.
2284 4796 2509 4862 Quanta
2531 4807 2671 4851 vero
2694 4793 2748 4848 in
2771 4790 3070 4849 redeundo
3097 4803 3308 4862 passus
3339 4788 3434 4858 sit,
3462 4788 3589 4860 ipse
3622 4786 3780 4845 novit

2141 4886 2238 4958 qui
2262 4883 2505 4958 pertulit
2537 4902 2551 4938 :
2586 4896 2713 4954 quae
2734 4880 2921 4938 omnia
2945 4876 3246 4949 dijudicat,
3271 4876 3369 4948 qui
3396 4875 3665 4932 laborum
3695 4888 3759 4931 re

2143 4977 2573 5033 muneratorem
2595 4986 2657 5028 se
2682 4965 3217 5043 promisit.Videres
3239 4965 3427 5022 virum
3451 4961 3670 5020 seculis
3690 4977 3787 5019 ve-

2143 5062 2485 5132 nerandum,
2512 5061 2645 5118 dum
2669 5059 2800 5129 iret,
2844 5055 3057 5128 sapius
3079 5054 3309 5111 cervice
3332 5051 3544 5108 reﬂexa
3573 5062 3788 5107 versus

2144 5155 2404 5210 sanetam
2433 5147 2797 5206 Jherusalem
2826 5143 3138 5214 humiliari,
3171 5141 3494 5214 suspirare,
3527 5151 3787 5210 gemere,

2145 5242 2417 5299 affectum
2457 5236 2656 5295 cordis
2679 5234 2864 5293 oculis
2886 5233 3161 5306 pandere,
3193 5230 3451 5302 gaudere
3474 5226 3631 5300 quod
3661 5240 3790 5285 san-

2144 5334 2303 5388 ctum
2343 5328 2536 5386 locum
2583 5322 2877 5397 sepulchri
2935 5320 3201 5391 vidisset,
3232 5317 3433 5376 dolere
3488 5314 3646 5389 quod
3676 5329 3790 5373 non

463 5528 610 5600 (101)
643 5528 721 5585 De
753 5527 864 5585 hoc
897 5526 1029 5599 igne
1059 5542 1229 5587 sacro
1250 5531 1324 5588 cf.
1354 5529 1643 5589 Wilhelm.
1679 5444 2276 5594 Malmesh.NGOels‘tl:.R.
2314 5533 2378 5590 A.
2413 5530 2505 5589 IV.
2535 5527 2626 5587 ed.
2658 5526 2870 5598 Hardy,
2905 5539 2959 5599 p.
2994 5526 3117 5583 562.
