3960 6052
205 253 326 315 249

1480 225 1984 318 eHRoNICON.
2013 289 2092 302 —
2119 256 2275 324 LIB.
2321 263 2397 325 Π.

3506 265 3628 328 250

203 398 445 457 semper
473 381 722 441 videret.
750 384 895 442 Hinc
924 397 998 440 ex
1027 384 1238 443 affectu
1271 401 1595 444 sermonem
1630 387 1863 460 pepulis
1890 388 1944 448 A
1978 397 2289 460 supererat
2341 395 2625 468 temporis
2677 395 2847 453 simul
2899 395 3204 467 explerent
3242 397 3294 450 in
3333 397 3625 454 exercicio

206 475 373 544 dare,
401 472 681 529 beneﬁcia
701 475 840 529 Jesu
859 472 1049 530 oculis
1066 478 1415 546 monstrare,
1437 490 1640 533 omnes
1663 477 1860 534 subito

203 579 281 620 ex
294 562 614 619 devotione
641 559 1044 633 ingemiscere,
1061 565 1240 622 Deum
1266 565 1634 637 benedicere,
1651 580 1862 622 memo-

205 651 327 709 rari
355 650 692 708 dulcedinis
713 651 945 722 divinat,
965 656 1022 708 et
1049 652 1120 708 ad
1145 654 1292 710 bona
1317 653 1590 712 sectanda
1616 670 1860 727 prorsus

206 740 477 798 accendi.
528 741 647 795 Non
701 738 947 796 cadebat
999 741 1194 813 passio
1245 743 1467 798 Domini
1503 758 1533 798 a
1563 745 1858 816 memoria,

207 845 340 902 quze
365 831 492 886 erat
519 829 639 885 fere
663 833 788 884 tota
815 828 945 898 ejus
971 831 1270 888 memoria.
1299 831 1447 898 Quid
1470 832 1620 888 enim
1645 833 1751 889 fuit
1776 837 1863 890 to-

207 923 308 976 tus
359 917 497 974 vitae
525 917 651 987 ejus
677 931 985 989 excursus,
1011 919 1121 975 nisi
1145 918 1296 976 velle
1320 920 1439 992 pati
1471 935 1578 992 pro
1607 921 1858 994 Christo,

209 1007 495 1066 commori
519 1006 572 1063 ei
595 1010 652 1062 et
678 1006 1054 1080 consepeliri,
1083 1013 1145 1066 ut
1169 1009 1412 1066 daretur
1434 1009 1546 1067 sibi
1571 1026 1677 1082 per
1703 1011 1863 1067 Chri-

207 1102 370 1154 stum
401 1097 458 1152 in
482 1096 667 1168 gloria
701 1111 1012 1167 resurgere
1039 1114 1169 1156 cum
1201 1098 1338 1157 illo?
1369 1099 1504 1158 Ideo
1537 1106 1696 1159 tanta
1731 1118 1862 1174 pas-

206 1201 315 1243 sus
345 1190 456 1255 est,
495 1186 592 1256 qui
624 1191 685 1243 ut
719 1190 1024 1258 pateretur
1073 1188 1207 1245 exul
1253 1205 1357 1260 pro
1396 1191 1637 1248 Domino
1673 1193 1862 1250 factus

205 1279 323 1332 est.
352 1275 496 1345 (Pol.
523 1277 637 1346 88.)
663 1277 731 1333 Et
756 1276 988 1347 quidem
1007 1276 1188 1347 juste.
1217 1279 1475 1350 Sapienti
1499 1281 1651 1337 enim
1675 1282 1862 1340 omnis

207 1363 466 1422 mundus
514 1363 772 1436 exilium,
805 1369 862 1421 et
895 1365 1022 1422 viro
1065 1366 1228 1437 justo
1276 1369 1465 1426 omnis
1513 1371 1763 1428 mundus
1795 1370 1865 1405 ³¹⁰

209 1454 444 1510 domus.
482 1453 724 1524 Sapiens
747 1458 938 1510 autem
961 1459 1111 1525 erat,
1140 1470 1310 1526 quem
1343 1457 1467 1529 ipsa
1501 1456 1862 1516 inhabitabat

207 1542 527 1614 sapientia,
555 1541 855 1612 virjustus
879 1547 1024 1614 erat,
1052 1544 1184 1615 quia
1206 1561 1426 1618 corpus
1453 1549 1712 1620 peccatis
1733 1551 1867 1607 sub-

209 1632 404 1688 ditum
439 1631 626 1688 nescit
663 1631 989 1689 inhabitare
1019 1633 1328 1705 sapientia.

1976 477 2306 549 Spiritualis
2339 483 2739 557 phylosophim
2773 485 3118 556 (Vit.‘Sg/m.
3157 487 3265 554 10).
3312 485 3625 542 Venientes

1977 571 2170 624 autem
2205 571 2275 626 ad
2308 571 2605 628 civitatem
2639 572 3035 642 Bellegradam
3070 571 3239 644 (402),
3277 587 3404 642 quae
3437 577 3526 628 est
3564 573 3623 629 in

1975 655 2228 712 confinio
2255 658 2636 728 Bulgarorum
2664 664 2720 716 et
2749 661 3243 730 Hungariorum,a
3265 659 3525 716 civitatis
3545 660 3628 715 in-
3668 656 3675 661 ’

1977 742 2320 802 felicissimo
2347 747 2611 818 principe
2637 748 2968 820 prohibitus
2987 753 3078 805 est
3098 764 3228 805 cum
3247 749 3335 804 eis
3354 749 3623 819 transire,

1973 838 2032 888 et
2052 833 2128 890 ita
2151 833 2355 905 lugens
2373 843 2431 894 et
2451 838 2654 894 dolens
2679 838 2901 896 divisus
2922 844 3057 895 esta
3080 844 3246 910 patre
3269 842 3324 895 et
3349 838 3630 895 fratribus

1975 921 2310 992 lugentibus
2329 928 2386 982 et
2408 926 2764 983 dolentibus.
2788 929 3040 984 Domnus
3064 927 3304 998 Symeon
3325 941 3428 998 per
3448 926 3626 981 multa

1976 1011 2232 1084 pericula
2269 1013 2372 1070 ivit
2407 1016 2789 1086 Rotomagum
2823 1031 2929 1086 pro
2963 1015 3234 1088 inplenda
3261 1014 3627 1079 obedientia;

1976 1104 2142 1172 pater
2180 1101 2507 1160 Richardus
2549 1103 2737 1174 gratia
2772 1104 2869 1160 Dei
2906 1103 3076 1173 longo
3111 1109 3168 1160 et
3202 1104 3364 1160 vario
3400 1103 3626 1159 itineris

1976 1189 2176 1246 labore
2218 1191 2482 1248 redditus
2527 1197 2616 1248 est
2663 1191 2874 1248 finibus
2908 1191 3106 1248 Galliae
3141 1191 3407 1262 Belgicae.

2051 1282 2138 1335 24.
2175 1279 2446 1336 Occurrit
2479 1279 2613 1337 ilico
2648 1281 2799 1353 patri
2833 1295 2863 1338 a
2896 1280 3066 1352 longe
3101 1279 3350 1337 filiorum
3384 1294 3628 1338 examen

1979 1366 2306 1424 laetantium
2331 1373 2390 1425 et
2411 1370 2789 1439 gaudentium
2814 1371 2888 1426 ob
2913 1369 3225 1427 adventum
3248 1371 3376 1440 ejus
3400 1368 3628 1426 deside-

1982 1457 2247 1513 rabilem.
2284 1458 2390 1514 Ubi
2426 1473 2563 1515 vero
2604 1458 2941 1530 percrebuit
2991 1459 3134 1514 fama
3175 1457 3464 1515 celebrior
3495 1472 3627 1514 eum

1981 1543 2279 1616 advenire,
2317 1546 2508 1604 factus
2538 1551 2628 1603 est
2659 1561 2984 1604 concursus
3005 1547 3073 1602 ad
3097 1561 3226 1603 eum
3259 1545 3536 1603 nobilium
3569 1551 3630 1602 et

1981 1633 2344 1705 ignobilium,
2397 1635 2665 1706 divitum,
2718 1635 3121 1706 mediocrium,
3172 1649 3514 1707 pauperum,
3565 1640 3627 1690 et

286 1723 374 1776 23.
414 1720 710 1778 Reversus
756 1719 989 1778 tandem
1031 1722 1101 1778 ad
1143 1722 1278 1779 illos
1311 1739 1448 1782 suos
1500 1723 1862 1797 palestrites,
1894 1738 1951 1801 Β
1985 1738 2430 1794 quaquaversus
2476 1725 2767 1795 veniebat,
2817 1739 3102 1781 occursus
3147 1723 3519 1795 gaudentium
3569 1727 3627 1781 et

213 1811 572 1867 Sarracenos
601 1809 848 1880 scilicet,
885 1824 994 1881 qua
1027 1811 1118 1868 via
1151 1818 1414 1884 venerat,
1448 1813 1649 1871 eadem
1688 1819 1745 1870 ct
1782 1831 1868 1872 re-

207 1899 617 1970 grediebatur.
653 1901 802 1956 Ante
832 1914 1031 1958 muros
1062 1900 1290 1958 urbium
1325 1901 1632 1959 missarum
1663 1902 1868 1960 solem-

211 1989 347 2060 pnia
380 1987 710 2060 celebrans,
756 2003 860 2045 nec
903 1993 1171 2047 assuetos
1211 1990 1430 2048 imbres
1461 1992 1866 2050 inundantium

210 2076 474 2148 lapidum
498 2091 736 2148 pavens.
760 2077 1042 2134 Mirabilis
1068 2093 1313 2150 prorsus
1340 2080 1529 2138 virtus
1549 2086 1605 2136 et
1630 2086 1870 2154 stupen-

209 2165 303 2237 da,
338 2165 562 2236 grande
612 2167 974 2238 mysterium,
1025 2168 1424 2238 spectaculum
1466 2171 1863 2241 praedicabile.

208 2255 458 2310 Stabant
485 2269 662 2326 supra
695 2259 870 2326 caput
895 2255 1146 2312 hominis
1168 2257 1268 2312 Dei
1292 2257 1510 2328 hostes,
1537 2257 1866 2328 dirigebant

207 2358 329 2415 que
383 2343 441 2398 in
466 2343 628 2400 illum
653 2343 897 2416 lapides,
932 2343 1076 2400 adeo
1110 2345 1490 2416 pregrandes,
1525 2349 1584 2402 ut
1611 2362 1722 2402 non
1745 2352 1870 2404 tan-

210 2437 336 2488 tum
386 2436 588 2504 caput,
633 2432 736 2489 sed
779 2436 964 2490 totum
1004 2447 1250 2504 prorsus
1280 2433 1349 2467 “1
1380 2435 1427 2490 si
1471 2435 1868 2492 occurrissent

209 2527 678 2591 conquassarent
725 2520 1034 2577 hominem.
1081 2521 1346 2578 Manebat
1379 2521 1478 2580 ille
1513 2523 1864 2596 intrepidus,

206 2608 345 2680 quia
384 2611 810 2680 protegebatur
842 2625 870 2664 a
907 2609 1099 2681 lapide
1133 2611 1380 2681 praeciso
1412 2612 1483 2667 de
1516 2619 1709 2668 monte
1745 2613 1868 2670 sine

207 2697 498 2755 manibus.
529 2697 942 2768 Dirigebantur
965 2697 1242 2756 aliorsum
1267 2699 1512 2771 lapides,
1530 2701 1662 2772 quia
1690 2700 1867 2774 lapidi

209 2786 346 2841 vivo
372 2785 701 2842 manentiin
719 2785 912 2858 lapide
938 2787 1034 2857 qui
1058 2788 1413 2858 reprobatus
1435 2791 1546 2857 est,
1575 2791 1670 2860 qui
1693 2803 1868 2861 angu-

209 2873 355 2932 laris
378 2874 599 2931 missus
623 2879 735 2943 est,
760 2876 1044 2931 timebant
1077 2876 1255 2943 illidi;
1278 2878 1370 2934 cui
1393 2878 1440 2935 si
1473 2878 1864 2952 illiderentur,

211 2964 646 3034 frangerentur.
704 2965 1211 3037 Obstupescebant
1256 2967 1509 3037 gentiles
1561 2969 1863 3041 miraculo,

208 3066 323 3108 nec
360 3052 624 3109 novitate
663 3053 926 3111 miraculi
970 3057 1372 3126 terrebantur,
1417 3057 1584 3128 cujus
1621 3058 1868 3115 admira-

212 3143 372 3198 tione
406 3141 944 3214 deteriorabantur,
979 3143 1248 3213 quoniam
1287 3143 1409 3215 ipsa
1439 3145 1526 3201 eis
1559 3145 1868 3202 admiratio

208 3235 344 3286 erat
376 3229 599 3301 peccati
632 3229 949 3287 innovatio.
987 3231 1229 3287 Stabant
1254 3247 1284 3288 a
1309 3231 1481 3302 longe
1514 3235 1777 3290 monachi
1807 3238 1868 3289 et

210 3318 418 3376 clerici
441 3320 928 3390 quantumjactus
948 3323 1038 3375 est
1066 3320 1298 3391 lapidis,
1325 3325 1380 3377 et
1404 3322 1717 3393 peregrini,
1746 3323 1868 3394 ipse
1900 3316 1923 3338 '

214 3407 380 3464 solus
414 3407 854 3477 ingrediebatur
884 3408 1384 3480 propiciatorium,
1421 3410 1518 3480 qui
1551 3425 1773 3467 armum
1809 3411 1865 3467 in

215 3495 513 3553 sacriﬁcio
527 3499 585 3550 et
602 3493 871 3552 dextrum
897 3500 1200 3567 acceperat
1225 3501 1580 3568 separatum,
1605 3499 1735 3569 quia
1757 3513 1868 3556 non

214 3584 408 3641 solum
439 3588 566 3640 erat
600 3584 868 3655 operatio
907 3584 1037 3655 ejus
1070 3583 1253 3656 utilis,
1289 3585 1394 3642 sed
1426 3592 1485 3642 et
1517 3586 1867 3657 singularis;

213 3674 314 3746 qui
340 3673 498 3730 inter
522 3670 704 3730 malos
730 3688 840 3730 non
864 3673 1047 3730 solum
1077 3689 1206 3745 quae
1237 3679 1374 3731 sunt
1400 3680 1558 3733 recta
1593 3677 1866 3748 faciebat,

215 3762 320 3820 sed
333 3766 391 3820 et
410 3763 559 3819 bene
580 3764 894 3833 operantes
917 3762 1186 3820 subditos
1208 3763 1360 3821 sicut
1386 3765 1606 3820 honore
1625 3764 1866 3836 ordinis,

217 3854 298 3908 ita
342 3866 572 3908 morum
615 3851 836 3909 virtute
869 3853 1340 3910 transcendebat.
1395 3853 1662 3920 Quicum
1708 3868 1867 3911 armo

218 3939 632 4012 pectusculum
657 3955 886 4011 quoque
909 3941 964 3996 in
987 3955 1091 3997 esu
1123 3947 1450 4012 acceperat,
1489 3941 1622 4012 quia
1646 3957 1757 3998 non
1784 3958 1872 3999 so-

219 4029 336 4087 lum
361 4035 608 4101 pectore
628 4032 786 4084 recta
805 4028 1121 4099 cogitabat,
1144 4029 1247 4086 sed
1264 4033 1324 4085 et
1345 4034 1712 4101 spectatores
1731 4045 1868 4088 suos

219 4120 293 4176 ad
336 4118 612 4177 sublimia
653 4132 814 4174 armo
854 4119 1052 4190 operis
1095 4119 1398 4175 invitabat.
1447 4121 1555 4177 Sed
1580 4119 1696 4189 jam
1730 4119 1868 4191 quid

220 4221 521 4263 moramur
563 4204 939 4262 redeuntem?
976 4204 1306 4263 Reddamus
1347 4210 1570 4278 patrem
1609 4205 1762 4277 filiis,
1805 4209 1864 4263 ut

218 4294 596 4365 gratulentur
619 4293 676 4349 in
702 4292 968 4363 invicem,
993 4296 1050 4349 et
1075 4308 1178 4365 pro
1199 4294 1483 4351 absentia)
1505 4293 1685 4365 tedio,
1714 4293 1867 4365 quod

221 4382 493 4455 perpessi
527 4385 685 4452 sunt,
723 4381 833 4453 ipsi
857 4381 966 4437 sibi
997 4381 1112 4437 sint
1143 4381 1484 4438 consolatio.
1521 4384 1641 4440 Non
1673 4388 1866 4440 autem

1900 3100 1948 3162 C

1984 1815 2462 1871 concurrentium
2511 1831 2624 1872 non
2659 1816 2879 1872 deerat.
2917 1818 3053 1872 Cum
3085 1818 3246 1871 tanta
3280 1814 3626 1885 frequentia,

1981 1915 2110 1956 cum
2135 1905 2293 1958 tanta
2318 1903 2657 1975 pontificum
2680 1907 2737 1960 ct
2763 1901 3151 1973 palatinorum
3176 1917 3504 1975 procerum,
3526 1916 3630 1958 nec

1982 2003 2092 2044 non
2127 1989 2271 2046 cleri
2306 1990 2611 2062 plebisque
2645 1990 2870 2061 laetitia,
2921 1990 3090 2060 longa
3138 2005 3295 2046 mora
3349 1993 3628 2061 protenso

1983 2080 2267 2150 temporis
2298 2081 2516 2151 spacio,
2549 2080 2866 2136 Virdunum
2909 2095 3095 2150 usque
3137 2078 3467 2135 deducitur.
3505 2078 3628 2146 Quo

1981 2180 2110 2222 cum
2134 2169 2514 2226 nunciaretur
2536 2169 2765 2241 adesse,
2789 2169 2936 2226 totis
2958 2170 3187 2226 obviam
3215 2169 3402 2241 portis
3427 2171 3624 2238 ruunt,

1983 2259 2105 2311 tota
2127 2257 2352 2312 obviam
2375 2257 2584 2314 civitas
2607 2257 3002 2329 progreditur.
3030 2258 3212 2315 Senes
3234 2272 3364 2316 cum
3381 2257 3627 2328 juniori-

1983 2344 2113 2413 bus,
2141 2348 2357 2402 matres
2377 2360 2506 2401 cum
2533 2346 2874 2414 infantibus,
2899 2350 3042 2402 tetas
3065 2360 3294 2416 quoque
3322 2345 3446 2416 ipse
3471 2345 3628 2401 inbe-

1979 2431 2170 2488 cillior
2194 2432 2248 2487 in
2273 2447 2582 2489 occursum
2616 2433 2761 2488 tanti
2786 2433 2895 2489 viri
2920 2448 2981 2488 se
3003 2434 3275 2504 proripit,
3313 2433 3467 2489 domi
3503 2432 3630 2487 nul-

1981 2518 2073 2576 lus
2097 2520 2389 2576 subsistit.
2426 2519 2802 2591 Clericorum,
2841 2521 3276 2592 monachorum,
3301 2536 3408 2578 nec
3432 2535 3541 2576 non
3567 2523 3625 2576 et

1982 2607 2513 2664 sanctimonialium
2544 2609 2782 2666 Domino
2807 2624 2970 2665 sacer
2993 2609 3137 2664 ordo
3159 2609 3386 2667 dicatus
3415 2610 3624 2667 obvius

1980 2698 2282 2768 egreditur
2313 2698 2465 2770 patri
2499 2714 2630 2755 cum
2660 2699 2938 2756 crucibus
2969 2702 3025 2754 et
3059 2698 3268 2767 cereis,
3303 2704 3360 2753 et
3393 2699 3626 2759 diverso

1978 2786 2416 2845 .ecclesiasticm
2463 2787 2770 2859 dignitatis
2799 2792 3084 2859 apparatu
3132 2787 3486 2859 praestolans
3533 2805 3627 2846 ve-

1981 2877 2254 2945 nientem,
2290 2881 2350 2933 et
2383 2881 2770 2933 remorant-em
2803 2877 2901 2932 vix
2936 2877 3145 2944 ferens,
3186 2876 3318 2945 quia
3362 2877 3622 2947 cupienti

1981 2965 2172 3022 animo
2202 2965 2380 3022 nichil
2412 2965 2557 3022 satis
2592 2965 2999 3022 festinabatur.
3035 2963 3141 3020 Ubi
3175 2966 3525 3035 vero-venit,
3559 2970 3616 3022 et

1981 3055 2310 3111 venientem
2339 3056 2423 3110 fas
2448 3054 2556 3111 fuit
2581 3054 2800 3124 videre,
2834 3053 3054 3110 clamor
3079 3051 3275 3124 populi
3307 3053 3621 3126 attollitur,

1983 3144 2166 3200 fluunt
2189 3141 2442 3198 lacrimae
2461 3142 2675 3212 gaudio
2695 3142 2900 3213 plenae.
2917 3142 3036 3196 Non
3051 3145 3177 3196 erat
3197 3141 3338 3197 satis
3355 3143 3624 3213 cuiquam

1982 3229 2162 3288 semel
2188 3230 2428 3300 vidisse,
2456 3230 2567 3285 nisi
2592 3229 2833 3285 daretur
2866 3228 3076 3284 iterum
3108 3228 3436 3299 iterumque
3470 3231 3626 3290 vide-

1982 3335 2063 3376 re.
2099 3318 2410 3377 Descendit
2446 3318 2663 3390 itaque,
2689 3322 2744 3374 et
2772 3321 3082 3388 susceptus
3115 3317 3402 3374 deductus
3434 3325 3525 3375 est
3553 3321 3624 3376 ad

1982 3407 2398 3463 monasterium
2433 3421 2562 3463 cum
2595 3407 2824 3463 cantico
2851 3406 2904 3460 in
2932 3405 3137 3476 jubilo,
3171 3407 3438 3464 omnibus
3469 3409 3628 3481 plau-

1982 3495 2260 3552 dentibus
2293 3500 2354 3551 et
2398 3495 2731 3552 dicentibus
2765 3513 2777 3548 :
2809 3493 3165 3551 Benedictus
3203 3495 3476 3554 dominus
3520 3498 3628 3570 qui.

1963 3584 2138 3657 facit
2179 3584 2496 3642 mirabilia
2533 3585 2712 3642 sol-as.
2758 3583 2915 3639 Diem
2949 3583 3105 3638 illam
3137 3584 3367 3653 gaudiis
3399 3584 3622 3656 plenam

1979 3673 2334 3745 solempnem
2358 3675 2522 3730 duxit
2548 3673 2782 3729 devotio
2815 3673 3084 3742 fratrum,
3120 3671 3252 3742 quia
3276 3677 3333 3726 et
3353 3672 3508 3742 justa
3532 3677 3624 3730 est

1979 3777 2153 3820 causa
2179 3762 2402 3822 laetitia)
2427 3762 2674 3818 amicum
2703 3761 2896 3818 laetum
2930 3761 3131 3817 videre
3157 3781 3170 3816 :
3195 3765 3254 3817 et
3279 3761 3327 3816 si
3353 3761 3620 3833 amicum,

1981 3851 2119 3922 quid
2152 3852 2418 3923 patrem?
2449 3851 2568 3922 (fol.
2595 3849 2727 3921 88’.)
2763 3850 3061 3920 Agendum
3091 3853 3183 3906 est
3217 3848 3400 3921 bonis,
3437 3854 3502 3907 ut
3533 3867 3626 3908 vo-

1981 3940 2178 3998 luntas
2202 3940 2347 3997 bona
2374 3955 2485 3996 non
2509 3940 2711 4009 lateat,
2729 3939 2832 3996 sed
2855 3939 3155 4010 aperiatur
3173 3944 3234 3995 ut
3250 3939 3462 3996 luceat.
3488 3941 3626 3997 Ver-

1981 4029 2051 4084 ba
2083 4031 2336 4098 cessent,
2371 4027 2419 4083 si
2463 4025 2948 4098 quemadmodum
2982 4025 3155 4082 debet
3191 4027 3319 4098 quis
3349 4027 3620 4097 afficitur,

1980 4117 2341 4174 conscientia
2367 4115 2647 4173 eminebit
2670 4115 2725 4170 in
2748 4113 2936 4170 vultu.
2961 4114 3144 4170 Nichil
3171 4120 3363 4171 autem
3395 4117 3621 4184 gratius

1981 4206 2218 4280 publica
2237 4205 2512 4275 amicitia,
2528 4203 2748 4260 nullum
2763 4201 3110 4274 supplicium
3126 4204 3364 4273 gravius
3384 4203 3620 4276 publico

1980 4295 2134 4350 odio.
2171 4292 2538 4350 Intellectum
2579 4291 2730 4348 enim
2771 4292 2853 4346 rei
2895 4290 3129 4363 optimae
3168 4296 3229 4346 et
3269 4291 3619 4356 dulcissimae

1981 4381 2196 4452 amisit,
2223 4381 2322 4453 qui
2355 4381 2609 4437 omnium
2640 4379 2984 4450 designatur
3012 4379 3220 4450 oculis,
3245 4385 3302 4438 et
3327 4380 3619 4451 designari

223 4469 751 4542 praatermittamus
780 4469 1144 4526 Antiochiam
1179 4470 1364 4528 sancti
1397 4470 1694 4543 Symeonis
1726 4487 1868 4543 praa-
1896 4459 1952 4522 D
1982 4488 2042 4529 se
2061 4472 2305 4544 judicat,
2333 4473 2430 4544 qui
2455 4476 2619 4527 caret
2641 4471 2766 4528 acie
2795 4471 3118 4542 oculorum,
3145 4471 3241 4542 qui
3266 4485 3502 4528 sensum
3528 4472 3622 4528 be-

222 4559 412 4616 sentia
436 4557 673 4616 claram.
696 4557 782 4615 Ibi
799 4558 951 4614 enim
973 4558 1192 4615 invenit
1217 4561 1381 4630 pater
1405 4560 1867 4616 amantissimum

225 4647 300 4703 fili
311 4663 428 4718 um,
451 4647 530 4703 ibi
552 4647 771 4718 recepit
791 4645 947 4704 filius
969 4651 1190 4719 patrem
1216 4647 1599 4718 karissimum,
1625 4648 1700 4704 ibi
1724 4649 1866 4705 socii

221 4737 468 4807 socium,
507 4736 722 4793 fratres
751 4737 1012 4804 fratrem,
1037 4735 1280 4792 comites
1302 4750 1665 4806 agnoverunt
1695 4738 1870 4794 comi-

222 4830 359 4880 tem.
390 4826 586 4895 Neque
609 4824 758 4881 enim
785 4823 998 4896 potuit,
1025 4823 1228 4881 multis
1251 4824 1620 4882 obstantibus
1643 4827 1870 4899 pericu-

223 4914 314 4983 lis,
339 4912 621 4985 perficere
641 4913 794 4983 quod
817 4913 1181 4984 decreverat,
1205 4914 1497 4986 prtecipue
1515 4929 1645 4972 cum
1670 4919 1867 4972 nosset

224 5002 418 5058 divina
453 5000 811 5058 revelatione
836 5000 890 5055 in
914 5000 1124 5058 itinere
1149 5000 1250 5058 illo
1273 5002 1439 5074 plura
1465 5017 1528 5060 se
1560 5018 1867 5075 passurum

222 5091 490 5147 adversa.
529 5089 865 5147 Delectatus
896 5089 1079 5160 igitur
1110 5088 1357 5160 uterque
1389 5091 1682 5163 comparis
1725 5105 1869 5164 prie-

224 5180 438 5249 sentia,
463 5178 810 5250 delegerunt
834 5177 1009 5236 simul
1033 5178 1351 5236 Virdunum
1375 5179 1590 5251 redire,
1625 5185 1686 5237 ut
1713 5179 1867 5252 quod

1981 4562 2320 4619 neficiorum
2355 4561 2569 4631 amisit,
2604 4561 2772 4631 cujus
2804 4575 2976 4618 aures
3022 4561 3260 4617 morbus
3300 4560 3616 4617 obstruxit.

1983 4649 2088 4706 Sed
2111 4650 2390 4720 pudorem
2413 4648 2568 4705 tollit
2585 4647 2899 4706 multitudo
2924 4648 3617 4720 peccantium,etdesinit

1980 4752 2109 4794 esse
2142 4737 2338 4810 probri
2371 4737 2500 4793 loco
2541 4749 2841 4792 commune
2886 4735 3278 4814 maledictum.
3312 4737 3387 4790 At
3416 4739 3618 4792 contra

1983 4827 2078 4899 qui
2102 4827 2173 4882 ab
2195 4827 2464 4883 omnibus
2487 4824 2773 4895 diligitur,
2799 4824 3005 4896 :equali
3038 4829 3437 4896 perpetuaque
3461 4823 3622 4879 volu-

1983 4919 2143 4987 ptate
2161 4915 2391 4971 fruitur.
2412 4914 2712 4971 Adventus
2727 4914 2907 4984 igitur
2926 4913 3108 4985 patris
3123 4913 3620 4970 nostricommune

1984 5004 2086 5059 fuit
2113 5002 2476 5073 beneficium,
2496 5002 2627 5074 quia
2643 4999 3254 5070 communegaudium,
3273 4999 3404 5070 quia
3418 5005 3618 5057 etcum

1981 5091 2195 5148 absens
2215 5093 2393 5158 esset,
2421 5089 2776 5160 diligebatur
2789 5089 2860 5144 ab
2875 5087 3162 5144 omnibus.
3182 5088 3241 5143 In
3259 5087 3440 5159 prima
3465 5089 3618 5145 enim

1983 5183 2148 5251 parte
2171 5178 2346 5235 animi
2369 5178 2522 5249 apud
2556 5177 2864 5234 universos
2887 5176 3140 5250 positus,
3163 5189 3396 5249 semper
3417 5191 3620 5234 occur-

1585 5303 1824 5358 VARLE
1865 5301 2263 5358 LECTIONES.

291 5399 364 5435 m
397 5415 606 5458 munus
631 5413 679 5460 ο.
757 5398 826 5436 ³³³
852 5413 971 5459 eoa;
999 5399 1122 5458 hac
1141 5401 1377 5473 passim
1409 5413 1654 5474 prorsus
1683 5398 1975 5459 scribitwr
1999 5399 2068 5457 in
2093 5413 2141 5456 c.

1815 5494 2035 5553 NOTIE.

297 5567 452 5640 (102)
500 5565 764 5640 Belgrad.
