3950 6048
363 217 472 285 251

1317 217 1685 285 HUGONIS
1727 210 2082 281 ABBATIS
2124 211 2806 281 FLAVINIACENSIS

3647 211 3764 279 9.52

363 359 527 418 rebat
555 356 864 431 memoriae,
883 372 1192 431 numquam
1207 358 1286 416 ita
1302 359 1599 432 sepositus
1612 354 1699 415 vel
1718 354 1999 429 abjectus,
2032 353 2089 416 A
2120 351 2189 411 ad
2208 350 2685 411 consentiendum
2705 349 2982 410 inductus
3001 345 3177 408 fuerit
3200 345 3508 423 patefecit;
3531 360 3767 425 semper

363 454 429 508 ut
461 450 517 507 in
553 450 937 521 ignorantiam
985 453 1339 507 verteretur.
1394 447 1687 521 Quidquid
1724 463 1863 506 vero
1895 448 2006 503 frc-

365 554 549 610 quens
569 540 848 610 cogitatio
872 542 1106 595 exercet
1126 543 1186 595 et
1204 544 1463 609 renovat,
1486 553 1775 609 nunquam
1798 551 2007 593 memo-

366 630 468 686 ria:
493 631 862 698 subducitur,
900 645 1026 700 quae
1064 629 1236 685 nichil
1275 628 1464 700 perdit
1489 630 1595 683 nisi
1623 628 1693 684 ad
1719 628 1872 699 quod
1893 642 2005 682 non

367 733 504 790 sepe
526 720 802 790 respexit.
840 718 1137 789 Reliquias
1169 733 1308 787 ergo
1334 717 1874 773 Jberoselimitanas
1904 732 2006 773 seu

369 807 774 877 undecumque
794 807 1074 877 quesitas,
1099 806 1307 876 quibus
1327 810 1573 862 onustus
1591 808 1929 877 advenerat,
1951 807 2005 862 in

369 895 700 950 sanctuario
725 896 890 966 pater
912 893 1233 949 Richardus
1257 894 1545 964 deposuit,
1566 898 1623 949 et
1648 894 1732 951 sic
1755 885 2008 951 lectione

368 984 687 1054 praemissa,
717 984 1006 1055 susceptis
1027 989 1085 1038 et
1109 982 1470 1039 deosculatis
1499 983 1799 1053 fratribus,
1825 985 2007 1040 vicem

370 1074 668 1131 beneficiis
701 1073 991 1145 rependit,
1036 1074 1298 1141 gaudens
1328 1088 1456 1128 eum
1488 1072 1900 1142 gaudentibus,
1950 1078 2011 1127 et

365 1163 589 1231 gratias
604 1176 780 1231 agens
795 1162 948 1231 quod
970 1176 1170 1217 eorum
1191 1161 1560 1218 orationibus
1578 1161 1834 1217 munitus
1853 1162 2011 1217 labo-

366 1266 461 1306 res
486 1251 705 1306 viarum
731 1265 976 1307 securus
1010 1250 1469 1321 percucurrerit,
1508 1249 1694 1305 libens
1724 1251 2013 1306 tolerave-

366 1339 461 1409 rit,
499 1340 650 1410 quod
683 1339 1083 1409 gratissimum
1126 1340 1212 1394 est
1245 1338 1485 1394 cuilibet
1526 1354 1869 1395 enumerare
1911 1340 2009 1396 ubi

361 1428 633 1484 evaserit.
663 1430 976 1497 Postquam
994 1427 1171 1497 igitur
1191 1427 1487 1483 dilectioni
1505 1428 1869 1484 satisfactum
1894 1435 2006 1501 est,

363 1522 422 1571 et
439 1531 719 1587 prospera
735 1515 1027 1585 utrimque
1044 1516 1287 1587 replicat
1300 1517 1492 1587 a,quia
1512 1517 1565 1572 in
1583 1516 1799 1573 talibus
1815 1518 2013 1574 adver-

365 1605 446 1661 sis
478 1605 802 1661 referendis
826 1605 873 1660 si
899 1620 1008 1675 qua
1033 1609 1188 1674 sunt,
1217 1605 1339 1661 dies
1362 1610 1701 1662 reservatur
1730 1608 2006 1677 crastina,

2117 446 2306 500 tamen
2331 458 2392 500 se
2414 457 2663 512 errasse,
2691 456 2754 499 se
2785 439 3102 512 deliquisse
3131 441 3434 497 confessus
3466 445 3575 498 est.
3616 440 3771 498 Ade-

2118 537 2247 587 rant
2272 536 2328 588 et
2354 532 2614 601 comites,
2648 531 2801 587 inter
2834 546 2979 602 quos
3007 534 3133 586 crat
3167 529 3609 588 archidiaconus
3632 530 3769 588 mis-

2119 634 2221 677 sus
2239 620 2618 691 abepiscopo,
2640 634 2889 690 poscens
2909 623 3133 689 patrem
3154 617 3477 688 piissimum
3493 618 3765 677 uterrori

2119 709 2307 765 locum
2332 710 2498 765 daret
2517 710 2721 779 veniae,
2744 713 2799 763 et
2826 707 2980 778 quod
3003 709 3195 765 actum
3214 711 3339 762 erat
3362 722 3465 778 pro
3483 721 3589 764 suo
3607 723 3767 765 amo-

2119 813 2181 855 re
2205 802 2392 855 ratum
2417 799 2636 854 sineret
2661 812 2791 853 esse
2813 801 2870 852 et
2895 795 3124 853 stabile.
3153 794 3295 866 (Fel.
3318 799 3432 869 89.)
3459 798 3532 852 At
3551 797 3644 853 vir
3666 796 3773 854 mi-

2120 887 2379 943 tissimus
2413 900 2592 958 pauca
2633 901 2764 943 cum
2806 884 3053 941 consilio
3086 883 3367 955 loquutus
3404 903 3416 939 :
3449 885 3768 956 Petitiomi,

2120 976 2327 1046 inquit,
2350 976 2544 1031 domm
2565 976 2819 1046 episcopi
2840 974 3223 1044 adquiescere
3242 973 3635 1046 honoriﬁcam
3655 975 3765 1044 est,

2120 1064 2180 1121 et
2172 1064 2443 1137 fmh'em
2454 1065 2561 1136 qui
2572 1062 3333 1143 publicepeccaeitpublica
3344 1063 3771 1136 satis/actim

2120 1155 2415 1224 corripere
2429 1153 2638 1209 bonum
2649 1152 2752 1209 est.
2774 1154 2904 1207 Haec
2919 1151 3216 1222 loquutus,
3240 1152 3479 1207 fratrem
3496 1152 3767 1209 ultimum

2123 1243 2177 1297 in
2201 1242 2449 1313 collegio
2475 1244 2715 1296 fratrum
2749 1240 2979 1295 interim
3009 1240 3214 1295 sedere
3244 1240 3546 1312 praecepit,
3573 1241 3767 1311 quoad

2123 1346 2308 1401 usque
2333 1334 2614 1387 tractaret
2632 1331 2687 1384 in
2701 1327 2960 1400 capitulo
2976 1329 3046 1385 de
3060 1328 3151 1385 his
3165 1344 3292 1400 quze
3314 1328 3625 1386 mandabat
3646 1330 3771 1401 epi-

2123 1434 2358 1489 scopus,
2383 1423 2438 1473 et
2463 1416 2706 1473 consilio
2737 1415 2995 1485 generali
3027 1415 3163 1487 quid
3196 1421 3354 1471 esset
3376 1415 3662 1486 agendum
3686 1415 3774 1471 di-

2122 1510 2419 1578 sponeret.
2449 1504 2746 1562 Abscessit
2772 1506 2953 1560 frater
2977 1519 3007 1561 a
3030 1504 3449 1576 conspectibus
3477 1504 3683 1577 patris,
3708 1510 3770 1562 et

2124 1612 2255 1652 cum
2278 1600 2437 1651 tanta
2458 1595 2675 1649 virtute
2700 1593 3271 1665 patientiaajubentis
3290 1593 3571 1651 obeedivit
3593 1593 3775 1667 impe-

363 1694 432 1749 ad
485 1694 966 1750 refocillationem
1017 1695 1244 1764 fatigati
1294 1696 1562 1766 corporis
1612 1701 1847 1753 ventum
1890 1704 2051 1774 θείς]

2152 1686 2231 1755 io,
2256 1685 2546 1754 talemque
2571 1698 2633 1738 se
2655 1682 2877 1738 exibuit
2901 1683 2956 1737 in
2981 1682 3349 1752 oboediendo,
3373 1687 3434 1738 ut
3455 1683 3773 1741 miraretur

365 1783 519 1852 quod
554 1787 611 1839 et
644 1783 892 1851 abunde,
930 1783 1007 1839 ita
1041 1788 1233 1839 tamen
1269 1788 1330 1839 ut
1363 1785 1657 1840 honestati
1694 1786 2008 1855 sufficeret,

366 1875 742 1942 procuratum
785 1874 892 1927 est.
939 1871 1158 1927 Exinde
1202 1871 1558 1928 venerabilis
1597 1872 1851 1943 paterin
1886 1873 2015 1929 red-

367 1959 551 2014 denda
575 1960 989 2017 beneficiorum
1015 1960 1143 2015 vice
1168 1960 1517 2029 accingitur,
1544 1961 1786 2031 primam
1810 1977 2012 2019 eorum

366 2049 703 2120 pensionem
736 2050 989 2119 solvens,
1017 2050 1168 2119 quod
1201 2055 1368 2119 grate
1393 2050 1462 2105 ad
1486 2064 1614 2105 eum
1642 2051 2012 2121 perve'ferint

365 2128 567 2184 eﬂ'usis
590 2129 898 2184 affectibus
917 2129 1200 2198 judicare,
1218 2134 1275 2184 et
1297 2130 1401 2184 hoc
1425 2129 1639 2199 ubique
1658 2130 1885 2185 testari.
1915 2132 2016 2187 Ce-

369 2218 453 2288 pit
484 2218 660 2285 enim,
695 2218 855 2288 quasi
890 2218 1067 2274 nichil
1100 2223 1293 2273 actum
1328 2217 1552 2288 fuisset,
1588 2218 1888 2275 beneﬁciis
1919 2220 2015 2275 ad-

369 2305 508 2361 dere
544 2305 844 2375 benefieia,
892 2306 1086 2361 rimari
1122 2304 1484 2375 singulorum
1513 2307 1918 2378 necessitates,
1953 2313 2013 2363 et

369 2408 481 2466 cpe
512 2408 611 2450 eas
645 2394 859 2463 levare,
899 2398 958 2450 ut
995 2394 1189 2450 cuncti
1225 2400 1614 2464 agnoscerent
1644 2400 1871 2466 patrem
1904 2396 2009 2453 sibi

369 2483 695 2553 advenisse,
721 2486 777 2538 et
806 2482 1151 2553 plcnitudini
1183 2483 1378 2552 gaudii
1407 2498 1604 2540 eorum
1639 2483 1715 2539 nil
1750 2484 1879 2540 deer
1898 2488 2006 2541 set.

368 2570 413 2624 Ο
444 2570 631 2626 virum
675 2570 827 2625 omni
863 2570 1052 2626 laudis
1083 2572 1376 2641 praeconio
1408 2571 1805 2641 dignumtfqui
1836 2572 2010 2629 etiam

372 2672 683 2728 puerorum
716 2657 871 2714 lecta
903 2673 1007 2729 per
1039 2672 1101 2714 se
1129 2658 1437 2730 circuibat,
1466 2663 1528 2715 ut
1550 2659 1778 2716 videret
1802 2661 1847 2716 si
1871 2660 2007 2731 quid

368 2749 524 2801 esset
550 2745 900 2815 addendum,
926 2746 972 2801 si
998 2747 1136 2816 quid
1161 2746 1631 2818 innovandun;,si
1657 2747 1793 2819 quid
1817 2748 2012 2804 melio-

370 2834 638 2903 randum,
684 2838 747 2890 ut
782 2833 957 2890 etiam
1009 2848 1111 2905 per
1159 2834 1269 2890 hoc
1320 2839 1602 2906 paternus
1630 2836 1755 2907 ejus
1786 2837 2010 2894 animus

366 2926 811 2995 agnosceretur,
827 2928 885 2979 et
902 2923 1097 2979 debita
1124 2924 1311 2996 pietas
1322 2924 1554 2981 cunctis
1568 2925 2005 2997 inpenderetur.

372 3011 649 3067 Studebat
693 3011 748 3067 id
782 3013 1051 3069 omnibus
1080 3026 1351 3069 resecare
1392 3012 1555 3083 vitia,
1608 3028 1799 3070 mores
1833 3014 2011 3071 corri-

363 3112 523 3169 gere,
556 3104 616 3156 ut
641 3104 840 3172 posset
877 3100 1164 3172 plantaria
1197 3101 1477 3158 virtutum
1513 3101 1793 3159 inserere.

436 3180 527 3244 25.
561 3190 675 3245 Nec
704 3188 990 3245 silendum
1017 3189 1153 3259 quid
1177 3189 1246 3245 de
1270 3189 1584 3260 Stephano,
1618 3205 1786 3261 quem
1820 3205 2012 3247 coeno-

368 3274 463 3331 bio
494 3276 680 3332 sancti
713 3276 1007 3332 Laurentii
1042 3275 1344 3347 praelatum
1377 3277 1652 3348 diximus,
1687 3282 1879 3335 actum
1910 3274 2033 3335 sit.‘

371 3366 507 3421 Cum
541 3364 692 3420 enim
735 3368 889 3420 esset
934 3364 1084 3420 idem
1132 3367 1457 3423 communis
1490 3371 1692 3437 pastor
1723 3374 1927 3424 noster
1957 3368 2012 3422 in

369 3452 742 3523 expeditione
786 3452 1314 3524 Jherosolimitana,
1348 3459 1407 3511 et
1439 3470 1545 3527 per
1577 3471 1786 3512 annum
1829 3456 2014 3513 conti-

368 3556 543 3598 nuum
578 3556 724 3613 pene
760 3547 1088 3598 remoratus
1118 3542 1344 3613 fuisset,
1382 3545 1647 3616 famaque
1668 3546 1888 3606 fuisset
1918 3545 2014 3602 de-

370 3631 630 3687 functum
655 3645 783 3687 eum
800 3645 955 3700 esse,
973 3633 1298 3689 Duramnus
1318 3634 1649 3690 Leodiensis
1672 3636 2008 3706 episcmus,

370 3718 467 3789 qui
490 3718 835 3775 Wolbodoni
861 3724 1251 3790 successerat,
1269 3721 1621 3792 Stephanum
1645 3722 1714 3778 ad
1730 3736 1792 3779 se
1809 3737 2013 3780 evoca-

368 3811 515 3876 tum,
536 3810 600 3862 ut
623 3806 752 3863 loco
775 3807 1004 3863 abbatis
1025 3812 1324 3879 praeesset,
1342 3808 1528 3865 officio
1552 3811 1790 3881 monuit,
1816 3814 1872 3866 et
1897 3826 2013 3867 am-

369 3895 655 3952 monendo
680 3895 905 3967 petivit.
927 3895 1027 3952 Cui
1042 3911 1172 3952 cum
1189 3897 1276 3952 vir
1289 3897 1569 3968 simplicis
1592 3898 1802 3968 ingenii
1828 3900 2012 3971 patris

371 3982 698 4055 spiritualis
724 3984 1118 4055 praetenderet
1140 3984 1576 4055 oboedientiam,
1603 3987 1820 4057 absque
1843 3988 2011 4058 cujus

372 4071 661 4143 permissu
686 4076 744 4128 et
766 4072 1068 4129 voluntate
1092 4073 1234 4129 nulli
1251 4074 1336 4129 fas
1350 4077 1506 4130 esset
1531 4075 1844 4145 quidquam
1866 4091 2012 4147 prae-

366 4175 615 4230 sumere,
634 4157 732 4216 ille
756 4160 1061 4232 respondit
1084 4161 1270 4232 patris
1293 4162 1563 4219 Richardi
1584 4178 1644 4219 se
1667 4163 1722 4219 in
1746 4164 1874 4235 ejus
1898 4164 2013 4221 dis-

365 4262 543 4305 cersu
577 4248 935 4305 voluntatem
966 4249 1291 4319 agnovisse,
1322 4250 1474 4320 quod
1506 4266 1635 4306 eum
1666 4251 1795 4308 loco
1826 4253 2012 4323 praefl-

369 4349 505 4391 cere
539 4335 855 4405 delegisset
889 4355 901 4389 :
935 4336 1103 4406 cujus
1149 4337 1281 4406 quia
1315 4352 1466 4393 nunc
1497 4338 1716 4395 obitum
1751 4340 2007 4399 audisset

368 4424 516 4479 fama
553 4424 853 4494 vulgante,
884 4424 1243 4481 decrevisset
1279 4429 1339 4481 ut
1373 4425 1619 4482 decebat
1648 4427 2008 4485 voluntatem
2039 4422 2092 4482 D

370 4510 613 4583 inplere.
642 4511 790 4578 Quid
815 4511 1016 4568 multis
1040 4514 1268 4568 morer?
1298 4528 1637 4584 persuasum
1660 4519 1749 4573 est
1772 4516 2007 4589 homini,

372 4604 429 4656 et
466 4599 576 4655 sibi
620 4598 811 4655 minus
847 4614 1079 4671 cavens,
1121 4601 1385 4672 suscepit
1432 4602 1827 4673 praelationem
1876 4604 2008 4676 loci,

367 4690 756 4745 consecratus
775 4687 847 4743 ad
870 4687 1119 4744 officium
1145 4689 1391 4746 abbatis.
1418 4691 1537 4746 Non
1563 4692 1747 4749 multo
1770 4698 1900 4764 post
1923 4694 2013 4750 vir

364 4777 463 4833 Dei
498 4775 695 4846 rediit,
722 4780 781 4832 et
801 4775 1047 4833 audiens
1077 4777 1232 4846 quod
1266 4777 1479 4835 factum
1509 4783 1659 4850 exat,
1696 4794 1874 4853 super
1903 4782 2013 4838 fra-

365 4864 478 4922 tris
527 4878 729 4922 errore
780 4863 985 4920 doluit.
1023 4863 1125 4921 Ille
1157 4881 1386 4938 quoque
1419 4872 1483 4924 ut
1512 4868 1735 4924 audivit
1789 4876 2011 4941 patrem

364 4952 594 5021 adesse,
624 4968 737 5010 non
763 4956 856 5009 est
881 4966 1063 5011 ausus
1086 4968 1398 5012 occurrere
1427 4955 1703 5027 venienti,
1731 4958 1831 5014 sed
1858 4959 2012 5029 cogi-

368 5039 513 5095 tavit
543 5041 869 5110 przevenire
902 5041 1105 5098 faciem
1136 5041 1264 5112 ejus
1287 5042 1342 5097 in
1367 5044 1754 5115 confessione,
1780 5050 1837 5101 et
1861 5061 2012 5102 sum-

371 5128 491 5199 ptis
523 5128 838 5186 comitibus
869 5130 1026 5187 venit
1060 5132 1133 5188 ad
1165 5131 1541 5189 festivitatem
1574 5134 1760 5191 sancti
1794 5135 2006 5192 Vitoni.

368 5218 441 5272 At
464 5214 563 5272 ubi
587 5216 769 5287 venit,
798 5217 959 5275 solus
989 5220 1210 5291 absque
1239 5220 1555 5278 comitibus
1585 5222 1905 5280 claustrum
1929 5223 2012 5279 in-

367 5303 570 5374 travit,
586 5304 886 5361 orationes
909 5305 1063 5377 fecit,
1090 5307 1144 5363 in
1169 5307 1428 5367 claustro
1450 5310 1694 5381 sedit,et
1721 5311 1885 5383 quasi
1910 5312 2007 5383 qui

374 5405 686 5462 numquam
704 5391 1012 5451 ordinatus
1035 5395 1243 5453 fuisset
1268 5397 1669 5469 praelationem
1691 5399 2004 5456 abdicavit.

378 5479 728 5553 Conspectui
760 5481 947 5553 patris
986 5488 1378 5555 praesentatus
1418 5486 1722 5567 satisfecit,
1758 5487 2007 5560 qualiter

2129 1775 2223 1846 qui
2248 1773 2514 1829 vidisset.
2532 1771 2739 1842 Vigilia
2753 1775 2878 1827 erat
2896 1771 3234 1828 festivitatis
3258 1771 3444 1828 sancti
3466 1770 3681 1843 Vitoni,
3700 1772 3770 1828 ad

2130 1878 2299 1934 quam
2323 1861 2589 1918 certatim
2617 1860 2870 1930 undique
2893 1860 3296 1917 conﬂuxerant
3322 1859 3547 1918 nobiles
3561 1867 3622 1917 et
3642 1876 3777 1933 Spe-

2131 1951 2273 2007 ctati
2305 1949 2413 2007 viri
2446 1949 2775 2019 vulgusque
2816 1948 3234 2020 promiscuum,
3267 1952 3323 2005 et
3358 1949 3413 2004 in
3457 1951 3772 2021 praesentia

2131 2040 2566 2111 episcoporum,
2601 2039 2896 2107 abbatum,
2931 2038 3366 2107 monachorum,
3397 2038 3771 2109 clericorum,

2132 2128 2411 2185 nobilium
2454 2131 2515 2182 et
2547 2126 2885 2196 ignobilium
2914 2126 3158 2183 ultimus
3185 2126 3439 2183 omnium
3471 2127 3625 2183 sedit
3656 2127 3777 2183 Ste-

2133 2217 2359 2288 phanus
2385 2230 2515 2271 cum
2550 2216 2696 2270 bona
2728 2214 3008 2285 patientia
3032 2220 3091 2269 et
3113 2215 3314 2271 vultus
3344 2213 3472 2285 ejus
3495 2230 3606 2272 non
3633 2220 3772 2272 sunt

2134 2305 2343 2361 mutati
2368 2304 2423 2358 in
2450 2303 2684 2359 diversa
2708 2304 2919 2375 (IRey.
2937 2319 2975 2373 ι,
2992 2303 3104 2374 18).
3132 2303 3516 2369 Quamobrem
3540 2303 3611 2360 ad
3635 2318 3777 2360 exo-

2133 2392 2376 2449 randum
2426 2396 2650 2463 patrem
2675 2390 3026 2447 Richardum
3051 2406 3156 2462 pro
3179 2391 3366 2462 ipsius
3396 2391 3776 2449 restitutione

2131 2495 2332 2537 omnes
2348 2480 2443 2552 qui
2462 2480 2706 2536 aderant
2726 2479 3026 2535 unanimes
3040 2478 3772 2552 reddiditejushumilitas.

2130 2571 2189 2626 In
2209 2569 2467 2626 crastino
2483 2582 2679 2625 coram
2698 2567 2967 2624 omnibus
2987 2567 3218 2641 culpam
3244 2568 3571 2640 professus,
3592 2569 3775 2626 errati

2130 2658 2531 2715 remissionem
2587 2656 2861 2728 optinuit,
2922 2657 3169 2728 gratiam
3219 2657 3541 2728 reportavit
3591 2661 3650 2713 et
3700 2658 3773 2715 de

2129 2746 2335 2804 ultimo
2377 2751 2682 2817 promotus
2722 2748 2810 2801 est
2854 2745 2910 2800 in
2951 2745 3313 2817 superiorem
3357 2748 3596 2816 statum,
3638 2762 3771 2803 cum

2130 2836 2317 2905 gratia
2338 2835 2525 2907 patris
2538 2835 2627 2891 sui
2645 2833 2922 2906 praelatus
2946 2834 3227 2892 custodiae
3247 2834 3445 2905 gregis
3466 2835 3769 2906 Dominici,

2127 2924 2320 2995 etjam
2343 2924 2414 2980 ad
2440 2924 2666 2992 missas,
2692 2927 2755 2980 ut
2781 2923 3048 2979 abbatem
3079 2922 3271 2992 decet,
3303 2923 3624 2979 honoratus
3654 2928 3769 2995 est,

2131 3013 2226 3084 qui
2251 3013 2320 3069 de
2340 3012 2712 3083 correptione
2744 3011 2902 3067 illata
2938 3011 3251 3081 injuriatus
3281 3026 3395 3067 non
3422 3017 3533 3069 est.
3558 3011 3772 3069 Verum

2076 3105 2091 3128 ‘
2128 3102 2579 3159 archidiaconus
2610 3101 2965 3172 Leodiensis,
2991 3101 3124 3172 quia
3149 3101 3361 3157 domini
3386 3101 3473 3158 sui
3499 3105 3560 3159 ut
3585 3100 3774 3159 voluit

2127 3191 2181 3247 in
2214 3190 2484 3246 omnibus
2513 3194 2801 3261 exequuta
2834 3189 3108 3246 voluntas
3139 3203 3250 3247 non
3281 3194 3390 3261 est,
3429 3189 3663 3247 rediens
3698 3190 3771 3247 ad

2125 3278 2309 3349 illum,
2326 3293 2436 3335 non
2459 3282 2652 3333 tamen
2675 3293 2805 3334 cum
2830 3278 3040 3334 abbate
3064 3277 3377 3350 Stephano,
3393 3279 3568 3335 testis
3592 3277 3770 3335 fallax

2127 3368 2316 3423 factus
2346 3371 2465 3435 est;
2500 3367 2597 3438 qui
2621 3381 2741 3422 rem
2765 3370 2991 3436 gestam
3016 3381 3128 3423 non
3154 3371 3217 3423 ut
3240 3371 3408 3437 gesta
3431 3371 3542 3439 est,
3569 3382 3679 3424 nec
3702 3381 3775 3424 eo

2125 3455 2315 3512 animo
2339 3470 2453 3526 quo
2473 3459 2635 3524 gesta
2656 3458 2770 3525 est,
2794 3453 3073 3511 retulisse
3093 3455 3509 3525 comprobatus
3530 3458 3641 3511 est.
3662 3453 3773 3521 Qui

2124 3547 2575 3615 prorumpentes
2604 3541 2660 3597 in
2693 3556 2756 3598 se
2787 3542 2959 3598 animi
2993 3543 3291 3615 appetitus
3320 3542 3477 3600 nulla
3509 3542 3563 3597 vi
3595 3543 3772 3598 animi

2124 3646 2405 3689 coercens
2429 3631 2519 3688 vel
2547 3631 2866 3701 refrenans,
2893 3630 3186 3687 abbatiam
3217 3631 3561 3687 Lobiensem
3595 3630 3773 3689 beato

2126 3720 2277 3793 patri
2311 3735 2414 3792 pro
2443 3720 2552 3790 his,
2586 3734 2715 3790 quae
2746 3733 2918 3775 secus
2953 3734 3122 3790 quam
3155 3719 3445 3775 mandavit
3476 3726 3774 3790 gesserat-

2125 3808 2390 3879 abstulit,
2412 3812 2468 3864 et
2491 3809 2759 3864 abbatem
2780 3812 2985 3864 contra
3005 3809 3102 3879 jus
3122 3809 3344 3879 fasque,
3368 3821 3538 3879 quem
3558 3808 3765 3879 voluit,

2125 3897 2459 3955 substituit.
2495 3899 2565 3952 At
2590 3912 2728 3953 vero
2759 3896 3005 3953 domnus
3037 3897 3366 3968 Stephanus
3394 3895 3619 3967 aliquot
3653 3895 3771 3953 die-

2124 3987 2234 4042 bus
2264 3985 2505 4042 Virduni
2535 3988 2946 4055 commoratus,
2978 3989 3038 4040 et
3061 3985 3133 4041 de
3160 3985 3539 4057 correptione
3571 3984 3770 4042 melio-

2122 4077 2286 4130 ratus
2307 4077 2418 4145 est,
2434 4072 2783 4144 etquamdiu
2806 4073 2952 4129 vixit
2979 4076 3199 4145 patrem
3222 4073 3770 4144 fratresqueintimo

2124 4177 2321 4218 amore
2353 4161 2580 4232 dilexit,
2616 4161 2885 4232 filiosque
2918 4177 3057 4218 suos
3082 4161 3136 4216 in
3161 4161 3368 4219 timore
3395 4163 3512 4219 Deo
3544 4162 3773 4219 servire

2125 4250 2347 4321 docuit,
2391 4250 2779 4320 omnibusque
2818 4249 3115 4322 exemplar
3154 4248 3457 4321 religionis
3496 4252 3559 4305 et
3599 4249 3774 4308 disci-

2123 4337 2295 4410 plinae
2336 4337 2553 4394 extitit.

2194 4425 2336 4496 (Fol.
2371 4424 2478 4497 89’)
2509 4429 2596 4483 26.
2634 4425 2817 4496 Igitur
2847 4426 2919 4482 ad
2955 4426 3187 4484 beatum
3220 4427 3561 4498 Symeonem
3608 4427 3776 4485 reﬂe-

2121 4518 2350 4572 ctentes
2371 4514 2703 4586 articulum,
2728 4515 2867 4585 quid
2892 4515 3044 4586 apud
3062 4514 3410 4571 Richardum
3435 4516 3770 4573 Normania

2122 4602 2441 4675 principem
2481 4602 2690 4673 egerit,
2736 4602 2890 4658 sicut
2920 4602 2975 4657 in
3017 4602 3269 4659 armario
3310 4603 3771 4673 Rothomagensi

2120 4692 2476 4763 continetur,
2503 4690 2645 4748 licet
2666 4691 2902 4748 libellus
2924 4692 3059 4749 vitae
3073 4690 3202 4762 ejus
3216 4691 3321 4749 hoc
3343 4690 3538 4762 sileat,
3564 4693 3772 4764 paucis

2122 4780 2499 4853 explicemus.
2533 4780 2619 4835 Ad
2649 4778 2799 4835 hunc
2848 4779 3044 4852 itaque
3092 4779 3335 4837 veniens
3380 4794 3509 4836 cum
3562 4781 3766 4851 sociis,

2119 4867 2561 4925 commendatus
2582 4870 2673 4923 est
2696 4866 2925 4923 cuidam
2949 4868 3075 4924 viro
3098 4867 3468 4925 nobilissimo
3491 4868 3771 4925 Gozelino

2120 4956 2373 5027 nomine,
2400 4955 2496 5026 qui
2520 4969 2621 5012 eos
2642 4958 2949 5025 gratanter
2980 4956 3242 5029 suscepit
3272 4952 3558 5027 hospicio,
3584 4961 3645 5012 et
3678 4956 3775 5013 be-

2122 5044 2296 5115 nigne
2318 5048 2451 5115 post
2476 5043 2735 5100 laborem
2758 5043 2984 5100 refecit.
3011 5046 3083 5099 At
3106 5058 3248 5100 vero
3271 5043 3774 5102 clementissimus

2121 5132 2395 5205 princeps
2423 5132 2749 5189 Richardus
2772 5131 3021 5189 caritate
3050 5132 3336 5205 proﬂuas,
3362 5131 3775 5192 misericordia

2120 5222 2417 5294 cepiosus,
2434 5220 2586 5278 servi
2601 5221 2831 5278 Deitam
2851 5220 3062 5294 prolixi
3079 5220 3311 5277 itineris
3326 5224 3518 5278 motus
3543 5220 3770 5295 labore,

2120 5310 2457 5368 necessitati
2481 5323 2779 5367 servorum
2802 5310 2901 5366 Dei
2920 5310 2992 5367 de
3012 5312 3207 5367 monte
3231 5309 3379 5381 Syna
3401 5323 3772 5383 compassus,

2119 5397 2402 5471 plurimas
2433 5397 2517 5455 eis
2550 5397 2799 5468 largitus
2827 5402 2917 5455 est
2951 5397 3209 5469 divitias,
3238 5412 3382 5469 quas
3410 5398 3776 5456 venerabilis

2120 5488 2361 5559 Symeon
2389 5500 2492 5560 per
2506 5487 2721 5545 fratres
2737 5485 2834 5561 qui
2852 5501 3049 5545 secum
3074 5487 3453 5559 advenerant,
3482 5486 3775 5548 fratribus
3838 5502 3843 5507 ‘
