3960 6052
201 277 321 342 253

1352 298 1361 304 '
1450 271 1948 339 CIIRONICON.
1988 310 2055 319 -—
2091 276 2240 337 LIB.
2297 268 2364 339 ΙῙ.

3487 256 3603 324 254

202 411 391 484 misit,
421 416 481 472 et
496 410 767 487 ipsecum
791 410 1034 485 praefato
1058 409 1700 470 Gozelinounotantum
1714 423 1849 467 con-
1876 407 1934 470 A
1962 410 2134 469 talem
2158 414 2327 471 antea
2362 409 2492 485 quis
2514 424 2627 469 non
2657 404 2890 467 viderit.
2913 403 3207 477 Ceperunt
3260 395 3412 458 enim
3444 394 3597 455 inter

202 503 943 577 tentusfamuloStephano
984 504 1233 571 nomine,
1278 504 1404 559 viro
1436 517 1580 575 eque
1620 505 1844 569 saneto,

200 594 445 651 biennio
459 594 675 651 mansit
692 611 706 661 ;
722 593 891 663 cujus
906 594 1145 649 hortatu
1162 592 1309 648 idem
1328 594 1417 649 vir
1452 590 1852 647 nobilissimus

199 683 628 740 monasterium
653 688 872 739 sanetae
901 682 1204 738 Trinitatis
1229 681 1282 736 in
1305 681 1495 737 vicino
1533 684 1727 736 monte
1742 681 1852 735 Ro-

198 771 567 843 tomagensis
597 772 762 827 urbis
794 771 1108 827 edificavit.
1140 770 1245 827 Illo
1269 770 1323 825 iu
1348 769 1478 827 loco
1512 769 1599 829 vir
1615 768 1852 824 mitissi-

200 875 331 916 mus
351 861 600 916 domnus
651 860 893 929 Symeon
932 860 1211 930 reliquias
1251 858 1480 930 Isanctae
1541 857 1847 926 Cateriuze,

198 964 349 1020 quas
380 963 578 1006 secum
611 948 854 1018 ferebat,
892 948 1185 1019 deposuit,
1217 948 1479 1018 gaudens
1538 947 1730 1003 divina
1795 945 1850 1001 id

198 1037 589 1110 praeordinari
624 1036 1028 1109 dispositione,
1066 1041 1125 1093 ut
1179 1037 1403 1093 scilicet
1462 1034 1849 1092 occidentalis

196 1126 371 1199 plebs
404 1130 569 1182 tanto
590 1126 1184 1196 gauderetsuﬁ'ragio,
1206 1125 1340 1183 dum
1357 1126 1484 1195 ejus
1513 1126 1850 1196 frequenter

194 1215 454 1271 relevari
490 1219 834 1285 mereretur,
872 1216 1154 1272 antidoto.
1175 1217 1288 1271 Hec
1308 1218 1499 1272 autem
1533 1219 1622 1271 est
1647 1216 1846 1270 sancta

200 1304 542 1374 Catherina,
569 1319 698 1375 qua}
740 1319 769 1358 a
802 1304 1088 1359 Maxentio
1120 1319 1336 1360 caesare
1388 1304 1541 1374 apud
1606 1305 1852 1359 Alexan-

200 1392 394 1448 driam
428 1391 709 1462 martyrio
729 1396 1026 1460 coronata,
1044 1393 1116 1448 ab
1139 1393 1361 1459 angelis
1381 1393 1450 1447 ad
1478 1397 1726 1446 montem
1755 1392 1852 1459 Sy-

202 1496 313 1552 nay
342 1480 561 1551 delata,
597 1486 654 1537 et
690 1482 745 1535 in
772 1482 1400 1551 habitaculoangelieis
1427 1482 1691 1537 manibus
1708 1495 1850 1550 prie-

203 1575 413 1641 parato
437 1570 647 1638 locata,
683 1571 835 1641 quod
871 1571 1101 1639 quidem
1140 1571 1191 1625 iu
1212 1571 1438 1626 modum
1470 1568 1849 1626 turriculzein

200 1658 363 1714 edito
398 1664 752 1730 porrectum,
792 1674 903 1715 uno
938 1663 1159 1715 tantum
1196 1658 1644 1715 foramincscala
1680 1672 1850 1728 appo-

1962 518 2024 557 se
2046 503 2332 561 elementa
2354 514 2763 574 compugnare,
2792 499 2870 553 ita
2894 500 2956 554 ut
2973 496 3026 551 in
3050 493 3242 549 tribus
3266 489 3430 547 annis
3451 501 3595 559 prie-

1961 593 2130 647 nimia
2166 592 2356 664 pluvia
2390 608 2501 648 non
2537 590 2941 646 invenirentur
2970 583 3118 642 sulci
3147 580 3321 638 utiles
3360 575 3594 634 semini-

1964 684 2088 740 bus.
2119 686 2269 739 Tune
2300 684 2354 739 in
2388 680 2846 754 plerisquelocis
2876 677 2982 733 fuit
3024 672 3197 730 modii
3246 668 3504 742 precium
3527 669 3595 721 60

1963 772 2303 841 solidorum,
2330 772 2471 828 alias
2485 771 2777 829 sextarius
2804 774 2821 822 t
2837 764 3217 824 5solidorum.
3252 762 3407 815 Tunc
3419 756 3595 814 etiam

1963 861 2224 918 humanze
2246 875 2453 918 carnes
2479 862 2547 916 ab
2580 858 2910 914 hominibus
2944 854 3237 908 devoratze
3256 853 3410 917 sunt,
3438 846 3516 900 ita
3534 846 3595 900 ut

1962 950 2018 1005 in
2050 952 2234 1007 forum
2265 950 2553 1006 Trenortii
2579 948 2785 1005 delatae
2814 946 2950 1013 sint,
2990 942 3111 997 aesi
3174 932 3592 995 venundandaa.

1962 1040 2115 1105 Quas
2149 1041 2244 1110 qui
2278 1038 2913 1109 attulitdeprehensus,
2953 1034 3081 1101 igne
3125 1029 3421 1085 crematus
3481 1023 3592 1077 est.

1963 1129 2177 1185 Carnes
2192 1145 2331 1185 vero
2346 1130 2517 1185 humo
2533 1127 2786 1185 traditae.
2812 1127 2985 1193 atque
3012 1123 3081 1176 ab
3098 1119 3211 1175 alio
3236 1117 3413 1171 noctu
3429 1111 3599 1167 effos-

1961 1231 2039 1271 sa)
2055 1221 2111 1271 et
2138 1222 2413 1274 comestae
2439 1220 2592 1273 sunt.
2623 1214 2725 1281 Qui
2763 1211 3181 1282 deprehensus,
3214 1208 3274 1259 et
3300 1204 3424 1273 ipse
3440 1212 3596 1255 com-

1962 1305 2293 1363 bustusest.
2336 1308 2691 1376 TuncprOpc
2709 1294 3232 1358 {ecclesiamsancti
3274 1287 3593 1376 Joannisin

1960 1395 2278 1450 castanedo
2323 1375 2521 1465 prepei
2552 1392 2847 1447 civitatem
2886 1385 3361 1442 Masticonensem
3421 1375 3593 1431 sitam

1963 1482 2319 1551 quidamsibi
2345 1482 2643 1551 tugurium
2659 1473 3217 1545 statuerat,quicum
3244 1471 3411 1524 nocte
3457 1478 3593 1535 qua-

1961 1574 2090 1631 dam
2115 1577 2405 1628 errantem
2423 1569 2778 1640 suscepisset
2796 1562 3079 1634 hospicio,
3106 1551 3592 1647 deprehensusab

1958 1639 2701 1732 cohujusmodieibovesei,
2728 1670 2856 1711 cum
2873 1654 3178 1721 susceptus
3216 1646 3429 1701 timens
3478 1639 3588 1732 sibi

201 1748 316 1804 sita
350 1747 575 1805 aditum
614 1748 855 1820 praebet,
883 1748 1034 1817 oleo,
1071 1749 1222 1819 quod
1244 1749 1453 1819 deejus
1475 1761 1721 1820 corpore
1740 1762 1847 1818 pro
1867 1763 1930 1827 Β
1962 1731 2797 1820 fugiesecrcdidissetauxilio,
2827 1743 2959 1798 rein
2996 1739 3233 1795 civitate
3274 1731 3585 1827 patefacta,

202 1837 352 1905 ﬂuit,
392 1837 664 1893 omnibus
696 1837 962 1893 medetur
991 1837 1251 1893 infirmis.
1288 1841 1473 1895 Porro
1504 1838 1574 1894 ad
1618 1837 1846 1893 radices

199 1924 466 1994 ejusdem
501 1926 714 1982 montis
746 1926 931 1997 ipsius
957 1931 1173 1982 sani-tie
1204 1927 1624 1997 virginisextat
1657 1933 1848 1983 orato-

200 2015 372 2085 rium,
412 2015 468 2070 in
502 2030 614 2086 quo
645 2014 826 2072 multa
859 2016 1032 2071 turba
1067 2016 1473 2072 monachorum
1526 2016 1617 2071 die
1646 2020 1847 2071 noctu-

199 2118 313 2174 que
342 2103 682 2160 Declaudes
704 2104 1056 2173 canentium,
1078 2104 1263 2160 beatze
1279 2105 1516 2174 martyri
1571 2105 1845 2160 devotum

198 2192 442 2248 exhibet
477 2192 837 2249 famulatum.
884 2193 982 2249 His
1036 2192 1212 2248 moris
1263 2198 1353 2249 est
1408 2193 1499 2248 die
1550 2192 1844 2248 Dominico

197 2281 420 2337 montis
452 2281 826 2352 supercilium
843 2282 1184 2351 ascendere,
1207 2285 1265 2337 et
1282 2282 1474 2338 missis
1490 2281 1568 2337 ibi
1586 2281 1847 2337 celebra-

197 2369 300 2439 tis,
318 2368 472 2425 duos
501 2367 591 2423 vel
617 2372 740 2423 tres
754 2367 965 2424 ibidem
987 2382 1220 2439 semper
1236 2368 1448 2423 fratres
1463 2368 1758 2423 dimittere
1774 2369 1846 2424 ob

193 2458 482 2514 excubias
515 2457 664 2513 sacri
682 2457 972 2528 corporis,
990 2457 1205 2527 quibus
1218 2457 1315 2512 alii
1338 2458 1592 2514 vicissim
1632 2458 1846 2513 fratres

196 2561 303 2617 per
314 2546 716 2602 hebdomadas
731 2545 1076 2615 succedunt,
1096 2561 1263 2602 sacru
1277 2561 1444 2617 mque
1460 2547 1672 2615 oleum,
1691 2544 1845 2615 quod

194 2633 268 2688 de
302 2632 407 2689 illo
420 2633 657 2689 efﬂuere
677 2647 790 2688 non
811 2632 1049 2703 desinit,
1073 2633 1263 2689 vitreo
1277 2648 1409 2689 vase
1425 2634 1728 2704 supposito
1752 2633 1847 2689 de-

198 2721 406 2777 bilium
428 2721 632 2778 llSlbllS
648 2722 1064 2778 reservandum
1086 2737 1307 2778 summa
1323 2737 1453 2777 cum
1473 2721 1845 2778 veneratione

195 2808 526 2880 excipiunt,
563 2823 676 2880 quo
709 2824 821 2865 non
857 2809 1045 2864 solum
1088 2810 1420 2878 Christiani,
1461 2811 1845 2865 verumetiam

196 2898 433 2969 pagani,
466 2898 620 2970 quod
653 2898 814 2954 dictu
833 2898 1099 2954 mirabile
1121 2899 1703 2970 est,injuncti,opem
1735 2900 1844 2955 sibi

198 2987 504 3044 medicinae
522 2992 845 3059 reportant.
864 2988 1019 3042 Inter
1035 3003 1178 3058 quos
1215 3003 1342 3044 cum
1360 2989 1569 3044 beatus
1603 2990 1844 3059 Symeon

198 3092 322 3135 sate
338 3078 683 3150 septimanae
710 3078 1277 3148 fungereturofﬁcio,
1304 3093 1432 3134 cum
1452 3077 1550 3133 illo
1572 3077 1847 3134 salutaris
1878 3122 1924 3150 ,η

197 3165 315 3223 olei
349 3166 577 3238 liquore
610 3167 725 3222 tria
759 3167 1065 3223 admodum
1088 3166 1307 3222 minuta
1324 3167 1394 3221 de
1420 3167 1724 3236 sarcofago
1766 3165 1849 3221 di-

202 3256 491 3312 stillantia
527 3256 738 3313 meruit
757 3271 889 3314 ossa
921 3256 1213 3328 excipere.
1233 3256 1369 3322 Qua:
1385 3255 1849 3325 dilligentercol-

203 3344 377 3417 lecta,
412 3350 476 3401 et
505 3345 561 3401 in
592 3346 813 3402 concha
848 3346 1033 3401 vitrea
1066 3360 1196 3402 cum
1227 3345 1354 3416 ipso
1387 3344 1517 3401 oleo
1548 3345 1848 3402 recondita

203 3448 402 3490 secum
428 3434 803 3491 conservavit
834 3432 1034 3490 multis
1066 3434 1393 3505 profutura,
1425 3436 1485 3489 et
1506 3448 1572 3489 ea
1601 3436 1850 3505 postmo-

203 3521 338 3578 dum
372 3526 439 3578 ut
470 3521 1045 3592 diximus,aecclesize
1075 3522 1335 3593 praefatte
1377 3522 1586 3577 Sancte
1609 3522 1851 3578 Trinita-

202 3611 278 3667 tis
307 3610 548 3667 Rodomi
580 3610 853 3681 contulit,
911 3625 1055 3667 auro
1087 3614 1144 3665 et
1186 3614 1428 3679 argento
1468 3610 1846 3681 preciosiora.

202 3699 552 3756 Continetur
583 3698 772 3755 adhuc
808 3698 863 3754 in
911 3699 1113 3755 eodem
1169 3700 1437 3756 coenobio
1491 3699 1747 3756 vasillud
1775 3700 1851 3756 vi-

200 3791 394 3844 treum
422 3802 554 3843 cum
584 3786 869 3857 reliquiis,
890 3787 945 3843 id
980 3791 1066 3843 est
1086 3784 1276 3844 tribus
1300 3788 1620 3844 minoribus
1636 3788 1850 3843 articu-

175 3875 391 3933 .lorum
420 3875 913 3948 juncturis,quod
971 3892 1069 3934 vas
1095 3878 1168 3934 ob
1201 3876 1597 3934 inundantiam
1660 3876 1848 3933 sancti

203 3964 317 4021 olei
344 3979 579 4037 quaque
601 3966 924 4037 septimana
953 3970 1259 4037 vacuatur,
1285 3972 1342 4022 et
1388 3966 1726 4037 petentibus
1744 3980 1847 4036 pro

204 4054 475 4126 reliquiis
501 4054 688 4110 sancti
718 4056 983 4125 corporis
1005 4055 1197 4110 datur.
1220 4056 1323 4123 (Cf.
1362 4054 1581 4124 supra).
1636 4055 1849 4110 Beatus

200 4148 395 4199 autem
417 4142 660 4213 Symeon
696 4142 846 4214 apud
870 4138 1178 4213 praefatum
1231 4140 1566 4197 Gozelinum
1618 4141 1849 4197 biennio

204 4245 466 4299 manens,
499 4230 783 4301 cogitavit
815 4231 1045 4287 tandem
1114 4233 1335 4301 patrem
1388 4244 1553 4285 suum
1618 4230 1851 4287 karissi-
1881 4263 1932 4321 Ι)

204 4334 357 4375 mum
380 4318 735 4375 Richardum
766 4319 1035 4374 abbatem
1069 4318 1378 4388 sociosque
1393 4332 1535 4375 suos
1574 4318 1846 4388 invisere,

204 4413 261 4463 et
285 4408 374 4465 sic
403 4406 744 4464 valedicens
776 4406 1066 4476 omnibus,
1094 4406 1414 4463 Virdunum
1432 4407 1611 4474 venit,
1633 4412 1688 4463 et
1721 4422 1850 4464 cum

205 4498 409 4553 eodem
443 4498 610 4567 patre
642 4495 848 4551 diebus
885 4493 1328 4565 quamplurimis
1359 4495 1567 4550 mansit
1594 4498 1685 4560 ;et
1743 4496 1853 4551 fre-

206 4589 460 4655 quenter
486 4582 817 4653 injuriatus,
858 4585 1149 4653 tamquam
1201 4595 1386 4652 agnus
1454 4582 1854 4638 mansuetissi-

209 4688 338 4730 mus
366 4672 559 4728 omnia
588 4669 854 4743 pertulit,
881 4670 1255 4742 etspeculum
1286 4670 1483 4726 totius
1513 4670 1854 4726 sanctitatis

206 4760 478 4816 omnibus
509 4774 571 4815 se
602 4757 874 4830 praebuit.

279 4847 423 4917 (Fel.
460 4849 650 4918 85)27.
678 4846 861 4916 Igitur
890 4860 1038 4903 anno
1070 4848 1142 4903 ab
1175 4846 1286 4901 inc.
1322 4847 1482 4901 Dom.
1520 4851 1676 4903 1028.
1712 4851 1854 4901 tem-

209 4938 367 5010 plum
390 4934 689 5008 scpulchri
712 4933 934 4991 Domini
969 4935 1230 4993 funditus
1262 4949 1530 4993 eversum
1575 4936 1851 5005 estjussu

209 5024 495 5098 principis
527 5021 862 5095 Babilonize,
890 5024 1137 5080 faciente
1199 5023 1516 5079 Judeorum
1562 5022 1847 5093 nequicia.

210 5116 445 5187 [Gustu
478 5128 559 5169 in.
591 5117 625 5169 7
651 5130 666 5180 ;
689 5128 762 5181 iv,
791 5114 866 5185 4.]
892 5113 1146 5183 Sequuta
1177 5112 1377 5168 eodem
1421 5125 1570 5167 anno
1603 5111 1659 5166 in
1709 5112 1851 5167 orbe

206 5211 502 5261 terrarum
534 5201 808 5260 universo
841 5198 1763 5271 fames,itacepiteonvalescere,
1789 5203 1849 5257 ut

1960 1819 2158 1896 missis
2186 1836 2952 1910 exploratoribusinventus
3000 1842 3129 1885 cum
3187 1827 3252 1879 48
3296 1819 3588 1910 capitibus

1961 1906 2405 1995 trucidatorum,
2441 1917 3233 1997 quorumcarnesvoraverat
3263 1929 3276 1979 ;
3309 1915 3363 1967 et
3390 1906 3593 1997 hicde-

1961 2019 2286 2091 prehensus
2320 2016 2435 2086 igni
2461 1995 2844 2071 traditusest.
2867 2011 3041 2064 Tanta
3068 2005 3172 2061 fuit
3201 2000 3365 2093 famis
3398 1995 3593 2093 anxie-

1956 2112 2067 2175 tas,
2095 2106 2248 2178 quod
2282 2108 2691 2175 attemptatum
2724 2101 2797 2156 sit
2820 2100 2873 2153 in
2890 2091 3308 2169 partibusillis,
3347 2093 3409 2145 ut
3470 2091 3593 2180 qui-

1957 2196 2085 2251 dam
2102 2195 2519 2251 albamterram
2539 2190 2757 2259 argilla}
2798 2186 3046 2242 similem
3084 2182 3354 2239 effossam
3384 2186 3595 2247 permi-

1957 2290 2054 2340 xta
2072 2277 2838 2348 farinavelcantabro(103),
2862 2287 3007 2347 pane
3032 2271 3163 2327 inde
3200 2269 3353 2323 facto
3405 2274 3595 2318 come-

1959 2374 2184 2429 derent.
2212 2372 2479 2427 Miserum
2503 2370 2627 2423 erat
2660 2370 2717 2422 et
2748 2363 3059 2420 dolendum
3090 2359 3400 2414 videreora
3448 2365 3593 2407 mar-

1959 2461 2151 2517 centia
2179 2458 2417 2529 jejunio,
2443 2457 2549 2512 hos
2571 2456 2642 2511 ad
2671 2459 2886 2508 terram
2916 2462 3089 2506 ruere
3131 2460 3244 2501 non
3272 2442 3358 2499 eis
3396 2439 3597 2529 suffra-

1956 2554 2130 2620 gante
2160 2527 2275 2604 cibi
2309 2545 2539 2613 solatio,
2574 2544 2717 2600 istos
2750 2540 3063 2597 morientes
3112 2533 3397 2605 aspicere,
3447 2527 3594 2582 alios

1959 2638 2090 2694 dum
2123 2637 2210 2692 eis
2239 2637 2406 2692 funus
2433 2632 2736 2689 cxiberent
2764 2628 2987 2700 pariter
3016 2621 3290 2681 commori
3325 2624 3383 2674 et
3414 2628 3592 2689 super

1958 2729 2116 2800 ipsos
2147 2727 2514 2791 occumbere,
2549 2722 2746 2794 plures
2772 2732 3011 2776 numero
3036 2712 3363 2784 insepultos
3371 2709 3592 2800 jacere,

1958 2796 2089 2889 quia
2120 2831 2231 2871 non
2260 2818 2384 2871 erat
2418 2814 2515 2885 qui
2550 2810 2847 2883 sepeliret.
2868 2807 3123 2877 Sequuta
3157 2805 3246 2858 est
3276 2801 3332 2889 et
3357 2796 3468 2889 alia
3498 2808 3596 2889 pe-

1959 2882 2086 2975 stis,
2120 2905 2297 2976 quiae
2320 2882 2705 2959 cadaveribus
2729 2902 3088 2955 mortuorum
3125 2905 3225 2963 pre
3240 2886 3412 2945 nimia
3447 2882 3591 2940 mul-

1956 2994 2208 3050 titudine
2240 2990 2541 3063 sepultura
2571 2987 2892 3046 carentium
2918 2981 3034 3054 lupi
3053 2976 3331 3046 adescati,
3363 2984 3598 3045 coepere

1961 3082 2212 3154 praedam
2243 3095 2311 3136 ex
2360 3077 2708 3133 hominibus.
2745 3077 2897 3130 Tune
2928 3068 3191 3137 carnaria
3252 3067 3401 3154 facta
3450 3064 3596 3154 sunt

1960 3152 2179 3227 aDeum
2196 3167 2555 3235 timentibus,
2577 3163 2858 3234 inquibus
2879 3163 3102 3231 patrem
3135 3155 3309 3224 filius,
3353 3152 3593 3205 fratrem

1961 3259 2162 3327 frater,
2197 3261 2255 3312 et
2288 3259 2470 3311 mater
2503 3252 2681 3308 filium
2709 3251 2842 3306 dum
2903 3245 3238 3303 deficientes
3280 3240 3593 3327 aspiceret,

1962 3325 2341 3420 protrahebat
2371 3361 2383 3408 ;
2414 3348 2469 3398 et
2503 3335 3101 3411 aliquandoipsedum
3131 3329 3484 3420 desperabat
3524 3325 3596 3420 de

1960 3412 2077 3493 vita
2112 3432 2640 3505 superaddebatur,
2660 3428 2735 3484 ita
2753 3431 2815 3483 ut
2839 3422 3239 3496 gratissimum
3255 3418 3312 3475 id
3337 3418 3494 3474 esset
3514 3412 3597 3470 of-

1962 3526 2152 3581 ficium
2187 3521 2427 3589 funeris,
2471 3520 2514 3576 si
2549 3518 2781 3590 spirans
2806 3511 3137 3585 aliquisillo
3160 3524 3189 3564 a
3224 3506 3433 3579 quovis
3462 3516 3594 3575 pro-

1954 3613 2161 3683 jiceret
2174 3627 2238 3667 ur
2251 3654 2264 3667 .
2295 3608 2676 3677 Quamobrem
2706 3606 2763 3661 in
2778 3601 3048 3675 expensis
3063 3609 3377 3679 egenorum
3390 3590 3597 3683 aaccle-

1961 3680 2177 3759 siarum
2200 3702 2537 3755 ornamenta
2552 3696 2837 3752 distracta
2853 3695 3009 3759 sunt,
3036 3684 3454 3759 dispertitique
3469 3680 3592 3736 the-

1961 3790 2138 3847 sauri.
2163 3792 2373 3845 Aurum
2388 3785 2561 3856 enim,
2581 3783 2738 3841 utait
2755 3780 2990 3839 moralis
3004 3779 3212 3835 doctor
3226 3769 3589 3838 Ambrosius,

1960 3878 2409 3936 {ecclesiahabet
2426 3891 2535 3931 non
2554 3877 2614 3930 ut
2630 3874 2843 3941 servet,
2880 3869 2978 3926 sed
2999 3867 3295 3934 uteroget.
3345 3860 3596 3941 Quisau-

1963 3971 2076 4023 tem
2107 3969 2454 4034 eotemporc
2478 3960 2989 4028 reconderet,cum
3033 3950 3373 4017 reconditis,
3430 3947 3477 4002 si
3519 3936 3598 4034 (δέ

1962 4032 3003 4121 messaltimquinquenniodurasset,
3061 4038 3257 4096 nullus
3302 4039 3456 4093 esset
3497 4032 3597 4104 qui

1964 4145 2258 4201 frueretur
2277 4138 2422 4195 ?Sed
2438 4152 2543 4192 nec
2558 4135 2825 4191 omnibus
2838 4129 3312 4189 subveniebatur.
3349 4122 3483 4194 quia
3499 4135 3599 4176 vo-

1964 4231 2173 4289 luntati
2206 4242 2376 4301 posse
2409 4240 2518 4281 non
2551 4221 2996 4291 suffragabatur.
3023 4219 3138 4273 Hac
3194 4228 3334 4283 ergo
3382 4215 3599 4301 tempe-

1965 4297 2433 4375 stateeivitatum
2473 4311 2898 4368 Gallicanarum
2927 4303 3208 4378 praesules
3267 4297 3596 4365 consilium,

1965 4423 2075 4479 quo
2108 4408 2268 4461 tanta
2302 4402 2433 4458 mali
2468 4400 2652 4457 moles
2673 4399 2990 4466 levaretur,
3014 4395 3305 4461 ineuntes,
3330 4390 3448 4479 hoc
3479 4389 3599 4479 tan-

1965 4474 2092 4553 dem
2125 4488 2842 4560 adinvenerunt(1028),ut
2877 4483 3011 4555 quia
3047 4477 3456 4540 deficientibus
3479 4474 3597 4545 jam

1964 4602 2037 4641 ex
2068 4576 2193 4640 toto
2214 4578 2504 4639 alimentis
2533 4576 2801 4634 omnibus
2830 4571 3103 4646 opitulari
3129 4567 3469 4640 nequibant,
3529 4575 3601 4617 ne

1965 4678 2122 4728 terra
2155 4671 2487 4727 habitatore
2518 4666 2804 4723 destituta
2838 4664 2893 4718 in
2910 4660 3287 4718 solitudinem
3310 4654 3602 4723 redigere-

1965 4763 2082 4830 tur,
2109 4759 2336 4829 aliquos
2351 4769 2640 4827 quosesse
2654 4753 2984 4823 vegetiores
2996 4747 3315 4814 constaret,
3332 4743 3469 4799 dato
3492 4754 3600 4811 pro

1969 4863 2140 4921 posse
2155 4843 2698 4903 numerocotidiano
2725 4840 3133 4912 qualicumque
3146 4833 3276 4891 cibo
3309 4831 3602 4921 sustenta-

1968 4915 2095 4993 rent
2129 4958 2147 4993 :
2180 4950 2289 4991 non
2314 4940 2377 4992 ut
2409 4933 2543 4989 aliis
2560 4930 2774 4987 solacia
2792 4943 2919 4999 quae
2965 4926 3235 4998 poterant
3294 4915 3601 4975 subtrahe-

1967 5028 2191 5093 rentur,
2223 5027 2306 5079 set
2327 5027 2383 5078 ut
2409 5022 2556 5078 istos
2578 5021 2937 5076 sustentatos
2950 5018 3126 5069 terra:
3143 5008 3402 5067 cultores
3415 5021 3602 5063 reser-

1965 5117 2191 5182 varent,
2207 5116 2266 5167 et
2280 5111 2410 5166 aliis
2429 5105 2843 5166 misericordiae
2857 5103 3079 5159 viscera
3099 5114 3209 5155 non
3228 5100 3597 5168 negarentur.

1964 5201 2073 5256 Det
2106 5199 2223 5256 illis
2255 5200 2406 5255 Deus
2428 5195 2687 5252 invenire
2710 5189 3190 5259 misericordiam,
3218 5187 3315 5258 qui
3363 5184 3417 5241 in
3441 5188 3606 5241 tanta

1798 5401 2019 5459 NOTAE.

210 5559 357 5632 (103)
387 5558 487 5613 i.e.
527 5553 772 5612 furfure.
