3960 6052
384 222 501 285 255

1340 222 1710 289 HUGONIS
1750 226 2102 291 ABBATIS
2143 225 2826 291 FLAVINIACENSIS

3668 228 3788 290 256

383 354 655 426 angustia
696 351 1158 410 misericordiam
1204 354 1617 412 necessitatem
1668 357 2031 428 patientibus
2061 357 2118 419 A
2150 357 2377 416 dilatati
2408 358 3148 431 exprobrarentur.[Gr.is.
3201 358 3267 415 Β.
3338 357 3471 416 Vita
3496 358 3788 431 Will.29.]

386 443 777 515 inpenderunt
798 458 812 508 ;
834 445 1109 514 etparcat
1127 441 1232 512 eis,
1254 442 1497 514 quicum
1527 450 1787 516 possent,
1832 445 2034 502 volun-

383 530 914 602 tatiindigentium,
942 545 1053 587 non
1086 535 1150 587 ut
1182 531 1521 589 debuissent
1562 537 1623 588 et
1679 535 2030 606 potuissent,

385 619 824 678 consuluerunt.
861 620 1021 675 Inter
1038 618 1143 676 has
1158 620 1459 690 angustias
1485 622 1839 680 venerabilis
1852 624 2034 681 abbas

387 708 719 765 Richardus
746 711 936 765 mente
967 713 1378 781 compunctus,
1403 724 1534 766 cum
1564 711 1755 768 omnia
1779 726 1907 783 qua:
1938 711 2035 768 ha-

390 798 565 855 bebat
580 797 936 870 pauperibus
951 796 1447 869 eontulisset,non
1464 814 1533 872 pe
1543 800 1730 872 percit
1744 801 2035 859 thesauris

388 885 696 957 aacclesiaa,
734 886 906 943 immo
934 901 1061 957 quae
1093 885 1149 941 in
1182 886 1271 943 eis
1299 887 1659 959 preciosiora
1690 890 1927 946 erantin
1944 906 2036 947 or-

390 975 679 1034 namentis
710 979 771 1032 et
815 974 1010 1048 palliis
1057 974 1939 1052 vendiditRemensiaecclesim,
1974 984 2035 1036 et

389 1065 650 1139 precium
683 1079 883 1121 eorum
909 1064 1265 1136 pauperibus
1295 1065 1619 1139 distribuit,
1640 1072 1872 1125 retento
1897 1083 2036 1139 quo-

391 1169 501 1226 que
534 1153 641 1210 sibi
663 1156 827 1209 certo
863 1167 1105 1210 numero
1165 1167 1367 1211 eorum
1421 1156 1635 1226 quibus
1675 1157 2034 1215 cotidianum

388 1243 608 1299 victum
641 1244 706 1299 ut
757 1240 955 1298 vivere
1003 1246 1245 1313 possent
1288 1242 1741 1316 inpertiebatur,
1794 1246 2035 1302 mittens

390 1334 607 1405 prater
639 1330 763 1388 hme
794 1329 1026 1389 litteras
1053 1334 1110 1387 et
1142 1332 1404 1402 nuncios,
1421 1337 1477 1389 et
1495 1348 1600 1405 per
1616 1350 1678 1390 se
1693 1334 1869 1390 etiam
1884 1350 2037 1392 com-

390 1434 631 1477 moneus
647 1433 817 1489 reges
831 1422 889 1475 et
908 1418 1227 1491 principes,
1251 1420 1562 1491 pontiﬁces
1578 1436 1807 1494 quoque
1823 1424 2036 1496 quibus

392 1507 789 1565 familiaritate
815 1506 1192 1579 jungebatur,
1212 1508 1619 1583 utthesauros,
1638 1526 1784 1583 quos
1805 1511 1959 1569 tinea
1975 1518 2034 1569 et

389 1612 573 1669 erugo
596 1596 935 1668 demolitur,
969 1611 1071 1669 per
1104 1611 1309 1655 manus
1342 1614 1661 1672 pauperum
1700 1600 2037 1659 caelestibus

2147 448 2261 503 Nec
2293 454 2461 503 antea
2496 452 2789 505 cessatum
2821 452 2935 520 est,
2972 447 3156 504 donec
3189 461 3357 503 omne
3389 446 3532 504 illud
3576 448 3793 520 reposi-

2148 539 2266 592 tum
2284 536 2642 607 pauperibus
2656 535 2930 593 donatum
2946 541 3056 606 est,
3074 540 3131 591 et
3148 536 3268 607 ipse
3283 536 3354 592 ad
3371 536 3592 592 Italiam
3615 552 3797 594 reme-

2147 622 2281 694 ans,‘
2306 638 2437 681 cum
2463 624 2695 682 biennio
2720 640 2888 681 suum
2921 641 2951 681 a
2985 624 3184 681 seculo
3206 628 3794 696 expectassetexces—

2147 727 2298 784 sum,
2314 711 2548 770 tandem
2563 712 2758 769 redire
2773 712 3129 785 compulsus,
3146 717 3281 769 ante
3299 712 3592 769 Divionem
3610 717 3790 771 trans-

2147 800 2293 872 iens,
2329 800 2458 858 loca
2490 800 2600 858 sibi
2632 803 2941 858 commissa
3000 801 3311 872 circuibat,
3357 800 3565 857 dehinc
3606 802 3791 859 Fisca-

2147 889 2451 961 num(104)
2504 903 2567 945 se
2598 889 2870 960 contulit,
2906 888 3337 945 ubiinminentc
3367 904 3417 944 a.
3476 889 3629 944 dom.
3674 888 3786 945 ine.

2149 981 2279 1034 1031
2316 978 2519 1034 indict.
2557 980 2624 1035 14
2653 977 2799 1035 obiit
2831 977 3068 1035 Kalend.
3092 976 3369 1048 Januarii,
3424 977 3494 1034 ad
3517 977 3684 1049 cujus
3706 992 3791 1035 se-

2146 1063 2453 1138 pulchrum
2480 1063 2761 1137 puerulus
2782 1063 3057 1122 decennis
3077 1080 3106 1121 a
3148 1064 3395 1121 maxima
3455 1065 3787 1135 egritudine

2146 1158 2386 1211 sanatus
2416 1158 2524 1211 68L

2218 1244 2336 1301 [Ioc
2369 1256 2519 1299 anno
2552 1240 2768 1314 Chono,
2796 1241 2893 1314 qui
2925 1246 2982 1299 et
3016 1241 3340 1314 Conradus,
3394 1242 3450 1299 in
3492 1242 3790 1301 Franciam

2146 1331 2324 1389 venit.

2222 1420 2415 1491 [Cum
2443 1417 2773 1492 Roo,iv,5.]
2810 1421 2973 1477 Anno
3031 1419 3253 1491 igitura
3295 1420 3568 1493 passione
3612 1420 3794 1477 Domi-

2147 1508 2227 1581 ni,
2255 1509 2411 1580 1000,
2448 1510 2519 1565 ab
2552 1508 2663 1566 inc.
2686 1524 2822 1565 vero
2854 1512 3011 1580 1033,
3038 1509 3193 1581 cepit
3254 1508 3483 1581 placida
3500 1509 3794 1567 serenitas

2148 1601 2325 1655 terrae
2351 1597 2719 1655 dulcedinem
2745 1598 3042 1656 Creatoris
3083 1598 3418 1670 ostendere,
3466 1603 3526 1655 et
3563 1600 3793 1670 frugum

393 1684 629 1777 palatiis
652 1686 941 1777 inderent,
985 1689 1045 1742 et
1079 1690 1315 1777 ventres
1345 1702 1661 1758 egenorum
1701 1690 2034 1761 gazofilatia
2063 1715 2120 1777 B
2152 1686 2567 1777 abundantiam
2601 1686 2974 1777 portendere.
3001 1688 3273 1759 Tuncper
3313 1687 3704 1777 Aquitaniam,
3731 1693 3795 1744 et

398 1774 757 1832 aeternitatis
780 1774 887 1831 sibi
913 1775 1364 1833 constituerent.
1401 1778 1840 1850 Accepitﬁetiam
1865 1794 2037 1851 pecu-

393 1863 546 1920 niam
570 1878 681 1921 non
712 1878 948 1935 parvam
978 1877 1008 1919 a
1037 1863 1250 1920 comite
1264 1865 2037 1937 Rutenensi,eoncessaloco

390 1953 546 2011 vadii
578 1951 812 2009 abbatia
832 1952 1020 2009 sancti
1051 1953 1322 2024 Amantii,
1357 1968 1485 2026 quaa
1517 1961 1643 2013 erat
1671 1955 2039 2027 juriszeccle-

392 2040 491 2099 site
516 2040 705 2097 sancti
735 2040 915 2111 Petri,
952 2055 1122 2112 quam
1155 2042 1388 2099 omnino
1409 2044 1769 2115 pauperibus
1785 2045 2038 2117 partitus

392 2134 501 2188 est.
537 2131 749 2188 Verum
782 2130 1130 2187 comesdata
1184 2132 1428 2203 pecunia
1482 2136 1541 2188 et
1572 2133 1866 2189 abbatiam
1925 2133 2036 2191 sibi

392 2220 699 2292 usurpavit
733 2235 861 2277 cum
885 2219 1221 2278 redditibus
1245 2224 1306 2276 et
1330 2220 1552 2287 fundis;
1577 2224 1634 2277 et
1676 2226 1736 2278 ut
1766 2226 2038 2280 asserunt

387 2307 1014 2366 habitatoresRutenm
1056 2308 1241 2380 urbis,
1276 2313 1588 2381 antequam
1605 2311 1850 2383 pecunia
1878 2326 2039 2368 rece-

387 2398 708 2470 ptafuisset
727 2412 800 2454 ex
843 2396 1105 2467 ejusdem
1149 2397 1401 2455 abbatia:
1443 2398 1655 2470 fundis,
1692 2400 1817 2472 ipse
1850 2404 2037 2457 morte

391 2489 729 2558 prmventus
748 2489 857 2557 est,
883 2487 940 2541 et
960 2485 1044 2542 sic
1059 2485 1293 2542 abbatia
1315 2501 1343 2543 a
1360 2486 1802 2545 successoribus
1814 2489 2039 2559 ejusre-

390 2578 688 2647 tentaest,’
701 2588 1048 2645 quamquam
1069 2576 1140 2631 ab
1155 2575 1621 2633 inhabitantibus
1636 2590 1750 2631 non
1770 2580 1893 2633 tota
1910 2590 2038 2632 san-

392 2663 473 2719 cti
504 2663 757 2720 Amantii
790 2663 1048 2734 abbatia,
1082 2678 1210 2735 qum
1235 2664 1519 2721 latissima
1576 2667 1665 2721 est
1710 2670 1768 2721 et
1809 2679 2038 2736 posses-

392 2751 576 2809 sionis
587 2751 863 2822 enormis,
877 2751 1028 2822 juris
1048 2751 1331 2809 mcclesize
1350 2752 1733 2810 Virdunensis
1744 2767 1878 2809 esse
1893 2752 2039 2809 dica-

390 2844 509 2912 tur,
551 2840 653 2897 sed
671 2854 808 2912 pars
832 2839 1117 2912 quaedam,
1151 2839 1427 2898 videlicet
1459 2842 1694 2897 abbatia
1717 2842 1903 2898 sancti
1928 2843 2038 2898 Ma-

399 2929 472 2986 rii
507 2928 578 2986 de
610 2928 872 3001 Utiabra,
907 2932 970 2986 ut
1006 2928 1269 2986 moderni
1322 2930 1617 2986 testantur
1655 2929 1828 2986 etiam
1861 2945 2032 2987 nunc.

395 3017 512 3076 Nec
546 3018 719 3075 debet
754 3017 992 3075 reticeri
1022 3016 1295 3074 Willelmi
1328 3019 1511 3092 Supra
1572 3018 1787 3090 regulae
1821 3020 2036 3078 factum

398 3106 794 3165 memorabile.
823 3107 1016 3165 Cuma
1048 3106 1485 3164 Fructuariensi
1539 3107 1830 3180 coenobio,
1882 3108 2035 3180 quod

387 3196 541 3269 juris
569 3200 695 3253 erat
729 3194 1097 3253 Divionensis
1118 3194 1398 3253 aecclesiaa
1423 3194 1695 3267 redisset,
1729 3201 1790 3253 et
1808 3197 2035 3254 Divioni

396 3289 459 3343 ut
491 3285 759 3357 decebat,
796 3285 1181 3358 susceptusin
1196 3284 1456 3358 capitulo
1476 3286 1804 3357 qualiterse
1820 3287 2036 3345 fratres

397 3374 703 3445 haberent,
739 3373 789 3431 si
822 3374 1160 3431 necessaria
1179 3389 1292 3430 non
1314 3375 1586 3432 deessent
1609 3375 1954 3448 inquireret,
1972 3382 2037 3434 ut

396 3462 642 3534 audivit,
662 3462 852 3518 omnia
867 3476 999 3519 csse
1014 3462 1205 3535 plena,
1223 3461 1560 3535 nullumque
1574 3463 1763 3523 locum
1781 3465 2037 3536 indigen-

392 3551 491 3610 tiaa
524 3551 620 3623 qui
641 3566 755 3608 non
780 3555 984 3623 posset
1009 3551 1121 3607 levi
1144 3551 1309 3608 obice
1324 3552 1575 3623 obstrui,
1605 3553 1933 3624 interrogat
1964 3555 2037 3611 de

392 3640 733 3710 elemosina,
766 3639 1176 3711 cognovitque,
1211 3640 1342 3712 quia
1376 3641 1490 3697 etsi
1514 3641 2033 3701 consuctudinaria

393 3729 647 3786 dabatur
660 3743 771 3785 non
788 3732 983 3785 tamen
998 3730 1355 3801 pauperibus
1368 3733 1543 3801 prout
1567 3735 1839 3803 poterant
1861 3737 1918 3789 et
1940 3733 2036 3790 ha-

393 3815 610 3874 bebant
642 3814 1136 3887 suﬂ‘ragabantur,
1152 3815 1277 3873 zelo
1295 3832 1615 3875 succensus
1629 3833 1699 3875 eo
1715 3819 1811 3890 qui
1826 3833 2035 3878 carnes

393 3907 730 3962 sanctorum
752 3904 957 3976 exidit,
992 3904 1509 3977 increpataeorum
1535 3906 1782 3977 duricia,
1820 3922 1849 3963 a
1894 3908 2035 3966 sede

391 3994 802 4051 concituseum
844 3993 994 4051 bona
1029 3994 1315 4065 indignati
1358 3994 1530 4051 animi
1573 3998 2037 4055 stomachatione

391 4082 651 4141 surrexit
675 4082 797 4155 (fol.
826 4080 996 4154 85’)et
1022 4082 1296 4154 imposita
1310 4084 1626 4156 antiphona
1646 4085 1717 4142 de
1733 4086 2032 4143 mandato:

400 4170 512 4229 Ubi
524 4172 1010 4229 estcaritas?non
1032 4170 1186 4228 ultra
1213 4172 1615 4245 progrediens,
1635 4174 1743 4230 sed
1759 4174 1867 4232 hoc
1908 4175 2035 4246 ejus

393 4259 631 4317 inicium
656 4274 887 4332 semper
907 4262 1204 4332 repetens,
1221 4260 1290 4317 ad
1311 4260 1611 4319 cellarium
1629 4262 1805 4320 venit.
1823 4268 1883 4319 et
1905 4263 2037 4321 mis-

392 4346 499 4404 sile
532 4347 855 4419 quodlibet,
873 4348 1023 4419 quod
1049 4348 1315 4405 manibus
1342 4349 1540 4406 Finees
1561 4349 1806 4408 alterius
1836 4366 2036 4408 occur-

2152 1775 2553 1834 Arelatensem
2577 1780 2631 1832 et
2689 1776 3133 1846 Lugdunensem
3187 1775 3533 1848 provincias,
3581 1779 3641 1832 et
3691 1790 3795 1848 per

2152 1865 2479 1922 universam
2515 1864 2907 1935 Burgundiam
2938 1864 3468 1922 conciliainstituta
3512 1868 3669 1936 sunt,
3731 1868 3794 1921 et

2151 1968 2264 2027 pax
2293 1954 2539 2010 firmata.
2568 1955 2866 2011 Statutum
2899 1958 2990 2010 est
3014 1954 3189 2010 etiam
3212 1958 3245 2010 6
3279 1954 3420 2010 feria
3473 1970 3503 2010 a
3553 1954 3685 2011 vino
3732 1960 3796 2011 et

2149 2049 2181 2100 7
2205 2058 2234 2100 a
2265 2043 3004 2114 carnibusabstinere,nisi
3019 2042 3216 2112 gravis
3250 2042 3557 2100 infirmitas
3615 2041 3796 2099 inter-

2148 2132 2409 2203 cederet,
2444 2135 2505 2188 et
2533 2135 2673 2189 tunc
2689 2135 2811 2189 tres
2826 2147 3111 2204 pauperes
3126 2131 3534 2191 reﬁcerentur.
3558 2134 3637 2189 Eo
3654 2146 3796 2203 quo-

2148 2236 2261 2293 quc
2293 2225 2625 2293 annotanta
2643 2222 2810 2294 copia
2845 2221 3142 2292 frumenti,
3174 2221 3291 2278 vini
3344 2225 3795 2292 ceterarumque

2151 2309 2377 2381 frugum
2401 2310 2621 2381 extitit,
2657 2315 2932 2383 quantam
2954 2310 3009 2366 in
3034 2310 3432 2382 subsequente
3475 2310 3797 2382 quinquen-

2146 2399 2243 2456 nio
2268 2400 2399 2471 quis
2430 2414 2670 2473 sperare
2704 2414 2816 2456 non
2850 2399 3059 2471 potuit.
3088 2399 3198 2456 Sed
3237 2398 3484 2457 humana
3514 2397 3796 2471 styrpsm

2149 2488 2446 2545 immemor
2474 2487 2888 2545 beneficiorum
2908 2488 3030 2559 Dei,
3056 2487 3392 2545 velutcanis
3422 2488 3491 2543 ad
3516 2487 3795 2552 vomitum

2148 2592 2402 2648 reversa,
2438 2576 3322 2648 recalcitravit,etadmaliciam
3366 2591 3644 2633 conversa
3675 2582 3790 2633 est.

2149 2667 2253 2739 [ΟΥ.
2292 2666 2464 2722 CLAB.
2499 2667 2640 2722 Ron.
2671 2666 2807 2724 Vita
2833 2665 3368 2725 WillelmiDioion.
3407 2664 3515 2736 13.]
3552 2666 3790 2721 Preerat

2147 2769 2216 2811 eo
2237 2760 2501 2826 tempore
2523 2754 2827 2811 comitatui
2850 2753 3215 2811 Normanniae
3249 2754 3500 2810 Richard
3512 2768 3576 2810 us
3592 2753 3795 2824 junior

2148 2841 2318 2914 (105),
2355 2842 2523 2914 primi
2557 2841 2830 2919 Richardi
2862 2841 3038 2914 ﬁlius,
3065 2843 3163 2913 qui
3198 2842 3253 2899 in
3283 2841 3793 2900 Fiscannensicoe-

2147 2930 2342 3003 nobio,
2376 2930 2432 2987 in
2468 2946 2580 3002 quo
2612 2936 2780 3004 pater
2812 2946 2955 2989 suus
2978 2930 3226 2989 clericos
3266 2930 3795 3003 instituerat,abje-

2146 3020 2260 3078 ctis
2291 3018 2525 3076 clericis
2549 3020 2861 3078 monachos
2884 3020 3208 3078 introduxit
3244 3021 3351 3079 sub
3366 3019 3795 3090 regimineWil-

2148 3106 2308 3163 lelmi
2340 3106 2593 3177 abbatis,
2620 3107 2835 3179 quibus
2865 3106 3038 3164 etiam
3071 3107 3140 3164 ad
3167 3122 3329 3165 usum
3352 3106 3790 3177 cotidinarium,

2146 3196 2204 3252 in
2236 3196 2595 3253 ornamentis
2619 3200 2674 3252 et
2701 3196 2934 3267 prmdiis
2959 3196 3150 3253 fundis
3180 3201 3240 3253 et
3290 3197 3578 3254 reditibus
3626 3199 3790 3252 tanta

2148 3284 2396 3354 largitus
2410 3284 2916 3358 est,utcupiditati
2944 3284 3301 3342 satisfecisse
3315 3284 3633 3342 videretur.
3653 3285 3792 3340 Erat

2146 3373 2297 3429 enim
2321 3372 2378 3428 in
2411 3373 2749 3431 elemosinis
2782 3372 3000 3445 largus,
3029 3374 3083 3429 in
3108 3375 3358 3430 caritate
3383 3373 3658 3446 profluus,
3684 3388 3796 3431 mc-

2145 3461 2459 3519 clesiarum
2492 3467 2738 3533 amator,
2767 3477 3085 3535 pauperum
3112 3467 3433 3533 recreator,
3484 3476 3793 3518 servorum

2145 3551 2245 3607 Dei
2279 3551 2615 3623 praecipuus
2637 3556 2970 3622 venerator,
2998 3552 3053 3607 in
3076 3552 3246 3622 cujus
3264 3566 3433 3608 manu
3475 3551 3793 3608 elemosina

2146 3639 2418 3711 sudabat,
2446 3640 2649 3697 domec
2682 3640 3046 3697 inveniretur
3075 3640 3168 3698 cui
3202 3640 3545 3697 debebatur.
3610 3638 3795 3710 Hujus

2147 3736 2413 3803 tempore
2445 3732 2589 3789 viris
2612 3731 2905 3803 religiosis
2938 3732 3133 3789 floruit
3167 3733 3535 3803 Normannia,
3588 3732 3681 3803 qui
3718 3733 3794 3789 ad

2146 3836 2277 3877 eum
2307 3822 2563 3892 undique
2594 3821 2970 3879 conﬂuebant
3002 3821 3163 3879 velut
3195 3836 3333 3894 apes
3391 3823 3462 3878 ad
3513 3820 3793 3878 alvearia.

2148 3911 2308 3966 Inter
2332 3926 2476 3982 quos
2506 3909 2659 3969 hunc
2684 3910 2872 3967 virum
2906 3911 3139 3967 beatum
3207 3909 3575 3983 propensiori
3602 3908 3796 3966 coluit

2147 3999 2501 4069 reverentia,
2528 3998 2673 4056 adeo
2707 4002 2768 4055 ut
2802 3997 3040 4070 speciali
3072 4013 3200 4056 eum
3237 4012 3431 4053 amore
3493 3996 3793 4068 diligeret,

2148 4090 2208 4143 et
2240 4087 2555 4159 praeceptis
2578 4087 2706 4157 ejus
2730 4088 3137 4158 obtemperare
3150 4084 3526 4156 consiliisque
3553 4085 3800 4156 adquie-

2149 4189 2315 4232 scere
2335 4175 2639 4246 gauderet.

2221 4261 2764 4334 (Fol.89’)28.0hiit
2806 4276 3036 4334 quoque
3076 4260 3402 4318 Richardus
3439 4262 3800 4320 Normanno-

2150 4365 2275 4408 rum
2299 4349 2415 4407 dux
2430 4349 2956 4421 a.inc.Dom.1026,
2972 4353 3028 4406 et
3046 4349 3331 4406 successit
3348 4348 3679 4407 Richardus
3695 4351 3793 4422 IIl,

396 4435 494 4506 rit,
519 4435 826 4507 arripiens,
855 4450 985 4493 cum
1010 4436 1065 4492 in
1108 4451 1209 4493 ore
1266 4441 1323 4493 et
1376 4438 1567 4495 animo
1615 4440 1744 4511 ejus
1803 4453 2033 4513 semper
2064 4426 2117 4488 D
2149 4442 2209 4496 et
2238 4440 2441 4496 eodem
2473 4452 2622 4495 anno
2654 4437 2967 4495 defunctus
2999 4442 3107 4494 est.
3142 4438 3471 4509 Postquem
3497 4436 3796 4497 Robertus

393 4527 757 4581 versaretur:
788 4523 901 4581 Ubi
925 4524 1014 4582 est
1049 4524 1316 4583 caritas?
1348 4540 1505 4596 vasa,
1542 4526 1597 4583 in
1658 4526 1872 4598 quibus
1923 4528 2037 4585 fru-

393 4616 670 4684 mentum,
703 4611 944 4670 ordeum
977 4616 1037 4670 et
1060 4613 1254 4670 vinum
1269 4615 1638 4687 servabatur,
1672 4615 1948 4689 disrupit,
1975 4621 2035 4673 et

394 4700 600 4758 accitis
611 4700 970 4773 pauperibus
986 4700 1221 4760 vascula
1240 4716 1442 4760 eorum
1460 4702 1880 4776 inplevit,illud
1896 4720 2037 4762 sem-

392 4804 496 4862 per
517 4790 693 4847 corde
724 4794 898 4847 etore
921 4789 1285 4863 depromens:
1309 4792 1420 4851 Ubi
1442 4793 1804 4852 estcaritas?
1820 4797 1877 4849 et
1899 4808 2035 4867 ope-

393 4877 478 4935 ris
506 4876 825 4935 exibitione
854 4881 1213 4936 contestans.
1236 4880 1413 4952 Cujus
1456 4880 1632 4937 animi
1682 4880 2037 4952 indignatio-

392 4980 523 5022 nem
552 4966 649 5023 vix
670 4966 1017 5039 adjuvando,
1050 4972 1114 5025 ut
1158 4967 1312 5041 quod
1358 4973 1740 5040 aggregatum
1774 4974 1904 5027 erat
1937 4986 2034 5027 ex-

392 5053 1044 5127 penderctur,mitigare
1061 5061 1537 5129 potuerunt,cum
1556 5057 1669 5118 Ubi
1683 5059 2036 5117 estcaritas?

393 5154 624 5214 semper
657 5145 1046 5217 repeteretur,
1064 5149 1123 5203 et
1157 5146 1269 5219 ipsi
1309 5146 1639 5218 incrassati,
1682 5146 2030 5220 inpinguati,

2151 4528 2489 4586 comitatum
2504 4525 2866 4583 Normanniae
2891 4526 3158 4597 adeptus,
3176 4524 3327 4583 hunc
3342 4530 3434 4583 ter
3449 4526 3681 4583 beatum
3700 4526 3798 4583 Ri-

2150 4617 2453 4687 chardum,
2479 4615 2550 4673 de
2574 4630 2686 4687 quo
2710 4614 2880 4672 nobis
2902 4619 2991 4671 est
3015 4629 3226 4687 sermo,
3279 4615 3433 4671 inter
3449 4616 3667 4688 primos
3698 4616 3797 4673 ha-

2152 4704 2670 4777 buit,consilioque
2685 4702 2809 4773 ejus
2823 4704 3369 4774 regniNormannize
3384 4705 3794 4761 tractabantur

2150 4794 2414 4866 negocia.
2441 4792 2807 4863 Tupcextitit
2825 4792 3057 4864 quidam
3101 4793 3290 4850 Britto
3339 4794 3567 4850 nomine
3608 4794 3798 4850 Erme-

2149 4882 2382 4952 noldus,
2409 4882 2580 4938 homo
2603 4880 2815 4937 mentis
2840 4894 3154 4954 perversae,
3203 4881 3565 4938 detestanda)
3605 4882 3789 4952 famae,

2149 4969 2245 5040 qui
2271 4972 2454 5023 totam
2487 4968 2664 5023 vitam
2688 4982 2852 5024 suam
2881 4967 3114 5024 diabolo
3140 4967 3795 5039 dieaverat,utpostex-

2149 5056 2493 5130 perimentis
2507 5057 2937 5130 probatissimis
2952 5063 3314 5131 compertum
3332 5061 3443 5114 est.
3470 5057 3573 5113 Hic
3631 5057 3791 5114 horis

2146 5150 2202 5203 et
2234 5145 2545 5205 momentis
2574 5145 2841 5206 omnibus
2878 5161 3009 5204 cum
3060 5144 3295 5204 diabolo
3328 5145 3700 5218 loquebatur,
3733 5150 3791 5201 et

1753 5268 1990 5327 VARIE
2028 5269 2430 5328 LECTIONES.

1977 5410 2200 5470 ΝΟΤιΕ.

458 5333 527 5369 ἰ’
553 5337 738 5407 styrs.
775 5349 824 5395 ο.

462 5510 613 5584 (104)
635 5509 899 5586 Fécamp.

2215 5472 2703 5588 (105)Cfr._Glab.
2733 5515 2877 5574 Red.
2922 5516 3051 5573 Vita
3092 5514 3367 5574 Willelmi
3411 5516 3632 5574 Divion.
3711 5524 3791 5578 l3.
