3960 6052
147 206 271 267 257

1421 206 1919 271 CHRONICON.
1953 245 2026 255 —
2057 210 2212 272 LIB.
2258 211 2331 272 II.

3451 220 3572 282 258

149 337 447 410 quidquid
481 338 592 396 sibi
625 338 911 410 agendum
944 339 1098 396 foret
1128 338 1289 398 illius
1318 340 1604 398 nebuloso
1633 339 1810 397 collo-
1839 341 1894 401 A'
1924 344 1983 397 et
2016 341 2148 399 data
2171 348 2260 400 est
2284 343 2336 400 ei
2361 358 2391 399 a
2416 344 2686 402 Lothario
2706 346 2760 401 in
2782 345 2974 404 dotem
2999 348 3337 418 Lugdunum
3357 350 3569 409 civitas

151 428 290 498 quio
314 428 766 500 disponebatur.
784 429 887 485 Hic
906 443 1009 501 per
1033 433 1305 502 suscepta
1328 429 1656 501 iniquitatis
1676 444 1811 487 con-

148 517 278 573 silia
307 517 384 572 ad
414 517 641 589 plenam
668 517 1039 589 iniquitatem
1063 520 1378 590 enutritus,
1396 524 1455 575 et
1477 534 1616 577 vere
1642 533 1812 576 mem-

154 609 319 662 brum
345 606 512 662 illius
544 607 753 674 factus,
781 607 879 677 qui
913 610 1001 663 est
1036 609 1218 664 fomes
1247 607 1491 666 maliciaa
1508 614 1568 665 et
1590 609 1812 665 discor-

151 695 259 750 dize
291 700 355 750 et
390 696 581 751 omnis
612 696 916 766 nequiciae,
949 696 1103 768 apud
1138 700 1442 770 praefatum
1486 698 1810 770 principem

149 798 357 840 omnes
386 785 706 856 optimates
730 784 916 842 totius
950 787 1111 856 regni
1162 786 1478 857 accusavit,
1516 787 1680 858 quasi
1713 786 1811 856 qui

150 872 277 941 ejus
308 873 581 928 meditati
611 877 813 929 essent
850 874 1236 945 dejectionem
1271 880 1329 931 et
1381 890 1605 945 necem,
1639 879 1697 932 et
1731 875 1810 930 ita

150 965 376 1017 statum
399 962 580 1018 totius
606 968 780 1019 terrae
804 964 1198 1035 perturbavit,
1218 969 1282 1020 ut
1306 978 1442 1021 vere
1466 964 1681 1021 diaboli
1706 963 1812 1020 hoc

151 1064 302 1121 Opus
355 1065 514 1120 esse,
546 1052 678 1122 ejus
722 1051 833 1107 hoc
883 1052 1219 1123 artiﬁcium,
1253 1052 1380 1123 ejus
1421 1056 1811 1110 commentum

154 1145 606 1207 agnosceretur.
626 1140 771 1211 (Fol.
786 1138 904 1211 90.)
920 1141 1317 1197 lnflammatur
1332 1140 1608 1212 princeps
1619 1140 1817 1197 adver-

154 1243 259 1284 sus
290 1228 632 1299 optimates,
672 1229 819 1285 ﬁunt
850 1230 1114 1301 discidia,
1149 1230 1486 1287 excitantur
1509 1230 1721 1301 jurgia,
1755 1235 1814 1286 et

155 1331 272 1372 uno
296 1317 588 1373 intestino
614 1316 769 1373 bello
792 1322 912 1375 tota
936 1318 1679 1376 debachaturNormannia.
1699 1321 1814 1374 Hac

156 1409 469 1460 crescente
520 1404 831 1475 discordia,
876 1406 1219 1462 comitatum
1273 1411 1440 1480 pater
1488 1406 1814 1463 Richardus

157 1493 319 1548 adire
354 1492 753 1565 compellitur,
786 1498 845 1550 et
878 1494 1153 1566 adjuncto
1184 1496 1293 1552 sibi
1327 1496 1536 1552 domno
1580 1498 1815 1551 Ermen-

160 1581 309 1638 frido
337 1582 726 1652 Rotomagum
759 1582 1014 1653 advenit,
1046 1586 1104 1639 et
1139 1597 1283 1654 pace
1330 1584 1485 1640 inter
1517 1582 1811 1656 principes

1924 422 2237 489 Gallia-rum
2271 434 2645 492 nobilissima.
2681 435 2763 490 Ex
2794 434 2890 492 illa
2923 436 3197 494 Mathilde
3220 439 3453 507 genitus
3477 445 3566 497 est

1923 519 2206 577 Rodolfus
2239 535 2361 592 rex,
2390 524 2484 593 qui
2522 524 2756 594 praefuit
2780 526 3128 594 Burgundiae
3154 531 3283 597 post
3312 534 3564 598 patrem;

1923 611 1983 664 et
2014 607 2190 681 Gisia,
2218 623 2386 680 quam
2421 612 2721 668 Couradus
2752 612 3073 683 imperator
3104 614 3271 670 duxit
3307 629 3565 685 uxorem,

1924 695 1995 753 de
2042 712 2153 768 qua
2209 700 2408 768 genuit
2458 700 2704 757 tercium
2737 700 3109 768 Heinricum;
3145 704 3314 759 Berta
3370 703 3565 773 etiam,

1925 799 2094 857 quam
2127 790 2352 860 accepit
2387 790 2509 846 Odo
2541 791 2938 863 Carnotensis,
2965 806 3035 848 ex
3059 807 3169 862 qua
3191 793 3393 863 genuit
3419 793 3568 850 hunc

1926 875 2200 933 Odonem.
2220 879 2342 935 Rod
2354 878 2507 935 ulfus
2530 894 2669 937 vero
2687 895 2791 937 rex
2814 882 3037 951 absque
3060 881 3261 938 liberis
3282 882 3568 952 existens,

1927 964 2193 1023 Conrado
2220 968 2562 1041 imperatori
2594 970 2944 1039 Burgundiae
2962 984 3203 1039 regnum
3228 970 3565 1042 dereliquit,

1925 1052 2073 1111 dans
2101 1056 2153 1112 ei
2188 1055 2448 1115 lanceam
2480 1058 2664 1116 sancti
2698 1057 2978 1129 Mauricii,
3002 1059 3156 1129 quod
3183 1063 3310 1116 erat
3342 1059 3571 1130 insigne

1924 1144 2089 1213 regni
2130 1146 2499 1216 Burgundiae.
2537 1148 2615 1203 Eo
2662 1162 2804 1204 vero
2849 1146 3142 1219 defuncto,
3196 1154 3253 1203 et
3307 1147 3570 1205 Conrado

1926 1246 2105 1302 regno
2123 1234 2332 1305 potito,
2352 1235 2497 1301 Odo,
2514 1236 2647 1306 quia
2671 1240 2799 1293 erat
2821 1251 2892 1293 ex
2924 1250 3126 1292 sorore
3148 1235 3398 1306 Rodulﬁ,
3417 1250 3571 1292 sum-

1926 1324 2022 1392 pta
2049 1322 2355 1391 tyrannide
2375 1324 2445 1379 ad
2470 1338 2712 1392 regnum
2735 1324 2890 1396 cepit
2914 1324 3174 1395 aspirare
3198 1345 3217 1381 .·
3239 1328 3295 1380 et
3322 1325 3419 1395 qui
3442 1330 3569 1382 erat

1925 1409 2079 1465 acris
2101 1410 2275 1465 animi
2296 1416 2352 1467 et
2378 1412 2592 1469 ferocis
2610 1412 2845 1483 ingenii,
2866 1413 3271 1483 frequentibus
3294 1413 3572 1485 irruptio-

1926 1499 2102 1555 nibus
2126 1499 2339 1572 irrupit
2376 1500 2519 1557 ﬁnes
2563 1501 2931 1571 Burgundize,
2967 1502 3337 1573 Optinuitque
3368 1502 3573 1561 civita-

1926 1591 2018 1644 tes
2040 1592 2099 1644 et
2123 1587 2366 1645 castella
2393 1603 2575 1660 usque
2598 1590 2668 1646 ad
2690 1591 2891 1646 Jurum
2924 1594 2982 1646 et
3016 1594 3267 1647 montem
3297 1591 3479 1663 Jovis,
3510 1595 3571 1649 et

157 1671 460 1742 restituta,
500 1672 844 1743 praedictum
892 1671 1301 1728 Ermenoldum
1354 1671 1810 1744 alisquantisper
1838 1693 1893 1755 Β
1924 1678 3573 1751 magnusfactusestvehementer.ObseditquoqueVien-

156 1760 468 1830 mitiorem,
498 1760 632 1830 quia
657 1764 792 1817 ante
824 1764 1211 1832 conspectum
1238 1775 1541 1818 servorum
1563 1761 1810 1818 Deicas-

156 1849 399 1905 sabatur
430 1848 619 1906 omnis
650 1848 939 1906 diabolica
974 1849 1214 1920 astutia,
1239 1850 1572 1907 convictum
1602 1855 1662 1906 et
1683 1865 1811 1907 cor-

157 1941 390 2008 reptum
413 1952 615 1993 secum
641 1937 963 1994 Virdunum
990 1937 1255 2008 deduxit,
1274 1937 1611 1995 monasticis
1635 1937 1812 1994 vesti-

160 2024 377 2082 mentis
398 2025 606 2097 induit,
634 2030 693 2082 et
714 2025 1001 2082 hominem
1027 2026 1245 2083 diaboli
1269 2026 1493 2097 laqueis
1515 2026 1811 2082 irretitum

158 2129 286 2185 quae
310 2118 454 2171 sunt
478 2114 760 2172 daemonis
775 2129 1051 2187 spernere
1074 2116 1345 2172 docebat.
1364 2115 1473 2171 Sed
1490 2116 1812 2188 incorpore

158 2203 424 2275 peccatis
445 2203 684 2260 subdito
709 2204 925 2273 refugit
950 2203 1216 2260 habitare
1240 2204 1543 2276 sapientia.
1572 2205 1814 2261 Simula-

159 2292 255 2348 bat
291 2291 396 2347 ille
427 2291 500 2348 ad
530 2297 762 2364 tempus
804 2306 866 2349 se
913 2291 1359 2364 phyIOSOphum,
1392 2298 1457 2350 ut
1501 2294 1812 2350 crederent

158 2395 291 2437 eum
315 2380 418 2452 qui
442 2394 554 2437 non
580 2384 863 2437 noverant
887 2380 1298 2453 theosophum,
1316 2382 1416 2438 sed
1441 2380 1520 2436 nil
1544 2381 1694 2437 ﬁcta)
1717 2396 1814 2453 pa-

157 2470 242 2526 cis
274 2470 530 2526 amicum
552 2470 837 2541 sapientia
865 2470 1045 2526 novit.
1068 2470 1458 2537 Quamobrem
1480 2470 1667 2527 omnis
1686 2470 1813 2540 ejus

156 2559 373 2615 astutia
389 2564 449 2614 et
464 2558 725 2630 nequitia
741 2558 902 2615 brevi
918 2559 1156 2627 cognita
1173 2564 1401 2631 est,nec
1417 2559 1608 2631 potuit
1626 2558 1812 2615 latere

157 2648 311 2703 inter
331 2650 574 2704 sanctos
601 2646 799 2704 feralis
820 2646 918 2703 illa
938 2647 1159 2719 rabies,
1185 2648 1346 2720 pacis
1366 2647 1620 2704 inimica.
1639 2648 1814 2717 Egre-

159 2736 316 2793 ditur
348 2735 621 2793 iuimicus
643 2738 814 2793 homo
838 2738 909 2792 de
932 2736 1064 2792 loco
1095 2751 1208 2792 non
1242 2751 1366 2807 suo,
1394 2736 1546 2793 redit
1581 2734 1652 2791 ad
1687 2750 1808 2806 sua,

161 2826 349 2881 utitur
380 2831 511 2881 arte
543 2824 1054 2896 inpudentissima,
1078 2828 1139 2880 et
1171 2823 1385 2880 iterum
1419 2823 1812 2896 perversitate

163 2912 547 2983 malignitatis
559 2913 689 2984 ejus
700 2911 1098 2984 corrumpitur
1112 2912 1479 2968 Normannia.
1496 2911 1813 2983 Projicitur

1924 1778 2074 1835 nam,
2111 1780 2280 1836 quam
2311 1781 2378 1823 ea
2412 1767 2753 1823 conditione
2778 1766 2834 1821 in
2860 1766 3048 1824 foedus
3075 1768 3321 1838 recepit,
3349 1772 3409 1824 ut
3434 1782 3576 1839 prae-

1923 1853 1998 1923 sti
2008 1858 2133 1910 tuto
2157 1855 2406 1911 termino
2429 1856 2484 1911 in
2505 1855 2706 1912 eadem
2733 1855 2876 1912 urbe
2899 1870 3002 1911 rex
3025 1854 3308 1927 appellari
3327 1861 3385 1912 et
3407 1870 3573 1913 coro-

1922 1941 2047 1998 nari
2081 1942 2406 2000 debuisset.
2434 1945 2584 2001 Infra
2615 1944 2768 2001 hunc
2794 1944 3104 2001 terminum
3134 1943 3567 2016 expeditionem

1923 2031 2101 2088 movit
2127 2033 2182 2088 in
2202 2047 2442 2103 regnum
2467 2033 2877 2103 Lotharingiaa,
2900 2033 3158 2104 [1310.]et
3183 2034 3291 2089 Bar
3313 2038 3571 2089 castrum

1923 2119 2099 2192 cepit,
2134 2120 2507 2191 dimissisque
2540 2120 2616 2176 ibi
2651 2119 2937 2176 militibus
2968 2119 3321 2191 quingentis,
3357 2118 3428 2175 ad
3460 2117 3572 2175 alia

1923 2223 1987 2266 se
2020 2211 2334 2280 convertit,
2370 2211 2504 2282 quia
2534 2209 2694 2267 curis
2722 2210 3059 2279 agitabatur
3088 2209 3428 2266 innumeris.
3466 2210 3574 2267 Re-

1925 2296 2243 2354 bellavcrat
2268 2298 2638 2369 enimjcontra
2654 2297 2988 2354 Heinricum
3004 2298 3358 2354 Francorum
3377 2311 3572 2366 regem

1922 2385 2165 2443 Roberti
2191 2387 2391 2459 ﬁlium,
2413 2392 2473 2443 et
2489 2392 2692 2444 contra
2716 2386 2909 2458 ceptis
2931 2385 3057 2456 ejus
3080 2385 3408 2442 obsistebat
3431 2387 3574 2442 Con-

1926 2474 2105 2532 radus
2137 2476 2477 2547 imperator,
2505 2491 2750 2546 quorum
2784 2474 2857 2532 lis
2889 2488 3093 2544 magna
3120 2474 3249 2530 fuit.
3277 2473 3385 2540 Qui
3411 2472 3571 2529 misit

1924 2564 1996 2620 ad
2020 2564 2466 2636 expugnandum
2493 2563 2655 2621 illum
2680 2562 3027 2620 Gozelonem
3051 2561 3279 2619 ducem.
3304 2563 3423 2618 Hoc
3448 2560 3572 2617 Odo

1924 2663 2245 2720 agnoscens
2263 2649 2460 2721 rediit,
2486 2656 2546 2707 et
2578 2665 2642 2707 se
2671 2650 2741 2706 ad
2777 2649 2989 2707 bellum
3009 2654 3210 2705 contra
3235 2648 3573 2704 Lotharien-

1923 2752 2016 2794 ses
2038 2738 2313 2794 accinxit.
2341 2737 2552 2795 Gozelo
2576 2742 2792 2808 autem,
2811 2736 3128 2794 duxtotius
3143 2736 3344 2809 primae
3365 2736 3570 2808 Retize,

1923 2826 2259 2897 cuminimio
2290 2827 2556 2884 exercitu
2586 2827 2818 2884 irruens
2841 2826 2897 2883 in
2919 2841 3071 2895 eum,
3096 2840 3228 2882 cum
3251 2824 3349 2881 diu
3373 2824 3576 2881 utrim-

1924 2916 2377 2987 quejpugnatum
2402 2915 2627 2986 fuisset,
2652 2914 2979 2971 exercitum
3000 2913 3129 2983 ejus
3153 2912 3209 2967 in
3233 2913 3425 2983 fugam
3446 2926 3577 2968 ver-
3636 2942 3641 2947 -

164 3002 233 3058 de
264 3001 536 3072 latebris,
563 3017 678 3072 quo
703 3016 766 3058 se
798 3000 1099 3058 fortiorem
1122 3004 1181 3056 et
1203 3000 1586 3057 valentiorem
1611 2999 1812 3057 crede-
1842 3045 1891 3110 Ο
1921 3002 2015 3074 tit,
2055 3008 2117 3061 et
2160 3004 2240 3061 ibi
2292 3004 2416 3061 Odo
2465 3005 2590 3076 ipse
2639 3003 3057 3060 miserabiliter
3104 3001 3349 3059 corruit.
3396 3001 3574 3072 Cujus

165 3090 254 3110 ιη
325 3098 367 3110 _.
408 3091 530 3110 _-_:-
568 3089 775 3110 LL-..
1161 3090 1212 3110 ε*
1242 3094 1481 3110 μηιη,
1517 3089 1809 3110 suum---
1926 3091 2408 3110 --μρηιημηψ
2839 3096 3004 3110 μιη
3036 3089 3360 3110 ΝΛΜ)---
3389 3092 3439 3110 -.
3465 3088 3545 3110 τ.-

165 3090 283 3161 bat,
317 3098 376 3147 et
402 3091 535 3161 quia
560 3089 777 3147 diaboli
811 3090 1137 3147 calliditate
1159 3090 1218 3146 in
1240 3094 1487 3146 mortem
1511 3089 1812 3146 ducendus
1842 3088 1891 3110 υ
1920 3104 2137 3163 corpus
2158 3091 2415 3149 lacerum
2447 3090 2805 3149 venerabilis
2838 3096 3007 3162 pater
3036 3089 3362 3146 Richardus
3383 3092 3444 3144 et
3465 3088 3607 3167 Ro-’

162 3184 349 3247 esset,
367 3194 397 3234 a
416 3179 587 3234 beato
609 3177 661 3234 ei
684 3178 812 3235 viro
838 3177 1201 3250 praedicitur,
1218 3192 1323 3234 nec
1340 3178 1661 3234 frustratur
1679 3192 1811 3248 pro-

165 3267 375 3322 m’ssis.
400 3268 717 3337 Postquam
746 3266 899 3322 enim
931 3266 1128 3338 plures
1158 3266 1507 3337 Optimatum
1535 3267 1811 3321 Norman—

162 3354 268 3411 nia:
283 3353 692 3423 conjuratione
715 3353 962 3411 conﬁcta
985 3357 1043 3410 et
1068 3353 1335 3426 imposita
1360 3352 1556 3410 duello
1576 3366 1813 3424 supera-

162 3443 427 3513 vit,quos
440 3442 747 3499 convictos
763 3442 1102 3514 principalis
1116 3442 1402 3501 severitas
1413 3440 1600 3498 oculis
1614 3440 1813 3498 terris-

160 3547 273 3601 que
310 3530 666 3601 privaverat,
695 3546 725 3586 a
750 3530 999 3602 quodam
1024 3530 1339 3587 forestorio
1371 3529 1691 3600 convictus,
1717 3543 1816 3586 su-

161 3622 405 3689 peratus
436 3621 493 3674 et
527 3618 782 3690 occisus,
818 3619 989 3675 ﬁnem
1020 3618 1156 3675 vitae
1186 3618 1323 3676 fecit
1375 3622 1435 3675 et
1483 3617 1807 3674 criminum.

158 3708 288 3772 Quo
321 3706 377 3762 in
412 3708 567 3764 facto
600 3707 815 3765 intueri
859 3706 1005 3763 libet
1053 3707 1417 3765 dulcedinem
1449 3711 1508 3764 et
1541 3707 1812 3778 pieiatem

159 3797 271 3853 viri
300 3795 471 3865 justi,
501 3797 600 3867 qui
624 3797 913 3852 hominem
937 3810 1075 3852 vere
1099 3795 1315 3853 diaboli
1339 3795 1727 3866 ergasterium
1751 3797 1813 3851 ut

152 3886 300 3942 vidit
331 3885 742 3957 praecipitante
771 3884 1006 3941 diabolo
1027 3885 1379 3955 convictum,
1403 3884 1473 3940 ad
1500 3884 1690 3941 sinum
1716 3883 1816 3938 mi-

158 3972 503 4029 sericordiae
527 3974 842 4043 confugere
874 3972 1093 4043 docuit,
1119 3977 1176 4028 et
1202 3973 1415 4029 factum
1449 3970 1817 4041 incorrigibi-

162 4060 297 4130 lem,
322 4077 393 4116 ne
428 4061 655 4118 diutius
684 4066 1058 4132 grassaretur
1090 4060 1144 4115 in
1168 4061 1359 4130 viciis,
1384 4061 1453 4116 ad
1486 4058 1815 4131 exemplum

162 4150 422 4206 omnium
444 4149 808 4221 perditorum
830 4149 1008 4206 citius
1025 4149 1221 4220 perire
1244 4148 1562 4218 nunciavit,
1581 4151 1644 4204 ut
1658 4150 1819 4204 esset

161 4240 213 4295 ei
248 4244 420 4295 tanto
460 4238 646 4295 levior
677 4254 843 4309 poena
876 4241 1007 4309 post
1039 4240 1302 4307 mortem,
1330 4242 1547 4307 quanto
1570 4235 1818 4293 celerior

167 4328 437 4397 peccanti
470 4328 784 4383 accederet
816 4326 1073 4383 vindicta
1107 4340 1210 4397 per
1242 4329 1508 4382 mortem.

235 4415 387 4483 (Fol.
424 4418 540 4487 89.)
564 4420 651 4472 29.
688 4415 1001 4471 Veniamus
1036 4396 1214 4484 igitur
1239 4414 1357 4485 jam
1389 4428 1543 4471 nunc
1571 4412 1643 4469 ad
1674 4410 1820 4471 illud
1847 4396 1904 4460 D
1933 4414 2197 4471 subierat
2227 4427 2427 4469 amore
2459 4411 2675 4483 quietis
2707 4411 2973 4482 internae,
3001 4409 3223 4483 Spiritu
3255 4414 3461 4467 sancto
3493 4423 3583 4467 re-
3666 4444 3679 4457 ς

166 4501 538 4560 lacrimabile
572 4502 785 4559 bellum
819 4502 973 4575 apud
1008 4504 1118 4558 Bar
1165 4506 1426 4559 castrum
1472 4501 1733 4559 habitum
1765 4516 1816 4558 a.

163 4592 276 4648 inc.
310 4593 477 4648 Dom.
515 4596 672 4661 1037,
718 4592 910 4664 [Cum
946 4593 1090 4647 Bon.
1126 4606 1209 4661 ιη,
1243 4591 1320 4663 9.]
1355 4591 1410 4646 in
1462 4605 1574 4663 quo
1606 4590 1820 4647 cecidit

1918 3192 2099 3249 gerus
2130 3178 2611 3237 Cathalaunensis
2631 3178 2941 3251 epiSCOpuS
2971 3193 3000 3234 a
3034 3177 3179 3234 cede
3201 3180 3563 3247 susceptum,

1926 3267 2312 3325 reddiderunt
2344 3268 2534 3338 uxori,
2560 3271 2617 3324 et
2650 3272 2741 3325 est
2772 3266 3041 3340 sepultus
3059 3266 3320 3324 Turonis.
3348 3264 3572 3322 Cecidit

1922 3356 1979 3414 in
2006 3355 2160 3413 bello
2181 3355 2282 3413 illo
2296 3360 2357 3413 et
2369 3357 2661 3413 Manasses
2680 3370 2897 3426 comes,
2913 3358 2972 3411 et
2997 3355 3321 3412 Evervinus
3333 3359 3390 3411 et
3407 3352 3573 3423 Dido,

1923 3450 1981 3503 et
2017 3444 2256 3503 Virduni
2288 3443 2525 3517 sepulti.
2561 3443 2944 3501 Walerannus
2997 3457 3229 3514 quoque
3270 3456 3469 3500 comes
3514 3442 3574 3497 in

1924 3533 2080 3592 bello
2102 3533 2233 3604 ipso
2254 3548 2285 3590 a
2310 3531 2622 3590 Godefrido
2648 3531 2958 3589 Gozelonis
2981 3531 3151 3589 ducis
3172 3530 3290 3587 ﬁlio
3312 3531 3578 3602 graviter

1922 3622 2288 3693 vulneratus,
2323 3636 2454 3678 cum
2480 3621 2598 3693 jam
2632 3620 2913 3678 deficeret
2941 3634 3224 3692 pugnans,
3264 3619 3443 3675 vitam
3477 3635 3579 3692 po-

1925 3711 2117 3782 poscit
2146 3715 2207 3768 et
2240 3711 2519 3780 membra,
2542 3713 2604 3766 ut
2629 3708 2839 3766 liceret
2867 3709 2920 3765 ei
2944 3707 3098 3780 apud
3120 3706 3442 3765 Virdunum
3466 3708 3576 3765 suh

1926 3800 2207 3869 regimine
2238 3800 2424 3872 patris
2466 3798 2741 3857 Richardi
2794 3796 3139 3854 monasticis
3190 3795 3352 3854 indui
3401 3797 3578 3855 vesti-

1926 3887 2156 3957 mentis,
2190 3887 2340 3945 sicut
2369 3889 2487 3943 Deo
2517 3886 2857 3958 devoverat,
2891 3883 3045 3957 quod
3076 3888 3135 3941 et
3167 3883 3448 3957 optinuit.
3505 3885 3575 3942 Et

1926 3974 2080 4032 bello
2109 3980 2340 4046 exacto,
2371 3990 2503 4032 cum
2552 3976 2796 4046 praefato
2840 3977 3010 4046 patre
3054 3972 3251 4045 rediit,
3283 3978 3342 4030 et
3377 3987 3571 4031 mona-

1926 4063 2073 4120 chus
2106 4063 2297 4121 factus
2327 4068 2415 4119 est
2447 4065 2620 4135 (106.)

2000 4149 2123 4221 (fol.
2159 4151 2272 4221 90.)
2306 4150 2645 4207 Omittimus
2679 4149 3039 4206 necationem
3078 4156 3139 4205 et
3191 4147 3577 4219 piscationem

1930 4235 2140 4293 noveni
2168 4234 2382 4307 capitis
2412 4234 2786 4307 parvulorum
2836 4234 2894 4289 in
2941 4233 3183 4304 vivario,
3216 4232 3344 4290 viro
3383 4231 3486 4288 Dei
3519 4232 3575 4289 in

1931 4324 2149 4382 abditis
2174 4328 2232 4382 et
2264 4324 2491 4396 asperis
2517 4323 2675 4394 jugis
2722 4321 3015 4378 Romarici
3055 4323 3272 4379 m‘ontis
3305 4335 3433 4392 quae
3461 4321 3580 4392 jam

1931 4502 2165 4561 velante
2188 4501 2497 4572 signatam,
2515 4516 2585 4557 ne
2612 4504 2814 4557 sancto
2835 4498 3025 4556 ordini
3050 4498 3583 4557 sanctimonialium

1932 4592 2200 4662 injuriam
2232 4590 2445 4648 fecisse
2474 4589 2796 4658 videamur,
2822 4589 3071 4646 maxime
3094 4605 3227 4645 cum
3257 4594 3316 4646 et
3348 4588 3465 4645 illae
3486 4588 3584 4645 ha-

165 4682 288 4737 Odo
321 4680 479 4737 ﬁlius
512 4680 733 4737 Odonis
775 4679 878 4735 ﬁlii
924 4679 1188 4737 Tetbaldi
1222 4679 1619 4749 Carnotensis,
1655 4678 1824 4749 cujus
1933 4680 2219 4737 bitatione
2250 4680 2454 4737 vicina}
2485 4680 2622 4748 sint,
2649 4684 2709 4735 et
2732 4684 2895 4735 tanta
2923 4679 3085 4736 urbis
3113 4678 3446 4735 Virdunicae
3472 4677 3583 4733 fre-

164 4784 486 4839 cognomen
520 4768 626 4824 fuit
662 4768 945 4840 Tricator,
999 4769 1099 4840 qui
1148 4767 1498 4824 Willclmum
1546 4769 1824 4823 Norman-

170 4874 303 4914 num
344 4857 608 4915 Bellonis
659 4857 841 4914 ﬁlium
871 4856 1007 4914 dolo
1039 4857 1355 4926 interfecit,
1388 4857 1483 4927 qui
1517 4871 1589 4911 ex
1619 4871 1822 4911 sorore

169 4948 464 5003 lierihcrti
487 4949 803 5003 Trecorum
833 4947 1065 5003 comitis
1083 4945 1823 5016 genuitOdonem,utdixi-

168 5052 315 5105 mus,
351 5040 578 5106 patrem
612 5035 788 5104 hujus
821 5034 1055 5092 Odonis.
1083 5036 1149 5090 Et
1177 5038 1238 5090 ut
1265 5030 1496 5107 plenius
1518 5033 1819 5090 illucescat

170 5126 249 5179 rei
275 5124 520 5191 veritas,
539 5122 806 5178 dicamus
830 5136 958 5193 quae
985 5122 1161 5178 fuerit
1183 5136 1357 5178 causa
1384 5122 1528 5177 tanti
1555 5121 1823 5177 certami-

171 5213 275 5267 nis.
318 5211 622 5267 Couradus
656 5210 1006 5279 Burgundiae
1040 5224 1142 5266 rex
1184 5209 1410 5281 accepit
1445 5223 1680 5265 uxorem
1712 5209 1823 5264 Ma-

173 5298 439 5369 thiidem,
456 5311 720 5354 sororem
735 5296 1258 5378 Lothariijunioris
1273 5296 1431 5368 regis
1445 5298 1817 5365 Francorum,

1933 4769 2170 4840 quentia
2203 4768 2543 4826 miraculum
2574 4769 2684 4825 hoc
2717 4768 3078 4826 celebratum
3112 4770 3210 4839 sit,
3238 4773 3301 4826 ut
3337 4767 3434 4839 qui
3468 4781 3582 4822 non

1934 4856 2077 4912 vidit
2108 4857 2254 4912 fama
2288 4858 2583 4913 referente
2617 4856 2910 4927 didicerit,
2960 4855 3098 4914 licet
3134 4855 3221 4914 vir
3253 4854 3582 4928 prophetici

1933 4943 2180 5015 spiritus
2213 4943 2268 4999 id
2301 4943 2646 5000 omnimodis
2680 4948 2923 5016 propter
2944 4941 3585 5016 improperiumimpio—

1936 5047 2059 5088 rum
2086 5030 2355 5089 caelatum
2388 5046 2523 5088 esse
2571 5032 2844 5088 voluerit.
2885 5033 3012 5089 Haec
3062 5035 3155 5089 est
3200 5031 3354 5088 enim
3401 5044 3583 5090 causa

1935 5135 2062 5189 quae
2094 5135 2223 5176 eum
2259 5121 2330 5174 ab
2362 5119 2459 5175 illa
2495 5134 2598 5175 sua
2629 5119 2825 5190 quiete
2858 5118 3085 5189 praefati
3109 5119 3322 5176 montis
3346 5120 3583 5176 interim

1934 5208 2223 5279 deposuit.
2260 5207 2421 5265 Unde
2452 5212 2511 5264 et
2543 5208 2916 5279 correptione
2948 5221 3054 5278 pro
3086 5212 3348 5282 tempore
3369 5214 3428 5265 et
3453 5207 3583 5264 loco

1933 5295 2088 5366 data,
2118 5295 2216 5353 illo
2235 5309 2295 5353 se
2321 5294 2545 5366 retulit,
2569 5299 2634 5352 ut
2658 5292 2846 5367 palam
2879 5293 3128 5354 daretur
3148 5294 3421 5369 intelligi,
3439 5295 3582 5354 invi-

1748 5408 1993 5489 .NO'I‘E.

241 5500 393 5573 (106)
428 5497 560 5556 Vita
591 5494 875 5557 Richardi
904 5495 974 5555 ll.
