3950 6048
361 212 479 285 259
550 170 559 177 “

1292 204 1665 273 HUGONIS
1705 198 2063 268 ABBATIS
2105 196 2785 269 FLAVINIACENSIS

3642 210 3768 272 260

352 362 484 411 tum
504 366 635 409 eum
657 355 716 409 et
740 346 906 421 quasi
928 353 1198 405 coactum
1221 345 1292 402 ad
1311 345 1512 401 horam
1537 342 1834 399 relaxasse
1852 339 2005 409 rigo-
2032 345 2089 406 Α
2112 348 2321 407 rorem,
2359 336 2413 393 in
2446 339 2878 399 matrimonium
2928 339 3175 412 accepit.
3210 339 3314 396 Hic
3361 338 3539 397 etiam
3588 347 3764 399 tanto

372 456 492 497 rem
525 440 815 513 propositi
848 439 957 494 sui.
994 437 1141 493 Illud
1174 440 1301 491 erat
1336 436 1393 489 in
1422 434 1549 488 viro
1582 432 1679 487 Dei
1714 428 2001 498 mirabile,

374 532 528 603 quod
561 531 772 586 absens
800 542 1046 599 corpore
1080 525 1234 582 istud
1269 523 1591 593 agnoverit,
1619 520 1807 575 locum
1830 518 2005 573 etiam

370 626 429 676 et
462 633 787 688 numerum,
812 622 868 673 et
897 616 1047 686 quod
1071 620 1241 669 terno
1274 617 1465 668 tractu
1497 612 1568 666 ab
1603 609 1731 664 imis
1755 606 2007 677 gurgitis

367 707 693 778 gurgustiis
728 705 822 761 illa
854 705 1199 773 naufragosa
1233 702 1404 757 turba
1426 702 1753 755 erueretur.

443 796 739 853 Habitavit
762 798 952 850 autem
978 792 1248 863 primitus
1269 790 1323 844 in
1349 790 1473 844 loco
1497 788 1751 857 quinque
1776 783 2009 839 milibus

366 901 397 943 a
428 885 718 941 Romarici
744 887 935 938 monte
958 884 1203 949 semoto,
1231 878 1327 948 qui
1360 879 1866 947 nuncupatur.....,
1893 885 2007 927 uno

370 978 594 1031 tantum
629 971 840 1029 comite
870 972 1201 1037 contentus,
1222 970 1315 1023 cui
1341 971 1529 1021 tamen
1561 976 1729 1019 versa
1762 960 1886 1016 vice
1909 959 2009 1014 do-

365 1062 556 1118 minus
585 1075 714 1117 cum
737 1058 979 1113 Martino
1001 1056 1313 1113 serviebat.
1340 1054 1445 1110 Ubi
1470 1057 1684 1123 quanta
1710 1065 1773 1106 se
1804 1064 2009 1118 corpo-

367 1151 449 1207 ris
463 1148 856 1205 maceratione
871 1146 1229 1214 attriverit,q
1241 1159 1347 1200 uan
1359 1148 1411 1197 ta
1430 1142 1639 1197 mentis
1650 1138 2007 1196 contritione

366 1240 611 1295 animam
649 1237 1017 1304 relevaverit,
1053 1234 1216 1289 solus
1249 1234 1608 1288 internorum
1656 1228 1878 1283 arbiter
1910 1241 2007 1281 no-

365 1328 469 1397 vit,
503 1327 635 1398 quia
668 1332 729 1381 et
760 1325 859 1380 ille
890 1326 973 1380 sic
1005 1338 1154 1393 opus
1185 1322 1446 1377 dexterae
1480 1319 1725 1390 peregit,
1756 1322 1817 1371 ut
1849 1316 2008 1385 igno-

365 1422 524 1472 raret
545 1416 809 1482 sinistra,
837 1413 1082 1469 maxime
1104 1425 1234 1467 cum
1256 1409 1566 1465 incolatum
1591 1422 1754 1463 suum
1779 1405 2009 1478 prolon-

366 1506 491 1576 gari
520 1504 736 1560 cotidie
768 1502 1033 1570 deﬁeret,
1061 1500 1156 1570 qui
1182 1499 1414 1554 volebat
1449 1514 1478 1553 a
1510 1496 1814 1553 consortio
1847 1494 2008 1550 habi-

276 1620 283 1625 ν
367 1596 615 1652 tantium
640 1594 825 1650 Cedar
849 1592 1162 1647 tenebroso
1186 1589 1403 1645 divelli.
1420 1591 1559 1644 Post
1582 1587 1688 1643 hec
1702 1587 1773 1642 ad
1790 1585 2001 1654 locum,

369 1686 468 1755 qui
500 1683 881 1739 Rombéchns.
908 1682 1055 1773 (107)
1081 1676 1751 1773 dicitur,-secedcn.s,ibi
1784 1675 2006 1773 habita-
2031 1712 2087 1773 B

369 1772 563 1829 culum
585 1771 696 1827 sibi
720 1768 995 1825 instituit.
1016 1769 1227 1823 Etcum
1253 1767 1331 1822 ibi
1353 1766 1528 1821 vellet
1553 1765 1776 1820 diutius
1797 1762 2000 1830 latere,

369 1876 482 1918 non
514 1860 723 1932 potuit.
757 1860 1049 1928 Ceperunt
1077 1862 1136 1911 et
1163 1855 1264 1911 illo
1297 1856 1611 1923 confluere,
1640 1852 1770 1923 quis
1797 1850 2003 1906 similis

370 1948 692 2005 inoleverat
719 1947 895 2003 ardor
920 1945 1052 2002 vitae
1077 1944 1499 2000 anachoretica;
1523 1946 1582 1997 et
1604 1942 1731 2011 ejus
1755 1955 1814 1997 se
1837 1939 2007 1995 disci-

368 2037 571 2111 pulatu
604 2037 972 2101 contradere;
999 2035 1211 2105 quibus
1241 2039 1299 2089 et
1333 2034 1458 2105 ipse
1490 2045 1747 2088 normam
1776 2028 2005 2085 vivendi

370 2126 630 2184 instituit
659 2124 975 2182 secundum
1010 2136 1225 2179 morem
1252 2136 1281 2177 a
1302 2121 1522 2177 sanctis
1550 2120 1823 2175 Patribus
1847 2117 2007 2172 insti-

374 2221 581 2272 tutum.
619 2217 874 2285 Cumque
899 2214 1017 2283 jam
1050 2211 1503 2283 quinquennium
1534 2209 1819 2265 dedicatae
1852 2206 2008 2278 peni-

370 2305 571 2361 tentiae
604 2303 967 2375 impleretur,
991 2301 1224 2356 devotio
1248 2300 1433 2355 sancti
1467 2297 1739 2354 desiderii
1774 2310 1884 2351 non
1910 2294 2010 2349 mi-

372 2393 683 2461 nuebatur,
719 2390 856 2460 quin
889 2390 943 2443 in
975 2389 1101 2444 dies
1132 2387 1495 2459 propensiori
1531 2386 1727 2442 studio
1760 2385 2009 2454 augeba-

371 2485 487 2550 tur,
510 2480 643 2551 quia
668 2480 724 2534 in
745 2479 868 2550 ipsa
888 2492 989 2534 sua
1011 2476 1435 2533 exercitatione
1458 2473 1883 2541 delectabatur,
1910 2471 2008 2543 qui

371 2568 762 2625 delectatione
777 2569 1149 2638 pascebatur.
1162 2565 1542 2622 lnclinaverat
1559 2564 1708 2620 enim
1721 2562 2006 2619 cervicem

370 2658 543 2713 animi
580 2658 634 2712 in
670 2656 997 2713 testimonia
1030 2654 1272 2723 Domini,
1308 2655 1543 2709 incessu
1584 2652 1844 2721 humilia,
1880 2666 2009 2707 suc-

367 2758 539 2800 cessu
570 2742 822 2811 excelsa,
858 2756 1135 2813 processu
1168 2740 1513 2808 clarissima,
1548 2744 1603 2794 et
1648 2737 1781 2807 quia
1814 2751 2007 2791 veram

371 2832 793 2904 philosophiam
827 2829 1289 2901 amplexabatur,
1320 2829 1688 2884 excitabatur
1732 2825 2013 2881 accende-

373 2921 566 2990 batur,
601 2924 657 2976 et
694 2918 956 2988 ardebat,
990 2918 1253 2990 ignitum
1297 2917 1448 2972 enim
1498 2917 1801 2987 eloquium
1844 2916 2012 2971 tuum

368 3010 754 3079 vehementer,
786 3010 1052 3079 Domine,
1087 3008 1147 3064 et
1168 3022 1375 3065 servus
1404 3008 1539 3064 tuus
1589 3005 1811 3063 dilexit
1851 3003 2015 3061 illud

2117 440 2315 481 amore
2344 429 2736 485 venerabilem
2768 430 2939 497 hunc,
2964 430 3036 485 de
3070 445 3185 500 quo
3213 444 3405 486 sermo
3426 431 3645 501 agitur,
3666 445 3768 487 co-

2118 511 2249 583 luit,
2282 521 2347 570 ut
2379 514 2507 584 ejus
2537 517 2798 572 consiliis
2832 518 2887 572 in
2945 516 3042 572 illa
3100 521 3449 588 tempestate
3500 517 3765 589 palatina

2118 601 2461 671 diSponeret
2493 606 2904 675 moderamina,
2939 608 2998 660 et
3046 620 3390 676 quamquam
3423 620 3561 676 egre
3593 606 3667 663 ad
3698 623 3766 665 se

2118 689 2371 746 accitum
2406 693 2711 761 omnigena
2741 694 3051 749 honoraret
3076 693 3405 750 dulcedinis
3425 699 3483 749 et
3507 695 3767 751 devotiO'

2118 778 2209 834 nis
2225 779 2527 851 instantia,
2544 783 2688 838 adeo
2704 787 2767 838 ut
2780 782 3100 839 aacclesiam
3118 783 3603 852 Rotomagensem
3625 798 3763 840 cum

2121 868 2367 937 praesule
2391 871 2548 926 sedis
2572 871 2759 943 ipsius
2777 876 2835 926 et
2859 871 3039 942 clero,
3056 872 3183 942 ejus
3194 871 3474 942 gauderet
3493 872 3764 928 decorari

2118 956 2405 1028 doctrina,
2431 965 2492 1015 ut
2519 975 2589 1015 ex
2620 960 2934 1017 multarum
2966 961 3227 1017 faciebus
3257 976 3449 1017 rerum
3482 976 3638 1018 nunc
3669 976 3767 1017 us-

2118 1060 2230 1115 que
2259 1047 2446 1103 conici
2479 1053 2699 1119 potest,
2734 1050 2908 1106 etiam
2939 1064 2969 1106 a
3011 1049 3163 1105 libro
3210 1049 3502 1106 communi
3553 1064 3765 1107 secun-

2118 1133 2251 1189 dum
2282 1137 2488 1192 modos
2522 1137 2952 1195 institutionem
2990 1138 3117 1208 ejus
3167 1138 3438 1194 ordinato
3488 1143 3619 1210 post
3654 1153 3767 1194 ma-

2111 1222 2209 1292 jus
2241 1223 2425 1279 altare
2458 1231 2664 1281 catena
2697 1227 2926 1282 ﬁrmato
2954 1225 3041 1281 ω.

2189 1312 2309 1381 (fol.
2326 1312 2435 1382 91’)
2460 1315 2808 1371 Rambertus
2830 1315 3214 1372 Virdunensis
3232 1314 3539 1386 episcopus
3562 1314 3769 1370 Hiero-

2118 1399 2394 1471 solymam
2428 1403 2645 1459 vadens
2675 1403 2810 1459 villa
2845 1403 3182 1473 Bellagrada
3206 1404 3354 1459 obiit
3377 1419 3428 1459 a.
3453 1405 3612 1459 Dom.
3642 1404 3760 1459 inc.

2118 1480 2275 1559 1038,
2310 1490 2405 1560 (θ.
2454 1492 2613 1547 Vird.
2656 1496 2740 1561 10)
2773 1492 3155 1562 pontificatus
3185 1493 3272 1548 sui
3306 1507 3356 1548 a.
3394 1493 3481 1561 14,
3511 1494 3571 1546 et
3602 1495 3769 1561 post-

2118 1579 2352 1634 modum
2384 1583 2647 1651 tempore
2679 1580 2951 1637 Richardi
2975 1581 3338 1639 successoris
3357 1581 3447 1637 sui
3471 1595 3501 1637 a
3524 1579 3769 1637 clericis

2117 1667 2370 1723 Bernero
2402 1673 2459 1723 et
2495 1669 2756 1724 Bernado
2790 1668 3031 1741 relatus,
3063 1669 3306 1725 Virduni
3348 1672 3441 1725 est
3489 1667 3769 1740 sepultus

2118 1758 2175 1811 in
2209 1758 2582 1813 monasterio.
2621 1760 2738 1813 lIoc
2769 1757 2838 1791 ’1‘
2866 1759 3041 1814 etiam
3090 1774 3240 1814 anno
3287 1758 3433 1814 obiit
3466 1759 3769 1815 Amadeus

2115 1846 2296 1901 abbas
2326 1846 2777 1903 Flaviniacensis
2808 1852 2877 1903 14
2905 1847 3194 1903 Kalendas
3233 1846 3468 1918 Aprilis.

2190 1935 2353 2007 [Βου.
2395 1938 2564 1992 GLAB.
2600 1952 2673 2005 IV,
2706 1937 2783 2008 9.]
2818 1938 2981 1993 Auno
3012 1937 3085 1992 ab
3127 1938 3238 1993 inc.
3273 1938 3434 1992 Dom.
3474 1939 3631 2006 1039,
3666 1935 3767 1991 die

2118 2023 2501 2080 Kalendarum
2533 2025 2691 2095 Julii,
2721 2029 2753 2079 6
2785 2025 2948 2097 feria,
2983 2024 3117 2081 luna
3166 2029 3254 2095 28,
3289 2024 3439 2081 facta
3483 2029 3576 2081 est
3608 2024 3768 2095 ecly-

2117 2113 2239 2183 psis
2269 2112 2432 2169 solis.
2466 2113 2557 2169 Sol
2592 2114 2745 2169 enim
2778 2114 2968 2170 factus
2996 2119 3088 2170 est
3121 2113 3401 2185 saphirini
3431 2112 3677 2183 coloris,
3703 2121 3766 2169 ct

2117 2203 2315 2257 eadem
2348 2203 2442 2258 die
2474 2202 2651 2258 natali
2683 2204 3079 2274 apostolorum
3112 2204 3344 2275 quidam
3368 2203 3767 2259 Romanorum

2119 2289 2174 2344 in
2195 2291 2548 2347 Clementem
2572 2306 2779 2364 papam
2804 2293 3175 2363 insurgentes
3189 2297 3250 2348 et
3268 2291 3606 2347 interimere
3626 2306 3767 2348 eum

2117 2380 2403 2449 volentes,
2426 2397 2554 2437 eum
2584 2398 2697 2438 non
2731 2384 3084 2454 potuissent,
3128 2399 3158 2439 a
3187 2383 3327 2439 sede
3358 2397 3489 2439 eum
3522 2382 3770 2453 depule-

2120 2475 2273 2526 runt.
2292 2471 2401 2525 Sed
2422 2472 2721 2527 Conradus
2737 2472 3053 2543 imperator
3068 2472 3205 2529 illuc
3228 2471 3483 2535 veniens,
3504 2472 3767 2543 propriae

2118 2576 2249 2616 eum
2281 2561 2405 2617 sedi
2440 2561 2722 2629 restituit,
2748 2566 2804 2616 et
2833 2562 3039 2617 eodem
3071 2576 3223 2617 anno
3255 2560 3409 2631 apud
3446 2560 3761 2616 Saxoniam

2118 2650 2284 2720 obiit,
2300 2656 2355 2704 et
2373 2650 2588 2706 tertius
2606 2649 2906 2706 lleinricus
2918 2650 3227 2706 successit.
3248 2650 3511 2705 Clemens
3523 2663 3765 2721 quoque

2121 2755 2188 2811 pa
2195 2740 2484 2811 pa,primo
2502 2738 3509 2811 Bavebergensisepiscopus,dictus
3523 2738 3769 2795 Suiche—

2120 2828 2480 2897 rus,obiit,et
2497 2829 2789 2885 Robertus
2803 2830 3154 2884 Francorum
3172 2827 3608 2884 rex.Heinricus
3621 2841 3769 2883 vero

2122 2923 2257 2988 post
2271 2922 2517 2971 mortem
2533 2917 3045 2988 Ramberti,primo
3060 2918 3222 2986 regni
3239 2917 3326 2973 sui
3343 2916 3649 2986 anu0,viro
3662 2917 3771 2972 Dei

2122 3006 2409 3062 Richardo
2440 3005 2798 3077 episcopium
2824 3006 3187 3062 Virdunense
3210 3007 3521 3074 concessit,
3544 3006 3653 3063 sed
3677 3006 3774 3061 vir

376 3097 565 3163 (Psal.
602 3072 796 3168 cxvul,
825 3102 970 3179 1:10.)
1000 3072 1408 3152 Revocabatur
1427 3098 1498 3152 ab
1520 3095 1799 3167 episeopo
1821 3098 1878 3148 et
1906 3093 2014 3147 fra-
2042 3072 2092 3135 Ο
2123 3072 2609 3151 mitissimus-hoc
2644 3072 2855 3165 renuit,
2891 3102 2951 3151 et
2983 3096 3331 3153 Richardum
3384 3072 3551 3152 suum
3582 3096 3639 3150 in
3673 3095 3780 3150 ba-
3875 3121 3887 3132 ο

372 3188 564 3244 tribus
596 3187 723 3257 ejus
757 3187 1079 3242 absentiam
1121 3200 1259 3254 egre
1313 3185 1656 3253 ferentibus,
1692 3189 1750 3239 et
1784 3182 1926 3239 illud
1957 3182 2011 3237 ei

374 3277 676 3347 sepissime
700 3276 1141 3330 intendebatur:
1161 3275 1487 3343 Revertere,
1501 3275 1797 3331 revertere
1812 3278 2015 3332 Suna—

371 3366 561 3433 mitis,
575 3364 884 3431 revertere,
900 3362 1637 3430 rerertere,utintueamur
1652 3363 1705 3418 te
1721 3364 1919 3427 (Cant.
1937 3379 2009 3434 iv,

374 3459 487 3520 42).
523 3452 633 3507 Sed
676 3453 748 3508 ab
788 3466 857 3506 eo
896 3451 1113 3519 verbis,
1147 3450 1385 3519 litteris,
1422 3456 1556 3506 actu
1607 3466 1835 3521 quoque
1886 3453 2014 3523 ipso

376 3540 604 3597 reditus
625 3540 1025 3608 denegabatur
1040 3537 1128 3593 ³⁸³.
1146 3539 1269 3594 Vidi
1289 3540 1413 3610 ipse
1427 3539 1703 3609 quasdam
1728 3540 2014 3610 epistolas

375 3629 431 3683 in
462 3628 707 3684 invicem
738 3628 964 3696 missas,
989 3632 1046 3682 et
1078 3626 1189 3695 legi
1227 3628 1536 3698 puerulus;
1559 3628 1614 3683 in
1649 3629 1858 3698 quibus
1879 3645 2014 3685 con-

375 3717 650 3774 stantiam
681 3717 807 3787 ejus
836 3717 888 3770 in
922 3716 1241 3787 reSponsis,
1268 3732 1397 3772 cum
1428 3719 1479 3772 ei
1511 3720 1752 3773 verbum
1778 3733 2015 3789 I'eSpOll-

378 3807 559 3864 sionis
590 3812 1007 3879 opponeretur,
1045 3812 1105 3863 ut
1155 3807 1427 3876 diximus,
1465 3807 1542 3862 ita
1588 3808 1641 3863 in
1689 3809 1798 3863 line
1846 3810 2015 3866 unius

375 3896 641 3968 epistola:
672 3897 916 3951 fratrum
949 3896 1233 3967 repressit
1267 3896 1513 3952 intentio
1547 3915 1558 3949 :
1590 3898 1685 3965 Si,
1722 3897 2008 3969 inquiunt,

374 3984 546 4041 verbo
575 3984 772 4042 verbis
801 3984 1039 4040 obviare
1074 3986 1354 4055 volueris,
1386 3999 1502 4041 non
1532 3985 1811 4057 deficient
1833 3986 2014 4043 verba

362 4088 481 4147 pro
509 4073 681 4131 verbo
715 4072 1142 4131 laborantibus.

448 4162 571 4232 (fol,
609 4162 737 4234 90’.)
771 4166 855 4218 30.
890 4165 1051 4219 Anno
1084 4163 1154 4218 ab
1188 4163 1297 4219 inc.
1337 4165 1493 4219 Dom.
1538 4168 1673 4219 1035
1720 4164 2012 4222 Robertus

374 4266 569 4309 comes
600 4253 1061 4308 Normannorum
1091 4252 1531 4308 Jherosolimam
1571 4252 1695 4324 ivit,
1731 4253 2013 4310 infinitam

376 4340 680 4411 pecuniam
710 4355 908 4396 secum
943 4342 1157 4410 ferens,
1193 4356 1361 4410 quam
1395 4342 1627 4397 omnino
1655 4343 2014 4413 pauperibus

2123 3184 2358 3241 tismate
2393 3184 2630 3239 filiolum
2666 3183 2925 3240 llildradi
2958 3185 3191 3241 comitis
3215 3185 3395 3241 filium
3418 3185 3779 3241 intronizari

2126 3273 2279 3328 fecit.
2320 3273 2510 3343 [Cum
2548 3275 2688 3328 Ron.
2726 3289 2777 3342 ν,
2810 3273 2884 3344 3.]
2919 3275 2997 3329 Eo
3033 3274 3088 3328 in
3133 3278 3422 3345 tempore,
3458 3274 3512 3328 in
3569 3288 3780 3330 mense

2123 3362 2470 3417 Novembrio
2505 3361 2636 3418 luna
2665 3366 2733 3418 '28
2768 3362 2916 3417 facta
2946 3368 3035 3417 est
3066 3362 3317 3434 eclypsis
3350 3362 3512 3426 solis.
3548 3367 3606 3417 et
3641 3362 3776 3419 visa

2122 3457 2213 3506 est
2245 3450 2412 3507 stella
2448 3466 2575 3521 quae
2608 3451 2833 3507 Lucifer
2882 3452 3122 3520 dicitur,
3154 3466 3398 3523 vespere
3444 3466 3679 3508 sursum
3708 3456 3774 3507 et

2122 3540 2392 3596 deorsum
2439 3540 2669 3609 agitari,
2723 3541 2888 3611 qnasi
2956 3540 3360 3597 comminando
3412 3541 3767 3611 terrigenas.

2123 3628 2198 3697 (ν,
2233 3632 2310 3700 5.)
2344 3630 2497 3684 Tunc
2528 3629 2702 3684 etiam
2738 3628 2792 3683 in
2836 3630 3090 3685 Romana
3141 3629 3281 3686 sede
3331 3629 3563 3700 quidam
3617 3641 3773 3700 puer

2120 3734 2400 3774 annorum
2436 3723 2501 3773 12
2531 3723 2794 3774 statutus
2826 3724 2954 3775 erat
2986 3719 3344 3789 Symoniace,
3380 3718 3549 3788 cujus
3576 3718 3773 3789 turpi-

2121 3808 2264 3863 tudo
2295 3808 2758 3863 conversationis
2790 3812 2847 3862 et
2879 3808 3014 3864 vitae
3048 3809 3273 3864 horrori
3297 3812 3387 3864 est
3415 3809 3655 3866 referre.
3682 3811 3767 3880 (ν,

2122 3898 2198 3965 4.)
2224 3896 2354 3952 Fuit
2373 3910 2604 3965 quoque
2624 3895 2678 3949 in
2704 3894 2819 3951 illis
2842 3895 3049 3953 diebus
3071 3898 3466 3968 suprataxatis
3483 3898 3641 3957 circa
3666 3915 3773 3957 an-

2123 3999 2256 4039 num
2288 3982 2655 4039 millesimum
2688 3983 2997 4040 Dominicae
3032 3984 3448 4041 incarnationis
3469 3986 3771 4046 dissensio

2126 4072 2368 4128 maxima
2402 4077 2531 4143 post
2567 4076 2813 4128 mortem
2857 4072 3173 4128 Burchardi
3224 4073 3625 4145 Lugdunensis
3675 4091 3774 4134 ar-

2124 4161 2503 4232 chiepiscopi,
2528 4161 2623 4231 qui
2655 4162 2762 4217 hoc
2794 4161 2980 4217 solum
3016 4162 3154 4218 fecit
3180 4162 3378 4219 nobile
3411 4164 3564 4235 quod
3590 4167 3775 4237 periit

2125 4266 2231 4323 pro
2270 4251 2611 4320 episcopatu
2661 4251 2806 4322 ipso,
2844 4266 3012 4321 quem
3046 4251 3213 4308 multi
3247 4256 3499 4324 superbe
3530 4261 3777 4326 appete-

2128 4342 2284 4397 bant.
2307 4341 2374 4393 Et
2401 4340 2623 4409 primus
2646 4339 2898 4396 omnium
2933 4340 3196 4411 praedicti
3232 4341 3546 4398 Burchardi
3579 4357 3774 4415 nepos

375 4428 631 4499 partitus
674 4433 785 4497 est,
808 4433 864 4483 et
899 4429 953 4483 in
975 4429 1271 4485 redeundo
1294 4430 1443 4499 apud
1468 4430 1695 4486 Nieeam
1720 4430 1883 4485 obiit.
1912 4432 2013 4488 Cui
2043 4428 2098 4489 D
2128 4428 2500 4486 Burchardus
2535 4430 2908 4495 Augustanus
2938 4431 3272 4501 episcopus,
3301 4430 3504 4487 relicta
3528 4440 3773 4502 propria

375 4516 663 4572 successit
697 4516 1022 4573 Willelmus
1053 4518 1107 4572 in
1159 4523 1332 4573 :etate
1381 4519 1606 4590 puerili.
1644 4520 1834 4590 [61.53.
1867 4521 2008 4577 Ron.

378 4619 453 4676 1v,
489 4604 566 4676 6.]
600 4607 681 4661 Eo
714 4621 862 4661 anno
898 4608 1188 4663 Iohannes
1238 4622 1383 4679 papa
1435 4609 1602 4679 obiit,
1636 4614 1695 4665 et
1727 4611 2012 4666 successit

374 4692 746 4764 Benedictus,
778 4694 1075 4751 Benedicti
1107 4700 1164 4751 et
1194 4698 1431 4753 Joannis
1460 4712 1655 4768 nepos.
1690 4697 2015 4754 Willelmus

374 4783 579 4841 fraude
609 4798 847 4841 suorum
884 4785 1224 4841 Normannia
1262 4786 1479 4857 pulsus,
1514 4787 1832 4843 Robertum
1866 4788 2014 4859 (108)

374 4871 725 4928 Francorum
758 4872 1040 4943 expetivit
1071 4888 1287 4943 regem,
1314 4875 1407 4944 qui
1446 4874 1599 4930 bello
1630 4880 1690 4930 et
1722 4889 1892 4930 manu
1920 4889 2018 4931 va-

373 4957 493 5014 lida
527 4975 899 5031 congressus,
926 4962 1100 5019 victis
1122 4968 1178 5018 et
1213 4964 1529 5034 prostratis
1550 4967 1914 5035 Normannis,
1945 4968 2016 5024 de

378 5048 1003 5120 traditoribusjudicio
1029 5052 1165 5108 dato
1186 5053 1525 5109 comitatum
1550 5054 1599 5110 ei
1618 5056 1895 5113 restituit.
1916 5056 2014 5129 (Iv,

378 5137 456 5209 8.)
488 5135 593 5202 Qui
631 5142 833 5211 postea
868 5141 1221 5210 Mathildem,
1247 5141 1903 5217 Balduini_Flandrensis
1927 5163 2019 5204 so-

2129 4517 2284 4587 sede,
2303 4515 2630 4588 procaciter
2654 4517 3093 4586 Lugdunensem
3116 4519 3387 4589 arripuit,
3403 4524 3464 4575 et
3478 4519 3778 4591 postmul-

2127 4611 2218 4662 tas
2252 4610 2621 4677 perpetratas
2652 4607 2944 4677 nequitias
2976 4613 3184 4678 captus
3212 4623 3242 4663 a
3273 4608 3561 4665 militibus
3589 4608 3775 4681 impe-

2127 4701 2255 4751 rato
2266 4696 2359 4765 ris,
2380 4700 2665 4766 perpetuo
2685 4701 2776 4752 est
2792 4697 3254 4767 condempnatus
3265 4697 3462 4754 exilio.
3481 4699 3615 4754 Post
3632 4711 3772 4756 eum

2128 4784 2407 4841 Geialdus
2436 4800 2631 4841 comes
2663 4784 2841 4842 illium
2874 4801 3040 4842 suum
3074 4786 3379 4859 puerulum
3422 4792 3775 4857 arroganter

2128 4875 2205 4931 ibi
2239 4874 2360 4931 sola
2397 4876 2851 4947 praesumptione
2883 4880 3125 4933 auctore
3151 4877 3480 4948 constituit,
3501 4881 3560 4933 et
3592 4876 3688 4933 hic
3710 4876 3775 4934 in

2128 4966 2319 5035 fugam
2350 4978 2554 5023 versus
2587 4963 2822 5020 delituit
2853 4965 2957 5036 (Ill,
2993 4966 3072 5037 9.)
3104 4967 3362 5035 Regebat
3396 4980 3465 5022 eo
3501 4970 3778 5038 tempore

2129 5069 2370 5124 regnum
2424 5055 2773 5110 Francorum
2826 5054 3150 5125 Heinricus,
3194 5054 3435 5111 Roberti
3496 5054 3650 5125 regis
3698 5068 3782 5112 ex

2129 5143 2471 5201 Constantia
2504 5142 2680 5201 filius.
2716 5144 2854 5200 Nam
2897 5145 3079 5216 Hugo,
3111 5142 3209 5216 qui
3255 5143 3443 5202 adhuc
3493 5143 3780 5203 decennis

1728 5248 1964 5306 VARle
2006 5247 2405 5311 LECTIONES.

448 5318 518 5353 ²¹³
547 5319 949 5394 denegabatur
978 5339 1025 5384 θ.
1056 5326 1125 5361 ἰι
1151 5330 1348 5403 major
1363 5333 1614 5405 pagina
1642 5332 1748 5407 90’,
1767 5350 1923 5409 pars
1952 5340 2013 5397 et
2044 5342 2170 5401 tota
2200 5345 2261 5398 91
2297 5336 2494 5397 vacat.
2528 5333 2598 5368 ²¹⁵
2630 5331 2847 5393 addita
2863 5332 3023 5407 post.

1967 5437 2190 5498 NOTAE.

452 5507 601 5583 (107)
625 5507 923 5570 Bumbech
950 5520 1192 5577 auctore
1221 5518 1368 5579 Vitae
1395 5520 1669 5583 Richardi
1697 5537 1825 5598 cap.
1860 5528 1945 5584 14.

2204 5527 2355 5600 (108)
2385 5524 2692 5586 Heinricus
2719 5524 2763 5586 Ι.
2797 5537 2850 5585 a.
2883 5524 3014 5583 1031
3048 5552 3111 5566 -ι
3147 5522 3288 5582 1060
3313 5519 3599 5597 regnavit.
