3950 6048
96 130 210 208 2'61

1312 156 1317 161 ε
1385 124 1885 204 CHRONICON.
1919 173 1997 187 --
2026 134 2179 204 LIB.
2226 135 2302 205 II.

3393 137 3516 209 269.i

96 286 430 339 coronatus
459 284 573 353 est,
596 275 883 339 inmatura
919 284 1104 337 morte
1134 282 1466 352 praeventus
1496 279 1603 333 est.
1625 274 1755 331 Ter-
1784 275 1838 334 A
1867 287 2220 343 guonensem
2254 275 2725 335 archidiaconum
2753 276 3037 350 speciosis
3058 286 3322 338 ornatum
3350 281 3513 340 indu-

95 371 256 427 cium
289 371 615 426 Robertum
647 385 776 426 cum
807 369 1096 427 voluisset
1117 372 1302 424 mater
1331 368 1515 422 facere
1535 379 1752 434 regem,

100 474 207 516 nec
241 459 561 531 potuisset,
594 459 795 515 ducem
830 458 1137 514 constituit
1176 456 1539 525 Burgundiai.
1568 455 1643 524 (v,
1675 456 1754 522 °2.)

100 549 228 605 Fuit
251 562 490 619 quoque
514 547 801 604 dissensio
828 562 1027 617 magna
1055 546 1206 601 inter
1226 545 1412 616 ipsum
1428 544 1753 599 Heinrieum

97 644 156 693 et
194 636 355 694 ﬁlios
390 636 609 692 Odonis
641 637 738 707 qui
772 637 924 708 apud
962 637 1166 690 Barum
1220 634 1385 703 obiit,
1419 630 1757 687 Tetlialdum

95 732 157 781 et
191 726 591 798 Stephanum:
628 725 773 780 adeo
810 728 868 781 ut
902 723 1052 779 idem
1086 738 1209 792 rex,
1233 723 1428 777 ablato
1451 723 1522 777 ah
1545 721 1630 775 eis
1664 721 1754 775 do-

98 816 284 872 minio
315 816 615 873 Turmicae
648 815 831 884 urbis,
868 813 1036 870 daret
1069 812 1211 868 illud
1242 812 1516 867 Gotfredo
1543 808 1756 877 Tuditi,

100 903 224 959 ﬁlio
260 901 549 973 Fulconis,
585 903 681 973 qui
713 917 837 957 eam
868 906 1000 958 toto
1033 916 1180 956 anno
1211 899 1441 955 obsedit
1476 919 1488 953 :
1523 902 1582 953 et
1614 898 1759 953 init)

101 991 262 1047 bello
284 992 621 1062 Stephanus
652 992 888 1061 fugatus
905 994 1019 1059 est,
1043 989 1378 1044 Tetbaudus
1400 992 1608 1058 captus
1631 1002 1758 1042 cum

102 1081 228 1137 suis
245 1084 385 1137 ante
403 1080 703 1137 civitatein
720 1079 1028 1148 deductus,
1047 1076 1299 1133 reddidit
1318 1092 1381 1131 ea
1394 1091 1443 1130 m
1459 1075 1757 1143 Gotl'redo,

100 1175 159 1225 et
187 1170 244 1224 in
265 1170 546 1241 captione
568 1168 867 1225 remansit.
895 1166 1046 1222 Mille
1068 1164 1421 1237 septingenti
1465 1167 1521 1219 et
1562 1179 1629 1219 eo
1648 1178 1763 1219 am-

105 1259 264 1329 plius
287 1257 400 1313 viri
424 1258 648 1328 absque
674 1256 975 1326 sanguinis
995 1255 1275 1311 effusione
1293 1254 1344 1307 in
1366 1252 1582 1324 przcdio
1605 1251 1762 1323 capti

103 1352 259 1404 sunt.
300 1347 377 1419 (ν,
413 1348 491 1420 4.)
524 1349 600 1403 Ea
655 1349 1006 1416 tempestate
1058 1346 1283 1412 Ungros
1334 1342 1444 1397 sibi
1498 1341 1762 1397 secundo

107 1434 369 1491 rebelles
400 1450 532 1492 cum
561 1434 802 1490 vicisset
836 1434 1176 1504 imperator,
1210 1446 1281 1486 ex
1314 1430 1467 1486 omni
1522 1428 1764 1501 imperio

103 1540 211 1582 suo
239 1524 560 1597 episcopos
580 1521 927 1594 congregari
949 1521 1105 1590 fecit,
1131 1525 1188 1575 et
1210 1524 1411 1576 contra
1438 1517 1762 1589 Symoniam

1870 365 2080 419 mentis
2112 365 2180 421 ad
2218 366 2656 436 Lugdunensem
2689 368 3004 424 destinavit
3035 369 3249 441 sedem,
3271 376 3328 425 et
3360 372 3510 428 facta

1868 457 1954 508 est
1987 453 2301 524 provincia:
2326 455 2491 527 quies
2511 461 2568 510 et
2591 456 2863 525 gaudium
2888 457 3123 528 populo.
3151 459 3224 529 (v,
3251 462 3328 530 1.)
3354 462 3515 517 Anno

1871 542 1997 612 ipso
2028 546 2188 598 treva
2220 544 2317 599 Dei
2354 544 2597 615 primum
2622 549 2840 601 statuta
2861 549 3025 602 estet
3051 546 3296 618 ﬁrmata,
3323 552 3380 604 et
3405 564 3516 620 pax

1870 630 1995 701 ipsa
2031 636 2191 687 treva
2223 633 2320 688 Dei
2355 632 2667 704 appellata.
2704 634 2841 701 Quae
2888 649 3000 690 non
3032 635 3218 691 solum
3254 636 3519 694 humanis

1874 720 2181 790 praesidiis,
2210 721 2310 776 sed
2335 726 2393 777 et
2427 722 2638 778 divinis
2665 723 3005 779 conﬁrmata
3039 728 3131 780 est
3159 725 3513 784 terroribus.

1872 808 2050 873 Quam
2083 824 2213 865 cum
2246 810 2531 866 noluisset
2566 812 2827 882 recipere
2864 827 3007 882 gens
3047 814 3358 884 Neustriaa,
3391 815 3517 871 viro

1874 897 1971 951 Dei
2006 898 2293 954 Richardo
2328 899 2700 970 praedicante,
2736 905 2793 954 et
2836 905 2896 956 ut
2947 916 3072 956 eam
3125 903 3514 975 susciperent,

1874 986 2005 1055 quia
2037 986 2309 1043 voluntas
2338 988 2560 1043 Domini
2595 994 2741 1059 erat,
2775 988 2887 1060 (fol.
2909 990 2999 1060 92)
3023 995 3082 1045 ct
3106 1005 3135 1046 a
3160 993 3276 1047 Deo
3310 1006 3423 1048 non
3445 992 3518 1048 ab

1874 1075 2104 1131 homine
2138 1076 2437 1132 decretum
2471 1078 2576 1132 hoc
2607 1084 2995 1148 processerat,
3022 1083 3412 1150 ammonente,
3440 1079 3515 1150 (ν,

1878 1165 1952 1234 1.)
1986 1163 2182 1219 divino
2207 1164 2429 1235 judicio
2458 1166 2610 1236 cepit
2638 1167 2692 1221 in
2714 1181 2817 1221 cos
2840 1167 3102 1222 desevire
3128 1166 3279 1237 ignis
3299 1167 3397 1238 qui
3421 1183 3520 1225 eos

1880 1253 2222 1322 torquebat;
2248 1268 2316 1309 eo
2351 1267 2498 1308 anno
2534 1256 2651 1309 fere
2682 1259 2846 1311 totus
2878 1255 3037 1311 orbis
3068 1270 3367 1328 penuriam
3393 1272 3522 1328 pas-

1876 1356 1977 1397 sus
2006 1346 2096 1397 est
2132 1356 2236 1413 pro
2270 1343 2514 1399 raritate
2560 1343 2677 1399 vini
2725 1348 2781 1399 et
2833 1343 3033 1400 tritici.
3071 1345 3324 1415 Sequuta
3369 1350 3457 1402 est
3489 1361 3521 1402 e

1877 1431 2123 1501 vestigio
2156 1432 2481 1489 mortalitas
2514 1433 2807 1490 hominum
2839 1434 3207 1505 praemaxima
3233 1449 3282 1490 a.
3313 1435 3382 1489 ab
3404 1434 3517 1492 inc.

1875 1520 2034 1575 Dom.
2070 1524 2219 1577 1042.
2248 1521 2407 1577 Multi
2431 1525 2624 1578 autem
2644 1537 2843 1579 eorum
2871 1523 2966 1594 qui
2990 1525 3419 1593 torquebantur
3450 1525 3522 1580 ab

105 1628 289 1684 agens
312 1613 393 1668 ita
420 1628 592 1669 orsus
615 1617 704 1669 est
727 1612 1127 1685 (v,5)Lagcns
1145 1608 1550 1679 cobisincipio
1574 1607 1759 1677 loqui,
1791 1628 1847 1689 Β
1879 1607 2027 1678 igne,
2061 1610 2363 1666 venientes
2402 1611 2473 1666 ad
2519 1611 2703 1667 virum
2735 1611 2857 1682 Dei,
2892 1612 3117 1668 meritis
3150 1612 3277 1682 ejus
3305 1614 3361 1668 et
3396 1627 3524 1685 pre-

106 1703 216 1776 qui
230 1703 367 1760 cicc
390 1701 623 1760 Christi
661 1702 731 1758 in
760 1700 891 1771 eius
935 1700 1203 1757 ecclesia
1243 1697 1552 1755 constituti
1595 1695 1758 1765 estis,

104 1790 427 1864 ςκαωείῡὶ
437 1789 992 1862 dcsponsacitctsao
1002 1787 1299 1859 sanguine
1309 1784 1770 1842 redemit.Sicat

108 1879 268 1937 enim
286 1878 572 1950 gratuita
593 1877 852 1935 bonitate
871 1877 943 1933 dc
960 1877 1102 1935 sima
1122 1875 1332 1932 Patris
1341 1888 1452 1946 per
1469 1873 1763 1944 virginem

107 1967 191 2024 ad
207 1981 318 2024 nos
334 1966 709 2025 redimendos
728 1967 930 2022 venire
949 1964 1239 2036 dignatas
1256 1963 1360 2033 est,
1376 1963 1468 2018 ita
1479 1963 1762 2032 saispm—

108 2056 267 2129 σαρξί
284 2056 349 2112 ct
360 2055 542 2125 dia-it,
564 2054 807 2112 mittens
829 2066 922 2111 eos
942 2072 962 2108 .·
985 2052 1194 2113 Gratis
1216 2050 1550 2121 accepistis,
1559 2049 1760 2122 gratis

110 2145 269 2202 date.
311 2145 421 2201 Vos
448 2145 647 2201 autem
672 2143 954 2201 acaricia
1004 2142 1062 2199 et
1104 2140 1436 2213 cupiditate
1472 2139 1756 2209 corrupti,

109 2234 220 2306 qui
232 2232 693 2291 benedictionem
704 2231 975 2305 conferre
985 2230 1291 2300 debetis,i7.=
1312 2231 1424 2287 Aac
1435 2230 1763 2300 ﬂammes-

1874 1698 2043 1754 cibus
2058 1700 2416 1756 curaba‘ntur
2437 1700 2657 1757 medica
2671 1701 2891 1757 virtute
2904 1701 3024 1756 Dei.
3045 1701 3320 1772 Superest
3336 1700 3524 1758 adhuc

1876 1787 2123 1845 domnus
2157 1789 2444 1845 Eduensis
2468 1789 2780 1860 episcopus
2806 1788 2971 1862 (109),
2996 1789 3083 1845 vir
3112 1789 3247 1846 vitae
3272 1789 3525 1861 longevi-

1874 1880 1995 1932 tate
2025 1878 2373 1948 grandevus,
2398 1878 2493 1949 qui
2526 1884 2586 1934 et
2615 1879 2836 1934 referre
2862 1878 3075 1935 solitus
3096 1883 3207 1949 est,
3237 1879 3369 1951 quia
3394 1894 3524 1937 cum

1871 1980 1900 2019 a
1934 1971 2137 2022 sancto
2171 1967 2414 2023 Odilone
2436 1971 2496 2022 et
2528 1967 2743 2023 ceteris
2776 1967 2899 2039 ipsa
2933 1983 3042 2039 pax
3065 1966 3283 2024 divinis
3306 1969 3528 2026 revela-

1874 2054 2131 2111 tionibus
2154 2055 2446 2127 instituta,
2476 2061 2640 2112 treva
2662 2056 2762 2111 Dei
2787 2055 3100 2128 appellata,
3117 2062 3178 2113 et
3199 2057 3271 2112 ab
3295 2059 3532 2120 Austra.

1872 2143 1977 2200 siis
2009 2150 2285 2217 suscepta
2321 2145 2548 2216 fuisset,
2580 2150 2637 2201 et
2668 2144 2945 2202 voluntas
2994 2145 3250 2202 omnium
3302 2146 3359 2201 in
3414 2146 3529 2203 hoc
3616 2184 3631 2194 ι

1873 2236 2025 2289 esset
2060 2248 2170 2289 una
2206 2238 2266 2289 ut
2301 2234 2515 2304 ubique
2545 2238 2905 2304 servaretur,
2933 2234 3232 2304 negocium
3250 2234 3359 2291 hoc
3381 2240 3532 2292 stre-

108 2326 281 2382 sioac
309 2322 510 2380 dando
536 2322 597 2379 et
619 2320 958 2393 accipiendo
993 2319 1302 2377 maledicti
1337 2317 1499 2375 estis.
1526 2319 1682 2375 Nam
1710 2316 1770 2373 et
1876 2321 2089 2377 nuitati
2122 2322 2294 2392 hujus
2327 2322 2511 2393 patris
2544 2322 2727 2378 nostri
2762 2322 2975 2377 Gratiae
3008 2322 3105 2377 Dei
3152 2324 3225 2379 ab
3257 2324 3529 2381 omnibus

108 2414 284 2486 pater
302 2406 1767 2483 meus,dccujusanimccpcricalooaldepcrtimes-
1878 2401 2214 2472 impositum
2247 2406 2356 2471 est,
2390 2406 2454 2457 ut
2484 2401 2609 2471 ejus
2638 2400 2834 2457 studio
2865 2405 2926 2457 et
2977 2401 3263 2458 industria
3298 2416 3411 2473 pax
3438 2418 3532 2459 ea-

112 2517 195 2574 co,
211 2501 468 2559 eandem
488 2499 928 2573 dampnabilem
947 2498 1274 2557 avaritiam
1293 2497 1361 2555 in
1388 2497 1517 2554 cita
1546 2510 1660 2554 sua
1678 2495 1769 2552 ni-
1799 2540 1804 2546 .
1881 2487 2010 2543 dem
2046 2489 2099 2543 in
2126 2489 2395 2545 Neustria
2421 2493 2780 2560 servaretur,
2802 2504 2869 2545 eo
2891 2490 3042 2560 quod
3065 2490 3211 2546 certi
3230 2495 3433 2547 essent
3456 2490 3529 2548 de

110 2587 1425 2660 misceret-cuit.Idcircoqaicmnqaecestram
1440 2585 1629 2643 hacse
1647 2598 1772 2641 ma-
1879 2591 1970 2646 eo,
2007 2578 2161 2648 quod
2199 2582 2357 2633 tanta
2388 2581 2547 2634 esset
2602 2577 2726 2646 ejus
2772 2593 2911 2648 erga
2958 2593 3158 2635 omnes
3188 2584 3249 2635 et
3277 2579 3531 2636 omnium

114 2680 572 2753 culapollutwm
594 2678 884 2751 agnoscit,
900 2674 1773 2749 oportetatasam-oministerio
1882 2681 2020 2737 erga
2052 2681 2183 2723 eum
2215 2667 2424 2737 gratia,
2459 2670 2519 2723 ut
2558 2666 2840 2738 quidquid
2874 2668 3224 2724 servandum
3266 2668 3531 2740 doceret,

116 2770 422 2829 arceatur.
448 2768 698 2840 Propter
724 2767 881 2824 hanc
907 2767 1063 2823 enim
1091 2764 1381 2838 ofcnsam
1407 2764 1577 2820 venit
1598 2778 1774 2834 super
1885 2759 2222 2813 servaretur
2253 2770 2282 2811 a
2315 2756 2567 2826 cunctis,
2603 2755 2885 2827 quidquid
2919 2756 3215 2813 vitandum
3247 2760 3539 2814 monstra-

120 2859 283 2923 )!Iios
298 2858 605 2915 hominum
602 2856 830 2928 fames,
844 2855 1209 2920 mortalitas,
1227 2854 1325 2926 εἴα
1337 2854 1776 2911 ῖαίίἰτιιςοῃιηεε
1887 2849 1997 2917 ret,
2024 2845 2079 2901 id
2104 2845 2297 2901 cuncti
2324 2845 2595 2901 vitarent.
2615 2844 2998 2911 Quamobrem
3018 2845 3228 2915 sategit
3255 2850 3421 2918 pater
3443 2862 3539 2903 ve-

117 2944 994 3017 mimgraduscccclcsiasticia
1014 2943 1577 3018 maximopontiﬁcc
1592 2954 1778 3013 usque
1808 2968 1859 3032 Ο
1887 2934 2187 3003 nerabilis,
2222 2937 2281 2989 ut
2316 2937 2541 2989 tantum
2585 2934 2795 2989 bonum
2827 2938 3133 3003 gratanter
3163 2935 3234 2990 ab
3267 2935 3538 2992 omnibus

118 3035 549 3094 adostiariam
570 3031 1779 3106 opprimuntwrmroestmdampnationis
1815 3022 1857 3032 ν
1890 3024 2293 3095 susciperetur
2327 3022 2426 3077 sed
2461 3036 2732 3093 perversa
2770 3023 3146 3092 quorumdam
3172 3022 3459 3092 voluntas,
3479 3029 3539 3079 et

114 3124 853 3197 pramium,etincanctos
875 3121 1527 3195 spiritaalegrassatar
1541 3119 1781 3176 latroci-
1891 3128 2053 3169 mens
2087 3111 2383 3167 indomita.
2408 3111 2570 3181 quasi
2604 3110 2927 3167 inauditum
2957 3111 3067 3166 hoc
3101 3111 3348 3183 respuit,
3373 3111 3537 3182 quasi

123 3215 313 3271 nium.
341 3212 429 3268 Ad
462 3212 611 3267 hanc
636 3226 837 3268 vocem
864 3210 1235 3282 imperatoris
1256 3208 1568 3281 stupefacti
1595 3208 1784 3279 ponti-

126 3304 292 3373 ﬁces,
326 3299 752 3358 misericordiae
793 3314 1028 3371 operam
1078 3299 1487 3370 implorabant.
1525 3300 1596 3353 At
1630 3297 1783 3368 prin-

124 3406 267 3464 ceps
297 3388 701 3447 misericordia
735 3394 947 3459 motus,
979 3391 1034 3444 et
1070 3403 1173 3460 pro
1222 3387 1405 3442 anima
1459 3386 1644 3457 patris
1693 3385 1780 3440 sui

125 3493 303 3537 orare
323 3493 431 3535 eos
454 3491 715 3548 monens,
733 3476 1042 3548 preposuit
1066 3476 1344 3544 edictum,
1362 3479 1424 3531 ut
1441 3474 1636 3530 nullus
1656 3488 1787 3543 gra-

128 3570 237 3626 dus
259 3567 357 3624 vel
382 3566 771 3622 ministerium
796 3565 1278 3622 zecclesiasticum
1304 3564 1498 3635 precio
1522 3562 1788 3633 adquire-

130 3662 332 3721 retur;
356 3659 420 3711 et
442 3654 487 3712 si
513 3653 644 3726 quis
670 3656 1069 3725 attemptaret,
1097 3651 1251 3708 omni
1275 3651 1495 3707 honore
1519 3650 1789 3706 multare-

129 3753 248 3803 tur.
284 3744 483 3814 θέσπιε,
519 3742 806 3814 inquiens,
840 3744 999 3799 Deus
1028 3754 1304 3799 coronam
1331 3740 1568 3811 imperii
1590 3739 1791 3810 gratis

130 3835 285 3893 milii
305 3833 492 3904 dedit,
507 3833 600 3890 ita
622 3846 725 3904 ego
746 3832 908 3904 quod
926 3832 1008 3888 ad
1022 3829 1793 3902 religioncmpertinctgra-

134 3926 214 3984 tis
226 3922 526 3996 impendo.
555 3921 689 3977 Volo
700 3921 843 3979 utet
857 3934 958 3977 cos
977 3919 1264 3978 similiter
1269 3918 1554 3990 faciatis.
1578 3918 1795 3972 Pueru-

136 4014 229 4071 lns
246 4013 451 4083 itaque
466 4010 563 4081 qui
580 4011 847 4066 Romanae
864 4009 1071 4065 incuba
1082 4009 1177 4063 bat
1192 4006 1481 4076 ecclesiae,
1498 4008 1795 4077 praecepto

135 4100 520 4174 imperatoris
549 4114 579 4155 a
614 4099 754 4155 sede
788 4096 1055 4168 dejectus
1104 4099 1214 4167 est,
1248 4100 1309 4152 et
1355 4094 1671 4165 Gregorius
1702 4094 1792 4165 VI,

136 4190 380 4246 natione
412 4190 703 4244 Romanus
733 4186 1097 4243 substitutus
1129 4190 1241 4241 est.
1269 4183 1445 4252 Cujus
1474 4184 1621 4239 bona
1648 4184 1795 4239 fama

138 4276 430 4351 quidquid
465 4277 624 4348 prior
658 4276 954 4331 fedaverat
988 4275 1043 4329 in
1087 4273 1292 4330 melius
1324 4272 1684 4329 reformavit.
1719 4270 1796 4341 (v,

138 4371 218 4440 4.)
250 4367 356 4422 Hic
392 4370 655 4421 sanctum
705 4364 1007 4421 Odilonem
1057 4363 1375 4419 instituens
1424 4359 1794 4430 Lugdunensi

139 4454 431 4513 atcclesiaa
460 4453 718 4509 ordinari
760 4451 1116 4524 pontiﬁcem,
1148 4451 1305 4506 misit
1350 4451 1399 4505 ei
1454 4448 1691 4521 pallium
1742 4452 1802 4503 et

141 4544 406 4600 anulum.
442 4542 553 4597 Sed
587 4541 677 4597 vir
708 4541 1022 4610 religiosus
1066 4538 1382 4596 humilitati
1417 4537 1664 4594 studens
1694 4536 1802 4591 hoc

144 4633 367 4702 renuit,
403 4629 642 4703 pallium
674 4633 866 4685 tamen
899 4631 956 4684 et
989 4627 1226 4685 anulum
1261 4627 1524 4696 retinuit,
1563 4639 1804 4682 servans

145 4722 293 4780 illud
328 4720 593 4794 pontiﬁci
624 4720 721 4792 qui
755 4720 967 4790 dignus
996 4722 1154 4776 esset
1184 4736 1198 4785 ;
1235 4717 1385 4789 quod
1421 4730 1602 4786 usque
1634 4714 1806 4771 hodie

147 4810 413 4869 Cluniaci
457 4810 728 4867 habetur.
780 4808 1090 4865 Heinricus
1134 4822 1299 4877 vero,
1336 4808 1576 4876 recepto
1625 4818 1806 4874 regno

149 4898 615 4970 Austrasiorum,
650 4899 948 4970 comperta
983 4895 1345 4953 dissensione
1387 4892 1715 4964 condoluit,
1749 4896 1808 4948 et

151 4989 308 5063 apud
342 4988 686 5071 Bysontium
736 5004 785 5044 a.
838 4989 910 5044 ab
967 4986 1077 5044 inc.
1132 4987 1488 5055 Dom.1041,
1523 4982 1810 5040 electione

148 5079 298 5137 cleri
329 5082 394 5136 et
425 5076 623 5151 populi
658 5077 946 5135 ﬁrmatum
978 5076 1247 5134 domuum
1302 5072 1636 5131 Odelricum
1684 5071 1813 5128 Lin-

1893 3201 1990 3272 qui
2019 3199 2239 3256 nollent
2268 3199 2539 3256 instituta
2572 3203 2812 3270 paterna
2844 3199 3064 3256 violare
3094 3203 3149 3255 et
3183 3214 3329 3257 nova
3363 3205 3540 3270 atque

1894 3289 2155 3346 inaudita
2188 3288 2509 3360 suscipere.
2547 3287 2709 3344 Unde
2739 3293 2798 3343 et
2829 3289 3191 3358 subsequuta
3224 3292 3315 3345 est
3348 3288 3541 3345 divina

1896 3378 2060 3447 ultio,
2088 3378 2238 3449 ignis
2267 3377 2494 3434 scilicet
2526 3377 2580 3431 in
2614 3375 2864 3432 rebelles
2893 3380 2953 3431 et
2985 3380 3361 3433 contumaces
3383 3377 3547 3433 dese-

1898 3467 2062 3524 viens
2096 3481 2126 3522 a
2158 3465 2416 3535 Domino,
2454 3481 2566 3535 quo
2595 3465 3027 3535 torquebantur
3059 3465 3157 3535 qui
3189 3466 3314 3520 viro
3334 3464 3435 3521 Dei
3460 3480 3550 3521 rc-
3650 3480 3659 3485 ·

1898 3556 2111 3613 sistere
2125 3559 2184 3611 et
2200 3555 2468 3611 mandata
2491 3554 2619 3622 ejus
2641 3558 3013 3609 contemnere
3040 3569 3148 3609 non
3171 3554 3543 3611 verebantur.

1900 3645 2143 3701 Videres
2179 3643 2589 3699 monasterium
2621 3642 2816 3698 eximii
2851 3643 3037 3714 patris
3070 3643 3398 3699 ardentium
3432 3648 3551 3699 tur-

1902 3734 1993 3790 bis
2027 3734 2329 3803 refcrtum,
2361 3747 2507 3802 quos
2540 3731 2663 3802 ipse
2712 3739 3045 3787 sanctorum
3094 3731 3358 3802 reliquiis
3401 3746 3549 3803 aqua

1904 3822 2209 3879 benedicta
2246 3820 2529 3892 respersis
2559 3825 2617 3876 et
2650 3821 2781 3876 vino
2814 3820 2973 3890 lotis,
2996 3825 3055 3876 et
3086 3821 3327 3892 pulvere
3352 3821 3448 3891 qui
3479 3821 3551 3876 de

1905 3916 2069 3984 petra
2104 3909 2396 3981 sepulchri
2433 3908 2654 3964 Domini
2708 3909 3028 3964 radebatur
3081 3908 3211 3964 vino
3262 3909 3388 3979 ipso
3419 3923 3555 3964 con-

1906 4013 2127 4072 sperso,
2162 4002 2219 4054 et
2253 3997 2325 4052 ad
2356 3998 2671 4068 potandum
2707 3996 2936 4051 miseris
2966 3996 3121 4063 dato,
3150 4010 3290 4067 pace
3323 3995 3549 4052 ﬁrmata

1907 4093 1962 4145 et
1983 4089 2198 4158 jurata,
2228 4086 2488 4158 pristinae
2511 4085 2746 4140 sanitati
2773 4084 3074 4140 reddebat.
3102 4086 3210 4139 Pro
3231 4084 3556 4140 innumeris

1910 4181 2100 4234 autem
2127 4176 2318 4232 turbis
2339 4173 2751 4231 confluentium
2776 4172 3134 4229 inﬁrmorum
3158 4186 3260 4229 vas
3285 4171 3447 4244 potui
3471 4170 3556 4226 illi

1910 4271 2180 4339 paratum
2202 4268 2350 4334 erat,
2378 4269 2440 4320 ut
2468 4263 2515 4320 si
2539 4262 2880 4320 advenirent
2912 4260 3119 4332 egroti,
3148 4266 3319 4332 potus
3351 4261 3562 4318 salutis

1825 4320 1880 4381 D
1913 4370 2024 4411 non
2058 4354 2314 4425 deesset,
2350 4367 2416 4407 ne
2470 4351 2809 4408 fallerentur
2858 4350 2904 4405 si
2954 4350 3090 4406 hora
3144 4350 3561 4422 incompetenti

1911 4445 2254 4509 venissent;
2288 4457 2431 4498 neve
2462 4446 2603 4497 tunc
2650 4442 2796 4497 foret
2848 4439 3172 4496 necessitas
3223 4438 3561 4496 recurrendi

1915 4534 1987 4589 ad
2012 4532 2371 4588 ablutionem
2396 4529 2797 4600 reliquiarum,
2823 4529 2977 4600 quod
3009 4532 3139 4600 post
3172 4527 3562 4600 expletionem

1919 4622 2110 4677 missze
2140 4618 2367 4691 impleri
2403 4633 2528 4675 mos
2560 4623 2706 4673 erat.

1993 4710 2185 4782 [GLAB.
2232 4710 2383 4765 Ron-
2409 4724 2462 4778 v,
2498 4708 2573 4779 1.]
2610 4710 2771 4763 Anno
2806 4707 2985 4777 igitur
3028 4708 3100 4762 ab
3148 4706 3366 4762 inearn.
3402 4705 3559 4759 Dom.

1919 4803 2079 4870 1045,
2127 4797 2430 4854 Heinricus
2479 4796 2647 4853 duxit
2697 4810 2937 4852 uxorem
2988 4792 3214 4850 nomine
3263 4794 3563 4862 Agnetem,

1921 4888 2097 4945 ﬁliam
2128 4886 2399 4943 Willelmi
2447 4884 2832 4955 Pictavensis,
2868 4882 3019 4955 apud
3051 4880 3435 4952 Bysontium;
3470 4878 3568 4936 ubi

1922 4978 2214 5036 aﬂ‘uerunt
2242 4973 2502 5048 epiSCOpi
2540 4978 2626 5032 28.
2664 4975 2802 5030 Cum
2833 4972 2982 5027 enim
3011 4972 3171 5026 esset
3204 4967 3350 5025 alias
3384 4970 3571 5026 bonus

1923 5072 1980 5125 et
2013 5080 2212 5127 omnes
2255 5064 2381 5137 ejus
2411 5063 2640 5122 sitirent
2674 5060 3009 5129 dominium,
3032 5057 3225 5116 carnis
3268 5062 3459 5115 tamen
3491 5058 3574 5117 iu~

1757 5268 1981 5328 NOTAE.

231 5464 386 5539 (109)
417 5458 654 5534 Hagano
683 5455 827 5517 obiit
858 5471 889 5514 a
917 5458 1075 5515 1098.
1109 5454 1239 5517 Jun.
1269 5455 1358 5516 28.
1392 5446 1472 5513 v.i
1500 5448 1648 5514 nfra.
