3950 6048
347 172 465 235 263

1307 162 1678 226 HUGONIS
1721 151 2070 220 ABBATIS
2112 148 2796 222 FLAVINIACENSIS

3644 149 3767 209 264

346 301 762 364 continentiam
798 301 1025 357 frenare
1054 312 1167 354 non
1217 297 1430 370 potuit.
1464 299 1641 352 Pater
1670 290 1996 350 Richardus
2025 299 2081 359 Α
2109 284 2529 343 ctimonialium
2558 290 2780 352 coetus;
2805 289 2864 342 et
2896 282 3234 341 visitatione
3266 281 3770 354 solempniosten-

348 401 487 452 tunc
516 391 799 463 temporis
833 387 1250 444 monasterium
1294 385 1528 442 nolebat
1582 384 1932 452 relinquere,
1967 395 1998 435 a

349 499 462 555 quo
481 497 583 554 pro
605 479 782 535 nullis
806 476 1214 548 ingruentibus
1236 474 1430 531 causis
1457 472 1785 545 patiebatur
1805 468 1996 538 avelli,

350 571 484 643 quia
515 569 739 625 sciebat
770 571 826 622 et
854 565 1207 637 praedixerat
1233 563 1371 619 filiis
1396 561 1672 616 inminere
1698 557 2003 615 resolutio-

351 675 477 716 nem
509 658 597 714 sui
629 655 917 727 corporis.
955 654 1178 710 Etenim
1210 651 1614 724 superioribus
1631 648 1800 703 annis
1824 660 2005 718 quan-

351 749 424 805 do
458 747 582 804 lues
615 745 732 814 illa,
759 744 829 800 de
863 759 973 814 qua
1003 741 1528 813 impraesentiarum
1555 737 1904 794 mentionem
1930 736 2005 790 fe-

351 837 555 905 cimus,
585 834 858 906 populum
885 831 1161 901 vastavit,
1186 845 1314 886 cum
1342 829 1704 884 dilaberetur
1729 823 1999 898 populus,

352 924 630 981 etcivitas
652 920 1036 977 Virdunensis
1059 933 1208 990 pene
1226 917 1597 986 redigeretur
1612 916 1667 970 in
1683 915 2001 982 heremum,

353 1026 654 1070 commune
679 1009 1005 1082 periculum
1027 1006 1318 1064 communi
1344 1004 1609 1062 oratione
1631 1003 1752 1060 tolli
1777 1000 2007 1059 consul-

351 1106 473 1156 tum
503 1103 609 1156 est.
647 1099 823 1168 Cujus
855 1095 1237 1152 necessitatis
1273 1097 1513 1164 urgente
1562 1092 1818 1161 miseria,
1852 1104 2007 1145 eom-

353 1188 506 1244 muni
539 1191 676 1242 voto
708 1185 1095 1242 deliberatum
1129 1189 1220 1240 est
1256 1182 1409 1239 beati
1460 1181 1653 1237 Vitoni
1698 1179 2007 1251 imploran-

354 1276 489 1332 dum
521 1289 655 1331 esse
686 1274 1044 1345 prmsidium,
1077 1272 1244 1341 cujus
1273 1285 1334 1327 se
1367 1269 1736 1326 confidebant
1784 1266 2008 1322 meritis

351 1364 488 1421 vitae
547 1361 749 1435 procul
801 1361 977 1417 dubio
1033 1364 1378 1430 captaturos
1436 1356 1773 1412 remedium.
1810 1353 2006 1409 Visum

355 1453 529 1508 etiam
554 1455 644 1507 est
666 1448 958 1506 Ricbardo
981 1447 1280 1520 episeopo,
1300 1445 1483 1519 ipsius
1510 1443 1868 1502 confessoris
1885 1456 2010 1498 cor-

357 1555 464 1613 pus
488 1537 924 1595 sanctissimum
948 1535 1157 1608 exponi
1184 1535 1396 1591 debere
1421 1535 1491 1591 de
1524 1535 1761 1602 feretro,
1788 1536 1849 1588 ut
1881 1545 2010 1604 pro-

2111 377 2326 433 debant
2348 391 2484 448 erga
2512 381 2735 449 patrem
2755 375 3127 432 devotionem
3154 373 3768 445 piaaﬁ‘ectionis.l\'ec

2113 467 2378 522 rediitad
2412 467 2643 523 domum
2676 466 3012 538 episcopus,
3050 463 3187 534 quin
3224 463 3397 519 immo
3441 462 3768 519 cotidianis

2111 557 2374 613 excubiis
2404 555 2692 612 adherens
2723 555 2798 626 ei,
2834 570 2941 611 non
2993 553 3108 624 die,
3144 568 3255 609 non
3308 557 3478 608 nocte
3532 554 3606 608 ab
3666 552 3771 607 illo

2114 645 2446 716 patiebatur
2467 644 2658 701 avelli.
2691 644 3062 701 Advenerunt
3095 647 3152 698 et
3184 641 3504 698 vicinarum
3529 640 3768 697 urbium

2111 733 2396 805 cpisc0pi,
2429 734 2692 804 abbates,
2727 737 2787 788 et
2819 731 3034 804 quique
3066 736 3383 801 magnates,
3421 729 3492 786 ad
3527 729 3772 786 visitan-

2113 822 2248 878 dum
2277 837 2408 878 eum
2440 826 2500 878 et
2529 820 3019 880 commendandos
3051 835 3114 877 se
3142 819 3195 876 ei
3223 837 3236 887 ;
3271 819 3484 890 quibus
3531 817 3771 874 videba-

2116 914 2230 982 tur,
2259 911 2411 982 quod
2437 911 2494 966 in
2517 911 2680 967 obitu
2703 910 2830 980 ejus
2854 909 3088 966 omnino
3110 913 3271 965 terra
3295 911 3771 965 commoveretur

2115 1001 2663 1056 etconturbaretur.
2681 999 3021 1056 Excubabat
3037 997 3246 1054 diebus
3259 1012 3324 1053 ac
3340 996 3615 1053 noctibus
3635 999 3770 1051 ante

2117 1088 2348 1145 domum
2381 1088 2508 1159 ejus
2542 1089 2714 1145 turba
2746 1088 2996 1144 filiorum
3026 1091 3086 1143 et
3117 1090 3450 1143 ceterorum
3484 1082 3772 1153 fidelium,

2117 1176 2212 1232 alii
2237 1177 2390 1249 patri
2415 1177 2482 1232 ad
2510 1177 2750 1234 meliora
2777 1177 3072 1234 festinanti
3098 1174 3426 1232 valedicere
3448 1179 3510 1230 et
3532 1187 3595 1229 se
3619 1187 3777 1230 eom-

2118 1265 2392 1320 mendare
2451 1265 2751 1336 volebant,
2804 1265 2899 1321 alii
2959 1265 3244 1321 sanitates
3300 1277 3614 1335 corporum
3676 1275 3778 1316 ex-

2118 1355 2418 1425 petebant,
2445 1358 2504 1410 ut
2533 1353 2726 1410 saltim
2761 1369 2968 1424 aquam
3001 1351 3318 1410 ablutionis
3348 1365 3618 1407 manuum
3642 1350 3777 1421 ejus

2120 1446 2510 1511 mererentur,
2546 1457 2656 1514 qua
2691 1442 2916 1500 inuncti
2966 1441 3456 1498 refocillarentur.
3491 1439 3596 1496 Ubi
3631 1453 3778 1508 ergo

2121 1531 2305 1588 sensit
2341 1531 2637 1588 imminere
2665 1531 2864 1588 horam
2898 1531 3219 1588 vocationis
3261 1545 3398 1600 suae,
3437 1529 3585 1585 filios
3626 1543 3778 1599 quos

357 1629 628 1686 cessione
652 1625 937 1697 solempni
971 1630 1239 1680 evectum
1274 1626 1735 1695 praesentaretur
1767 1633 2009 1691 conspc-
2037 1652 2093 1715 Β
2122 1618 2354 1675 Christo
2385 1618 3284 1691 adquisieratconvenirejussit,
3305 1622 3365 1675 et
3396 1617 3674 1673 inunctus
3705 1617 3779 1672 ab

357 1719 552 1776 ctibus
573 1716 847 1786 omnium,
867 1719 926 1771 ut
946 1714 1114 1786 plebs
1138 1713 1321 1786 ipsius
1349 1714 1489 1770 fulta
1515 1711 1856 1785 patronicio,
1874 1711 2008 1766 dum

360 1807 549 1863 sancti
585 1804 808 1862 videret
841 1803 1118 1874 loculum,
1154 1803 1280 1873 ejus
1328 1801 1676 1874 propensius
1705 1803 2009 1871 expeteret

361 1892 706 1961 subsidium,
736 1890 890 1961 quod
923 1893 1163 1947 noverat
1199 1889 1312 1945 sibi
1343 1904 1454 1944 non
1486 1889 1840 1944 defuturum.
1871 1889 2013 1942 Con-

364 1982 690 2037 tradicente
725 1980 921 2050 itaque
950 1979 1076 2034 viro
1098 1977 1572 2033 reverentissimo
1599 1980 1762 2048 patre
1787 1980 2008 2044 nostro,

363 2069 573 2142 praesul
603 2068 758 2138 quod
782 2067 1212 2123 deliberaverat
1229 2065 1282 2121 in
1298 2065 1615 2122 crastinum
1639 2063 1864 2136 impleri
1885 2064 2015 2118 des-

323 2213 332 2226 ,
360 2158 566 2214 tinavit
602 2177 614 2212 :
651 2156 978 2212 obsistente
1006 2170 1076 2211 eo
1108 2158 1166 2210 et
1200 2155 1430 2210 dicente
1457 2153 1756 2209 levandam
1782 2152 2014 2223 quidem

365 2246 654 2302 miseriam
707 2243 926 2316 populi,
971 2243 1071 2300 sed
1119 2242 1400 2314 episcopo
1447 2257 1559 2298 non
1613 2256 1910 2297 cessurum
1959 2239 2015 2294 in

362 2347 734 2406 prosperum,
758 2331 855 2402 qui
887 2346 1066 2388 ausus
1101 2331 1304 2387 fuisset
1332 2330 1659 2401 inquietare
1683 2329 1871 2385 sancti
1893 2342 2019 2384 eor-

369 2437 478 2495 pus
512 2420 915 2477 honorificum.
942 2421 1178 2475 Noctem
1203 2418 1357 2474 illam
1390 2422 1556 2490 pater
1588 2418 1886 2474 insonnem
1919 2416 2020 2472 du-

366 2511 472 2580 xit,
511 2514 644 2565 ante
677 2507 863 2564 altare
896 2507 1081 2564 sancti
1116 2506 1483 2563 orationibus
1533 2521 1746 2564 vacans
1785 2520 1916 2562 eum
1949 2504 2023 2559 la.

362 2597 578 2655 crimis.
607 2597 668 2651 In
701 2595 1026 2651 crastinum
1055 2594 1215 2651 venit
1237 2595 1566 2666 episcopus,
1594 2593 1791 2650 clerus
1808 2593 2016 2664 omnis,

365 2690 423 2742 et
458 2684 729 2756 populus,
766 2686 821 2738 et
857 2698 986 2738 cum
1014 2681 1198 2738 multo
1220 2683 1432 2738 timore
1455 2685 1510 2738 et
1536 2684 1865 2738 reverentia
1892 2696 2022 2738 san-

363 2773 441 2829 eti
460 2771 748 2844 pontificis
779 2775 1078 2843 exponunt
1110 2769 1408 2841 reliquias,
1433 2784 1610 2841 super
1642 2786 1845 2826 aurum
1863 2770 2020 2826 obri-

367 2877 496 2917 zum
551 2859 873 2931 preciosas.
911 2858 1074 2924 Quod
1125 2858 1220 2914 ubi
1273 2859 1487 2915 factum
1537 2863 1647 2928 est,
1685 2859 2019 2930 pontificem

370 2954 537 3023 pater
563 2948 744 3004 adivit
771 2967 782 3002 :
807 2948 1081 3019 Inplesti,
1110 2947 1400 3018 inquiens,
1436 2948 1596 3018 quod
1620 2948 1887 3018 voluisti,
1920 2948 2024 3004 sed

367 3040 610 3096 noveris
633 3038 686 3094 te
712 3038 988 3108 quin-tum
1009 3036 1230 3094 ablainc
1249 3051 1473 3094 annum
1501 3036 1567 3092 in
1593 3038 1801 3094 saeculo
1812 3037 2023 3092 nanci-

366 3141 594 3185 suru/m.
618 3125 811 3184 Miclzi
841 3140 1075 3199 quoque
1095 3127 1202 3198 qui
1225 3126 1476 3196 assensi,
1502 3127 1640 3182 ante
1659 3127 1935 3199 quintum
1948 3126 2027 3184 si-

366 3216 600 3274 militer
620 3228 846 3271 annum
870 3214 1156 3272 terminus
1179 3212 1298 3272 erit
1314 3215 1470 3284 vita,
1499 3215 1553 3270 te
1567 3215 1712 3286 post
1732 3215 2027 3272 modicum

371 3303 781 3375 subsequente.
823 3302 1080 3371 Dixerat,
1113 3307 1172 3358 et
1221 3301 1439 3359 dictum
1462 3302 1546 3358 rei
1568 3302 2027 3374 probaviteven-

372 3395 488 3447 tus.
509 3387 729 3456 Quarto
744 3391 894 3445 enim
911 3390 1156 3448 necdum
1170 3395 1376 3446 exacto
1399 3405 1566 3461 anno,
1584 3391 1810 3447 viribus
1825 3406 2028 3462 corpo-

371 3479 455 3535 ris
476 3478 632 3550 cepit
659 3482 827 3550 pater
850 3479 1193 3550 destitui,et
1214 3479 1554 3535 convocatis
1578 3479 1862 3536 fratribus
1886 3479 2029 3535 indi-

370 3567 523 3623 cavit
572 3566 874 3622 imminerc
907 3567 1058 3624 diem
1093 3583 1211 3625 sum
1241 3566 1644 3624 resolutionis.
1671 3569 1797 3624 Mox
1831 3568 2028 3639 itaque

373 3655 624 3712 abbatiae
660 3655 846 3711 sancti
879 3656 1039 3711 Petri
1074 3655 1517 3713 Catalaunensis
1547 3656 1900 3728 Odylardum
1933 3658 2030 3714 ab-

374 3744 567 3800 batem
604 3743 882 3815 instituit,
919 3745 1080 3800 Bello
1113 3745 1261 3800 Loco
1294 3749 1518 3816 patrem
1550 3743 1900 3802 Riehardum
1933 3746 2030 3802 de-

374 3831 538 3903 legit,
575 3832 842 3888 coenobio
873 3833 1059 3889 sancti
1112 3831 1357 3889 Huberti
1408 3833 1804 3904 Teodericum,
1839 3833 2027 3891 sancti

373 3921 588 3978 Urbani
625 3920 1000 3993 Stephanum,
1035 3920 1196 3978 viros
1237 3921 1292 3976 in
1343 3921 1496 3977 omni
1549 3922 1774 3977 theoria
1819 3923 2030 3994 proba-

374 4010 654 4082 tissimos,
689 4011 743 4065 in
776 4010 1064 4066 servando
1098 4009 1401 4081 religionis
1431 4010 1738 4083 proposito
1769 4009 2029 4067 clarissi-

374 4113 519 4156 mos.
548 4100 663 4155 Has
683 4099 836 4154 enim
859 4099 1129 4156 abbatias
1151 4098 1276 4171 ipse
1301 4112 1406 4172 per
1435 4113 1498 4155 se
1527 4099 1786 4170 regebat.
1814 4101 2030 4155 Exone-

376 4194 542 4245 ratus
573 4203 714 4258 ergo
745 4189 816 4244 ab
849 4188 1139 4260 omnibus,
1175 4187 1331 4245 illam
1365 4188 1477 4245 sibi
1511 4192 1738 4245 tantum
1770 4189 2030 4244 retinere

377 4277 626 4348 censuit,
647 4277 740 4334 cui
773 4282 975 4348 pastor
1006 4279 1180 4334 datus
1210 4278 1419 4348 fuerat,
1446 4277 1501 4333 in
1524 4293 1632 4349 qua
1658 4278 1833 4334 etiam
1853 4292 1917 4334 se
1941 4291 2031 4334 se-

2121 1707 2398 1780 episcopo
2427 1709 2557 1765 oleo
2590 1713 2814 1780 sancto,
2840 1709 3210 1765 confessione
3245 1705 3642 1776 data,viatieo
3667 1719 3779 1761 cae-

2121 1796 2257 1853 lesti
2285 1802 2514 1870 pastus,
2531 1797 2840 1870 expositus
2857 1802 2946 1853 est
2969 1795 3475 1866 lectulo,etjacuit
3500 1795 3554 1850 in
3575 1793 3779 1850 cinere

2122 1891 2182 1941 et
2210 1887 2430 1957 cilicio,
2456 1887 2531 1942 ita
2570 1891 2629 1943 ut
2659 1887 2844 1943 altare
2873 1886 3062 1942 sancti
3096 1884 3352 1941 Nicholai
3383 1885 3512 1954 ejus
3545 1897 3782 1953 semper

2123 1981 2433 2046 appareret
2469 1976 2832 2048 conspectui.
2859 1974 2995 2030 lnde
3028 1976 3239 2030 fratres
3262 1973 3619 2042 alloquutus,
3644 1986 3784 2026 con-

2127 2070 2293 2121 sueta
2325 2065 2535 2122 salutis
2558 2064 2903 2122 documenta
2928 2063 3242 2136 replicans,
3261 2065 3378 2118 Deo
3402 2067 3466 2118 ut
3485 2061 3780 2117 servirent

2126 2158 2186 2209 et
2217 2154 2569 2209 adherercnt
2601 2154 2939 2222 ammonuit,
2975 2153 3183 2223 suique
3217 2156 3280 2207 ut
3310 2152 3783 2206 memorarentur

2130 2241 2388 2314 piissima
2431 2242 2742 2298 devotione
2789 2241 3018 2314 petivit,
3053 2239 3323 2296 omnibus
3374 2239 3428 2294 in
3473 2252 3784 2294 commune

2130 2329 2407 2387 flentibus
2451 2336 2510 2387 et
2555 2345 2717 2387 suam
2767 2329 3210 2387 destitutionem
3261 2326 3783 2398 iugeminantibus,

2131 2434 2260 2475 cum
2287 2419 2407 2491 ipse
2429 2435 2683 2476 omnium
2707 2418 3010 2475 cohiberet
3044 2417 3333 2487 lacrimas,
3361 2415 3658 2472 solaretur
3681 2413 3789 2470 do-

2132 2506 2335 2579 lorem,
2354 2513 2410 2565 et
2435 2508 2648 2565 Christi
2673 2507 2888 2563 domini
2915 2507 3286 2578 promitteret
3312 2505 3624 2562 affuturam
3652 2519 3789 2575 pro-

2133 2597 2468 2654 tectionem.
2486 2599 2626 2654 Post
2642 2597 2749 2653 hee
2769 2595 3045 2666 reliquias
3068 2610 3213 2666 quas
3233 2592 3788 2651 Jherosolimitanus

2133 2686 2462 2757 patriarcha
2495 2685 2547 2741 ei
2581 2684 2825 2742 dederat
2857 2684 2968 2740 sibi
2993 2684 3185 2740 afferri
3211 2683 3489 2756 praecepit
3510 2701 3524 2749 ;
3545 2687 3601 2737 et
3628 2680 3789 2737 salu-

2131 2774 2274 2831 tatis
2307 2774 2392 2831 eis
2424 2777 2600 2846 atque
2632 2772 2991 2831 deosculatis
3019 2788 3148 2830 cum
3200 2772 3379 2828 multa
3428 2769 3784 2839 reverentia,

2131 2877 2230 2919 cas
2257 2878 2402 2933 quas
2429 2863 2582 2920 collo
2615 2863 2766 2918 ferre
2799 2865 3186 2919 consueverat
3217 2859 3511 2932 exposuit,
3545 2865 3604 2914 et
3648 2862 3788 2913 ante

2132 2965 2193 3008 sc
2225 2957 2568 3008 reverenter
2591 2951 2718 3008 sisti
2745 2949 3044 3023 praecepit.
3069 2950 3211 3005 Hinc
3232 2963 3537 3004 commune
3557 2951 3790 3002 sancto-

2134 3056 2259 3097 rum
2293 3039 2680 3112 patrocinium
2714 3039 3051 3112 implorans,
3084 3038 3237 3094 elata
3282 3051 3451 3093 manu
3506 3035 3792 3091 fratribus

2133 3133 2191 3183 et
2223 3129 2497 3185 omnibus
2522 3129 2618 3200 qui
2652 3128 2897 3185 aderant
2927 3126 3247 3198 benedixit,
3281 3130 3338 3182 et
3370 3125 3480 3182 sibi
3513 3123 3786 3180 benedici

2136 3217 2326 3290 petiit.
2391 3218 2600 3289 Sicque
2651 3217 2786 3273 data
2845 3215 2982 3274 filiis
3039 3215 3273 3271 licentia
3335 3213 3609 3284 exeundi,
3664 3212 3795 3284 ipse

2135 3305 2322 3363 oculis
2375 3311 2435 3362 et
2491 3305 2757 3363 manibus
2827 3305 2882 3361 in
2953 3305 3166 3360 caelum
3240 3302 3536 3375 porrectis
3594 3307 3655 3357 et
3713 3300 3799 3356 in-

2135 3394 2416 3451 tendebat
2474 3409 2542 3451 ac
2597 3409 2767 3466 quem
2828 3393 3164 3450 festinabat.
3228 3392 3597 3461 Legebantur
3654 3393 3796 3444 ante

2137 3498 2268 3540 eum
2327 3483 2637 3555 passiones
2693 3480 3026 3552 Dominicae,
3091 3480 3376 3537 lectiones
3437 3492 3668 3550 quoque
3725 3492 3799 3534 ex

2140 3575 2350 3642 quarto
2408 3569 2768 3640 dialogorum
2828 3567 3018 3635 libro;
3079 3571 3136 3624 et
3196 3567 3335 3623 felix
3394 3566 3522 3637 ejus
3601 3567 3798 3622 anima

2140 3659 2224 3715 illi
2285 3659 2396 3716 soli
2454 3659 2794 3729 adherebat,
2854 3656 2949 3713 cui
3007 3670 3070 3713 se
3138 3660 3326 3713 totum
3399 3655 3794 3713 commiserat.

2140 3748 2247 3803 Ubi
2307 3761 2448 3804 vero
2507 3746 2665 3818 cepit
2718 3745 2836 3816 jam
2896 3745 2968 3800 ab
3031 3744 3293 3801 inferiori
3355 3748 3520 3816 parte
3573 3758 3799 3814 corpus

2138 3835 2320 3892 emori
2351 3836 2557 3908 (1046),
2579 3839 2910 3892 sanctorum
2945 3832 3224 3904 reliquias
3255 3831 3703 3904 apprehendens
3735 3832 3796 3886 in

2140 3923 2358 3981 lectulo
2388 3923 2560 3994 sedit,
2587 3927 2646 3980 et
2681 3923 2752 3979 ad
2785 3921 2965 3994 pedes
2995 3935 3095 3978 eas
3129 3936 3372 3994 ponens,
3399 3925 3576 3991 atque
3602 3921 3686 3977 uti
3714 3920 3798 3976 vi-

2139 4013 2276 4070 talis
2305 4011 2826 4085 calorzdeficiebat,
2849 4009 3131 4082 paulatim
3154 4025 3252 4068 eas
3274 4010 3644 4083 protrahens,
3671 4014 3798 4066 tan-

2140 4101 2267 4158 dem
2293 4102 2346 4157 in
2371 4106 2609 4174 pectore
2631 4099 2920 4170 substitit,
2936 4102 2992 4156 et
3015 4098 3293 4171 reliquias
3315 4099 3526 4156 ibidem
3551 4113 3679 4155 cum
3709 4113 3798 4153 re-

2140 4189 2439 4260 clinasset,
2457 4189 2746 4260 deposuit.
2772 4187 2816 4244 Ο
2840 4187 3235 4244 admirandam
3261 4187 3371 4244 viri
3392 4186 3793 4245 devotionem!

2142 4277 2186 4334 Ο
2222 4277 2631 4350 predicandam
2661 4275 2789 4348 ejus
2820 4276 2875 4331 in
2908 4276 3178 4333 omnibus
3211 4276 3579 4333 sanctitatem
3613 4277 3626 4330 Ξ
3654 4276 3797 4331 Cum

377 4363 548 4435 peliri
584 4364 999 4423 destinaverat.
1038 4364 1178 4436 (Fel.
1212 4365 1341 4437 92’.)
1373 4367 1440 4420 Et
1467 4365 1583 4435 jam
1635 4366 1692 4421 in
1742 4366 2030 4423 mandatis
2057 4356 2114 4420 D
2143 4380 2283 4438 ergo
2314 4365 2684 4438 reclinasset,
2713 4381 2916 4424 manus
2968 4363 3233 4436 reliquiis
3281 4364 3572 4436 apposuit,
3608 4367 3665 4418 et
3709 4362 3798 4418 sic

383 4451 607 4507 Domini
632 4453 905 4510 assiduus
926 4453 1125 4525 potius
1149 4468 1318 4524 quam
1343 4453 1640 4525 frequens,
1668 4454 1760 4511 die
1784 4457 2030 4526 quadam

384 4552 514 4595 cum
545 4539 788 4597 vidisset
825 4556 998 4598 unum
1033 4541 1104 4598 de
1135 4541 1414 4598 fratribus
1445 4543 1785 4600 monasterii
1810 4544 1903 4600 cui
1937 4559 2033 4600 no-

385 4642 514 4684 men
547 4628 736 4700 Mysac
763 4629 1022 4699 graviter
1063 4634 1298 4686 estuare
1350 4631 1631 4702 febribus,
1667 4636 1729 4688 ut
1757 4633 1916 4704 quasi
1952 4632 2034 4689 in-

382 4716 592 4790 tercipi
616 4717 917 4775 videretur
940 4718 1188 4791 spiritus
1209 4717 1358 4788 ejus,
1383 4734 1609 4776 manum
1637 4718 1796 4777 illius
1821 4721 2028 4793 tenuit,

381 4811 442 4863 et
473 4811 536 4864 ut
566 4807 911 4865 nunciandae
943 4807 1100 4864 horae
1131 4807 1331 4880 cperis
1361 4809 1458 4864 Dei
1494 4809 1718 4878 signum
1754 4809 1920 4865 daret
1945 4824 2034 4866 sa-

380 4909 491 4954 nus
516 4897 706 4955 factus
736 4902 791 4954 et
829 4897 1172 4968 incolumis;
1192 4897 1494 4970 praecepit.
1527 4897 1629 4953 Ille
1679 4898 1735 4953 in
1768 4913 1907 4955 voce
1944 4900 2034 4970 ju-

384 4983 576 5042 bentis
608 4986 794 5044 factus
825 5001 998 5043 sanus
1034 4985 1318 5042 oboedivit
1352 4986 1539 5059 patris
1571 4986 1836 5057 imperio,
1864 4991 1921 5043 et
1947 4987 2032 5044 sic

383 5074 536 5131 omni
569 5076 922 5146 egritudinis
944 5076 1131 5132 caruit
1154 5074 1537 5132 incommodo.
1565 5075 1668 5132 llic
1691 5075 1906 5145 itaque,
1934 5075 2032 5146 qui

385 5163 568 5218 tantis
591 5164 923 5220 abundabat
945 5164 1284 5233 virtutibus,
1312 5162 1646 5219 imminente
1670 5163 1762 5219 die
1783 5164 2034 5219 vocatio-

385 5251 476 5307 nis
504 5249 632 5320 ejus
665 5251 944 5308 decubuit
977 5253 1258 5322 febribus,
1283 5257 1343 5308 et
1371 5241 1573 5308 ultiina
1599 5251 1696 5308 illa
1723 5253 2037 5308 exerceba-

387 5345 487 5396 tur
513 5338 862 5409 egritudine.
885 5338 1048 5405 Quod
1082 5339 1180 5397 ubi
1204 5353 1308 5411 per
1329 5340 1532 5396 urbem
1553 5340 1773 5405 sonuit,
1797 5339 2031 5396 advenit

389 5425 720 5499 episcopus,
741 5423 1152 5482 monachorum
1180 5438 1432 5497 quoque,
1456 5425 1804 5483 clericorum
1829 5429 1882 5481 et
1909 5439 2038 5483 san-

2145 4469 2450 4528 usquequo
2491 4454 2764 4527 Spiritum
2815 4453 3076 4512 Creatori
3129 4452 3424 4523 redderet,
3459 4451 3676 4508 erectis
3725 4449 3798 4506 ad

2141 4547 2318 4601 Deum
2353 4542 2670 4601 luminibus
2702 4543 2936 4600 mansit.
2972 4542 3187 4599 Aderat
3242 4541 3317 4597 ibi
3365 4540 3700 4611 episcopus,
3737 4544 3799 4593 et

2143 4632 2252 4688 viri
2286 4631 2542 4702 religiosi
2579 4647 2724 4702 quos
2757 4631 3120 4701 obligaverat
3146 4644 3305 4686 amor
3322 4633 3381 4684 et
3408 4627 3684 4684 beneficia
3719 4627 3794 4699 pii

2145 4721 2353 4793 patris,
2389 4719 2484 4792 qui
2517 4720 2737 4776 exitum
2771 4719 2898 4790 ejus
2949 4717 3376 4791 praemunibant
3428 4715 3797 4772 orationibus

2145 4809 2440 4866 continuis
2471 4814 2530 4864 et
2558 4807 2903 4879 psalmodia,
2930 4807 3027 4878 qui
3061 4806 3158 4863 vix
3180 4810 3237 4862 et
3263 4819 3417 4876 raro,
3446 4804 3584 4860 licet
3605 4804 3676 4860 ad
3700 4803 3802 4859 ho-

2146 4914 2266 4955 ram
2301 4897 2728 4969 scparabantur
2759 4897 2830 4953 ab
2863 4896 2989 4967 ejus
3021 4894 3355 4967 praesentia,
3391 4909 3461 4950 ne
3498 4893 3801 4962 continge-

2147 4991 2234 5044 ret
2267 4986 2664 5043 cosabsentcs
2687 4999 2820 5042 esse
2843 4985 3072 5056 quando
3096 4999 3125 5040 a
3149 4997 3392 5055 corpore
3417 4982 3699 5052 migraret
3723 4982 3802 5038 fe-

2146 5074 2226 5130 lix
2260 5075 2467 5131 anima.
2502 5073 2889 5131 illucescente
2921 5073 3118 5144 itaque
3151 5072 3244 5128 die
3276 5070 3676 5127 mensis-Junii
3711 5073 3796 5140 14,

2147 5164 2300 5234 quod
2333 5166 2423 5219 est
2458 5165 2524 5220 18
2557 5161 2942 5218 Kalendarum
2965 5160 3142 5232 Junii,
3165 5161 3303 5215 hora
3323 5159 3439 5229 jam
3464 5158 3801 5216 imminente

2145 5249 2353 5320 tereia,
2389 5249 2781 5322 prasentibus
2808 5247 2942 5304 filiis
2990 5247 3142 5316 suis,
3177 5260 3324 5316 quos
3369 5245 3479 5301 loci
3529 5244 3799 5314 angustia

2145 5352 2356 5410 capere
2379 5341 2632 5409 poterat,
2651 5337 2868 5393 ceteris
2886 5337 2940 5390 in
2957 5334 3156 5404 majori
3172 5333 3804 5390 aecclesiaeconsisten-

2150 5426 2308 5484 tibus
2334 5430 2395 5484 et
2422 5426 2788 5496 canentibus,
2815 5428 3019 5482 sancta
3044 5421 3140 5479 illa
3161 5421 3351 5478 animo
3375 5421 3684 5493 corporeis
3707 5434 3805 5477 ne-
