3960 6052
152 276 264 341 265
970 352 973 357 ,
1394 275 1887 365 CHRONICON.
1920 315 1997 330 -
2025 280 2183 345 LIB.
2226 276 2303 345 ιι.
3434 287 3554 350 aee

156 414 327 472 xibus
356 413 650 485 absoluta,
676 415 747 472 ad
767 414 911 472 illud
934 414 1197 487 pervenit
1220 420 1505 473 aeternum
1525 416 1681 488 quod
1703 422 1791 473 est
1824 418 1877 484 Α
1899 421 2120 474 sanctae
2148 417 2340 475 Mariae
2371 422 2611 476 sanctus
2642 418 2969 490 requiescit
2990 420 3339 494 Madelveus,
3360 425 3432 481 ab
3454 438 3550 482 eo-

158 519 330 561 unum
359 508 420 560 et
449 504 841 575 inseparabile
870 505 1107 562 trinum.
1135 506 1350 562 Oculos
1377 506 1561 577 patris
1583 505 1796 563 clausit
1908 506 2037 562 dem
2062 512 2227 578 patre
2253 511 2450 564 nostro
2478 507 3189 580 ibidemtranspositus,et
3208 518 3548 569 reverenter

156 593 873 665 episcopus;polinctores
891 594 1799 667 funeris(l10)Richardus,0dy-
1908 595 2249 653 tumulatus.
2286 598 2532 653 Peracto
2565 612 2703 653 vero
2735 597 3056 669 sepulturae
3085 599 3290 671 oﬁicio,
3330 600 3425 656 ubi
3478 602 3549 657 ab

159 681 381 750 lardus,
417 684 746 753 Stephanus
774 688 833 738 et
860 682 1242 740 Walerannus
1270 685 1515 740 abbates
1539 685 1796 741 fuerunt.
1909 682 2041 740 aliis
2070 684 2388 742 discessum
2420 691 2529 756 est,
2564 685 2635 742 ad
2666 686 3126 758 componendum
3161 687 3269 765 viri
3320 689 3421 753 Dei
3472 688 3563 770 19η

160 770 272 841 [psi
307 785 526 842 corpus
556 771 987 828 sanctissimum
1020 777 1505 843 procuraverunt,
1532 773 1800 830 vestibus
1911 776 2069 828 ctum
2102 774 2388 830 unanimis
2416 789 2478 830 se
2511 773 2761 831 ﬁliorum
2793 774 3060 832 accendit
3095 775 3345 833 devotio.
3382 778 3559 845 Quat-

158 859 410 915 sacratis
453 876 528 915 ex
572 848 731 917 more
782 860 973 917 induit
1017 862 1351 934 episcOpus,
1426 863 1637 934 quibus
1704 862 1803 919 ille
1915 861 2389 933 tuorcolumpnze
2413 877 2750 919 marmoreae
2775 862 3553 936 oooperculosepulchrice-

159 948 341 1004 voluit
373 953 434 1004 et
464 950 765 1021 praecepit,
803 952 900 1021 qui
931 951 1064 1007 vilia
1095 966 1324 1022 queque
1355 951 1675 1022 delegerat,
1702 951 1803 1008 sed
1914 955 2107 1005 mento
2141 950 2292 1007 facto
2322 966 2392 1008 ex
2422 953 2625 1008 eodem
2660 966 2947 1008 marmore
2991 960 3404 1026 conectuntur,
3458 956 3547 1012 his

160 1052 304 1107 quas
336 1038 583 1094 dictavit
603 1052 766 1095 amor
790 1043 1070 1109 paternus
1092 1044 1148 1096 et
1174 1040 1409 1097 devotio
1442 1040 1807 1097 sanctissima

160 1130 215 1180 et
245 1126 445 1182 debita
480 1128 648 1197 (111).
685 1127 986 1199 Reliquiae,
1023 1144 1168 1199 quas
1200 1144 1379 1200 super
1403 1132 1608 1200 pectus
1640 1143 1807 1185 suum

162 1215 288 1286 ipse
318 1216 712 1285 commiserat,
752 1216 956 1274 induto
987 1232 1055 1273 eo
1086 1218 1270 1274 sacris
1301 1219 1587 1289 vestibus,
1631 1233 1807 1290 supra

161 1309 368 1374 peetus
399 1305 528 1374 ejus
560 1307 839 1377 repositae
870 1311 1024 1363 sunt.
1059 1307 1287 1364 Elatum
1317 1323 1456 1379 ergo
1480 1309 1653 1365 funus
1680 1309 1811 1364 bea-

159 1391 453 1449 tissimum
487 1393 871 1463 bajulantium
902 1396 1187 1466 manibus,
1232 1412 1361 1452 cum
1408 1398 1483 1453 ob
1530 1397 1809 1469 impetum

160 1480 358 1552 populi
383 1483 759 1539 occurrentis
777 1486 833 1538 et
858 1484 1190 1554 plangentis
1213 1486 1487 1542 obserata
1512 1490 1667 1542 esset
1702 1502 1812 1543 iec-

157 1567 359 1639 clesia,
386 1575 521 1626 ante
544 1569 728 1627 altare
753 1572 941 1628 sancti
968 1573 1125 1628 Petri
1140 1574 1394 1644 positum
1411 1579 1498 1631 est
1528 1593 1539 1628 :
1561 1576 1655 1631 ubi
1679 1576 1811 1632 mis-

1921 1038 2172 1109 desuper
2205 1039 2402 1095 tabula
2433 1054 2752 1096 marmorea
2784 1042 3151 1112 praigrandis
3184 1042 3311 1114 ipso
3348 1043 3553 1101 eodem

1918 1132 2184 1183 cemento
2214 1128 2570 1199 adjungitur,
2604 1132 2661 1185 et
2686 1129 2769 1185 sic
2792 1131 3046 1201 desuper
3066 1131 3419 1202 cooperculo
3446 1148 3561 1188 ma-

1921 1216 2094 1271 ceriae
2124 1215 2486 1287 aliquantum
2514 1218 2899 1289 construitur,
2928 1224 2985 1273 et
3020 1218 3208 1275 solido
3252 1220 3555 1278 bituminis

1919 1304 2171 1374 gluttine
2202 1305 2506 1365 solidatur.
2538 1307 2768 1365 Tabula:
2801 1323 2939 1363 vero
2970 1308 3025 1363 in
3056 1308 3238 1365 altum
3265 1315 3553 1382 porrectae

1921 1391 2164 1450 linteum
2188 1394 2523 1466 imponitur,
2545 1399 2602 1451 et
2624 1398 2677 1451 ei
2704 1395 2939 1467 pallium
2966 1397 3407 1468 superadditum
3431 1403 3557 1467 est;

1921 1486 1982 1539 ut
2015 1484 2243 1540 cunctis
2261 1484 2639 1541 cernentibus
2660 1490 2931 1556 patenter
2954 1487 3128 1542 detur
3152 1487 3400 1558 intelligi
3425 1503 3556 1544 eum

1922 1574 2112 1643 magni
2145 1589 2274 1631 esse
2307 1575 2520 1646 meriti,
2553 1575 2722 1644 cujus
2750 1590 2965 1647 corpus
3003 1576 3087 1632 sic
3136 1576 3454 1634 honoratur
3502 1578 3559 1634 in

161 1671 218 1712 sa
249 1671 279 1713 a
314 1659 598 1729 pontiﬁce
623 1660 941 1730 celebrata,
976 1661 1229 1718 tamdcm
1258 1668 1444 1734 portae
1470 1665 1807 1721 monasterii
1918 1663 2114 1719 terris.
2150 1665 2221 1719 Et
2252 1664 2477 1721 merito.
2514 1664 2677 1730 Quod
2697 1666 2849 1721 enim
2877 1665 2982 1720 fuit
3004 1665 3130 1734 ejus
3156 1666 3211 1721 in
3234 1666 3413 1723 terris
3435 1670 3558 1723 stu-

160 1753 382 1818 apertte
415 1754 575 1819 sunt,
608 1755 665 1806 et
697 1766 835 1807 ecce
861 1752 1570 1824 populusinnumerabilis
1595 1755 1810 1811 utrius-
1841 1734 1889 1799 Β
1920 1750 2098 1822 dium,
2129 1752 2237 1809 nisi
2270 1754 2446 1809 Deum
2478 1752 2742 1824 diligere,
2775 1759 2829 1809 et
2863 1760 3099 1810 sanctos
3115 1753 3243 1824 ejus
3265 1757 3564 1839 venerari,

160 1850 271 1907 que
300 1851 483 1894 sexus
512 1842 571 1894 et
602 1840 828 1896 ordinis
859 1841 1027 1898 irruit
1060 1858 1191 1898 cum
1214 1840 1472 1898 lacrimis
1493 1847 1550 1898 et
1576 1842 1804 1901 ululatu
1914 1845 1975 1896 et
1994 1841 2316 1898 zecclesiam
2342 1843 2438 1899 Dei
2458 1858 2668 1899 ornare
2691 1843 3565 1915 decorecompetenti?Necmi«-

159 1924 379 1982 cordis.
415 1926 557 1997 (Fol.
590 1930 704 1999 93.)
738 1928 913 1986 Plena
945 1936 1075 1987 erat
1102 1929 1367 1987 :ecclesia
1409 1931 1802 2004 lacrimarum,

160 2029 362 2072 omnes
390 2016 449 2071 in
480 2032 783 2074 commune
817 2019 895 2090 pii
928 2020 1112 2091 patris
1139 2019 1431 2077 deﬂebant
1463 2021 1705 2091 obitum,
1740 2036 1808 2078 ac

163 2104 210 2159 si
241 2104 518 2161 viderent
549 2107 847 2164 imminere
882 2108 1180 2167 interitum
1215 2110 1438 2181 patriae.
1477 2111 1522 2166 Ο
1554 2116 1809 2182 quantus

165 2192 365 2250 luctus
394 2195 646 2253 omnium
673 2198 687 2251 !
721 2202 935 2268 quanta
968 2202 1109 2255 totae
1140 2200 1269 2255 urni
1302 2200 1562 2257 mestitia
1590 2202 1602 2256 !
1637 2215 1808 2271 quam

164 2282 250 2353 pia
284 2288 419 2339 erat
452 2285 523 2340 de
555 2286 681 2357 ejus
707 2286 871 2343 obitu
901 2289 1235 2360 compassio
1262 2291 1273 2345 !
1309 2295 1523 2361 quanta
1555 2290 1808 2347 omnium

165 2371 484 2429 destitutio
511 2377 523 2429 !
557 2375 633 2431 Ea
657 2374 781 2432 dies
812 2381 936 2434 tota
971 2378 1076 2438 fuit
1100 2380 1441 2451 gemituum,
1468 2384 1590 2436 tota
1616 2381 1811 2452 planc-

161 2460 478 2527 tuum.Qua
501 2462 1053 2537 advesperascente,
1081 2482 1298 2539 corpus
1318 2468 1718 2526 beatissimum
1740 2469 1811 2525 ad

160 2551 548 2624 principalem
571 2554 897 2613 :ecclesiam
913 2561 1133 2614 sancta:
1151 2559 1341 2617 Mariae
1356 2574 1386 2615 a
1413 2559 1693 2616 fratribus
1718 2560 1815 2615 de-

166 2639 369 2712 latum,
390 2642 608 2698 debitis
632 2645 959 2715 vigiliarum
983 2651 1038 2703 et
1072 2647 1408 2719 psalmodiaa
1427 2649 1631 2705 ofﬁciis
1644 2653 1814 2705 nocte

166 2728 287 2801 ipsa
321 2731 398 2785 ab
428 2734 876 2792 excubitoribus
909 2735 1257 2793 honoratum
1290 2742 1403 2793 est.
1449 2741 1506 2793 1n
1553 2739 1814 2795 crastino

166 2818 342 2875 missa
367 2819 751 2892 solempniter
772 2823 1069 2881 celebrata
1086 2840 1114 2881 a
1129 2826 1446 2896 canonicis,
1465 2842 1568 2899 per
1591 2826 1815 2898 reliqua

164 2907 327 2964 urbis
361 2911 716 2967 monasteria
752 2912 1124 2984 deportatum
1158 2920 1271 2985 est,
1305 2919 1366 2971 et
1389 2916 1603 2985 vigiliis
1633 2916 1813 2972 missa

161 3009 407 3067 rumque
421 2997 759 3069 solempniis
775 3000 971 3058 debita
987 3003 1350 3060 ol’ﬁciositate
1366 3004 1809 3075 percelebratis,

163 3082 398 3140 tandem
428 3084 500 3141 ad
537 3089 951 3146 monasterium
982 3105 1149 3148 suum
1180 3091 1428 3148 relatum
1452 3097 1561 3163 est,
1592 3097 1651 3148 et
1677 3091 1812 3148 ﬁliis

158 3168 503 3230 dolentibus
525 3180 586 3230 et
608 3175 679 3232 de
703 3182 889 3234 morte
911 3178 1037 3249 ejus
1058 3181 1422 3237 merentibus
1445 3182 1806 3238 restitutum.

156 3258 324 3317 Venit
355 3276 499 3332 ergo
534 3263 660 3321 dies
693 3268 969 3339 crastina,
1004 3271 1061 3324 et
1094 3283 1229 3325 ecce
1272 3270 1390 3326 fere
1422 3271 1579 3327 circa
1613 3270 1811 3329 horam

163 3350 406 3407 terciam
438 3359 794 3424 congregata
824 3362 913 3413 est
942 3362 1064 3414 tota
1087 3358 1296 3415 civitas
1319 3358 1390 3416 ad
1413 3359 1811 3431 sepeliendum

163 3437 348 3496 illum.
383 3441 613 3499 Missam
646 3444 969 3503 celebravit
1003 3448 1338 3520 episcopus,
1366 3462 1812 3520 sermonemque

164 3528 369 3605 habuit
407 3531 478 3586 ad
512 3533 786 3603 populum
819 3536 891 3591 de
925 3537 1321 3594 mutabilitate
1350 3539 1488 3595 vitae
1517 3538 1712 3609 hujus,
1754 3542 1813 3595 et

166 3618 428 3690 qualiter
441 3620 498 3676 in
513 3621 659 3679 hanc
675 3623 1019 3694 plorationis
1032 3626 1353 3683 convallem
1374 3628 1814 3696 devenerimus;

168 3708 301 3779 quis
329 3708 410 3766 sit
434 3708 565 3766 linis
590 3711 890 3785 bonorum,
919 3715 1121 3785 quisve
1144 3715 1459 3781 malorum;
1485 3731 1614 3787 quae
1639 3716 1811 3773 fuerit

164 3797 355 3867 patris
389 3798 530 3870 vita,
557 3815 714 3856 mors
738 3816 907 3872 quam
932 3804 1216 3874 preciosa.
1243 3805 1386 3861 Hinc
1408 3805 1815 3877 percelebrato

163 3885 380 3956 oﬁieio,
404 3885 581 3945 dictis
602 3890 970 3949 orationibus
988 3892 1404 3965 solempnibus,
1423 3895 1492 3951 ad
1511 3894 1700 3952 locum
1727 3910 1817 3952 se-

162 3974 425 4043 pulturae
460 3976 603 4033 itum
634 3983 743 4035 est.
780 3980 848 4035 Et
881 3979 1018 4037 licet
1047 3982 1192 4039 solis
1224 3984 1605 4054 exequiarum
1652 3983 1815 4040 mini-

158 4062 304 4119 stris
333 4070 396 4120 ct
429 4065 639 4136 bajulis
670 4068 889 4126 funeris
918 4085 1048 4127 cum
1081 4071 1172 4128 his
1210 4072 1307 4142 qui
1360 4073 1544 4130 ofﬁcia
1597 4074 1814 4130 dabant

157 4152 510 4222 permissum
533 4156 613 4211 sit
637 4157 884 4230 ingredi,
904 4160 1121 4217 ceteris
1142 4161 1294 4217 intra
1309 4161 1585 4232 majorem
1607 4162 1812 4219 acele-

158 4239 307 4297 siam
326 4244 597 4314 retentis,
619 4249 782 4302 tanta
806 4250 998 4304 tamen
1020 4249 1129 4306 fuit
1146 4250 1594 4321 obsequentium
1619 4251 1811 4309 multi-

156 4328 328 4400 tudo,
354 4336 422 4387 ut
441 4332 749 4405 fenestras,
776 4336 990 4407 quibus
1019 4337 1213 4396 lumen
1247 4340 1455 4411 criptaa
1476 4341 1814 4399 infundeba-

163 4423 278 4491 tur,
304 4421 380 4477 ob
405 4424 801 4494 captatiouem
825 4427 979 4483 aeris
1001 4428 1217 4485 auferri
1234 4430 1815 4502 necessitasimpule-

164 4508 258 4564 rit.
295 4508 584 4568 Vincebat
617 4512 768 4570 diem
819 4513 1099 4573 luminum
1150 4517 1483 4591 multitudo,
1520 4524 1578 4575 et
1621 4521 1814 4578 fumus

163 4596 387 4655 incensi
418 4605 480 4657 et
514 4600 886 4661 thimiamatis
910 4608 1089 4661 totam
1113 4606 1446 4678 repleverat
1467 4607 1811 4666 aeeclesiam.

161 4686 343 4743 Tanta
365 4692 496 4745 erat
518 4690 771 4746 omnium
794 4706 930 4762 erga
955 4694 1142 4765 patris
1157 4696 1517 4766 sepulturam
1541 4696 1811 4754 devotio!

162 4776 416 4835 Humato
448 4777 649 4849 itaque
678 4780 973 4837 mitissimi
1006 4782 1116 4838 viri
1139 4798 1407 4857 corpore,
1434 4786 1697 4843 clausum
1719 4789 1810 4842 est

154 4866 519 4939 sepulcrum,
554 4874 614 4925 et
648 4869 841 4925 solido
867 4876 1136 4928 cemento
1162 4875 1592 4945 perjuncturas
1619 4876 1805 4934 litum.

148 4953 536 5025 Resquiescit
555 4962 748 5013 autem
768 4957 823 5012 in
843 4958 1034 5031 cripta
1056 4962 1441 5020 subterranea
1463 4970 1596 5021 ante
1621 4965 1809 5023 altare

146 5049 371 5101 sanctae
394 5046 496 5100 Dei
516 5046 827 5116 genitricis
848 5049 1040 5106 Mariae
1062 5056 1121 5107 et
1144 5052 1809 5111 sanctiJohannisevan-

148 5130 406 5205 gelistze,
433 5139 494 5190 et
517 5150 701 5208 super
724 5152 854 5195 eum
878 5140 1065 5211 majus
1088 5138 1273 5197 altare
1296 5142 1483 5199 sancti
1508 5142 1664 5199 Petri
1690 5149 1804 5201 sta-

148 5218 383 5282 bilitum
405 5235 518 5283 eSt.
544 5226 606 5284 In
629 5227 831 5285 eadem
856 5230 1044 5301 cripta
1060 5231 1272 5287 subtus
1287 5230 1474 5289 altare
1494 5233 1801 5304 praefatum

1919 1945 2043 1987 rum
2068 1930 2115 1987 si
2149 1945 2178 1986 a
2212 1930 2349 1987 filiis
2372 1931 2723 2002 propensius
2744 1931 3083 2003 honoratur,
3109 1947 3255 2002 quos
3275 1932 3447 1990 scivit
3473 1948 3560 1991 re-

1916 2033 2075 2091 gere,
2099 2024 2154 2075 et
2183 2034 2385 2090 regere
2403 2019 2720 2077 secundum
2743 2026 3003 2077 nostram
3021 2020 3415 2093 disciplinam,
3432 2037 3561 2093 quae

1919 2123 1992 2164 ex
2016 2108 2345 2165 Christiana
2372 2109 2499 2180 lege
2521 2109 2850 2179 descendit,
2873 2114 2929 2167 et
2957 2109 3026 2166 ad
3054 2111 3229 2166 Deum
3253 2110 3433 2167 ducit.
3458 2112 3564 2168 Rc-

1922 2197 2144 2269 quievit
2166 2203 2360 2254 autem
2392 2198 2482 2255 hic
2509 2203 2674 2270 pater
2695 2203 2896 2256 noster
2917 2213 2967 2254 a.
2994 2199 3066 2254 ab
3090 2198 3368 2255 inc.Dom.
3399 2203 3557 2271 1046,

1923 2288 2223 2359 regiminis
2263 2287 2353 2344 sui
2401 2303 2551 2345 anno
2596 2288 2686 2359 42,
2739 2292 3020 2358 regnante
3069 2288 3248 2344 terris
3290 2288 3562 2347 Heinrico

1924 2376 2172 2433 Conradi
2205 2375 2343 2432 ﬁlio.
2380 2376 2713 2447 Supervixit
2744 2389 2880 2432 vero
2902 2376 3214 2448 episcopus
3237 2376 3564 2434 Richardus

1924 2480 2105 2537 usque
2133 2465 2202 2521 ad
2233 2465 2947 2535 mensem‘Novembrium,
2979 2470 3040 2521 et
3068 2465 3213 2521 obiit
3238 2471 3271 2523 8
3294 2466 3429 2522 ldus
3454 2467 3559 2522 No-

1924 2555 2135 2624 vemb.,
2162 2554 2315 2611 sicut
2337 2555 2459 2625 ipse
2484 2569 2513 2609 a
2536 2560 2702 2625 patre
2726 2568 2831 2610 suo
2855 2554 3173 2624 quesierat,
3198 2569 3329 2611 cum
3352 2554 3405 2610 ei
3425 2569 3560 2612 ocu-

1924 2644 2012 2700 los
2033 2643 2335 2700 clauderet
2360 2644 2529 2715 (112).
2546 2645 2641 2714 Si,
2668 2643 2875 2714 inquit,
2881 2643 3156 2715 φαῖεναῶ
3165 2644 3557 2715 Dmmvadis,

1923 2735 1985 2791 et
1995 2732 2610 2806 eiplacetobsequimn
2621 2747 2736 2804 quo
2748 2733 2803 2789 ei
2814 2734 3078 2804 seruisti,
3093 2732 3289 2791 obtine
3298 2735 3368 2790 ut
3376 2747 3563 2791 unum

1925 2838 2149 2882 annum
2176 2838 2292 2880 non
2309 2823 2422 2881 tibi
2439 2823 2813 2895 supereivam
2832 2824 2900 2880 in
2919 2823 3025 2880 hoc
3043 2824 3257 2894 seculo,
3282 2824 3432 2894 quia
3451 2821 3563 2881 tibi

1922 2914 2198 2972 commori
2210 2926 2393 2983 quam
2403 2912 2883 2984 eicerepmopto.
2901 2912 3158 2982 Dixerat,
3176 2915 3233 2967 et
3249 2911 3564 2968 exauditus

1923 3007 2032 3073 est,
2060 3002 2413 3072 additusque
2438 3001 2702 3074 patribus
2725 3001 2867 3058 suis.
2896 3001 3070 3070 Cujus
3091 3014 3309 3072 corpus
3322 3013 3452 3057 cum
3469 3014 3568 3073 pa-

1925 3097 2125 3149 rentes
2149 3093 2315 3162 juxta
2348 3106 2567 3162 corpus
2593 3090 2702 3146 viri
2727 3090 2826 3145 Dei
2860 3089 3095 3161 sepeliri
3118 3089 3508 3160 mandassent,
3534 3104 3563 3145 a

1922 3181 2219 3238 canonicis
2252 3180 2305 3237 vi
2330 3184 2641 3251 retentum,
2668 3184 2726 3236 et
2751 3179 2807 3235 in
2829 3179 3091 3236 :ecclesia
3116 3183 3335 3235 sancta:
3373 3177 3563 3235 Mariae

1923 3270 2160 3341 majoris
2190 3269 2485 3341 sepultum
2517 3273 2631 3325 est.
2663 3269 2907 3341 (Chron.
2957 3270 3120 3338 Div.)
3150 3266 3364 3323 Eodem
3414 3281 3563 3324 anno

1922 3358 2230 3415 ordinatus
2260 3363 2348 3414 est
2377 3356 2747 3427 Lugdunensi
2777 3355 3046 3413 ecclesiae
3092 3354 3566 3427 archiepiscopus

1923 3446 2171 3504 domnus
2200 3446 2569 3502 llalinardus.
2596 3446 2807 3502 Eodem
2832 3458 3061 3516 quoque
3083 3458 3232 3501 anno
3255 3442 3561 3501 Heinricus

1924 3537 2158 3593 Romam
2182 3537 2306 3607 ivit,
2333 3540 2391 3593 et
2416 3535 2666 3593 concilio
2690 3535 2891 3591 habito
2913 3533 3276 3605 adjectisunt
3295 3547 3567 3606 pervase-

1925 3641 2020 3682 res
2051 3628 2323 3683 Romanae
2345 3625 2653 3695 aecclesize,
2673 3624 2983 3693 Iohannes,
3011 3621 3359 3680 Benedictus
3378 3628 3438 3679 et
3463 3623 3568 3680 Sil-

1923 3721 2123 3772 vester
2150 3733 2163 3781 ;
2188 3720 2248 3771 et
2265 3715 2571 3772 ordinatus
2593 3720 2686 3770 est
2709 3715 2972 3771 Clemens
2995 3727 3162 3785 papa,
3188 3727 3217 3768 a
3243 3717 3424 3784 quoet
3443 3713 3565 3786 ipse

1924 3820 2198 3862 coronam
2232 3804 2489 3876 suscepit
2523 3803 2772 3876 imperii.
2807 3803 2874 3858 Et
2903 3804 3108 3859 eodem
3128 3804 3279 3859 anno‘
3298 3804 3566 3860 Clemens

1924 3894 2091 3966 obiit,
2124 3898 2182 3950 et
2214 3896 2496 3951 Damasus
2546 3892 2853 3951 successit.
2894 3892 3167 3963 Regimen
3194 3906 3425 3964 quoque
3443 3891 3569 3948 Vir-

1923 3983 2201 4040 dunensis
2229 3983 2479 4040 coenobii
2514 3981 2889 4038 Walerannus
2911 3981 3195 4052 suscepit,
3215 3980 3453 4038 homoin
3476 3994 3566 4038 se-

1922 4072 2055 4130 culo
2084 4071 2503 4141 nobilissimus,
2539 4070 2804 4127 Gelduini
2836 4069 3069 4126 comitis
3112 4068 3310 4138 ﬁlius;
3357 4069 3455 4141 qui
3508 4069 3563 4125 in

1924 4161 2079 4219 bello
2103 4160 2257 4234 apud
2278 4162 2386 4218 Bar
2410 4164 2667 4217 castrum
2692 4159 2747 4214 in
2772 4156 3043 4229 geniculo
3058 4156 3401 4215 vulneratus
3413 4156 3569 4215 clau-

1923 4250 2174 4308 dicabat.
2203 4249 2379 4321 Cujus
2404 4250 2586 4305 frater
2610 4248 2715 4305 fuit
2731 4248 2895 4318 Hugo
2909 4246 3331 4317 Linguoneusis
3345 4246 3569 4319 episco-

1926 4356 2055 4413 pus,
2090 4343 2297 4413 postea
2327 4354 2357 4395 a
2391 4342 2596 4395 sancto
2616 4337 2799 4403 Leone
2822 4337 2911 4408 IX,
2939 4335 2993 4391 in
3017 4334 3287 4392 Remensi
3319 4334 3568 4392 concilio

1925 4429 2253 4503 depositus.
2288 4428 2698 4501 EpiSCOpatum
2732 4430 2924 4483 autem
2946 4424 3372 4482 Virdunensem
3393 4423 3571 4481 Theo-

1930 4516 2166 4574 dericus
2198 4516 2478 4588 suscepit,
2513 4512 2839 4570 Wezelonis
2883 4511 3114 4570 comitis
3158 4511 3353 4580 ﬁlius;
3401 4510 3570 4583 cujus

1929 4606 2116 4678 primo
2149 4603 2582 4662 benedictionis
2602 4618 2752 4661 anno
2776 4601 3055 4675 templum
3080 4608 3300 4660 sanctae
3323 4601 3516 4659 Mariae
3540 4616 3571 4658 a

1928 4696 2073 4753 duce
2096 4694 2409 4751 Godefrido
2430 4696 2487 4751 et
2522 4691 2804 4750 Balduino
2829 4706 3172 4750 succensum
3187 4696 3277 4748 est
3299 4690 3419 4763 (fol.
3437 4688 3568 4761 93’),

1923 4799 2060 4843 vasa
2091 4799 2255 4841 sacra
2289 4781 2503 4853 ablata,
2536 4780 2866 4852 civitasque
2898 4780 3203 4838 destructa
3225 4783 3259 4837 8
3281 4777 3401 4836 Kal.
3427 4779 3564 4834 Nov.

1996 4874 2203 4947 (1047.)
2237 4873 2479 4941 Quantae
2508 4886 2649 4929 vero
2678 4870 2832 4944 apud
2865 4869 3024 4927 illius
3054 4868 3161 4926 :evi
3193 4869 3456 4925 homines
3478 4866 3571 4924 hic

1923 4968 2093 5040 pater
2116 4968 2322 5020 noster
2339 4961 2526 5033 gratia
2549 4961 2649 5018 Dei
2682 4957 3143 5017 honoriﬁcentize
3169 4956 3365 5027 fuerit,
3390 4955 3570 5013 Theo-

1928 5053 2166 5111 dericus
2184 5051 2589 5108 Basiliensium
2614 5050 2950 5123 episcopus,
2965 5046 3055 5103 vir
3068 5044 3266 5104 multae
3279 5045 3570 5103 auctorita

1924 5144 2003 5201 tis
2040 5147 2098 5199 et
2126 5142 2355 5215 gratiae,
2388 5155 2493 5199 suo
2526 5141 2581 5196 in
2615 5140 2770 5198 facto
2801 5136 3083 5197 ostendit.
3110 5136 3215 5205 Qui
3240 5150 3370 5194 cum
3397 5134 3455 5193 in
3479 5134 3575 5193 de-

1925 5233 2193 5291 ducendo
2225 5246 2377 5291 novo
2408 5229 2683 5304 episcopo
2713 5228 2863 5301 (113)
2897 5226 3217 5285 Virdunum
3257 5225 3471 5284 missus
3505 5223 3576 5281 ab

1752 5350 1799 5405 N
1804 5349 1977 5411 OTIE.

224 5434 379 5507 (110)
417 5435 525 5504 Qui
559 5441 824 5508 mortuos
855 5438 1143 5493 curabant
1175 5443 1234 5493 et
1266 5438 1620 5508 unguebant.

235 5508 393 5579 (111)
426 5511 602 5565 Gesta
630 5507 788 5579 Vird.
824 5513 909 5565 10.

227 5578 381 5655 (112)
412 5578 783 5651 Gestaj’ird.
818 5583 902 5637 10.
939 5579 1070 5637 Vita
1105 5578 1375 5636 Richardi
1407 5585 1493 5637 20.

402 5681 673 5743 ΡΑτιιοι..
705 5676 912 5740 CLIV.

2004 5457 2153 5530 (113)
2194 5454 2550 5513 Theoderico
2604 5452 2830 5511 scilicet
2881 5467 3029 5510 anno
3080 5452 3217 5508 1017
3244 5468 3258 5517 ;
3298 5451 3370 5508 cf.
3419 5451 3579 5507 Heri-

1935 5546 2125 5603 manni
2158 5553 2298 5616 Aug.
2334 5545 2543 5602 Chron.

3121 5675 3163 5735 9
