3960 6052
358 288 476 365 2'67
1314 278 1684 357 Hueom's
1710 274 2080 354 ‘ABBATIS
2120 280 2800 354 FLAVINIACENSIS
3638 286 3756 352 268

362 436 716 506 imperatore
742 431 1021 500 venisset,
1053 431 1111 483 et
1141 432 1299 484 esset
1325 427 1377 483 ei
1410 427 1645 484 devotio
1672 425 1858 483 sancti
1891 424 2001 481 viri
2028 428 2076 492 Α
2112 438 2216 480 nec
2249 422 2319 479 ad
2343 422 2594 480 medium
2619 424 2830 494 nostis,
2854 422 2986 493 quia
3011 422 3102 478 vir
3116 422 3303 492 gratia
3327 420 3427 477 Dei
3453 421 3756 480 inlumina-

366 523 743 594 sepulchrum
778 518 1047 586 invisere,
1082 514 1212 573 cu'm
1241 520 1373 571 ante
1404 517 1638 572 tumban
1691 528 1894 584 magna
1942 527 2003 571 se
2112 519 2211 569 tus
2233 511 2549 568 humilitati
2570 512 2801 570 studuit
2822 517 2879 568 et
2901 511 3137 580 vilitati,
3163 525 3268 566 nec
3284 515 3449 567 actus
3473 525 3759 583 suospro-

366 610 733 668 lacrimarum
759 606 1115 664 contritione
1139 608 1472 673 mactasset,
1501 601 2005 659 rememoransde-

364 700 549 757 functi
573 698 849 769 pietatem
876 695 1255 752 sobrietatem
1272 698 1327 748 et
1346 691 1867 760 mansuetudinem,
1885 690 2007 762 pal-

364 789 443 844 lio
469 786 896 860 pretiosissima
920 783 1111 840 crocei
1137 781 1628 837 coloristumbam
1645 780 1825 851 ipsam
1843 780 2006 835 ador-

365 877 543 947 navit,
578 882 638 932 ut
674 874 883 931 affectu
918 872 1044 943 ipso
1076 874 1401 926 testaretur
1431 869 1804 925 dilectionem
1834 883 2004 939 quam

365 966 497 1021 vivo
520 966 828 1021 exibuerat
853 963 1081 1016 mortuo
1107 974 1168 1014 se
1194 973 1425 1029 quoque
1448 972 1561 1014 non
1574 957 2006 1028 negare;immo

368 1051 735 1126 propensiori
766 1065 894 1106 eum
925 1048 1086 1104 cultu
1118 1048 1543 1119 dignissimum,
1576 1048 1877 1118 quemjam
1903 1062 2006 1103 suo

364 1142 640 1197 Dominus
662 1137 884 1209 gremio
907 1137 1263 1192 confoveret.
1293 1137 1537 1206 Ceperat
1557 1135 1671 1205 jam
1689 1136 2005 1191 tunelocus

368 1230 464 1284 ille
485 1228 686 1284 multis
700 1227 927 1282 clarere
944 1224 1263 1295 miraculis,
1284 1229 1341 1280 et
1357 1225 1412 1279 in
1429 1224 2004 1280 febricitantestanta

366 1317 733 1374 curationum
769 1314 1189 1371 refundebatur
1218 1313 1428 1383 gratia,
1459 1315 1518 1369 ut
1545 1312 1815 1383 quisquis
1838 1312 2007 1368 adve-

366 1405 547 1462 nisset
575 1405 682 1461 hoc
719 1403 992 1459 laborans
1026 1402 1411 1471 incommodo,
1447 1401 1542 1457 ubi
1577 1415 1778 1471 parum
1797 1400 2009 1457 obdor-

366 1494 591 1562 misset,
619 1492 891 1548 sanitatis
915 1491 1208 1561 potiretur
1230 1489 1527 1560 suffragio,
1544 1496 1601 1545 et
1616 1488 2005 1546 rediretomni

364 1580 721 1640 valetudinis
746 1580 936 1650 sopito
958 1577 1245 1634 incendio.
1274 1577 1382 1633 Sed
1409 1579 1545 1648 quid
1571 1593 1883 1649 moramur,
1906 1592 2010 1633 nec

369 1671 681 1727 referimus
712 1668 881 1737 cujus
912 1666 1103 1722 meriti
1135 1665 1397 1735 angelico
1422 1681 1651 1737 quoque
1676 1665 2011 1722 declaratus

2114 600 2253 657 dere
2288 600 2511 669 maluit,
2549 600 2650 656 sed
2683 600 3004 657 occultare.
3041 599 3151 655 Sed
3182 599 3417 655 noveris
3466 600 3599 671 quia
3643 615 3762 657 ma-

2115 704 2287 759 gnum
2323 695 2629 759 patronum
2660 694 2718 745 et
2745 692 2863 746 Deo
2892 688 3261 744 carissimum
3282 687 3669 759 praemisistis,
3696 694 3755 745 et

2117 792 2245 848 qua)
2276 777 2347 833 de
2368 792 2439 833 eo
2457 777 2733 834 dicuntur
2756 792 2892 833 vera
2918 781 3075 848 sunt,
3106 790 3452 847 quamquam
3478 777 3756 848 ampliora

2116 866 2229 922 dici
2265 870 2518 937 possent.
2553 867 2786 923 Placeat
2810 867 2918 922 tibi
2942 866 3177 921 devotio
3205 864 3452 921 filiorum
3475 866 3603 934 ejus
3620 880 3756 936 erga

2117 955 2448 1010 memoriam
2472 955 2618 1024 ejus,
2646 959 2704 1010 et
2730 970 2857 1025 qua;
2880 955 2984 1010 tibi
3012 955 3228 1011 missus
3248 970 3276 1010 a
3292 956 3408 1010 Deo
3421 955 3633 1024 refero,
3651 955 3757 1010 hac

2116 1044 2241 1114 ipsa
2272 1043 2364 1099 die
2395 1044 2662 1099 omnibus
2690 1043 2744 1098 in
2777 1057 3080 1099 commune
3111 1042 3347 1112 edicito,
3377 1046 3441 1097 ut
3462 1042 3753 1113 gaudeant

2116 1131 2187 1187 de
2207 1131 2356 1187 felici
2377 1146 2651 1188 successu
2669 1132 2870 1203 patris,
2889 1146 3057 1202 quem
3077 1132 3291 1187 habent
3309 1131 3756 1201 suffragatorem

2115 1224 2171 1276 et
2208 1221 2480 1276 devotum
2515 1220 2971 1275 interventorem
3003 1220 3060 1275 in
3092 1219 3277 1276 cmlis.
3312 1221 3389 1275 Tu
3434 1220 3630 1290 itaque
3673 1220 3760 1276 his

2116 1309 2188 1364 de
2213 1309 2383 1364 beato
2403 1308 2530 1365 viro
2552 1308 2788 1379 agnitis,
2805 1307 2955 1363 viam
2971 1323 3140 1378 quam
3156 1308 3388 1379 cespisti
3408 1322 3478 1363 ne
3494 1308 3756 1380 deseras,

2118 1397 2552 1453 mortificationi
2575 1398 2786 1469 carnis,
2811 1396 3146 1467 humilitati,
3172 1396 3383 1452 vilitati
3409 1402 3469 1452 et
3489 1397 3758 1453 castimo-

2116 1485 2225 1541 nia;
2249 1485 2507 1555 invigila,
2533 1485 2832 1542 lucrandis
2851 1486 3154 1541 animabus
3175 1500 3412 1556 operam
3429 1485 3523 1556 da,
3541 1490 3604 1541 ut
3626 1501 3759 1542 cum

2121 1573 2231 1630 hoc
2244 1578 2303 1630 et
2318 1573 2449 1630 aliis
2463 1575 2698 1631 doneris
2713 1574 3072 1629 beatitudine
3086 1574 3760 1644 zeternaajocunditatis.»

2195 1663 2342 1734 (Fol-
2363 1663 2472 1733 94.)
2501 1663 2895 1734 Obstupuerat
2921 1663 3010 1717 vir
3028 1664 3348 1732 gratiarum
3374 1662 3428 1717 in
3456 1663 3678 1718 visione
3700 1665 3759 1717 et

368 1759 441 1817 sit
476 1773 609 1815 esse
641 1734 974 1812 testimonio
997 1756 1020 1809 ’ἲ
1045 1734 1269 1811 Etenim
1305 1755 1401 1825 qui
1434 1734 1581 1811 vidit
1613 1754 2010 1810 testimonium
2046 1734 2094 1799 Β
2127 1750 2611 1827 aﬁ‘atu‘angelico,
2635 1756 2849 1806 etcum
2871 1750 3094 1806 videret
3122 1750 3280 1807 illum
3305 1767 3413 1822 pro
3438 1751 3526 1807 bis
3546 1756 3607 1806 et
3630 1751 3761 1807 aliis

371 1846 688 1917 perhibuit,
714 1849 771 1900 et
798 1845 868 1901 de
899 1844 1066 1913 cujus
1088 1843 1205 1898 vita
1239 1858 1349 1898 non
1381 1843 1706 1913 dubitatur,
1739 1843 1867 1913 ejus
1900 1858 2014 1899 me-

368 1935 484 1990 rito
516 1933 854 1990 testimonio
875 1931 1154 1988 creditur.
1183 1933 1375 1987 Beata:
1399 1931 1691 1987 memoriae
1712 1936 1881 2002 pater
1904 1933 2013 1987 Ro-

371 2022 587 2091 dulfus,
620 2021 844 2078 tercius
876 2027 1007 2092 post
1039 2034 1167 2075 eum
1202 2019 1584 2075 successorio
1611 2019 1889 2088 regimine
1911 2035 2015 2077 aec-

369 2110 587 2182 clesiae,
604 2116 661 2167 et
678 2115 737 2166 ut
752 2110 1044 2166 credimus
1057 2107 1427 2164 hereditariae
1442 2108 1775 2165 sanctitatis
1789 2123 2014 2180 posses-

370 2214 488 2270 sor,
524 2215 673 2255 nunc
708 2198 860 2253 felici
897 2199 1105 2253 beatus
1154 2211 1401 2253 excessu
1453 2197 1624 2268 (114),
1675 2197 1772 2253 ubi
1823 2189 2010 2254 locum

370 2290 559 2360 ipsum
589 2287 905 2357 regendum
932 2285 1214 2356 suscepit,
1241 2290 1298 2340 et
1320 2284 1546 2341 audiret
1573 2286 2012 2341 areferentibus

371 2375 550 2433 multa
582 2376 652 2431 de
676 2390 745 2431 eo
771 2375 957 2430 relatu
984 2373 1175 2443 digna,
1199 2373 1426 2429 videret
1443 2388 1671 2443 quoque
1687 2374 2011 2429 unanimem

368 2478 507 2534 erga
539 2464 759 2520 cultum
794 2460 1189 2517 memorialem
1206 2461 1334 2530 ejus
1349 2461 1601 2517 omnium
1618 2462 2007 2533 devotionem,

370 2551 816 2625 amplexabatur
840 2551 1073 2621 quidem
1100 2549 1254 2619 quod
1281 2550 1514 2606 videbat
1539 2554 1594 2605 et
1619 2550 1892 2606 audiebat
1915 2565 2013 2620 ge-

367 2639 651 2697 neraliter
674 2641 745 2695 ab
766 2639 1057 2707 omnibus,
1089 2639 1359 2693 estuahat
1386 2652 1524 2693 vero
1544 2637 1692 2693 intra
1717 2654 1779 2694 se
1798 2639 2008 2709 ipsum,

370 2729 417 2785 si
440 2733 621 2784 tanta;
646 2727 983 2783 sanctitatis
1006 2726 1094 2782 vir
1117 2726 1213 2781 ille
1241 2726 1446 2781 fuisset
1464 2727 1926 2796 utreferehatur,
1953 2731 2011 2781 et

371 2817 537 2887 quasi
567 2817 846 2887 querebat
879 2813 1146 2871 sollicitis
1177 2819 1236 2869 et
1269 2813 1568 2884 dispositis
1588 2815 2007 2883 cogitationum

369 2904 653 2965 excubiis.
685 2904 852 2972 cujus
885 2903 1078 2958 meriti
1112 2901 1264 2973 apud
1293 2905 1470 2958 Deum
1490 2908 1665 2959 esset.
1695 2903 1930 2958 Solebat
1950 2908 2008 2958 et

372 2995 498 3065 ipse
522 2993 591 3050 ad
611 2992 739 3062 ejus
764 2992 1060 3064 sepulchri
1085 2990 1294 3059 locum,
1322 2990 1454 3061 quia
1480 2995 1744 3047 senserat
1773 2991 1851 3046 ibi
1876 2991 2011 3047 faei-

2123 1840 2363 1910 pietatis
2390 1839 2515 1908 ejus
2547 1839 2846 1895 beneficiis
2880 1839 3142 1895 humanae
3184 1839 3487 1909 fragilitati
3527 1838 3763 1896 collatis

2123 1929 2239 1983 Deo
2271 1927 2474 1983 laudes
2500 1928 2811 1997 dicentem,
2838 1931 2895 1982 et
2920 1927 2991 1982 ad
3013 1925 3242 1983 easdem
3265 1941 3325 1983 se
3349 1930 3600 1998 pararet,
3627 1930 3758 1983 toto

2122 2030 2369 2087 corpore
2385 2020 2447 2071 ut
2462 2015 2783 2071 dormiebat
2799 2017 3146 2085 assurrexit,
3164 2020 3243 2085 et,
3260 2015 3544 2085 evigilans
3556 2019 3759 2084 grates

2124 2118 2268 2173 quas
2296 2108 2541 2159 conatus
2574 2104 2762 2160 fuerat
2796 2109 3006 2173 mente,
3036 2104 3149 2174 jam
3182 2104 3373 2159 animo
3405 2108 3462 2159 et
3506 2118 3759 2174 corpore

2126 2191 2405 2263 persolvit
2430 2192 2670 2248 intente.
2688 2194 2803 2248 Nec
2818 2192 3085 2264 apparuit
3103 2192 3358 2261 segnisin
3385 2192 3759 2263 praedicando

2124 2280 2276 2351 quod
2301 2280 2529 2336 viderat
2551 2286 2610 2336 et
2633 2280 2918 2347 audierat,
2945 2280 3116 2335 immo
3137 2280 3401 2336 omnibus
3420 2281 3518 2335 Dei
3544 2279 3755 2335 retexit

2123 2368 2429 2439 magnalia,
2466 2369 2599 2439 quia
2631 2373 2690 2424 et
2721 2370 2873 2439 quod
2901 2374 3134 2438 gratum
3164 2373 3255 2423 est
3284 2369 3504 2424 vidisse
3531 2368 3623 2424 vel
3663 2384 3763 2424 au-

2124 2457 2299 2528 disse,
2315 2458 2544 2527 gratius
2560 2457 2834 2527 refertur,
2852 2462 2907 2512 et
2927 2457 3321 2527 gratissimum
3338 2457 3625 2513 universis
3637 2471 3765 2513 cre-

2125 2546 2324 2612 ditur;
2359 2547 2575 2602 fratres
2609 2561 2839 2616 quoque
2871 2546 3069 2602 audita
3100 2545 3288 2616 patris
3330 2546 3762 2613 magnificentia

2124 2635 2269 2690 tanti
2307 2635 2500 2691 nuncii
2532 2650 2673 2691 voce
2706 2634 3036 2703 testificata,
3068 2633 3272 2690 laudes
3302 2638 3361 2689 et
3390 2633 3612 2702 gratias
3643 2635 3765 2690 Deo

2126 2722 2487 2780 reddidimus
2513 2724 2679 2795 (115),
2706 2725 2966 2793 satisque
2988 2728 3222 2779 cautum
3245 2727 3339 2778 est
3360 2723 3432 2778 ab
3456 2721 3554 2777 illa
3577 2722 3670 2777 die
3702 2727 3764 2777 et

2124 2812 2419 2883 deinceps,
2436 2811 2642 2881 utejus
2666 2812 2935 2868 memoria
2967 2811 3275 2867 devotione
3298 2810 3660 2867 recoleretur
3680 2810 3762 2866 di-

2118 2901 2417 2970 gnissima.
2444 2902 2557 2956 Pro
2579 2900 2669 2955 his
2692 2905 2752 2955 et
2774 2900 2904 2956 aliis
2926 2899 3223 2956 beneficiis
3240 2899 3365 2969 ejus
3381 2899 3761 2955 benedicatur

2123 3003 2328 3044 nomen
2360 2988 2583 3043 Domini
2613 2989 2669 3042 in
2701 2988 2893 3044 secula
2972 3031 2984 3042 .
3020 2988 3174 3043 Vivit
3202 2987 3390 3043 adhuc
3424 2991 3482 3042 et
3515 2987 3669 3043 vivet
3702 2987 3758 3042 in

373 3040 387 3049 .
414 3040 496 3049 .-ν
522 3040 591 3050 η
614 3040 739 3062 ην-
764 3040 824 3048 ην
878 3040 1060 3048 -------
1087 3040 1294 3059 ---_---,
1326 3040 1454 3061 νη
1480 3040 1741 3047 --η-η--
1773 3040 1851 3046 η-
1876 3040 1986 3047 -_--
2360 3040 2391 3043 _
2702 3040 2893 3044 --η-η
2973 3040 2982 3042 ἡ
3432 3040 3475 3042 _,
3621 3040 3665 3042 __

371 3040 455 3138 les
483 3082 817 3139 orationum
836 3040 1190 3152 rproventus,
1218 3080 1577 3136 creberrime
1595 3094 1763 3136 orare
1786 3085 1845 3136 et
1870 3080 2012 3136 mul-
2040 3040 2088 3106 δ
2126 3077 2324 3133 secula
2345 3077 2500 3133 beati
2525 3076 2633 3132 viri
2658 3077 3111 3148 meritum(116),
3130 3076 3761 3147 etquamdiuvolvetur

369 3172 548 3228 toties
578 3175 929 3242 pernoctare
959 3189 970 3223 :
1004 3184 1132 3225 cum
1166 3183 1303 3224 ecce
1336 3182 1445 3224 una
1481 3173 1655 3224 nocte
1688 3173 1824 3240 post
1861 3169 2013 3225 cele-

371 3260 696 3314 brationem
733 3257 1097 3313 nocturnalis
1126 3257 1366 3327 synaxis
1393 3272 1524 3313 cum
1557 3256 1773 3313 ibidem
1806 3258 2011 3315 solitas

369 3349 485 3403 Deo
515 3346 787 3403 redderet
821 3346 1117 3415 excubias,
1151 3346 1257 3401 hac
1281 3360 1410 3402 eum
1430 3346 1789 3415 cogitatione
1813 3347 2011 3418 sepius

373 3440 603 3491 terente
617 3439 675 3490 et
692 3436 762 3491 ab
778 3449 909 3490 sese
925 3434 1290 3504 devolvente,
1309 3449 1545 3490 somnus
1558 3435 1855 3507 paulisper
1869 3435 2013 3492 allu-

370 3525 467 3579 sit.
502 3523 755 3579 Necdum
785 3523 1127 3594 corporales
1160 3524 1216 3578 in
1246 3537 1520 3594 soporem
1548 3527 1717 3579 erant
1751 3526 2008 3595 perfecte

370 3613 638 3681 resoluti,
666 3628 794 3668 cum
822 3611 1253 3668 intellectuales
1275 3612 1431 3668 oculi
1453 3612 1640 3684 aperti
1668 3618 1823 3684 sunt,
1849 3618 1907 3669 et
1933 3615 2011 3670 vi-

371 3702 455 3757 dit
491 3702 600 3758 sibi
628 3707 822 3757 astare
845 3702 1110 3770 angelum
1139 3700 1348 3757 blanda
1374 3715 1434 3758 se
1452 3716 1595 3757 voce
1614 3701 2009 3772 alloquentem

369 3796 425 3845 et
462 3790 749 3845 dicentem
778 3809 789 3843 :
828 3788 984 3844 «Diu
1011 3794 1066 3844 te
1087 3788 1368 3859 cogitatio
1389 3793 1489 3845 tua
1515 3804 1745 3846 morosa
1765 3791 2012 3847 curiosi-

371 3882 493 3934 tate
523 3878 794 3947 detinuit,
823 3882 885 3933 ut
908 3878 1093 3933 scires
1117 3878 1283 3947 cujus
1304 3878 1494 3933 meriti
1520 3878 1612 3933 hic
1633 3878 1801 3949 cujus
1821 3880 2012 3951 sepul-

371 3967 511 4023 chro
534 3966 773 4022 adsistis
796 3973 973 4037 esset,
995 3970 1053 4021 et
1076 3981 1146 4021 ne
1172 3970 1229 4021 te
1254 3966 1478 4022 diutius
1503 3967 1858 4036 fatigandum
1885 3984 2012 4040 pro-

368 4060 543 4125 traat,
578 4056 793 4112 missus
823 4070 947 4111 sum
981 4056 1089 4110 hec
1121 4054 1226 4111 tibi
1259 4055 1554 4126 expedire.
1592 4057 1713 4112 Duo
1764 4062 1897 4113 sunt
1955 4058 2009 4112 in

370 4145 475 4201 hac
499 4145 686 4216 cripta
713 4143 1104 4215 quiescentes,
1130 4147 1188 4200 et
1214 4144 1365 4200 diem
1390 4144 1633 4216 Domini,
1655 4160 1768 4216 quo
1791 4145 2011 4217 duplici

370 4233 519 4290 stola
545 4237 1010 4303 remunerentur,
1032 4236 1436 4304 expectantes,
1458 4234 1551 4289 hic
1575 4234 1757 4290 abbas
1777 4235 2014 4291 Richar-

371 4322 893 4412 dus,etconfessor
908 4322 1122 4379 Christi
1139 4322 2013 4412 przecipuusMadelveus,cujus
2042 4348 2093 4412 D

370 4426 474 4468 vos
504 4411 883 4467 festivitatem
916 4426 1022 4466 suo
1059 4415 1324 4482 tempore
1357 4415 1414 4466 et
1446 4411 1541 4466 die
1570 4411 1817 4484 devotis,
1844 4418 1904 4469 ut
1929 4415 2012 4470 di-

370 4513 544 4569 gnum
577 4503 687 4569 est,
723 4499 1026 4555 honoratis
1058 4499 1298 4555 ciliciis:
1335 4503 1539 4571 utpote
1571 4515 1739 4571 quem
1772 4503 1923 4557 Deus
1955 4502 2007 4557 in

370 4602 613 4645 numero
643 4592 978 4644 sanctorum
1012 4601 1252 4643 suorum
1285 4593 1344 4643 et
1376 4589 1847 4659 sortejustorum
1869 4590 2012 4647 asci-

368 4678 471 4733 vit.
499 4676 743 4746 Etjuste
767 4675 998 4747 quidem
1025 4676 1195 4746 digne
1222 4676 1275 4732 in
1301 4678 1633 4734 memoriam
1652 4679 2013 4736 vertiturho-

369 4766 605 4837 minum,
636 4765 732 4836 qui
763 4764 833 4821 ad
864 4765 1140 4835 gaudium
1174 4766 1403 4821 transiit
1432 4766 1743 4835 justorum.
1780 4767 1881 4822 Hic
1915 4783 2013 4825 au-

368 4860 506 4925 tem,
541 4854 709 4925 cujus
735 4853 902 4909 adsto
932 4854 1266 4925 sepulchro,
1305 4853 1429 4925 pari
1463 4855 1628 4911 vobis
1659 4870 1765 4911 nec
1802 4855 2008 4921 minori

368 4943 677 5000 devotione
694 4942 1057 4999 venerandus
1076 4942 1130 4997 in
1158 4943 1352 5013 terris,
1380 4958 1548 5013 quem
1574 4943 1697 5014 pari
1722 4948 1881 5000 sorte
1906 4960 2009 5001 nec

368 5031 629 5093 inferiori
653 5030 842 5100 gloria
867 5032 1019 5087 Deus
1035 5029 1372 5087 decoratum
1392 5032 1732 5087 sublimavit
1747 5032 1801 5087 in
1815 5048 1902 5089 ccc
1916 5033 2003 5090 lis.

368 5119 541 5177 Multa
575 5120 904 5176 sanctitatis
934 5121 1064 5191 ejus
1095 5120 1242 5176 fama
1285 5120 1342 5175 in
1380 5120 1580 5191 terris,
1614 5135 1783 5192 quam
1816 5126 2008 5178 tamen

2123 3165 2403 3235 seculum,
2440 3179 2671 3237 semper
2697 3166 2823 3235 ejus
2851 3167 3118 3222 meritum
3151 3166 3401 3237 accipiet
3443 3166 3764 3221 incremen-

2120 3260 2265 3311 tum.
2300 3257 2570 3311 Testatur
2592 3254 2699 3310 hoc
2722 3256 3089 3326 Normannia,
3119 3256 3337 3311 fatetur
3358 3258 3415 3310 et
3442 3254 3759 3324 Britannia,

2124 3344 2427 3415 applaudit
2447 3348 2565 3399 tota
2592 3342 2771 3399 Gallia
2795 3344 2981 3415 patris
3004 3359 3280 3415 promens
3301 3343 3606 3413 magnalia,
3633 3357 3762 3413 quae

2122 3437 2340 3504 quanto
2373 3432 2552 3488 letata
2584 3437 2674 3489 est
2701 3433 3050 3503 etjubilavit
3069 3434 3140 3489 de
3165 3433 3613 3490 conservatione
3635 3431 3765 3500 ejus

2124 3520 2488 3579 sanctissima
2523 3520 2657 3577 dum
2685 3525 2847 3577 esset
2880 3521 2934 3577 in
2971 3522 3204 3591 mundo,
3237 3526 3399 3577 tanto
3426 3536 3578 3577 nunc
3601 3519 3766 3576 dolet

2124 3610 2180 3665 in
2213 3614 2401 3666 morte
2430 3610 2556 3681 ejus
2584 3610 2813 3666 sublata
2847 3611 2959 3666 sibi
2993 3617 3108 3667 tam
3143 3610 3331 3666 felicia
3355 3608 3763 3680 contubernia,

2121 3699 2289 3769 cujus
2320 3699 2439 3754 vita
2472 3697 2802 3755 sanctitatis
2832 3703 2956 3754 erat
2999 3699 3322 3769 speculum,
3378 3698 3764 3770 penitentiam

2123 3787 2418 3857 solatium,
2450 3787 2796 3843 merentium
2820 3786 3170 3858 consolatio,
3196 3787 3542 3843 miserorum
3562 3787 3766 3842 defen-

2120 3877 2227 3933 sio.
2264 3877 2433 3932 Luxit
2460 3874 2587 3945 ejus
2618 3875 2839 3932 obitum
2875 3876 3193 3948 imperator
3221 3881 3280 3931 et
3302 3876 3638 3946 cptimates,
3661 3874 3765 3930 de-

2123 3966 2408 4021 ﬂeverunt
2438 3980 2606 4034 reges
2638 3970 2695 4020 et
2726 3965 3055 4035 pontiﬁces,
3092 3965 3305 4020 defecit
3331 3964 3475 4019 tibia
3507 3967 3566 4019 et
3597 3978 3767 4032 orga-

2122 4069 2278 4125 num,
2315 4053 2537 4110 cithara
2570 4058 2631 4109 et
2662 4052 3025 4125 psalterium,
3053 4066 3292 4109 raucum
3318 4057 3515 4108 sonuit
3537 4051 3677 4107 tuba
3701 4056 3764 4106 et

2126 4143 2518 4215 tymphanum.
2555 4140 2824 4197 Ascendit
2858 4140 2927 4196 ad
2962 4142 3137 4196 Deum
3170 4138 3391 4194 clamor
3414 4152 3762 4210 pauperum,

2123 4231 2479 4289 desiderium
2510 4229 2807 4299 egentium
2838 4243 2997 4285 suam
3036 4226 3478 4284 destitutionem
3526 4226 3770 4295 ingemi-

2124 4320 2406 4388 nantium,
2440 4324 2497 4374 et
2525 4323 2587 4375 ut
2611 4332 2773 4387 mage
2798 4316 3049 4386 mireris,
3074 4315 3245 4371 unius
3262 4315 3486 4371 obitum
3511 4314 3765 4372 mundus

2124 4407 2382 4478 deflevit,
2418 4407 2473 4462 in
2507 4422 2621 4477 quo
2671 4410 2833 4462 totus
2879 4406 3014 4460 dum
3064 4404 3288 4459 viveret
3333 4403 3640 4475 requievit.
3691 4405 3763 4459 Et

2123 4510 2471 4568 quamquam
2503 4495 2795 4552 sentirent
2826 4493 3010 4563 magis
3030 4507 3163 4549 esse
3185 4492 3575 4563 gaudendum,
3601 4492 3651 4550 si
3676 4507 3767 4549 ra-

2122 4586 2337 4642 tionem
2361 4585 2450 4641 vis
2468 4583 2691 4640 doloris
2711 4583 3069 4653 admitteret,
3097 4582 3310 4637 ﬂebant
3332 4583 3526 4637 tamen
3559 4581 3767 4653 praeei-

2122 4689 2234 4746 pue
2258 4673 2543 4743 monachi,
2569 4672 2825 4742 virgines
2848 4676 2906 4727 et
2924 4671 3136 4742 viduae,
3158 4670 3305 4727 ordo
3320 4685 3549 4741 quoque
3562 4669 3771 4727 :eccle-

2121 4763 2418 4833 siasticus,
2440 4763 2567 4833 ejus
2593 4760 2870 4833 peculiari
2896 4760 3387 4832 fultipatrocinio,
3403 4758 3614 4815 ﬁrmati
3630 4774 3766 4816 con-

2121 4852 2275 4922 silio,
2311 4850 2563 4908 recreati
2595 4849 2869 4920 alloquio.
2906 4849 2950 4905 Ο
2980 4848 3164 4921 patris
3216 4848 3491 4905 meritum
3540 4847 3765 4904 seculis

2121 4939 2521 5010 memorabile,
2542 4940 2794 5012 posteris
2808 4938 3165 5008 venerabile,
3180 4936 3760 4994 omnibusimitabile.

2120 5031 2346 5088 Laudes
2371 5028 2499 5100 ejus
2531 5027 2689 5084 nulla
2723 5042 2994 5098 umquam
3012 5025 3233 5083 delebit
3254 5025 3492 5095 oblivio,
3517 5039 3627 5080 non
3652 5024 3759 5080 mi-

2119 5123 2259 5177 nuet
2290 5117 2574 5190 temporis
2606 5116 3007 5188 interpolatio,
3040 5130 3155 5173 non
3188 5115 3415 5172 auferet
3444 5114 3516 5169 ab
3540 5128 3643 5171 ore
3664 5127 3765 5169 no-

1723 5252 1959 5308 VARI/E
1998 5251 2397 5311 LECTIONES.

434 5341 500 5374 διο
517 5337 727 5411 pergit
755 5338 963 5397 auctor
977 5338 1118 5411 post
1143 5338 1396 5411 aliquod
1425 5340 1669 5412 tempus.

437 5508 584 5580 (114)
615 5506 774 5561 Sedit
809 5506 1042 5562 biennio
1077 5507 1307 5565 vivente
1332 5507 1647 5579 Grimoldo,
1674 5509 1886 5567 deinde
1912 5524 2008 5565 au-

365 5594 397 5634 n
407 5580 418 5635 i
428 5595 454 5634 S
487 5581 804 5635 1078-1099.

1942 5374 2176 5469 ΝόΤΑε.

2217 5508 2340 5577 115)
2370 5509 2535 5577 Hugo
2567 5505 2757 5577 igitur
2780 5505 3000 5577 aderat.

2217 5514 2318 5566 115
2370 5509 2535 5577 Hugo
2567 5508 2748 5576 igitur
2780 5508 3000 5561 aderat.

2190 5508 2340 5652 ἕηδέ
2381 5580 2441 5633 ln
2470 5576 2857 5648 sequentibus
2887 5572 3189 5644 rhythmos
3218 5586 3490 5645 agnosco.
