3960 6052
157 338 269 400 269

1305 329 1801 402 CHRONICON.
1846 371 1925 384 —
1966 337 2119 400 LIB.
2168 328 2242 400 II.

3432 336 3550 403 2'70

157 479 296 544 stro,
316 477 379 531 et
399 473 448 531 si
472 471 708 544 gravior
727 470 1115 529 excandescat
1134 470 1188 527 in
1210 486 1318 528 nos
1338 486 1674 543 quamnunc
1696 473 1787 527 est
1814 474 1867 539 Α
1894 469 2163 542 intelligi,
2194 470 2243 528 si
2278 471 2427 528 fama
2457 471 2611 529 votis
2642 471 2967 543 annuisset,
2993 472 3194 529 multis
3229 473 3544 532 ecclesnam

157 561 463 619 tribulatio
487 562 661 634 (117),
687 575 800 633 quo
825 561 1015 617 minus
1040 565 1095 616 te
1120 560 1535 631 venerandum,
1572 566 1628 616 te
1654 574 1799 632 prae-

157 651 486 721 dicandum,
516 653 596 721 te,
630 655 818 722 pater,
854 651 1139 707 fateamur
1160 649 1485 706 omnimoda
1509 648 1682 705 laude
1703 662 1798 705 co-

156 738 407 797 lendum.
431 738 566 797 Tuis
598 739 751 796 enim
785 738 1059 795 laudibus
1091 739 1406 810 immorari,
1428 742 1519 794 est
1550 753 1579 793 a
1614 738 1796 794 tribu-

157 828 368 885 latione
399 826 668 897 relevari,
704 827 836 899 quia
869 827 998 884 laus
1030 831 1125 883 tua
1165 827 1361 897 gaudii
1404 831 1496 883 est
1536 831 1596 882 et
1634 825 1796 899 pacis

155 915 488 973 admiranda
513 915 982 988 comprehensio,
1009 916 1324 972 m‘eroriset
1341 916 1796 986 anxietatispro-

152 1004 428 1078 pulsatio.
460 1003 684 1061 Retulit
716 1004 1029 1063 humilitati
1063 1010 1278 1061 nostrae
1310 1009 1445 1060 ante
1475 1004 1798 1075 quinquen-

153 1095 327 1165 nium,
362 1108 494 1149 cum
525 1093 771 1150 necdum
792 1098 1203 1164 gustassemus
1236 1093 1438 1164 quanti
1471 1093 1547 1149 sit
1577 1091 1796 1148 laboris

151 1187 208 1239 et
229 1182 375 1239 tedii
402 1181 589 1238 aliena
609 1196 838 1252 curare,
862 1181 1217 1237 venerabilis
1238 1182 1421 1238 abbas
1443 1185 1657 1238 sanctae
1678 1180 1797 1236 Tri-

151 1270 354 1328 nitatis
383 1270 455 1327 de
494 1275 688 1327 monte
726 1270 1141 1341 Rotomagensi
1190 1271 1353 1339 Hugo
1411 1269 1662 1340 nomine,
1695 1269 1791 1340 qui

149 1374 300 1418 nunc
332 1373 520 1431 usque
548 1364 842 1431 superest,
878 1359 1011 1429 quia
1044 1372 1173 1415 cum
1213 1362 1371 1415 esset
1401 1357 1457 1413 in
1498 1357 1796 1429 obsequiis

153 1448 378 1522 prmfati
412 1447 645 1504 comitis
676 1446 1038 1504 Normannize
1073 1445 1366 1515 Willelmi,
1396 1446 1511 1516 jam
1546 1452 1685 1503 tunc
1707 1461 1795 1503 re-

148 1537 236 1607 gis
266 1535 610 1606 Anglorum,
640 1550 772 1592 cum
803 1539 1162 1592 tractaretur
1193 1534 1248 1589 in
1283 1533 1411 1590 aula
1436 1533 1506 1590 de
1529 1534 1792 1592 honestis

1907 558 2231 616 donandam
2256 558 3150 632 muneribus,multa,dilcctione
3173 577 3203 617 a
3225 561 3403 632 regali
3431 564 3551 620 fore

1906 647 2300 705 muniﬁcentia
2342 648 2756 706 honorandam.
2793 648 2935 722 (Fol.
2973 648 3107 721 94’.)
3151 650 3414 707 Vidimus
3456 652 3553 708 de-

1904 738 2228 795 moniacum
2251 737 2323 794 ad
2346 738 2758 795 monasterium
2794 739 2948 795 beati
2980 739 3172 795 Vitoni
3204 739 3547 812 adductum,

1906 827 1988 883 int
1999 841 2057 883 ra
2093 827 2478 900 paucissimos
2509 827 2637 885 dies
2652 827 2928 900 plenarize
2942 829 3214 885 sanitatis
3235 830 3447 900 gaudia
3463 846 3553 885 re-

1906 919 2195 988 portasse,
2220 932 2388 988 quem
2418 933 2549 975 cum
2582 917 2639 973 in
2677 916 2862 990 primo
2885 920 3138 974 adventu
3164 934 3270 975 suo
3295 921 3551 976 vinctum

1906 1004 2051 1061 loris
2075 1008 2131 1061 et
2158 1006 2393 1063 funibus
2417 1010 2668 1063 artatum
2693 1006 2842 1062 infra
2857 1007 3105 1077 criptam
3131 1008 3200 1062 ad
3218 1009 3551 1065 memoriam

1905 1098 2238 1152 sanctorum
2289 1095 2503 1152 ibidem
2539 1095 2967 1166 quiescentium
3023 1100 3296 1167 parentes
3336 1097 3550 1155 ducere

1904 1182 2142 1254 vellent,
2158 1183 2495 1241 nullatenus
2520 1188 2858 1257 potuerunt,
2876 1186 3054 1241 credo
3080 1187 3324 1242 demone
3345 1188 3552 1242 timen-

1906 1276 1963 1327 te
1996 1273 2365 1344 praesentiam
2406 1286 2605 1329 eorum
2648 1277 3007 1343 sanctorum,
3045 1290 3288 1345 quorum
3325 1276 3551 1333 meritis

1903 1362 2105 1418 eadem
2154 1360 2421 1418 tecclesia
2458 1361 2809 1419 inlustratur
2847 1366 2904 1418 et
2959 1365 3269 1436 praesentia
3312 1365 3551 1423 decora-

1900 1453 2001 1508 tur
2028 1449 2113 1507 “7.

1974 1539 2115 1611 (Fol.
2152 1542 2267 1609 95.)
2300 1542 2463 1597 Anno
2494 1541 2565 1598 ab
2598 1540 2706 1598 inc.
2739 1543 2899 1597 Dom.
2933 1545 3093 1612 1051,
3119 1543 3288 1598 Leoni
3325 1546 3390 1600 lx
3423 1560 3550 1602 suc-

150 1624 290 1682 viris
313 1628 371 1682 et
390 1628 713 1681 memoratu
731 1623 943 1695 dignis,
963 1638 1208 1694 quorum
1233 1622 1473 1695 ipserex
1488 1623 1792 1680 habuisset
1899 1628 2080 1685 cessit
2103 1628 2324 1698 Victor,
2342 1632 2399 1684 et
2422 1633 2455 1686 4
2477 1644 2625 1686 anno
2647 1630 2900 1692 obiit;et
2924 1631 3212 1686 successit
3237 1632 3287 1687 ei
3314 1632 3550 1705 Stepha-

150 1713 418 1771 notitiam
442 1717 540 1769 aut
563 1713 770 1769 famam
790 1712 1074 1782 audisset,
1097 1712 1595 1783 interpraacipuos
1617 1712 1790 1781 hujus
1821 1788 1854 1791 _
1902 1732 2026 1787 nus,
2053 1717 2149 1788 qui
2183 1721 2239 1773 et
2274 1718 2619 1775 Fredericus
2642 1720 2823 1775 frater
2849 1718 3144 1775 Godefridi
3172 1718 3544 1791 ducis,cujus

151 1801 516 1858 admirabilis
547 1802 1000 1871 memorabatur,
1035 1814 1257 1857 summa
1288 1800 1456 1857 laude
1486 1800 1613 1870 ejus
1657 1800 1792 1856 effe-
1821 1788 1868 1852 B
1902 1805 2089 1877 primo
2123 1808 2372 1876 papatus
2402 1819 2551 1862 anno
2600 1806 2746 1861 obiit,
2792 1806 2947 1878 apud
2990 1804 3230 1862 Goslam
3269 1788 3549 1866 He'miéus

150 1890 331 1948 rendo
366 1890 679 1963 praeconia,
728 1889 1139 1959 humilitatem,
1193 1889 1538 1961 sapientiam
1580 1889 1798 1947 discre-

152 1980 387 2050 tionem,
425 1979 595 2035 animi
627 1984 687 2035 et
717 1978 916 2035 vultus
941 1977 1212 2034 devotam
1252 1980 1369 2034 Deo
1416 1978 1792 2049 hilaritatem,

148 2067 439 2125 sermonis
470 2066 817 2136 facundiam,
854 2081 1075 2123 morum
1126 2066 1495 2136 elegantiam,
1534 2068 1796 2123 subdito-

149 2172 271 2215 rum
309 2157 720 2213 reverentiam.
755 2156 1075 2213 Mirabatur
1119 2156 1294 2211 etiam
1347 2155 1499 2227 quod
1543 2156 1635 2211 his
1684 2170 1796 2211 mo-

148 2246 349 2304 dernis
377 2246 749 2317 temporibus
782 2245 853 2301 de
885 2243 1016 2301 loco
1047 2249 1165 2301 tam
1197 2244 1417 2301 celebri
1448 2244 1607 2301 nulla
1637 2246 1707 2301 ad
1732 2259 1797 2301 se

145 2335 561 2405 commigraret
598 2348 868 2407 persona,
902 2333 1081 2403 nulla,
1135 2336 1194 2390 ut
1243 2333 1490 2399 solebat,
1541 2334 1796 2405 regalem

145 2425 273 2495 ejus
320 2423 808 2494 magnificentiam
848 2426 1155 2495 expeteret
1200 2438 1607 2480 successorum
1652 2424 1798 2479 tanti

147 2512 338 2585 patris
364 2516 464 2569 aut
489 2512 901 2568 monachorum
927 2512 1034 2568 loci
1057 2510 1527 2578 sedulitas;adeo
1564 2515 1629 2568 ut
1667 2526 1797 2568 cum

146 2600 559 2672 prolegatione
593 2600 841 2672 quadam
888 2601 1039 2656 idem
1071 2601 1235 2670 vir,a
1269 2615 1383 2671 quo
1420 2600 1542 2657 haec
1578 2601 1799 2657 audivi-

147 2704 293 2759 mus,
325 2689 573 2760 quadam
605 2691 731 2747 vice
759 2690 1098 2745 mitteretur
1126 2688 1467 2759 Virdunum,
1502 2688 1655 2745 inter
1686 2687 1795 2744 alia

149 2778 203 2834 id
236 2779 311 2835 ab
344 2779 547 2836 eodem
583 2794 720 2848 rege
751 2784 808 2835 et
840 2778 1169 2835 honorabili
1200 2777 1328 2847 ejus
1350 2777 1594 2847 conjuge
1626 2778 1677 2833 ei
1703 2777 1800 2833 da-

148 2872 313 2924 retur
347 2868 403 2924 in
452 2867 740 2925 mandatis
787 2872 854 2925 ut
897 2867 1227 2925 coenobium
1273 2867 1797 2924 nominatissimum

147 2957 341 3013 sancti
371 2956 568 3013 Vitoni
601 2961 906 3028 expeteret
946 2957 1164 3013 ibidem
1214 2956 1645 3028 hospitaturus,
1698 2971 1797 3027 pa-

147 3051 416 3117 tremque
447 3051 506 3102 et
540 3046 755 3102 fratres
788 3045 897 3102 loci
932 3062 1035 3104 sua
1067 3062 1140 3102 ex
1172 3052 1339 3118 parte
1386 3046 1597 3103 devote
1644 3046 1798 3103 salu-

144 3137 403 3204 taturus,
439 3139 500 3190 et
531 3135 785 3191 sollicite
816 3141 1129 3192 notaturus
1160 3155 1172 3190 :
1209 3135 1257 3191 si
1292 3135 1440 3191 idem
1477 3135 1572 3206 qui
1617 3150 1797 3206 quon-

147 3218 275 3276 dam
328 3221 662 3278 honestatis
711 3225 768 3278 et
819 3222 1121 3293 religionis
1172 3223 1369 3280 cultus
1425 3224 1663 3293 niteret,
1697 3223 1796 3293 qui

145 3312 301 3365 esset
337 3310 679 3366 monasterii
715 3314 902 3382 pater,
936 3312 983 3367 si
1017 3311 1070 3367 in
1103 3326 1174 3368 eo
1207 3312 1377 3369 avitae
1418 3310 1796 3383 paternitatis

144 3403 200 3455 et
232 3397 568 3455 dulcedinis
597 3400 891 3471 specimen
921 3400 1201 3472 eluceret,
1236 3400 1283 3457 si
1317 3400 1372 3456 in
1426 3400 1560 3456 filiis
1609 3398 1797 3470 gravi-

140 3489 286 3546 tatis
311 3492 374 3545 et
413 3491 762 3546 reverentiae
802 3490 1106 3561 antiquum
1157 3491 1342 3547 decus
1389 3490 1692 3561 emineret,
1747 3488 1796 3546 si

143 3591 338 3634 rerum
376 3578 787 3649 temporalium
822 3579 990 3650 copia
1019 3580 1372 3651 exuberans,
1425 3580 1473 3636 si
1524 3578 1799 3651 spiritua-

141 3664 282 3723 lium
317 3664 777 3724 delectationum
811 3669 1001 3737 gratia
1034 3668 1107 3724 ab
1140 3667 1413 3724 ubertate
1453 3668 1659 3723 domus
1699 3666 1798 3722 Dei

139 3760 303 3812 esset
371 3755 709 3812 habitantes
742 3756 1062 3813 debrians:
1134 3758 1326 3814 omnia
1406 3758 1796 3829 prospiceret,

142 3843 381 3914 singula
414 3844 611 3900 vivido
644 3845 962 3902 rimaretur
993 3846 1249 3916 ingenio,
1277 3846 1504 3917 sibique
1529 3846 1794 3903 referret.

140 3933 360 3987 Verum
396 3931 535 4003 quid
587 3948 783 3989 rerum
834 3934 1264 4005 intercesserit,
1321 3934 1476 4004 quod
1517 3934 1799 4005 praefatus

139 4021 232 4076 vir
264 4020 547 4078 aliorsum
581 4020 990 4093 hospitaturus
1023 4022 1356 4093 diverterit,
1405 4027 1463 4079 et
1512 4022 1802 4093 speranti-

142 4108 254 4163 bus
278 4108 498 4180 optima
523 4107 647 4178 regi
671 4114 730 4164 et
754 4111 972 4179 reginae
1005 4109 1301 4182 insperata
1335 4107 1625 4181 retulerit,
1671 4123 1801 4166 nos-

138 4200 298 4253 trum
331 4211 445 4252 non
482 4200 575 4254 est
604 4197 857 4268 edicere,
893 4199 1142 4254 maxime
1174 4214 1305 4256 cum
1338 4197 1441 4255 illo
1482 4198 1539 4254 in
1578 4202 1802 4271 tempo-

139 4299 225 4357 re,
262 4285 422 4356 quod
454 4286 509 4342 id
542 4289 773 4357 gestum
805 4292 915 4359 est,
952 4287 1197 4360 puerilis
1229 4287 1418 4345 adhuc
1460 4302 1569 4344 nos
1613 4286 1799 4344 ferula

1826 3095 1873 3162 C

1906 1895 2246 1966 imperator,
2263 1895 2320 1950 et
2353 1894 2652 1966 exsequiis
2680 1894 2827 1966 ejus,
2852 1895 3140 1966 interfuit,
3160 1895 3256 1966 qui
3281 1900 3336 1952 et
3363 1898 3544 1969 Spirae

1904 1981 2172 2054 sepultus
2220 1987 2313 2039 est
2357 1997 2407 2038 a.
2462 1983 2534 2038 ab
2584 1983 2694 2039 inc.
2732 1985 2891 2039 Dom.
2948 1988 3103 2039 1056.
3148 1986 3216 2039 Et
3268 1987 3546 2043 remansit

1908 2075 2099 2142 Agnes
2122 2071 2465 2143 imperatrix
2495 2088 2625 2128 cum
2658 2071 2775 2128 filio
2804 2071 3184 2143 parvulo,qui
3216 2079 3277 2129 et
3307 2090 3547 2144 regnum

1906 2160 2161 2231 optinuit
2192 2160 2301 2216 sub
2332 2163 2527 2216 tutore
2550 2160 2714 2230 regni
2749 2163 2986 2215 Annone
3008 2160 3337 2218 Coloniensi
3363 2163 3552 2218 archi-

1907 2248 2189 2319 episcopo
2218 2248 2422 2320 (1056).
2462 2248 2620 2303 Obiit
2645 2262 2876 2319 quoque
2898 2248 3228 2319 Stephanus
3251 2265 3301 2305 a.
3330 2255 3468 2309 1058
3489 2259 3546 2307 et

1908 2337 2177 2409 sepultus
2199 2341 2288 2393 est
2314 2337 2465 2409 apud
2502 2338 2814 2394 Lucensem
2840 2338 3063 2407 urbem,
3090 2338 3185 2394 ubi
3213 2338 3407 2395 multa:
3431 2341 3547 2397 Deo

1910 2429 2264 2496 cooperante
2300 2424 2445 2481 ﬁunt
2475 2425 2544 2481 ad
2574 2424 2699 2494 ejus
2736 2425 3024 2481 tumulum
3058 2425 3309 2483 virtutes
3340 2428 3543 2499 (1059).

1911 2513 2209 2569 Successit
2239 2513 2290 2569 ei
2314 2513 2648 2582 Nicholaus,
2673 2513 2770 2584 qui
2794 2516 2827 2566 2
2849 2527 2998 2568 anno
3019 2513 3404 2571 ordinationis
3426 2530 3547 2573 sum

1910 2601 2220 2658 concilium
2269 2602 2476 2658 habuit
2520 2602 2574 2657 in
2628 2601 2867 2657 basilica
2914 2602 3309 2673 Lateranensi,
3353 2618 3548 2660 mense

1910 2690 2116 2762 Aprili,
2154 2690 2355 2747 indict.
2390 2692 2456 2745 12
2479 2708 2493 2757 ;
2518 2690 2615 2746 ubi
2641 2689 3085 2747 considentibus
3113 2692 3549 2750 venerabilibus

1911 2778 2388 2851 archiepiscopis,
2405 2779 2719 2850 episcopis,
2745 2779 3059 2835 abbatibus
3083 2794 3181 2836 seu
3207 2781 3551 2838 venerabili-

1912 2868 2021 2923 bus
2041 2866 2388 2938 presbiteris
2408 2871 2464 2921 et
2487 2866 2767 2937 diaconis,
2784 2866 2855 2922 de
2878 2866 3165 2923 electione
3187 2869 3393 2925 summi
3415 2884 3550 2941 pon-

1908 2955 2087 3012 tiﬁcis
2110 2956 2433 3012 decernens
2454 2954 2532 3011 ait
2558 2954 2707 3027 (118)
2735 2975 2746 3009 :
2770 2977 2795 3005 «
2816 2954 2986 3012 Novit
3006 2956 3309 3014 beatitudo
3326 2961 3545 3030 vestra,

1908 3042 2281 3100 dilectissimi
2315 3042 2529 3099 fratres
2550 3047 2607 3098 et
2631 3043 2984 3115 coepiSCOpi,
3012 3043 3288 3101 inferiora
3318 3059 3548 3117 quoque

1909 3133 2164 3188 membra
2189 3146 2304 3187 non
2337 3130 2529 3202 latuit,
2568 3131 2843 3187 defuncto
2874 3132 2984 3203 pia;
3017 3134 3307 3190 memoriae
3340 3132 3549 3191 domno

1909 3221 2200 3293 Stephano
2230 3220 2539 3277 decessore
2572 3228 2797 3291 nostro,
2830 3221 2953 3277 haec
2995 3220 3315 3293 apostolica
3351 3222 3544 3291 sedes,

1906 3309 1999 3366 cui
2031 3311 2147 3366 Deo
2181 3313 2421 3365 auctore
2455 3308 2742 3378 deservio,
2763 3312 2899 3379 quot
2933 3309 3176 3367 adversa
3210 3310 3547 3383 pertulerit,

1909 3403 2053 3470 quot
2085 3397 2335 3469 denique
2385 3412 2489 3470 per
2522 3397 2879 3470 Symoniacaa
2917 3398 3141 3455 heresis
3185 3403 3552 3471 trapaezetas

1909 3486 2135 3544 malleis
2164 3491 2223 3543 et
2255 3486 2479 3543 crebris
2505 3486 2880 3543 tunsionibus
2913 3487 3457 3559 subjacuerit,adeo
3488 3495 3553 3547 ut

1906 3576 2215 3647 columpna
2248 3575 2344 3632 Dei
2379 3575 2633 3631 viventis
2666 3574 2899 3645 jamjam
2942 3590 3089 3646 pene
3119 3577 3422 3634 videretur
3452 3592 3556 3635 nu-

1909 3668 2056 3735 tare,
2091 3670 2150 3722 et
2180 3679 2395 3735 sagena
2427 3664 2633 3720 summi
2666 3664 2978 3736 piscatoris
3001 3664 3278 3736 procellis
3311 3665 3555 3723 intume-

1912 3754 2215 3811 scentibus
2237 3753 2294 3809 in
2319 3752 2604 3823 naufragii
2640 3753 2923 3823 profunda
2958 3754 3268 3825 submergi.
3297 3754 3478 3826 Unde,
3501 3755 3552 3812 si

1911 3841 2100 3914 placet
2134 3842 2490 3898 fraternitati
2516 3846 2749 3912 vestrm,
2781 3842 3062 3899 debemus
3094 3844 3411 3901 auxiliante
3434 3845 3552 3902 Deo

1910 3931 2126 3989 futuris
2139 3931 2374 3988 casibus
2388 3930 2709 4002 prudenter
2723 3936 3120 3997 occurrere,et
3135 3931 3553 3990 :ucclesiastico

1910 4019 2113 4089 statui,
2149 4033 2221 4075 ne
2250 4019 2531 4088 rediviva,
2554 4019 2705 4090 quod
2743 4018 3070 4089 absit,mala
3096 4019 3471 4091 praevaleant,
3498 4022 3553 4077 in

1908 4111 2207 4180 posterum
2242 4106 2588 4179 praevidere.
2625 4105 2996 4178 Quapropter
3028 4107 3301 4164 instructi
3337 4108 3557 4180 praede-

1911 4210 2208 4255 cessorum
2224 4198 2559 4253 nostrorum
2580 4193 2943 4265 aliorumque
2967 4199 3303 4253 sanctorum
3319 4197 3554 4253 Patrum

1911 4285 2283 4356 auctoritate,
2301 4283 2669 4341 decernimus
2700 4287 2877 4354 atque
2908 4284 3348 4356 constituimus,
3369 4288 3429 4342 ut
3456 4286 3556 4342 ob-

139 4372 233 4429 his
264 4372 356 4430 vel
391 4373 684 4475 similibus
715 4381 945 4433 vetaret
996 4376 1322 4434 intendere.
1372 4375 1526 4433 Illud
1571 4380 1801 4433 tantum
1831 4408 1884 4475 D
1912 4378 2087 4433 eunte
2109 4373 2283 4444 hujus
2304 4372 3552 4475 Romanauniversalis.mcclesizepontillce,

141 4467 390 4519 notasse
424 4462 695 4535 sufﬁciat,
729 4465 882 4535 quod
916 4478 1022 4521 rex
1053 4464 1272 4523 auditis
1303 4479 1432 4536 qua;
1464 4479 1577 4531 non
1609 4477 1806 4536 spera-
1831 4460 1879 4475 υ
1914 4463 2201 4536 imprimis
2238 4460 2569 4520 cardinales
2609 4461 2870 4535 episcopi
2905 4461 3351 4532 diligentissima
3385 4461 3559 4520 simul

136 4555 334 4622 verat,
369 4551 478 4607 viri
512 4553 859 4624 spectabilis
890 4558 950 4610 et
981 4555 1262 4611 memoria
1302 4554 1463 4625 digni
1507 4554 1802 4625 egregiam

136 4641 656 4698 conversationem
689 4642 980 4701 reducens
1009 4642 1079 4699 ad
1113 4643 1386 4715 animum,
1425 4647 1515 4700 tot
1564 4643 1804 4714 ingemi-

138 4729 489 4788 nationibus
520 4730 649 4800 ejus
681 4729 918 4787 deﬂevit
963 4732 1209 4803 obitum,
1254 4736 1343 4788 tot
1380 4731 1681 4803 reciproca
1720 4729 1805 4786 vi-

141 4818 509 4877 cissitudine
522 4818 650 4889 ejus
663 4819 1253 4892 eﬂ‘erebatmeritum,
1278 4819 1617 4892 replicando
1639 4819 1805 4876 miris

138 4907 432 4966 laudibus
452 4907 610 4965 illius
633 4908 1015 4979 praeconia,et
1037 4909 1285 4966 subinde
1310 4909 1630 4980 repetendo
1648 4908 1806 4965 inde-

140 4997 274 5054 bita
298 5001 359 5053 et
384 4996 616 5067 ingrata
636 5002 902 5070 paternae
929 4998 1230 5055 sedulitati
1254 4999 1632 5056 remissorum
1658 4997 1806 5055 ﬁlio-

139 5102 276 5145 rum
299 5086 563 5143 remissaz
594 5087 745 5144 vicis
779 5087 1086 5159 obsequia,
1112 5088 1169 5144 in
1201 5087 1309 5145 hoc
1342 5087 1527 5160 ipsum
1572 5100 1804 5159 quoque

138 5176 305 5232 omni
349 5176 797 5246 congeminante
847 5176 1000 5249 aula,
1046 5180 1111 5233 ut
1140 5177 1383 5234 daretur
1428 5180 1658 5235 cunctis
1707 5189 1805 5249 pa-

139 5264 258 5322 lam
284 5264 559 5337 intelligi,
593 5265 643 5323 si
690 5266 839 5323 fama
888 5266 1045 5323 votis
1095 5264 1414 5337 annuisset,
1464 5264 1666 5322 multis
1714 5279 1806 5322 ec-

1915 4551 2384 4611 consideratione
2417 4554 2762 4620 tractantes,
2780 4566 2912 4606 mox
2942 4551 3053 4608 sibi
3085 4550 3338 4609 clericos
3366 4551 3558 4609 cardi-

1917 4639 2080 4699 nales
2113 4640 2447 4709 adhibeant,
2473 4639 2673 4710 sicque
2696 4638 2959 4710 reliquus
2989 4638 3185 4697 clerus
3214 4644 3270 4696 et
3306 4640 3557 4713 populus

1920 4731 1990 4788 ad
2009 4743 2357 4788 consensum
2376 4742 2540 4785 novae
2563 4726 2872 4784 electionis
2894 4728 3265 4798 accedant,ut
3289 4728 3556 4786 nimirum

1916 4834 1988 4877 ne
2019 4816 2356 4876 venalitatis
2377 4817 2615 4873 morbus
2638 4815 2899 4888 qualibet
2918 4816 3221 4874 occasione
3245 4815 3554 4888 subripiat,

1918 4905 2173 4979 religiosi
2196 4905 2303 4963 viri
2327 4904 2633 4978 prmduces
2657 4904 2773 4962 sint
2791 4904 2846 4961 in
2871 4904 3246 4978 promovendi
3265 4904 3561 4976 pontiﬁcis

1916 4995 2242 5062 selectione,
2260 4993 2683 5065 reliquiautem
2707 5008 3005 5064 sequaces.
3052 4994 3121 5049 Et
3159 4998 3320 5051 certe
3357 4996 3559 5051 rectus

1916 5088 2091 5158 atque
2111 5084 2410 5155 legitimus
2432 5082 2526 5139 hic
2546 5081 2868 5141 aelectionis
2890 5081 3035 5139 ordo
3058 5082 3465 5155 perpenditur,
3488 5082 3557 5155 si,

1915 5173 2249 5249 perspectis
2285 5172 2648 5231 diversorum
2680 5176 2910 5244 patrum
2950 5169 3171 5242 regulis
3204 5185 3311 5229 seu
3346 5171 3556 5244 gestis,

1916 5265 2093 5321 etiam
2124 5262 2224 5321 illa
2250 5261 2407 5321 beati
2447 5260 2654 5318 Leonis
2684 5259 2976 5317 sententia
3020 5258 3335 5318 recolatur.
3369 5260 3561 5321 Nulla

1518 5363 1607 5420 VA
1616 5361 1753 5419 ΒΙᾹέ
1795 5361 2194 5420 LECTIONES.

1747 5507 1967 5563 NOTAE.

212 5432 290 5469 ""
317 5435 564 5507 reliqua
578 5450 732 5509 pars
747 5435 999 5509 pagina
1022 5436 1214 5493 cacat.

216 5596 382 5739 (H7;
414 5595 549 5653 Haec
582 5594 761 5665 igitur
793 5599 929 5668 post
957 5610 1169 5653 annum
1201 5598 1340 5652 1096
1370 5594 1593 5666 scripta
1636 5600 1791 5651 sunt.

218 5668 357 5739 (118
418 5666 502 5722 Cf.
537 5666 684 5723 Mon.
721 5668 909 5723 Germ.
944 5667 1117 5737 Legg.
1151 5671 1193 5721 t.
1229 5668 1298 5735 ll,
1330 5667 1389 5721 Β.
1424 5668 1549 5736 177,
1581 5669 1640 5720 et
1674 5681 1791 5736 qua

218 5663 382 5739 (118)
418 5666 502 5722 Cf.
537 5663 684 5723 Mon.
721 5663 909 5723 Ge'rm.
944 5667 1117 5737 Legg.
1151 5671 1193 5721 t.
1229 5668 1298 5735 ll,
1330 5667 1389 5721 Β.
1424 5663 1549 5736 17⁵1,
1581 5669 1640 5720 et
1674 5681 1803 5736 quae
1834 5665 1913 5720 ibi
1948 5663 2165 5720 notavi.
