3960 6052
370 286 483 352 271

1330 286 1615 354 HUGON
1622 289 1695 353 IS
1737 288 2087 355 ABBATIS
2131 284 2821 354 FLAVINIACENSIS

3655 292 3773 357 2'72

368 426 590 498 inquit,
612 425 771 482 ratio
789 426 1028 483 sinitut
1042 425 1202 483 inter
1221 423 1879 497 episcoposhabeantur,
1901 424 2010 496 qui
2041 429 2092 494 Α
2124 424 2179 480 in
2205 424 2603 482 tabernaculis
2627 426 2753 497 ejus
2786 440 2898 482 non
2932 426 3010 482 sit
3041 426 3139 497 qui
3169 426 3475 483 inhabitet.
3522 429 3689 487 Fiant
3713 433 3777 491 ﬂ-

376 529 479 572 nec
491 530 527 572 α
540 515 776 574 clericis
794 516 935 572 sunt
946 515 1151 583 electi,
1166 529 1272 572 nec
1292 530 1329 571 α
1344 515 1616 585 plebibus
1628 515 2010 586 expetitimec

370 621 406 663 α
419 604 1010 676 comprovincialibus
1027 605 1313 676 episcopis
1327 603 1582 675 πιεῖνορο
1590 602 2008 676 litanijudicio

372 694 717 751 consecrati.
753 694 896 759 Quia
935 708 1073 749 vero
1116 691 1288 748 sedes
1332 691 1655 762 apostolica
1687 692 1917 749 cunctis
1951 692 2005 746 in

373 784 514 838 orbe
537 788 824 839 terrarum
845 783 1155 853 praefertur
1171 780 1478 851 aecclesiis,
1494 786 1668 851 atque
1684 781 1815 837 ideo
1831 796 2009 852 super

373 887 436 928 se
469 873 979 943 metropolitanum
1012 872 1225 925 habere
1257 885 1367 926 non
1413 876 1627 942 potest,
1679 871 2009 927 cardinales

374 960 633 1032 episcom
662 959 860 1030 procul
884 958 1508 1029 dubiometropolitani
1526 960 1651 1015 vice
1671 959 2007 1029 funguntur,

374 1049 468 1119 qui
484 1048 748 1105 aelectum
765 1048 1085 1103 antistitem
1104 1046 1169 1101 ad
1189 1046 1778 1117 apostoliciculminis
1792 1047 2012 1119 apicem

375 1139 723 1208 provehunt.
759 1136 989 1205 Eligant
1019 1140 1211 1191 autem
1247 1136 1318 1190 de
1360 1135 1543 1206 ipsius
1572 1136 1851 1192 aecclesiae
1888 1150 2016 1205 gre-

380 1224 509 1296 mio,
544 1226 588 1281 si
624 1230 896 1296 repertus
929 1225 1107 1280 fuerit
1140 1225 1403 1293 idoneus,
1438 1224 1529 1280 vel
1562 1226 1609 1280 si
1639 1223 1710 1279 de
1744 1224 1867 1296 ipsa
1900 1240 2012 1281 non

379 1313 689 1383 invenitur,
718 1330 789 1369 ex
813 1313 923 1369 alia
950 1319 1303 1383 assumatur,
1327 1311 1489 1369 salvo
1513 1312 1713 1370 debito
1729 1314 2011 1370 honoreet

380 1403 707 1459 reverentia
731 1401 930 1458 dilecti
956 1402 1139 1457 nostri
1166 1400 1265 1455 lilii
1288 1401 1537 1471 llenrici,
1565 1401 1663 1471 qui
1687 1402 2021 1473 impraesen-

378 1492 589 1547 tiarum
627 1506 726 1547 rex
759 1490 1028 1561 habetur,
1063 1494 1123 1546 ct
1158 1491 1386 1546 futurus
1410 1490 1726 1561 imperator
1748 1492 1864 1547 Deo
1888 1507 2021 1548 con-

378 1582 625 1638 cedente
659 1586 951 1653 speratur,
986 1582 1139 1637 sicut
1166 1580 1279 1649 jam
1333 1581 1443 1636 sibi
1495 1582 1908 1649 concessimus,
1963 1588 2018 1637 et

379 1685 785 1727 successorum
823 1669 997 1739 illius,
1035 1670 1131 1739 qui
1157 1670 1229 1725 ab
1265 1670 1371 1725 hac
1395 1669 1711 1741 apostolica
1735 1670 1871 1727 sede
1896 1686 2023 1742 per-

2120 512 2178 567 lii
2215 513 2343 583 ejus
2374 514 2579 584 orfani,
2613 521 2672 569 et
2706 528 2914 569 uxores
2940 513 3147 585 amejus
3180 516 3392 572 viduae.
3438 518 3776 580 Commotus

2119 601 2621 672 amoveaturipsc,
2641 602 3056 672 etfiliiejus,et
3080 603 3425 675 mendicent,
3450 610 3510 661 et
3540 608 3777 678 ejician-
3834 672 3844 680 ,

2116 693 2215 744 tur
2239 689 2309 744 de
2334 689 2797 746 habitationibus
2822 691 2959 747 suis.
2980 692 3286 747 Scrutatur
3302 694 3617 752 faenerator
3639 700 3776 755 sub-

2120 777 2397 833 stantiam
2432 779 2579 849 ejus,
2614 782 2669 833 et
2706 778 2937 834 deleant
2965 779 3133 834 alieni
3158 780 3391 837 labores
3416 783 3563 853 ejus.
3601 785 3775 844 Orbis

2123 872 2410 922 terrarum
2445 872 2659 937 pugnet
2688 874 2892 924 contra
2927 867 3108 938 illum,
3142 876 3202 924 et
3232 876 3444 925 cuncta
3482 871 3769 931 elementa

2124 955 2327 1032 sint_ei
2358 956 2676 1026 contraria,
2710 963 2768 1012 et
2801 957 3053 1012 omnium
3089 962 3424 1014 sanctorum
3472 961 3775 1030 quiescen-

2126 1045 2268 1099 tium
2303 1046 2507 1099 merita
2540 1046 2701 1101 illum
2731 1045 3107 1115 confundant,
3140 1052 3195 1101 et
3231 1047 3286 1102 in
3323 1048 3427 1104 hac
3450 1049 3567 1105 vita
3600 1066 3777 1123 super

2127 1147 2195 1187 eu
2208 1148 2257 1187 m
2272 1139 2534 1203 apertam
2548 1135 2864 1190 vindictam
2880 1136 3213 1190 ostendant.
3233 1136 3656 1195 Observatores
3681 1155 3777 1197 au-

2130 1226 2247 1277 tem
2289 1222 2462 1291 hujus
2503 1224 2691 1278 nostri
2734 1224 2954 1279 decreti
2998 1226 3092 1279 Dei
3134 1226 3551 1297 omnipotentis
3586 1230 3776 1298 gratia

2131 1314 2421 1380 protegat,
2439 1315 2494 1365 et
2514 1312 2869 1369 auctoritate
2886 1314 3188 1369 beatorum
3204 1314 3605 1385 apostolorum
3620 1316 3778 1372 Petri

2130 1401 2191 1452 et
2230 1398 2391 1454 Pauli
2435 1400 2506 1454 ab
2548 1401 2818 1456 omnibus
2859 1401 3107 1457 vinculis
3148 1393 3433 1459 absolvat.
3468 1404 3779 1462 Nicbolaus

2134 1486 2456 1558 episcopus
2490 1494 2710 1544 sanctm
2744 1496 2803 1544 et
2832 1489 3166 1561 apostolicae
3198 1491 3469 1548 Romanae
3500 1494 3781 1551 mcclesiae

2132 1574 2266 1631 huic
2299 1578 2539 1633 decreto
2570 1593 2599 1633 a
2632 1579 2801 1634 nobis
2834 1580 3200 1650 promulgato
3232 1582 3573 1653 subscripsi.
3602 1586 3780 1639 Done-

2135 1663 2317 1720 facius
2341 1665 2687 1722 Albanensis
2710 1668 3026 1738 subscripsi
3054 1670 3409 1725 Ilumbertus
3430 1676 3648 1728 sanctae
3688 1688 3781 1728 ec-

378 1759 659 1815 sonaliter
693 1760 798 1814 hoc
827 1759 921 1827 jus
955 1735 1615 1828 impetraverint.'Quod
1638 1759 1686 1815 si
1708 1735 2019 1831 pravorum
2056 1735 2101 1800 Β
2127 1751 2323 1809 clesiw
2345 1754 2515 1810 Silva?
2540 1755 2809 1811 Candida)
2825 1735 3170 1828 subscripsi.
3201 1778 3227 1808 »
3253 1760 3461 1815 Petrus
3483 1760 3781 1816 Ostiensis

379 1852 554 1918 atque
588 1847 914 1918 iniquorum
950 1847 1242 1903 hominum
1275 1847 1350 1903 ita
1382 1848 1745 1918 perversitas
1768 1848 2023 1906 invalue-

381 1936 476 2005 rit,
510 1940 571 1991 ut
605 1950 770 2006 pura,
805 1936 1033 1991 sincera
1068 1942 1243 2005 atque
1274 1937 1529 2005 gratuita
1560 1936 1790 2012 zelectio
1816 1937 1936 1992 fieri
1966 1937 2019 1992 in

378 2025 531 2079 Urbe
562 2039 672 2079 non
702 2025 908 2095 possit,
940 2024 1269 2081 cardinales
1288 2025 1551 2096 episcopi
1574 2041 1703 2081 cum
1729 2024 2023 2095 religiosis

378 2112 614 2168 clericis
636 2114 1062 2184 catholicisquc
1087 2113 1288 2184 laycis,
1319 2113 1455 2169 licet
1479 2114 1700 2184 paucis,
1722 2114 1818 2185 jus
1842 2117 2025 2186 potes-

383 2201 519 2256 tatis
546 2202 848 2258 obtineant
879 2202 1096 2271 eligere
1122 2202 1467 2273 apostolicm
1492 2203 1651 2259 sedis
1672 2203 2021 2274 antistitem,

381 2290 476 2346 ubi
500 2291 1353 2361 congruentiusjudicaverint.
1383 2292 1559 2347 Plane
1585 2297 1890 2364 postquam
1913 2293 2027 2348 ele-

378 2378 496 2434 ctio
522 2379 695 2434 fuerit
723 2380 891 2448 facta,
920 2380 967 2435 si
988 2379 1529 2451 bellicatempestas
1552 2381 1644 2436 vel
1678 2380 2028 2451 qualiscum—

385 2482 496 2537 que
520 2467 815 2523 hominum
840 2474 1087 2525 conatus
1104 2469 1485 2538 malignitatis
1502 2470 1699 2526 studio
1716 2470 2024 2540 restiterit,

385 2560 446 2611 ut
474 2556 520 2612 is
545 2556 642 2626 qui
667 2558 895 2613 electus
912 2564 1000 2612 est
1027 2558 1079 2611 in
1107 2557 1425 2628 apostolica
1447 2558 1764 2627 sedejuxta
1786 2573 2031 2616 consue-

385 2644 643 2701 tudinem
672 2645 1012 2700 intronizari
1036 2661 1146 2700 non
1174 2645 1385 2715 valeat,
1413 2646 1641 2703 electus
1667 2654 1853 2703 tamen
1877 2648 2027 2703 sicut

384 2746 528 2802 papa
562 2732 972 2788 auctoritatem
1005 2734 1270 2804 optineat
1295 2733 1809 2803 regendisanctam
1830 2736 2032 2792 Roma-

389 2834 517 2875 nam
552 2820 897 2889 :ecclesiam,
933 2826 990 2877 et
1024 2821 1371 2891 disponendi
1405 2838 1604 2879 omnes
1636 2823 1945 2880 facultates
1968 2824 2031 2879 il-

384 2907 499 2963 lius
516 2925 529 2969 ;
551 2909 703 2978 quod
732 2910 961 2965 beatum
977 2910 1319 2979 Gregorium
1334 2914 1469 2966 ante
1484 2910 1847 2967 aalectionem
1867 2928 2028 2969 suam

383 2996 588 3052 fecisse
605 3012 751 3067 cogn
774 2997 1030 3053 ,scimus.
1060 2997 1219 3065 Quod
1248 3000 1294 3053 si
1323 3000 1454 3069 quis
1475 3005 1681 3056 contra
1708 3000 1814 3057 hoc
1831 3001 2030 3058 decre-

383 3090 503 3141 tum
535 3090 799 3142 nostrum
833 3087 1098 3159 synodali
1131 3088 1420 3144 sententia
1451 3089 1884 3160 promulgatum
1924 3105 2031 3162 per

380 3173 724 3230 seditionem
758 3175 849 3231 vel
882 3176 1395 3247 praesumptionem
1421 3181 1519 3232 aut
1546 3177 1850 3247 quodlibet
1876 3179 2033 3248 inge-

382 3262 538 3316 nium
564 3261 827 3331 (electus,
856 3267 955 3318 aut
978 3263 1153 3319 etiam
1182 3264 1490 3320 ordinatus
1516 3280 1617 3321 seu
1642 3266 2034 3324 intronizatus

381 3350 581 3420 fuerit,
614 3351 970 3406 auctoritate
990 3351 1184 3407 divina
1209 3357 1266 3407 et
1284 3356 1617 3408 sanctorum
1633 3354 2030 3424 apostolorum

380 3438 537 3493 Petri
562 3444 617 3493 et
642 3439 802 3494 Pauli
828 3446 1118 3510 perpetuo
1142 3441 1510 3497 anathemate
1537 3457 1665 3498 cum
1693 3443 1817 3499 suis
1836 3449 2033 3501 aucto-

382 3526 562 3596 ribus,
601 3527 945 3598 factoribus,
992 3529 1364 3600 sequacibus,
1397 3545 1426 3585 a
1468 3529 1765 3605 liminibus
1814 3538 2031 3590 sanctae

380 3616 477 3671 Dei
494 3615 775 3672 aecclesiae
790 3622 1099 3687 separatus
1114 3617 1459 3687 subjiciatur
1474 3620 1625 3675 sicut
1641 3620 2029 3679 antichristus

382 3708 441 3757 et
474 3704 710 3760 invasor
740 3710 915 3774 atque
946 3706 1285 3762 destructor
1316 3707 1495 3763 totius
1546 3709 2025 3781 Christianitatis,

383 3806 487 3847 nec
519 3790 713 3862 aliqua
747 3808 923 3864 super
955 3794 1063 3850 hoc
1093 3795 1391 3850 audientia
1420 3796 1735 3867 aliquando
1764 3799 1817 3855 ei
1842 3814 2031 3856 reser-

384 3883 576 3949 vetur,
606 3881 707 3935 sed
728 3881 800 3935 ab
823 3883 976 3936 omni
1002 3881 1426 3939 :ecclesiastico
1446 3885 1652 3956 gradu,
1680 3886 1732 3941 in
1758 3901 2031 3957 quocum-

382 3984 494 4039 que
527 3969 690 4039 prius
724 3970 934 4041 fuerat,
968 3971 1094 4027 sine
1128 3973 1486 4029 retractione
1527 3974 1872 4046 deponatur.
1927 3976 2030 4033 Cui

387 4058 652 4128 quisquis
687 4058 1006 4130 adheserit,
1062 4060 1153 4116 vel
1205 4061 1687 4133 qualemcumque
1736 4067 2028 4135 tamquam

385 4147 649 4216 pontifici
684 4149 1077 4204 reverentiam
1109 4148 1461 4217 exhibuerit,
1488 4158 1585 4207 aut
1612 4151 1665 4206 in
1686 4152 1881 4225 aliquo
1898 4168 2029 4211 eum

387 4236 703 4292 defendere
736 4238 1201 4309 praesumpserit,
1238 4239 1363 4310 pari
1392 4241 1682 4296 sententia
1716 4241 1794 4298 sit
1817 4243 2033 4298 manci-

391 4329 581 4395 patus.
620 4324 759 4394 (Fol.
794 4326 908 4396 95.)
942 4326 1218 4397 Quisquis
1248 4331 1440 4384 autem
1484 4328 1655 4399 hujus
1703 4331 1890 4387 nostri
1940 4331 2036 4387 de-

386 4415 534 4469 creti
602 4412 693 4469 vel
747 4415 1056 4472 sententiae
1116 4420 1437 4472 temerator
1478 4418 1764 4490 extiterit,
1818 4424 1885 4481 et,
1926 4421 2037 4476 Ro-

400 4515 629 4556 manam
654 4500 980 4557 :ecclesiam
1006 4516 1108 4559 sua
1130 4505 1583 4575 praesumptione
1604 4507 1957 4563 confundere
1976 4513 2037 4563 et

390 4592 742 4660 perturbare
808 4595 1013 4646 contra
1080 4591 1186 4648 hoc
1263 4596 1550 4649 statutum
1626 4597 2033 4667 temptaverit,

388 4683 681 4750 perpetuo
738 4680 1107 4737 anathemate
1185 4686 1360 4753 atque
1436 4684 2034 4742 cxcommunicatione

386 4767 755 4840 dampnetur,
786 4774 1003 4826 etcum
1039 4770 1230 4842 impiis
1266 4770 1496 4841 quando
1531 4778 1837 4843 resurgent
1872 4773 1926 4829 in
1950 4773 2038 4843 ju-

386 4854 538 4912 dicio
572 4846 901 4927 reputet'ur.
931 4858 1362 4929 Omnipotentis
1388 4860 1613 4916 scilicet
1640 4862 1738 4917 Dei
1762 4862 1955 4919 Patris
1976 4867 2035 4918 et

386 4944 514 4999 Filii
539 4949 600 4999 et
624 4946 877 5016 Spiritus
902 4947 1088 5002 sancti
1114 4952 1318 5003 contra
1345 4963 1405 5003 sc
1423 4949 1564 5003 iram
1582 4950 1895 5021 sentiat,et
1910 4968 2037 5010 sen-

390 5037 620 5087 ctorum
653 5034 1055 5105 apostolorum
1080 5036 1236 5091 Petri
1262 5041 1319 5092 et
1342 5037 1527 5108 Pauli,
1550 5052 1796 5107 quorum
1819 5056 2039 5112 praesu-

387 5119 561 5175 sumit
593 5122 952 5178 confundere
982 5124 1331 5195 zecclcsiam,
1370 5124 1426 5179 in
1452 5124 1559 5180 hac
1578 5126 1695 5182 vita
1722 5130 1778 5183 et
1806 5128 1859 5182 in
1889 5129 2038 5185 futu-

386 5223 448 5264 ra
481 5207 735 5265 furorem
770 5213 1046 5282 reperiat,
1082 5212 1179 5270 fiat
1213 5212 1496 5271 habitatio
1524 5212 1649 5284 ejus
1682 5214 1939 5286 deserta,
1972 5220 2030 5271 et

2132 1840 2445 1913 episcopus
2477 1844 2803 1915 subscripsi
2837 1850 2896 1899 et
2928 1847 3128 1901 caeteri
3157 1847 3417 1919 episcopi
3446 1864 3682 1905 numero
3713 1856 3782 1906 76

2133 1944 2261 1986 cum
2288 1931 2635 2002 presbiteris
2656 1937 2712 1988 et
2737 1933 3080 1991 diacombus
3099 1936 3596 2006 subscripserunt.

2205 2021 2384 2075 Item:
2423 2040 2450 2071 «
2485 2021 2802 2078 Nicholaus
2849 2024 3190 2095 episcopus,
3236 2040 3442 2082 servus
3479 2042 3781 2085 servorum

2134 2107 2254 2178 Dei,
2290 2109 2561 2165 omnibus
2594 2110 3067 2183 archiepiscopis,
3100 2112 3409 2185 episcopis,
3445 2115 3781 2186 abbatibus,

2134 2196 2369 2253 clericis
2391 2204 2447 2253 et
2471 2197 2651 2269 laycis
2670 2200 2961 2270 fidelibus,
2988 2205 3104 2256 tam
3128 2202 3449 2270 majoribus
3481 2218 3651 2273 quam
3682 2205 3784 2259 mi-

2137 2286 2380 2342 noribus
2412 2302 2514 2358 per
2556 2303 2757 2343 omnes
2791 2288 3007 2344 Gallias
3048 2292 3564 2362 commorantibus,
3610 2293 3786 2349 immo

2138 2375 2523 2444 Aquitanicis,
2567 2377 2949 2433 Wasconibus
2996 2377 3242 2434 salutem
3296 2384 3352 2435 et
3399 2381 3784 2451 apostolicam

2142 2464 2605 2519 benedictionem
2622 2465 2667 2535 (Ι
2689 2467 2769 2535 l9)
2786 2464 3169 2536 .Quicumque
3194 2468 3483 2537 sacerdos,
3500 2470 3789 2527 diaconus

2140 2556 2196 2607 et
2215 2552 2610 2608 subdiaconus
2627 2559 2757 2624 post
2772 2553 3105 2610 institutum
3126 2556 3309 2611 beatae
3326 2559 3617 2614 memoriae
3644 2575 3794 2630 prte-

2142 2640 2470 2696 decessoris
2505 2642 2689 2697 nostri
2717 2643 2921 2698 Leonis
2944 2658 3106 2714 papae
3140 2643 3209 2698 de
3232 2645 3507 2701 castitate
3538 2644 3793 2703 clerico-

2142 2743 2265 2783 rum
2295 2729 2677 2784 concubinam
2712 2730 2898 2800 palam
2931 2731 3118 2802 duxit,
3149 2732 3239 2787 vel
3272 2731 3507 2788 ductam
3541 2749 3653 2790 non
3699 2750 3793 2791 re-

2142 2814 2333 2885 liquit,
2359 2831 2428 2871 ex
2454 2822 2619 2888 parte
2642 2818 2739 2873 Dei
2764 2819 3184 2890 omnipotentis
3208 2821 3562 2877 auctoritate
3588 2822 3789 2880 beato-

2141 2918 2266 2957 rum
2291 2905 2693 2974 apostolorum
2717 2907 2874 2961 Petri
2897 2913 2955 2962 et
2980 2907 3142 2964 Pauli
3170 2908 3562 2981 praecipimus,
3584 2915 3643 2966 et
3666 2926 3789 2967 om-

2142 2991 2279 3047 nino
2312 2993 2787 3065 contradicimus,
2823 3000 2886 3051 ut
2919 2997 3149 3052 missam
3190 3012 3304 3053 non
3342 3004 3559 3070 cantet,
3595 3014 3785 3070 neque

2142 3080 2505 3150 evangelium
2538 3087 2636 3138 aut
2670 3083 2978 3154 epistolam
3010 3085 3082 3142 ad
3116 3086 3349 3143 missam
3384 3087 3559 3159 legat,
3595 3104 3784 3160 neque

2142 3168 2195 3223 in
2223 3169 2577 3239 presbiterio
2601 3170 2670 3225 ad
2696 3170 2886 3226 divina
2910 3172 3093 3228 oﬂicia
3117 3189 3245 3230 cum
3273 3174 3362 3230 his
3396 3176 3492 3245 qui
3526 3177 3784 3247 praefatae

2142 3257 2550 3313 constitutioni
2575 3259 2916 3315 obedientes
2940 3261 3157 3317 fuerint
3179 3268 3427 3333 maneat,
3454 3279 3639 3335 neque
3656 3279 3786 3336 par-

2141 3351 2259 3402 tem
2282 3348 2353 3402 ab
2377 3346 2645 3403 :ecclesia
2670 3348 2935 3420 recipiat,
2957 3365 3258 3421 quousque
3282 3367 3312 3407 a
3348 3353 3517 3409 nobis
3556 3358 3787 3409 senten-

2144 3437 2221 3491 tia
2247 3450 2425 3507 super
2447 3435 2798 3507 hujusmodi,
2823 3439 2938 3494 Deo
2965 3440 3348 3512 concedente,
3379 3441 3679 3513 procedat.
3714 3444 3783 3497 Et

2142 3524 2553 3597 praecipientes
2590 3527 2907 3584 statuimus
2946 3533 3006 3584 ut
3050 3528 3126 3583 hii
3161 3529 3573 3600 praedictorum
3626 3531 3786 3586 ordi-

2142 3627 2297 3683 num,
2324 3612 2420 3684 qui
2443 3614 2627 3669 eidem
2647 3615 3065 3686 praedecessori
3082 3623 3285 3673 nostro
3299 3618 3643 3675 obedientes
3658 3620 3791 3690 ejus

2144 3701 2479 3758 institutum
2495 3704 3055 3775 servaverint,juxta
3071 3705 3352 3762 ecclesias
3385 3707 3599 3777 quibus
3630 3708 3788 3763 ordi-

2142 3790 2261 3845 nati
2294 3795 2450 3860 sunt,
2484 3790 2637 3847 sicut
2677 3797 2914 3863 oportet
2957 3793 3261 3864 religiosos
3300 3794 3569 3867 clericos,
3611 3796 3784 3853 simul

2143 3879 2495 3935 manducent
2526 3884 2586 3935 et
2617 3880 2927 3951 dormiant,
2962 3888 3022 3937 et
3053 3883 3336 3954 quidquid
3382 3886 3454 3940 ab
3494 3884 3787 3941 zecclesiis

2143 3969 2422 4039 competit
2453 3970 2842 4025 communiter
2870 3971 3142 4027 habeant.
3178 3995 3203 4019 ιι

2216 4060 2398 4129 (1060)
2431 4060 2591 4114 Hunc
2628 4058 2804 4127 igitur
2834 4060 3129 4117 Nicolaum
3164 4075 3366 4132 papam
3407 4062 3609 4118 adiens
3654 4065 3789 4119 Wa-

2144 4145 2422 4203 lerannus
2446 4147 2627 4202 abbas
2646 4147 2842 4202 Sancti
2866 4147 3079 4217 Vitoni,
3114 4148 3469 4218 querimonia
3505 4149 3654 4204 facta
3687 4166 3788 4207 su-

2142 4250 2243 4306 per
2266 4235 2477 4291 comite
2500 4236 2818 4291 Rutenensi
2841 4251 2944 4307 pro
2962 4236 3153 4292 fundis
3174 4236 3440 4293 ecclesiae
3460 4236 3789 4295 Virdunen-

2144 4323 2226 4378 sis
2260 4322 2391 4379 sitis
2426 4323 2479 4379 in
2509 4324 2787 4380 comitatu
2822 4324 3135 4380 Rutenensi
3167 4340 3313 4395 quos
3342 4328 3546 4381 sancto
3575 4326 3792 4384 Vitono

2145 4414 2469 4483 auferebat,
2502 4413 2557 4468 id
2584 4418 2675 4471 est
2706 4413 3127 4470 Maderniacum
3150 4413 3512 4471 Puliniacum
3534 4420 3594 4470 et
3616 4415 3786 4488 alios,

2143 4502 2399 4573 optinuit
2423 4501 2654 4559 litteras
2678 4504 2749 4559 ab
2766 4518 2833 4559 eo
2856 4503 3063 4559 missas
3081 4504 3325 4575 praefato
3344 4503 3544 4559 comiti
3576 4503 3634 4559 in
3664 4504 3792 4563 haec

2148 4592 2360 4647 verba:
2400 4614 2424 4639 οι
2448 4590 2723 4648 Nicolaus
2752 4591 3082 4663 cpiscopus,
3109 4606 3317 4648 servus
3339 4606 3639 4648 servorum
3662 4593 3788 4664 Dei,

2146 4681 2209 4735 Ιὶ.
2232 4680 2551 4736 Rutenensi
2574 4680 2775 4736 comiti
2798 4680 3011 4737 dilecto
3038 4680 3156 4737 tilio
3174 4681 3421 4737 salutem
3456 4686 3517 4737 et
3551 4684 3789 4753 aposto-

2149 4769 2316 4825 licam
2351 4770 2813 4826 benedictionem
2844 4770 3011 4842 (190).
3036 4772 3462 4841 Cognoscentes
3491 4771 3573 4826 tui
3609 4770 3787 4827 animi

2146 4858 2532 4930 propositum,
2568 4864 2624 4914 et
2661 4860 2812 4930 quod
2844 4864 3084 4931 propter
3114 4873 3352 4930 regnum
3383 4858 3479 4915 Dei
3519 4863 3576 4914 et
3608 4859 3792 4931 justi-

2150 4947 2285 5003 tiam
2309 4947 2435 5018 cjus
2455 4947 2711 5005 volueris
2736 4949 3078 5005 renunciare
3098 4948 3409 5020 temporali
3432 4947 3667 5017 fastigio
3700 4963 3790 5006 se-

2144 5037 2430 5093 cularium
2457 5038 2926 5108 occupationum,
2947 5037 3312 5094 confidenter
3338 5036 3443 5091 tibi
3475 5035 3790 5093 denuncia-

2146 5142 2293 5198 mus,
2320 5131 2383 5183 ut
2402 5158 2470 5167 —
2492 5126 2809 5183 secundum
2830 5126 2984 5198 quod
3010 5126 3115 5181 tibi
3139 5124 3492 5181 iniunximus
3522 5139 3653 5181 cum
3683 5140 3788 5181 ore

2145 5217 2216 5272 ad
2244 5232 2311 5273 os
2339 5216 2713 5287 loqueremur
2740 5247 2810 5257 —
2857 5214 3141 5273 {ecclesiis
3178 5213 3276 5270 Dei
3323 5218 3383 5271 et
3428 5212 3789 5287 pauperibus

1752 5338 1988 5393 VARUE
2030 5338 2427 5395 LECTIONES.

1974 5479 2195 5537 NOTrE.

454 5402 520 5434 ³³³
555 5404 622 5460 U.
652 5418 703 5459 ρ.
740 5419 794 5459 u.
829 5422 875 5463 c.

457 5572 605 5641 H19)
637 5572 715 5627 Cf.
752 5573 926 5629 Mansi
966 5579 1003 5631 t.
1041 5575 1177 5645 XIX,
1209 5591 1258 5633 c.
1292 5581 1414 5634 873.

2205 5578 2353 5649 (ΩΟ)
2386 5578 2563 5635 Mansi
2600 5583 2637 5632 t.
2672 5578 2806 5647 XIX,
2842 5592 2873 5633 c
2900 5580 3004 5634 87A
