3950 6048
247 149 366 211 273
1485 141 1991 208 CHRONICON.
2037 179 2113 189 -
2165 143 2316 206 LIB.
2365 145 2439 221 Π,
2510 146 2513 149 '
3320 196 3329 205 .
3544 147 3650 209 274

239 278 1516 353 defensoremteOpponas,justitiamqueeis
1534 279 1897 352 adquirenda
1921 278 1978 339 Α
2081 278 2279 353 (1073)
2303 281 2467 336 Anno
2502 278 2685 351 igitur
2717 278 2786 337 ab
2820 279 3218 339 incarnatione
3256 281 3479 339 Domini
3522 287 3661 342 1074

236 371 296 427 in
333 372 659 441 conspectu
693 367 790 423 Dei
830 371 1148 424 excusatus
1176 366 1424 438 existas,
1461 367 1613 439 quod
1638 381 1749 424 non
1773 382 1899 425 sme
2007 369 2179 444 (124),
2216 371 2569 443 praesidente
2606 372 2800 429 Romae
2830 370 3094 429 ecclesiae
3130 386 3279 444 papa
3305 372 3652 445 Alexandro,

228 474 428 519 causa
452 457 708 530 gladium
733 460 953 529 portas.
982 457 1049 512 Et
1074 456 1205 528 quia
1232 460 1497 513 nostrum
1514 460 1600 514 est
1620 461 1679 513 te
1711 458 1901 515 admo-
2009 460 2128 530 (fol.
2164 463 2253 530 96)
2284 460 2553 517 Giraldus
2583 460 2870 517 Ostiensis
2899 460 3234 533 episcopus,
3271 462 3545 520 Romanae
3578 478 3663 519 se-

223 563 410 617 nere,
447 548 496 604 si
533 561 645 618 qua
669 559 783 603 non
803 545 1146 616 negligenda
1171 546 1618 615 cognoverimus
1645 552 1701 602 te
1726 546 1903 617 negli-
2007 548 2099 604 dis
2130 548 2359 618 legatus
2392 548 2444 603 in
2481 548 2700 617 Galliis,
2739 547 2989 604 concilio
3025 548 3285 604 Cabiloni
3320 549 3521 604 habito
3554 551 3660 606 Ro-

215 650 414 715 gere,
450 636 674 692 orando
699 635 871 693 simul
894 634 1367 706 etpraecipiendo
1391 635 1743 691 auctoritate
1766 649 1901 705 apo-
2012 654 2157 693 mam
2196 636 2452 707 rediens,
2487 644 2542 692 et
2579 636 2728 708 apud
2762 637 3025 693 Diensem
3067 637 3268 693 urbem
3299 638 3658 709 bOSpitatus,

218 728 470 788 stolica
503 739 824 796 monemus,
862 729 921 781 ut
954 724 1305 781 monasterio
1352 724 1539 779 sancti
1590 724 1746 780 Petri
1784 725 1899 779 site
2007 741 2135 782 cum
2160 726 2395 781 clericis
2422 725 2474 781 in
2501 725 2770 782 accclcsia
2795 725 2865 781 de
2893 725 3151 781 utilitate
3167 726 3436 782 ecclesiae
3461 726 3661 799 loque-

217 815 523 885 Virduni,
567 815 723 885 quod
755 812 1105 870 venerabilis
1136 812 1225 867 vir
1252 812 1721 882 consanguineus
1764 816 1901 869 tuus
2012 816 2200 872 batur.
2238 817 2370 871 Erat
2407 815 2557 870 enim
2593 816 2648 869 in
2676 815 2875 870 eadem
2913 815 3054 871 urbe
3090 815 3435 872 Lancelinus
3466 818 3662 886 Symo-

212 904 645 963 \Valerannus
672 904 853 959 abbas
881 902 1051 973 regit,
1077 906 1273 958 curtes
1297 917 1440 972 quas
1480 901 1534 956 in
1580 907 1732 957 terra
1771 917 1901 973 pes-
2011 905 2211 961 niacus
2233 903 2424 961 dictus
2446 905 2776 976 episcopus,
2805 903 2901 975 qui
2931 908 3174 960 vocatus
3204 904 3274 960 ad
3306 906 3661 962 audientiam

206 992 540 1055 sessionis
571 995 683 1049 tuae
715 991 928 1047 habere
950 989 1274 1046 dinoscitur
1301 989 1592 1058 restituas,
1620 1004 1710 1058 ne,
1746 988 1901 1059 quod
2010 1010 2139 1049 cum
2174 994 2368 1050 venire
2400 998 2692 1063 renueret,
2729 999 2865 1049 etse
2900 993 3661 1065 indomoepiseOpalimanu

204 1080 524 1152 absit,ad
543 1079 926 1153 perditionem
945 1078 1148 1134 animae
1175 1084 1286 1134 tuae
1311 1078 1902 1134 diutiuseasretinen-
2011 1083 2247 1138 militari
2284 1083 2645 1149 defenderet,
2666 1088 2725 1138 et
2756 1083 3161 1153 episcopatum
3195 1082 3448 1139 retinere
3482 1088 3663 1155 temp-

202 1176 308 1232 do
368 1169 1038 1228 excommunicationem
1068 1169 1140 1223 ab
1171 1168 1643 1224 antecessoribus
1681 1167 1902 1224 nostris
2009 1174 2164 1227 taret
2195 1173 2485 1228 tractabat
2522 1171 2750 1239 legatus
2783 1187 2911 1226 cum
2944 1171 3192 1241 civibus,
3226 1171 3524 1227 canonicis
3554 1171 3662 1228 sci-

206 1263 635 1332 imprecatam
671 1257 1044 1313 invasoribus
1076 1271 1272 1312 earum
1299 1256 1584 1312 incurras.
1612 1259 1722 1313 Nec
1748 1258 1905 1312 volu-
2012 1261 2151 1317 licet
2174 1267 2231 1318 et
2256 1261 2439 1333 plebis
2463 1261 2798 1330 majoribus,
2827 1260 2965 1330 quid
2986 1260 3055 1316 de
3085 1260 3361 1331 episc0po
3396 1267 3657 1331 agerent,

212 1366 381 1409 mus
411 1348 581 1405 dicas
603 1362 632 1402 a
657 1346 1137 1421 parentibustuis
1161 1345 1247 1400 vel
1271 1345 1472 1401 uxoris
1502 1349 1617 1401 tuae
1653 1361 1753 1402 eas
1784 1361 1905 1402 ser-
2012 1353 2233 1421 dicens,
2252 1352 2417 1421 juxta
2445 1351 2811 1407 Ambrosium
2833 1349 3241 1421 incxpiabilem
3266 1366 3397 1407 esse
3420 1350 3650 1422 culpam

215 1441 334 1498 vis
355 1437 475 1494 Dei
511 1437 866 1507 subtractas,
905 1436 1040 1506 quia
1063 1434 1263 1505 justus
1286 1435 1777 1491 Dominusreddit
1801 1435 1905 1491 ini-
2012 1442 2233 1499 venditi
2268 1441 2613 1503 ministerii;
2647 1443 2702 1496 et
2731 1440 2898 1509 juxta
2936 1439 3172 1496 decreta
3209 1444 3543 1496 sanctorum
3570 1455 3663 1511 pa-

217 1528 552 1603 quitatem
579 1531 807 1597 patrum
831 1526 886 1580 in
909 1524 1075 1594 filios,
1103 1524 1156 1578 in
1179 1522 1418 1579 terciam
1443 1530 1502 1578 et
1521 1528 1784 1593 quartam
1809 1539 1905 1593 gc-
2013 1537 2189 1601 trum,
2222 1531 2444 1600 Leonis,
2472 1530 2756 1599 Gregorii,
2783 1528 3042 1584 Nicholai
3069 1535 3127 1585 et
3150 1534 3505 1598 ceterorum,
3527 1544 3665 1598 erga

207 1615 642 1677 nerationem.
678 1615 839 1671 Sicut
870 1613 1018 1670 enim
1054 1611 1288 1668 conscia
1337 1612 1605 1669 veritatis
1651 1618 1903 1669 testatur
1934 1640 1987 1699 Β
2014 1621 2385 1693 Symoniacos
2406 1619 2619 1676 nullam
2646 1617 3442 1678 misericordiamhabendam
3470 1618 3524 1673 in
3546 1632 3659 1675 ser-

214 1705 610 1776 antiquitas,
667 1708 905 1760 sanctus
954 1703 1270 1771 Amantius,
1335 1702 1647 1774 peculiaris
1710 1706 1903 1760 vester
2015 1711 2203 1767 vanda
2236 1709 2544 1780 dignitate,
2578 1713 2635 1764 et
2670 1709 2803 1779 quia
2837 1708 3104 1778 quisquis
3127 1721 3228 1778 per
3251 1708 3553 1778 pecuniam
3573 1722 3660 1763 or-

208 1802 565 1872 patronus,
594 1808 695 1850 eas
716 1791 1071 1850 contradidit
1106 1792 1461 1848 servitorum
1510 1793 1695 1848 sancti
1747 1793 1903 1849 Petri
2018 1800 2271 1869 dinatur,
2301 1799 2369 1854 ad
2393 1798 2501 1853 hoc
2523 1802 2587 1855 ut
2617 1798 2715 1853 fiat
2737 1797 3034 1853 hereticus
3059 1801 3438 1868 promovetur
3458 1802 3516 1852 et
3541 1812 3660 1852 om-

214 1885 486 1946 usibus.
2018 1904 2121 1945 nes
2151 1888 2245 1959 qni
2278 1887 2327 1943 ei
2362 1886 2757 1956 consentiunt,
2782 1891 2840 1942 et
2866 1886 2961 1956 qui
2985 1886 3295 1942 emendare
3330 1890 3576 1956 possunt
3598 1891 3661 1941 et

301 1975 430 2030 His
462 1972 729 2045 acceptis
749 1971 969 2027 litteris
995 1985 1122 2026 cum
1144 1974 1565 2041 reverteretur,
1591 1971 1740 2042 apud
1774 1973 1909 2027 Are—
2020 1992 2131 2033 non
2163 1976 2492 2045 emendant,
2527 1980 2583 2031 et
2624 1990 2824 2032 omnes
2854 1976 2948 2045 qui
2983 1979 3186 2031 contra
3210 1975 3341 2030 illos
3366 1990 3476 2030 non
3508 1980 3664 2045 sunt,

220 2075 413 2119 mare
451 2060 875 2116 monasterium
908 2059 1056 2129 (121)
1086 2072 1309 2113 veneno
1342 2059 1536 2129 periit,
1580 2064 1636 2113 et
1672 2058 1911 2115 Grimol-
2019 2066 2119 2123 sed
2155 2068 2344 2121 favent
2379 2065 2483 2135 (is,
2519 2079 2647 2120 cum
2676 2080 2744 2120 eo
2790 2063 3040 2119 habeant
3093 2068 3315 2135 partem
3362 2064 3455 2134 qui
3505 2064 3669 2134 prius

218 2151 351 2207 dus
381 2148 713 2205 successit.
741 2146 971 2219 Capella
997 2162 1135 2201 vero
1159 2147 1228 2201 ab
1254 2146 1913 2203 inhabitantibnsreten-
2019 2154 2309 2212 commisit
2355 2154 2463 2209 hoc
2491 2152 2784 2225 peculiare
2819 2152 3121 2220 flagitium.
3161 2154 3298 2207 Dum
3322 2167 3461 2221 ergo
3484 2152 3554 2207 de
3578 2152 3670 2207 his

227 2244 294 2296 ta
346 2241 477 2306 est,
526 2237 628 2292 sed
663 2235 1032 2308 postmodum
1077 2234 1351 2304 requisita
1390 2235 1613 2291 reddita
1645 2242 1757 2306 est,
1800 2236 1910 2291 etsi
2023 2244 2174 2299 inter
2191 2257 2292 2298 eos
2318 2245 2698 2309 tractaretur,
2721 2245 2800 2309 et,
2829 2246 2891 2296 ut
2916 2240 3313 2311 praediximus,
3348 2239 3444 2295 ille
3474 2240 3671 2297 dictus

229 2341 363 2384 non
406 2327 565 2381 tota.
601 2324 671 2379 Et
702 2324 836 2394 quia
870 2337 937 2379 eo
964 2323 1240 2379 defuncto
1273 2338 1382 2378 non
1419 2324 1525 2379 fuit
1559 2325 1653 2395 qui
1684 2324 1915 2380 litteras
2022 2332 2334 2403 episcopus
2357 2330 2709 2385 audientiam
2732 2327 3370 2397 subterfugeret,jnxta
3388 2342 3668 2384 canonum

240 2415 482 2473 missas
508 2412 710 2469 comiti
753 2411 1067 2468 Rutenensi
1121 2410 1427 2482 perferret,
1466 2413 1650 2469 adhuc
1683 2412 1914 2469 abbat'ia
2025 2421 2297 2477 instituta
2339 2423 2396 2475 et
2431 2423 2765 2474 sanctorum
2806 2419 3040 2473 Patrum
3077 2417 3311 2473 decreta
3359 2417 3671 2489 episcopus

232 2520 379 2562 cum
406 2502 612 2559 fundis
637 2506 862 2557 retenta
888 2505 999 2555 est.
1029 2498 1341 2555 Nicholaus
1363 2516 1592 2572 quoque
1609 2516 1751 2573 papa
1770 2501 1917 2558 obiit
2027 2509 2386 2580 querebatur
2406 2506 2665 2576 idoneus,
2690 2505 2859 2576 quiet
2886 2505 3061 2561 saluti
3087 2520 3285 2561 eorum
3308 2505 3660 2576 invigilaret,

249 2608 415 2648 anno
438 2592 672 2662 eodem,
695 2591 753 2647 id
770 2595 858 2647 est
886 2594 1044 2658 1060,
1066 2590 1136 2642 ab
1165 2588 1272 2643 inc.
1298 2590 1540 2661 Domini,
1564 2595 1620 2647 et
1648 2591 1915 2661 sequenti
2026 2603 2081 2655 et
2117 2597 2418 2653 animabus
2447 2594 2773 2652 commissis
2803 2594 3095 2651 sollicitus
3138 2594 3667 2665 superintenderet,

249 2696 414 2738 anno
448 2680 836 2737 Walerannus
869 2679 1123 2738 decessit
1166 2685 1223 2739 ct
1267 2681 1535 2753 sepultus
1587 2679 1736 2751 apud
1783 2694 1919 2735 eun-
2027 2702 2163 2743 ecce
2197 2684 2493 2756 personuit
2529 2684 2597 2739 ad
2630 2699 2801 2739 aures
2850 2698 3051 2739 eorum
3101 2683 3404 2739 advenisse
3446 2682 3568 2738 illic
3610 2687 3671 2738 et

251 2769 391 2825 dem
428 2767 644 2825 locum.
2028 2774 2349 2831 aecclesiam
2383 2788 2493 2843 qua
2520 2772 2870 2828 tenebantur
2894 2772 3147 2827 intrasse
3171 2772 3454 2827 orationis
3481 2772 3669 2841 gratia

334 2860 503 2914 Anno
528 2858 707 2929 igitur
732 2863 859 2915 1061
890 2859 1163 2916 Nicholao
1189 2876 1351 2932 papae
1378 2857 1662 2914 successit
1681 2855 1922 2912 Alexan-
2030 2863 2300 2918 domnum
2322 2862 2615 2929 Hngonem
2643 2859 3076 2929 Lugdunensem
3096 2859 3499 2928 camerarium,
3528 2874 3672 2930 prae-

260 2947 370 3003 der
388 2948 465 3017 Il,
489 2951 549 3002 et
572 2948 827 3004 secundo
850 2962 1001 3006 anno
1024 2949 1193 3017 obiit;
1215 2949 1307 3005 cui
1341 2948 1562 3004 tercius
1590 2945 1916 3003 Alexander
1949 2997 1994 3019 η
2030 2951 2284 3007 cinctum
2316 2953 2374 3004 et
2406 2951 2672 3019 paratum
2706 2946 2774 3002 ad
2798 2945 3176 3017 equitandum
3205 2966 3216 3000 :
3244 2947 3363 3002 ibat
3389 2947 3539 3002 enim
3566 2948 3673 3003 llo-

266 3035 723 3108 successit(122)
747 3036 1049 3093 Millesimo
1078 3053 1306 3109 quoque
1329 3036 1688 3105 sexagesimo
1710 3035 1915 3106 quinto
1948 3035 1996 3057 υ
2027 3055 2133 3095 mae
2166 3038 2235 3093 ad
2266 3042 2529 3093 sanctum
2560 3037 2816 3090 Petrum.
2850 3036 2964 3091 Nec
2990 3050 3167 3103 mora,
3205 3035 3457 3106 Spiritus
3479 3036 3667 3091 sancti

272 3139 447 3181 anno.
479 3124 594 3181 ind.
621 3130 651 3181 3
673 3126 864 3196 stella,
892 3143 1019 3197 qum
1048 3132 1275 3183 cometc
1299 3124 1841 3197 dicitur,apparuit,
1858 3127 1915 3180 et
2026 3127 2214 3198 gratia
2245 3124 2424 3183 corda
2451 3140 2685 3181 suorum
2722 3123 3073 3191 illustrante,
3109 3123 3172 3178 fit
3204 3122 3422 3179 clamor
3452 3129 3511 3179 et
3532 3139 3666 3179 cou—

275 3213 479 3270 eodem
510 3229 655 3271 anno
685 3216 998 3273 Etwardus
1039 3216 1355 3286 Anglorum
1401 3232 1502 3271 rex
1543 3214 1687 3270 obiit
1732 3213 1912 3284 (1060,
2027 3231 2237 3274 cursus
2262 3214 2538 3283 fidelium,
2564 3218 2837 3269 ocreatus
2856 3228 2987 3268 cum
3008 3212 3669 3284 calcaribusinvenitur,

277 3304 401 3358 Jan.
441 3306 533 3374 5);
582 3303 675 3374 qui
720 3305 851 3375 quia
898 3305 1020 3361 sine
1070 3305 1203 3362 ﬁliis
1245 3306 1370 3375 fuit,
1423 3301 1914 3372 consanguineum
2028 3306 2274 3377 rapitur,
2297 3301 2639 3369 tenetur;in
2661 3300 3674 3373 conspectuapostolicaesedisvica-
3748 3344 3753 3347 .

287 3406 452 3447 suum
488 3391 825 3451 Willelmum
860 3396 1318 3451 Normannorum
1364 3393 1632 3450 comitem
1686 3395 1813 3463 post
1857 3405 1917 3447 se
2030 3395 2345 3451 riisummo
2366 3391 2618 3448 omnium
2646 3392 2842 3446 favore
2865 3389 3663 3461 etgratiadeduciturzquod

294 3493 532 3549 regnare
566 3481 834 3539 instituit.
871 3484 978 3539 Sed
1011 3483 1319 3553 lleroldus,
1355 3488 1557 3539 contra
1601 3494 1919 3537 sacramen-
2028 3484 2239 3553 dignus
2264 3482 2336 3537 sit
2363 3481 2457 3551 qui
2487 3479 2675 3551 possit
2696 3478 2979 3535 :ccclesiae
3006 3493 3262 3550 praeesse
3286 3484 3341 3534 et
3367 3478 3666 3550 prodesse,

298 3569 415 3621 tum
442 3567 602 3637 quold
633 3569 918 3627 Willelmo
952 3573 1189 3641 fecerat,
1219 3586 1457 3641 regnum
1501 3569 1729 3625 invasit.
1784 3570 1917 3640 Ipso
2029 3571 2401 3628 acclamatur.
2428 3566 3187 3636 Reclamabatillc,ctvotis
3207 3566 3404 3638 populi
3429 3568 3671 3638 parabat

304 3667 469 3724 anno,
505 3671 682 3715 mense
714 3660 975 3731 Octobri,
1011 3660 1333 3717 Willclmus
1364 3674 1520 3715 mare
1558 3658 1809 3726 transiit,
1859 3661 1916 3715 et
2029 3661 2339 3727 obsistere,
2376 3657 2537 3728 quasi
2574 3657 2668 3727 qui
2703 3672 2817 3712 non
2852 3659 3051 3726 posset
3083 3671 3186 3711 nec
3216 3655 3430 3711 debere
3452 3671 3671 3727 sponso

311 3744 598 3802 commisso
630 3748 823 3819 praelio
855 3750 888 3803 2
919 3749 1053 3806 Idus
1087 3749 1358 3806 Octobris
1390 3748 1507 3805 ruit
1535 3747 1919 3816 Heroldus,et
2030 3746 2531 3820 legitimovivente
2547 3745 2877 3801 castitatem
2895 3744 3180 3801 accclesiar.
3209 3744 3358 3799 forda
3385 3744 3669 3801 scissione

317 3829 616 3889 Willelmus
644 3835 730 3891 die
754 3837 967 3893 natalis
994 3838 1214 3894 Domini
1266 3838 1416 3909 apud
1460 3836 1812 3893 Lundoniam
1862 3836 1917 3891 in
2030 3849 2420 3906 corrumpere.
2449 3836 2506 3888 ln
2532 3832 2639 3888 bac
2663 3833 2873 3887 devota
2895 3832 3272 3888 contentione
3297 3831 3673 3904 placuitdivi-

323 3931 501 3987 regem
527 3920 765 3981 elevatus
785 3929 845 3982 et
875 3930 1190 3982 coronatus
1219 3930 1327 3995 est,
1368 3927 1529 3981 Anno
1574 3926 1646 3981 ab
1698 3923 1914 3980 inearn.
2029 3924 2199 3980 nitati
2230 3920 2653 3992 beneplacitam
2689 3935 2810 3975 suae
2843 3920 3171 3991 praesentiae
3207 3921 3567 3975 voluntatem
3614 3921 3668 3975 in

332 4005 532 4063 Domini
561 4012 679 4067 1063
710 4012 834 4069 finis
867 4012 974 4069 fuit
1006 4029 1282 4070 annorum
1312 4013 1519 4070 circuli
1548 4011 1616 4045 3"
1643 4011 1739 4084 qui
1785 4028 1921 4068 con-
2030 4012 2369 4070 ostensione
2403 4008 2554 4065 lucis
2586 4008 2709 4064 suis
2739 4006 3010 4063 ﬁdelibus
3036 4007 3355 4063 declarare.
3385 4009 3518 4061 Nam
3543 4023 3670 4063 cum

338 4098 452 4149 stat
481 4097 772 4169 quingentis
804 4102 1043 4172 triginta
1077 4102 1307 4159 duobus
1341 4103 1522 4172 annis,
1554 4107 1611 4157 et
1652 4100 1916 4171 sequenti
2029 4108 2185 4160 esset
2209 4099 2446 4158 nubilus
2472 4097 2615 4167 dies,
2646 4095 2740 4153 lux
2770 4096 2821 4151 in
2848 4097 3075 4152 modum
3103 4111 3289 4167 sperae
3318 4110 3419 4166 per
3443 4094 3671 4166 aliquas

346 4197 478 4239 anno
506 4183 633 4243 idem
660 4189 849 4263 incipit
882 4191 1176 4257 circulus;
1212 4191 1267 4247 in
1302 4191 1467 4262 cujus
1491 4192 1599 4247 [ine
1622 4191 1734 4246 erit
1756 4190 1921 4246 labor
2030 4190 2275 4247 horasin
2298 4185 2519 4259 gremio
2539 4190 2597 4241 et
2628 4184 2774 4240 facie
2799 4182 3093 4255 Splenduit
3119 4182 3403 4249 ecclesiae,
3433 4198 3560 4253 quae
3587 4182 3670 4239 sic

350 4274 403 4324 et
432 4270 593 4330 dolor.
614 4276 911 4337 Alexander
938 4296 1080 4353 papa
1107 4280 1415 4351 Gyraldum
1442 4279 1919 4349 Ostiensiemepi-
2031 4279 2297 4337 accendit
2318 4281 2565 4333 cunctos
2591 4272 3327 4345 quiaderantetvidcrant,
3346 4271 3413 4327 ad
3437 4271 3672 4329 laudan-

358 4370 581 4430 scopum,
609 4365 688 4433 qui
706 4368 866 4424 Petro
898 4372 1291 4440 successerat,
1318 4370 1388 4425 ad
1422 4368 1635 4424 Gallias
1662 4367 1914 4423 destina-
1943 4353 1997 4413 D
2023 4371 2150 4426 dam
2179 4364 2692 4439 propriciationem
2718 4361 2928 4418 divinm
2948 4360 3293 4431 clementiae,
3313 4368 3375 4417 ut
3394 4361 3673 4417 clamare-

363 4445 455 4515 vit,
484 4451 531 4503 et
560 4451 687 4510 vices
711 4471 831 4514 suas
862 4458 913 4515 ei
949 4475 1052 4530 per
1083 4458 1377 4515 Franciam
1410 4463 1464 4514 ct
1522 4456 1911 4527 Burgundiam
2028 4461 2121 4511 tur
2145 4449 2901 4509 abomnibuszBenedictus
2925 4449 3386 4504 do-mimcsDeus.
3408 4448 3558 4518 quia
3585 4461 3674 4502 re-

373 4539 616 4596 commisit
658 4546 815 4603 Atille
844 4564 917 4604 ex
935 4554 1230 4620 praecepto
1255 4562 1417 4621 papae
1439 4547 1742 4605 concilium
1758 4545 1910 4617 apud
2019 4542 2223 4617 spexit
2238 4540 2619 4613 dejectionem
2642 4539 2900 4596 ecclesiae
2917 4552 3059 4607 sum,
3079 4536 3443 4593 uteisitaret
3461 4550 3591 4591 eam
3619 4536 3678 4591 et

386 4623 658 4685 Cabilonem
684 4632 928 4707 instituit,
962 4637 1053 4693 cui
1087 4644 1338 4709 praeerat
1368 4637 1656 4695 Roclenus
1693 4636 1916 4707 episco-
2025 4624 3372 4700 illuminanttalipontiﬂce!Accessitetaliud
3409 4622 3672 4679 mirabile

387 4725 495 4783 pus,
511 4713 686 4777 litteris
709 4724 936 4797 adprime
960 4727 1227 4783 eruditus
1249 4732 1305 4782 et
1339 4726 1391 4782 in
1420 4726 1668 4783 lectione
1692 4725 1914 4782 divino-
2028 4721 2234 4777 divinae
2279 4716 2516 4791 pietatis
2557 4713 2625 4748 ³²⁰
2658 4713 2966 4785 indicium,‘
3000 4715 3155 4785 quia,
3192 4728 3321 4769 cum
3358 4712 3411 4768 in
3444 4711 3571 4783 ejus
3606 4709 3671 4745 ⁸³⁸

397 4814 502 4857 rum
524 4804 800 4870 voluminum
814 4815 1282 4873 studiosissimus
1314 4814 1483 4886 (123).
2026 4809 2312 4867 electione
2340 4805 2526 4863 omnis
2557 4803 2667 4862 sibi
2684 4804 2739 4859 in
2771 4818 2912 4860 voce
2933 4802 3001 4836 ³²²
3037 4803 3229 4860 laudis
3259 4804 3315 4858 et
3335 4800 3523 4872 jubilo
3545 4816 3674 4858 cor-

1630 4930 1866 4988 VARIIE
1909 4926 2309 4987 LECTIONES.

470 5021 523 5057 ω
561 5022 654 5083 νοω
668 5030 769 5101 iam
793 5036 984 5097 deleta.
1062 5041 1128 5076 ε²⁰
1153 5041 1323 5098 -tatis
1354 5039 1626 5098 deletum.
1705 5040 1769 5077 αι
1798 5037 1926 5106 ejus
1955 5033 2229 5092 deletum.
2307 5030 2374 5066 ³²²
2402 5027 2459 5083 in
2490 5039 2633 5081 voce
2662 5023 2872 5081 deleta.

1858 5149 2084 5209 NO'DE.

492 5232 1046 5334 Ἇᾍξᾏξδῗδῗίθΐίῖθ,¹¹ιθὶῖ
1078 5270 1257 5334 βιζοβυ
1289 5256 1584 5334 Τνθοθδοη,
1657 5330 1665 5334 ,
1711 5325 1741 5334 Α
2028 5267 2372 5334 Mart.,anno
2419 5262 2574 5327 1072,
2611 5259 2671 5314 ut
2720 5258 2978 5314 testatur
3023 5256 3298 5311 Actorum
3354 5254 3699 5323 fragmenta

492 5238 585 5299 (121
628 5239 1046 5326 Monstierllamcy
1078 5270 1257 5327 ΡιὈβυ
1289 5256 1517 5312 ΤΓΘΟθδ·
2028 5267 2372 5334 Mart.,anno
2419 5262 2574 5327 1072,
2611 5259 2671 5314 ut
2720 5261 2749 5310 tu

449 5238 1207 5431 aliifit.:aa:‘a£:°9££.‘a
1230 5340 1414 5431 3.2908
1439 5324 1590 5381 εθάίι
1615 5330 1673 5379 οι
1705 5325 1918 5393 “eam
2031 5352 2229 5421 Μοηεί,
2259 5354 2305 5405 ι.
2337 5348 2447 5416 xx,
2474 5360 2528 5417 ρ.
2566 5349 2649 5403 ιτ.
2686 5344 2749 5401 κ.

515 5389 558 5429 ιιι
579 5380 1209 5454 γὶῐδιιοορδδθιθιήήήόέῑιιέ
1240 5380 1335 5454 est
1358 5380 1406 5382 ﬁ
1448 5380 1487 5381 ﬂ
1819 5380 1851 5393 "
2032 5380 2229 5421 λ“ί¹¹¹δ¹’
2264 5380 2305 5405 ⁵·
2337 5380 2447 5416 λων
2474 5380 2528 5445 I’;
2566 5380 2649 5403 ὐ

515 5443 624 5520 (1‘13)
647 5451 870 5520 Concilium
891 5468 1285 5526 Cabillonensc
1311 5439 1492 5523 h’abitt
1520 5484 1569 5523 Ill
1600 5472 1692 5523 est
1711 5470 1743 5521 6
1765 5465 1908 5522 Non.
2096 5441 2243 5509 (124)
2265 5437 2368 5495 Vel
2399 5438 2596 5506 potius
2627 5438 2788 5507 1073,

326 5734 339 5805 ι
3564 5734 3697 5859 μ
