3950 6048
329 251 449 319 2'75

1299 256 1665 325 HUGONIS
1705 255 2054 322 ABBATIS
2095 254 2776 324 FLAVINIACENSIS

3623 256 3758 321 2‘76

337 368 437 449 dis
458 389 843 467 applauderet
873 391 942 429 ³³³
963 394 1255 468 aecclesia,
1281 400 1338 453 et
1363 393 1656 470 praecipue
1674 391 1740 428 ³³⁸
1772 407 1835 452 se
1867 390 1972 450 tali
2007 392 2063 454 A
2093 398 2398 464 gratanter
2419 392 2741 467 jussionem
2772 394 2900 469 ejus
2930 392 3317 468 susciperent,
3343 398 3401 453 et
3424 391 3756 454 obedirent

338 486 571 539 rectore
602 482 951 557 cpitulatam
971 501 1102 543 esse
1116 484 1184 520 ³³⁸
1199 485 1620 558 gratularetur,
1638 482 1868 555 legatus
1879 497 1974 555 pa-

337 585 425 641 pne
455 569 523 605 ³³³
552 576 742 630 mente
775 588 1018 645 presaga
1040 575 1312 647 quiddam
1330 574 1537 633 mirum
1561 572 1627 608 ³³⁷
1650 574 1705 629 in
1729 588 1798 631 eo
1831 588 1975 644 pra:-

338 660 541 718 videns
561 680 581 718 :
604 663 781 721 Huic.
811 663 999 735 inqu.t
1024 662 1109 732 ³³³,
1135 663 1371 723 civitati
1393 665 1600 736 pastor
1628 664 1870 737 quidem
1890 663 1982 722 est

339 746 426 820 ³³³,
460 752 679 810 electus
699 752 759 810 et
773 768 813 811 α
831 755 950 810 Deo
972 753 1225 811 donatus
1246 752 1332 823 ³³³,
1356 753 1462 810 sed
1478 755 1716 825 majora
1746 754 1802 811 ei
1829 766 1977 825 pra-

340 835 667 899 destz’nam‘t
692 840 757 876 ³³¹
789 844 1154 901 Altissimus.
1189 843 1324 901 Non
1345 843 1453 901 diu
1480 844 1638 900 enim
1650 841 1718 876 ³³³
1738 844 1881 901 huic
1892 856 1978 901 ec-

338 929 532 988 clesiae
559 932 825 1001 pastoris
843 931 1113 1004 ofﬁcium
1124 931 1447 1002 praestabit
1463 930 1550 1003 ³³³,
1572 934 1861 1003 quoniam
1880 945 1977 989 ea:-

338 1020 672 1096 cellentiorz'
693 1020 1012 1091 gibisserio
1042 1020 1189 1090 (125)
1219 1020 1540 1078 donabitm'
1576 1019 1641 1055 ³³⁸
1674 1020 1978 1093 dispensa-

341 1109 512 1166 tzmts
530 1107 597 1142 ³³³
624 1108 1179 1167 ἀίυίφιίεδδουηιηθγα
1199 1107 1561 1181 ³³ταγιιιίιε³³³
1576 1113 1746 1182 (126).
1772 1111 1855 1166 Cf.
1881 1110 1973 1165 SS.

340 1196 437 1267 (γι,
464 1199 590 1270 306)
613 1197 703 1254 Sic
724 1196 1012 1254 clamores
1034 1202 1091 1254 et
1116 1203 1249 1255 vota
1272 1198 1527 1257 omnium
1547 1199 1825 1270 judicium
1849 1214 1981 1271 pro-

337 1284 496 1342 bavit
524 1286 779 1356 cmleste,
813 1286 1038 1344 electus
1070 1286 1188 1357 ille,
1226 1287 1323 1358 qui
1369 1303 1473 1345 nec
1505 1288 1688 1344 valuit
1740 1303 1845 1345 nec
1884 1303 1981 1345 vo-

339 1372 465 1444 luit,
499 1379 586 1431 tot
619 1376 1125 1447 praecurrentibus
1148 1376 1397 1447 indiciis,
1432 1377 1721 1434 voluntati
1770 1377 1980 1435 divinae

336 1464 649 1534 contraire,
684 1464 1020 1535 compulsus
1050 1468 1142 1520 est
1173 1466 1531 1523 auctoritate
1553 1466 1870 1538 apostolica
1896 1481 1982 1522 re-

341 1552 550 1608 morari
583 1556 641 1608 et
675 1552 1015 1609 conﬁrmata
1043 1557 1133 1609 est
1156 1569 1332 1625 super
1361 1570 1491 1611 eum
1524 1554 1734 1612 electio
1758 1554 1899 1611 cleri
1921 1558 1982 1611 et

343 1640 556 1712 pepuli.
591 1640 731 1709 (Fol.
757 1642 871 1713 96.)
905 1643 1028 1709 Quo
1065 1642 1285 1714 audito,
1340 1644 1466 1714 ipse
1507 1643 1604 1715 qui
1656 1643 1979 1701 aecclesiam

2084 482 2162 540 ita
2188 487 2251 541 ut
2273 490 2407 541 ante
2429 486 2554 558 ejus
2575 486 3003 543 ordinationem
3023 485 3147 543 haec
3162 500 3283 543 suae
3307 484 3758 543 meliorationis

2083 573 2439 631 incrementa
2465 575 2572 632 sibi
2597 576 2905 633 commissa
2931 591 3032 648 per
3051 590 3180 632 eum
3198 575 3525 647 susceperit
3544 574 3724 633 eccle
3740 605 3754 613 -

2085 662 2190 732 sia,
2226 662 2460 719 Obierat
2496 663 2620 735 ipso
2652 678 2800 720 anno
2834 679 2979 736 pana
3006 662 3334 721 Alexander
3357 664 3414 720 in
3438 664 3562 736 ipso
3600 679 3756 737 apo-

2084 751 2337 808 tolorum
2360 752 2518 808 Petri
2541 756 2597 808 et
2618 751 2780 808 Pauli
2804 751 3096 822 natalicio,
3123 755 3179 808 et
3214 753 3576 810 substitutus
3609 758 3757 811 erat

2087 840 2338 897 unanimi
2364 839 2653 897 electione
2672 840 2814 897 cleri
2838 845 2897 898 et
2923 840 3120 913 populi
3146 842 3459 912 Gregorius
3478 843 3595 914 νη,
3642 844 3751 915 qui

2086 926 2142 983 in
2175 927 2297 999 ipsa
2328 929 2579 984 Romana
2612 927 2876 985 mcclesia
2913 929 3020 985 sub
3059 928 3304 1000 praefato
3345 930 3628 1001 pontifice
3662 930 3754 988 of-

2086 1015 2218 1073 ficio
2248 1018 2600 1086 fungebatur
2630 1017 3154 1075 archidiaconatus.
3179 1018 3399 1074 Etlicet
3419 1019 3752 1076 ordinatio-

2093 1105 2181 1162 nis
2212 1109 2271 1161 et
2288 1106 2751 1163 consecrationis
2773 1106 2901 1177 ejus
2925 1106 3291 1178 privilegium
3314 1106 3455 1163 solis
3473 1108 3753 1164 cardina-

2090 1192 2243 1251 libus
2266 1194 2560 1266 episcopis
2584 1195 2918 1265 Albanensi,
2948 1195 3203 1252 Ostiensi
3226 1201 3286 1251 et
3311 1197 3644 1267 Portuensi,
3664 1196 3753 1253 sit

2091 1284 2486 1355 commissum,
2515 1284 2784 1341 Giraldus
2810 1285 2952 1355 ipse,
2981 1285 3113 1354 quia
3138 1286 3361 1355 aberat,
3387 1291 3749 1357 expectatus

2092 1388 2202 1428 non
2232 1377 2341 1439 est,
2378 1374 2477 1430 sed
2510 1373 2605 1445 qui
2630 1373 2787 1429 vices
2810 1375 2936 1445 ejus
2957 1377 3351 1445 exequeretur
3382 1374 3751 1443 subrogatus

2090 1466 2201 1518 est.
2230 1462 2335 1530 Qui
2361 1463 2591 1518 demum
2614 1476 2908 1533 reversus,
2936 1476 3097 1534 papae
3122 1463 3275 1518 inter
3289 1469 3483 1519 cetera
3501 1462 3749 1520 electio-

2094 1566 2222 1607 nem
2254 1552 2479 1609 Diensis
2509 1552 2794 1609 aeeclesiae
2826 1552 3099 1622 innotuit,
3134 1556 3191 1607 et
3243 1551 3495 1608 electum
3545 1552 3747 1625 ipsum

2093 1656 2261 1711 quam
2289 1642 2533 1697 maxime
2552 1641 2894 1713 paternitati
2920 1640 3104 1712 ipsius
3138 1640 3584 1698 commendavit.
3616 1642 3745 1698 Non

341 1742 444 1800 per
471 1728 794 1800 Symoniam
824 1729 1119 1788 invaserat
1152 1738 1212 1788 et
1242 1732 1422 1789 armis
1461 1733 1718 1790 retinere
1762 1736 1979 1805 tempta
2012 1747 2065 1807 Β
2098 1729 2281 1785 multo
2308 1734 2438 1801 post
2460 1730 2584 1801 ipse
2605 1730 2700 1801 qui
2725 1730 3241 1787 commendabatur
3256 1729 3743 1802 advenit,etquia

341 1817 459 1889 bat,
477 1817 680 1874 dolens
698 1819 1022 1876 unanimem
1057 1835 1358 1879 assensum
1391 1821 1623 1893 civium,
1668 1828 1727 1879 et
1766 1823 1982 1880 timens

343 1905 867 1977 populigaudentis
883 1912 939 1964 et
963 1909 1033 1965 ad
1052 1910 1150 1981 pia
1174 1915 1308 1966 vota
1340 1910 1750 1969 incalescentis
1771 1912 1981 1982 animo,

342 1994 387 2049 si
433 1994 869 2067 intumesceret,
913 1997 1192 2070 impetum
1248 2000 1697 2071 ferocissimum,
1750 2000 1984 2058 domum

341 2083 729 2155 episcopalem
763 2084 1024 2143 deseruit
1050 2091 1110 2143 et
1139 2088 1405 2144 recessit.
1451 2089 1789 2160 Augebatur
1834 2091 1985 2147 enim

340 2185 612 2227 curarum
678 2173 931 2246 estibus,
1006 2178 1064 2232 et
1145 2175 1401 2233 stimulis
1476 2177 1770 2235 mordacis
1855 2192 1989 2235 con-

341 2259 624 2330 scientiae,
678 2276 846 2332 quam
904 2278 1018 2319 non
1080 2263 1343 2334 effugere
1391 2266 1615 2337 quibat,
1671 2267 1804 2338 quia
1874 2283 1989 2324 non

340 2348 674 2405 inveniebat
704 2366 816 2421 quo
847 2352 1096 2424 fugeret,
1139 2368 1245 2410 nec
1293 2354 1413 2412 suis
1458 2356 1574 2426 jam
1622 2360 1686 2412 ut
1737 2354 1987 2427 solebat,

341 2439 501 2504 (1073
531 2438 941 2498 delectabatur
968 2443 1291 2514 erroribus,
1328 2459 1357 2499 a
1394 2443 1609 2515 quibus
1638 2446 1989 2516 puniebatur

344 2524 478 2582 licet
510 2525 713 2584 nolens
736 2534 791 2583 et
820 2528 1041 2587 inscius
1068 2548 1083 2599 ;
1106 2534 1163 2586 et
1187 2535 1377 2589 tamen
1402 2532 1589 2589 adhuc
1612 2533 1988 2591 exultabatin

340 2614 604 2685 crimine,
631 2617 762 2686 quia
788 2618 955 2674 novis
976 2624 1175 2675 vetera
1198 2620 1620 2689 obumbranrlo,
1647 2622 1909 2693 peccatis
1927 2637 1988 2680 se

343 2709 659 2774 utcumque
684 2706 947 2775 adjuvari
972 2709 1301 2765 estimabat.
1329 2712 1580 2767 Putabat
1599 2711 1988 2780 eniminsigne

342 2806 473 2849 esse
504 2792 764 2862 virtutis,
792 2794 889 2850 ubi
911 2799 998 2851 est
1024 2795 1223 2867 lapsus
1240 2797 1520 2855 criminis.
1551 2800 1789 2869 Sedjam
1822 2799 1989 2857 silea-

342 2885 440 2937 tur
470 2880 596 2949 ejus
631 2883 925 2953 memoria,
959 2884 1091 2954 quia
1127 2886 1391 2957 recessit,
1426 2887 1524 2958 qui
1564 2888 1807 2959 aufugit,
1855 2890 1986 2959 quia

344 2968 498 3040 quod
532 2969 787 3028 indebite
820 2977 1226 3044 usurpaverat,
1263 2989 1375 3031 non
1407 2980 1494 3031 est
1526 2981 1875 3049 expectatus
1907 2978 1989 3036 di-

345 3059 611 3115 mittere:
755 3061 944 3162 plebis
973 3062 1284 3162 gaudium,
1307 3064 1377 3119 ad
1409 3064 1551 3162 cieri
1585 3070 1985 3136 magnatorum
2019 3102 2065 3162 Ο

344 3161 575 3220 quoque
608 3153 665 3205 et
700 3150 1026 3207 infimorum
1066 3151 1386 3223 tripudium
1437 3153 1740 3212 ﬂectamus
1781 3157 1990 3213 articu-

342 3234 479 3292 lum.
517 3236 877 3295 Sublimatus
907 3243 992 3295 est
1027 3238 1254 3296 electus
1284 3246 1486 3297 noster
1514 3258 1644 3299 cum
1675 3245 1887 3313 gaudio
1933 3249 1993 3300 ct

341 3324 539 3383 cordis
563 3325 750 3395 jubilo
783 3327 839 3382 in
875 3328 1191 3398 pontificali
1226 3330 1393 3399 solio,
1428 3330 1785 3389 acclamatus
1816 3337 1903 3391 est
1928 3338 1985 3389 ct

340 3413 721 3470 conﬁrmatus
741 3415 1054 3487 episcOpus
1078 3417 1149 3473 de
1174 3417 1270 3473 Dei
1294 3422 1352 3473 et
1378 3419 1988 3493 Christiejusjudicio,

242 3508 247 3513 ‘
346 3499 416 3556 de
448 3500 798 3560 clericorum
833 3519 978 3576 pene
1010 3506 1262 3562 omnium
1298 3507 1656 3579 testimonio,
1690 3510 1761 3566 de
1808 3511 1993 3583 plebis

345 3604 473 3661 quae
505 3592 646 3647 tunc
675 3589 837 3647 afl‘uit
871 3592 1169 3663 suﬂ‘ragio,
1205 3594 1276 3650 de
1308 3596 1677 3653 sacerdotum
1721 3603 1780 3654 et
1824 3600 1994 3655 bonO'

345 3693 471 3734 rum
501 3676 761 3733 virorum
790 3678 1064 3749 collegio.
1098 3681 1319 3739 Invenit
1355 3682 1551 3754 itaque
1570 3684 1865 3742 civitatem
1899 3702 1994 3743 an-

343 3766 503 3837 goris
532 3766 778 3839 plenam,
812 3767 1297 3827 tribulationibus
1335 3772 1804 3846 circumseptam,
1853 3776 1995 3846 vigi-

346 3854 525 3912 lantia
561 3854 740 3912 multa
774 3861 1062 3927 egentem,
1092 3873 1185 3914 res
1206 3860 1466 3932 episcopi
1507 3860 1789 3934 direptas,
1815 3864 1893 3920 ita
1929 3868 1989 3921 ut

348 3958 460 4000 non
497 3944 785 4001 invenerit
817 3945 970 4002 unde
1003 3946 1091 4004 vel
1126 3963 1240 4004 uno
1272 3949 1366 4005 die
1390 3950 1459 4006 de
1478 3950 1767 4009 reditibus
1790 3952 1993 4010 domus

347 4030 705 4105 episcopalis
735 4033 933 4091 vivere
959 4036 1238 4107 potuerit,
1261 4037 1337 4094 ita
1361 4039 1609 4095 ommnia
1643 4039 1991 4097 attriverant

346 4121 443 4193 qui
481 4125 616 4179 ante
648 4137 779 4179 eum
813 4124 1060 4180 fuerant.
1099 4126 1257 4182 Adeo
1288 4132 1353 4183 ut
1384 4127 1454 4184 de
1504 4129 1772 4187 omnibus
1814 4130 1996 4187 totius

344 4211 723 4284 episcopatus
743 4212 1032 4270 :ecclesiis
1055 4214 1149 4269 vix
1174 4229 1341 4270 unam
1368 4215 1608 4272 haberet
1642 4217 1847 4275 domus
1876 4218 1995 4289 epi-

345 4299 603 4372 scopalis
620 4304 716 4358 aut
742 4306 927 4357 mater
949 4302 1236 4373 :ecelesia,
1260 4319 1390 4360 cum
1417 4305 1536 4361 fere
1577 4321 1778 4363 omnes
1811 4307 1996 4378 possi-

347 4386 631 4444 derentur
649 4403 679 4444 a
705 4389 991 4447 militibus
1009 4394 1066 4446 et
1092 4391 1449 4461 quibuslibet
1468 4394 1853 4452 secularibus.
1882 4397 1996 4453 Nec

2097 1818 2277 1874 solam
2306 1817 2617 1875 clericatus
2650 1823 2944 1876 tonsuram
2986 1818 3748 1877 habebat—detestabatur

2095 1907 2244 1964 enim
2280 1907 2751 1980 Symoniacorum
2782 1908 3291 1978 ordinationes—,
3319 1908 3373 1963 in
3408 1922 3603 1964 mense
3638 1909 3748 1965 De-

2094 1997 2353 2055 ccmbrio
2384 2013 2489 2069 per
2523 2012 2749 2055 manum
2781 1997 2907 2067 ejus
2945 2011 3133 2067 usque
3181 1995 3251 2053 ad
3304 1998 3747 2069 presbiteratus

2096 2087 2339 2158 gradum
2375 2092 2676 2157 promotus
2708 2091 2818 2157 est,
2853 2102 2982 2143 cum
3015 2086 3124 2141 boc
3154 2085 3333 2158 aliqui
3378 2085 3739 2157 calumpnia-

2099 2180 2303 2232 rentur
2349 2175 2755 2245 Romanorum,
2808 2179 2864 2231 ct
2900 2179 3233 2246 promerent
3281 2189 3496 2232 morem
3527 2180 3749 2231 sanctae

2100 2266 2368 2320 Romanae
2387 2262 2671 2333 ecclesiae,
2694 2262 3130 2319 neminemliect
3146 2261 3395 2320 electum
3415 2263 3747 2320 antistitem

2100 2366 2128 2408 a
2166 2367 2309 2423 papa
2340 2351 2723 2408 ordinandum
2758 2351 2866 2407 nisi
2894 2351 2947 2406 in
2971 2351 3170 2407 eadem
3195 2351 3522 2407 deserviret
3545 2348 3752 2407 {eccle-

2099 2442 2201 2497 sia.
2244 2441 2406 2509 Quod
2439 2444 2630 2496 tamen
2674 2441 2731 2496 in
2774 2440 2901 2513 ipso
2951 2440 3198 2497 domnus
3238 2439 3533 2496 autentica
3580 2444 3751 2511 pote-

2101 2533 2254 2586 state
2278 2544 2377 2599 sua
2406 2529 2541 2585 fecit
2565 2546 2579 2595 ;
2606 2529 3033 2599 complacuerat
3056 2528 3203 2584 enim
3230 2527 3343 2584 sibi
3368 2528 3423 2583 in
3440 2527 3540 2584 illo
3555 2527 3747 2584 anima

2099 2618 2243 2687 ejus.
2274 2619 2332 2673 In
2355 2617 2794 2687 quadragesima
2811 2632 2968 2686 vero,
2988 2617 3231 2673 sabbato
3248 2617 3303 2671 in
3324 2615 3744 2688 presbitcrum,

2099 2712 2155 2761 et
2188 2706 2455 2777 sequenti
2491 2706 2784 2762 Dominica
2818 2705 2888 2761 ad
2921 2705 3129 2762 missas
3162 2704 3216 2760 in
3251 2704 3589 2776 episcopum
3611 2718 3750 2760 con-

2100 2800 2367 2850 secratus
2390 2801 2479 2849 est
2515 2794 2603 2851 Sic
2649 2799 2780 2866 post
2830 2801 3071 2850 octonos
3106 2792 3569 2850 consecrationis
3618 2792 3746 2849 dies

2099 2883 2315 2939 afl‘atim
2341 2883 2597 2939 imbutus
2627 2882 2839 2938 divinis
2865 2883 3255 2951 dogmatibus,
3290 2886 3348 2937 et
3379 2880 3629 2937 ubertim
3654 2895 3747 2936 ro-

2101 2973 2341 3027 boratus
2391 2970 2825 3028 :ccclesiasticis
2864 2970 3290 3033 sanctionibus,
3336 2969 3745 3027 benedictione

2099 3065 2371 3130 percepta
2395 3058 2672 3115 dimissus
2691 3064 2780 3115 est
2804 3058 2872 3114 ad
2901 3057 3188 3127 regendos
3207 3056 3379 3128 filios,
3408 3057 3617 3128 quibus
3648 3071 3747 3130 pa-

2104 3151 2232 3203 stor
2262 3153 2318 3203 ct
2353 3152 2550 3203 rector
2581 3147 2886 3203 ordinatus
2909 3151 3052 3202 erat.

2176 3237 2282 3291 Sed
2322 3252 2422 3291 nec
2457 3235 2598 3290 illud
2634 3235 2939 3305 silendum,
2977 3235 3028 3290 in
3062 3250 3176 3305 quo
3207 3234 3440 3305 egregie
3481 3233 3748 3291 convale-

2104 3326 2213 3381 scit
2232 3325 2628 3380 testimonium
2658 3325 2972 3396 probitatis
2994 3325 3142 3394 ejus,
3168 3328 3226 3380 et
3255 3323 3661 3395 praeordinatae
3676 3337 3747 3381 ac

2102 3416 2220 3469 Deo
2256 3414 2483 3485 placitze
2516 3413 2970 3470 consecrationis
2999 3413 3145 3482 ejus.
3196 3413 3334 3470 Cum
3388 3421 3521 3485 post
3562 3413 3746 3484 ipsam

2106 3518 2268 3559 suam
2303 3502 2670 3570 electionem,
2696 3518 2823 3572 qua:
2848 3504 2994 3557 facta
3020 3505 3112 3557 est
3132 3516 3329 3558 mense
3352 3501 3633 3557 Octobrio
3650 3500 3746 3557 die

2106 3596 2190 3650 10.
2227 3591 2293 3646 ad
2328 3590 2736 3661 suscipiendos
2765 3590 3002 3646 ordines
3030 3592 3265 3647 Romam
3298 3605 3495 3647 mense
3514 3590 3747 3646 Decem-

2106 3679 2192 3734 bri
2226 3680 2505 3747 venisset,
2533 3678 2979 3735 invenitibidem
2997 3696 3100 3751 pro
3124 3678 3298 3735 simili
3336 3678 3746 3751 expectatione

2106 3770 2375 3825 domuum
2440 3768 2768 3824 Anselmum
2828 3770 3143 3825 Lucensem
3211 3768 3498 3837 relectum,
3559 3768 3745 3824 virum

2105 3858 2257 3915 omni
2290 3857 2477 3913 laudis
2511 3858 2801 3929 pr:ecouio
2832 3857 3089 3928 dignum,
3124 3872 3276 3914 nunc
3309 3857 3461 3914 felici
3513 3858 3744 3913 beatum

2105 3963 2350 4005 excessu
2392 3947 2562 4020 (127),
2596 3948 2650 4002 in
2691 3962 2803 4018 quo
2850 3948 3038 4003 omnis
3078 3947 3205 4004 laus
3244 3962 3451 4004 secure
3491 3946 3738 4003 canitur.

2108 4038 2244 4093 Cum
2275 4038 2383 4093 hoc
2416 4037 2611 4107 itaque
2647 4040 2807 4092 tanto
2852 4035 3264 4092 familiaritatis
3309 4040 3366 4091 et
3413 4034 3743 4092 dilectionis

2106 4126 2340 4183 vinculo
2374 4141 2668 4182 connexus
2696 4130 2804 4195 est,
2838 4131 2893 4181 et
2928 4126 3005 4182 ita
3031 4126 3159 4195 sibi,
3188 4124 3326 4182 licet
3356 4124 3539 4182 divisa
3577 4123 3749 4181 babe-

2109 4220 2237 4272 rent
2275 4214 2552 4286 hOSpicia,
2592 4215 2643 4269 in
2680 4214 2899 4285 palatio
2929 4215 3304 4270 Lateranensi
3337 4212 3620 4271 individui
3650 4212 3746 4270 ad-

2108 4305 2412 4373 hercbant,
2437 4308 2500 4360 ut
2524 4318 2697 4359 unum
2717 4303 2901 4359 videri
2922 4304 3045 4359 sine
3075 4303 3260 4359 altero
3285 4303 3490 4359 mirum
3524 4302 3745 4358 videre-

2110 4399 2206 4449 tur
2236 4392 2325 4449 his
2361 4392 2455 4462 qui
2489 4407 2687 4448 eorum
2719 4396 3001 4447 noverant
3030 4391 3487 4448 unanimitatem.
3514 4390 3744 4447 Adeout

346 4474 446 4532 diu
471 4491 675 4547 passus
697 4481 785 4534 est
816 4493 923 4535 suo
945 4478 999 4533 in
1022 4456 1288 4550 tempore
1305 4485 1526 4537 tantam
1547 4482 1746 4539 videre
1774 4484 1994 4540 contri-
2030 4456 2074 4514 θ
2109 4481 2272 4536 urbis
2297 4456 2610 4551 praefectus
2634 4480 2880 4551 quodam
2901 4480 3168 4537 veritatis
3191 4494 3475 4553 praesagio
3497 4479 3743 4535 alterum

347 4562 561 4621 tionem
587 4567 644 4620 et
668 4565 1168 4623 conculcationem
1192 4568 1478 4639 ecclesiae,
1503 4571 1638 4641 quin
1666 4570 1861 4643 potius
1879 4577 1995 4628 sta-

346 4652 461 4709 tuit
477 4652 1294 4725 decretum,utnulluslaicus
1322 4658 1614 4728 optineret
1646 4659 1989 4728 accclesiam,

347 4745 446 4799 aut
476 4745 704 4814 partem
737 4742 1028 4816 acciperet
1062 4743 1117 4799 in
1150 4746 1440 4802 reditibus
1472 4747 1890 4804 aecclesiarum.
1925 4750 1994 4804 Et

350 4831 565 4887 factum
598 4832 708 4902 est,
741 4830 935 4888 divina
967 4837 1324 4904 cooperante
1353 4834 1684 4904 clemantia,
1710 4838 1773 4892 ut
1796 4849 1996 4891 omnes

2104 4572 2308 4627 borum
2335 4570 2506 4640 diem,
2534 4569 2783 4626 alterum
2810 4574 3045 4627 vocaret
3067 4569 3253 4627 lucem
3280 4588 3292 4624 :
3318 4568 3473 4640 quod
3497 4567 3744 4626 diesnon

2105 4659 2178 4715 sit
2210 4659 2332 4714 sine
2366 4658 2493 4714 luce
2515 4663 2572 4714 et
2606 4658 2792 4714 lucem
2817 4658 2940 4714 dies
2957 4658 3288 4715 comitetur.
3318 4654 3574 4714 Lucebat
3596 4656 3743 4713 enim

2107 4747 2162 4802 in
2181 4763 2380 4803 eorum
2398 4746 2910 4818 moribusjustitize
2924 4751 2980 4803 et
3006 4746 3244 4819 pietatis
3264 4746 3461 4815 decus,
3486 4759 3746 4817 praepon-

2108 4832 2350 4890 derabat
2401 4833 2654 4890 amicitia
2706 4838 3000 4903 constans,
3051 4832 3464 4890 mutabilitatis
3529 4832 3741 4888 nescia.

1701 4975 1938 5033 VARIIE
1976 4974 2378 5032 LECTIONES.

417 5085 901 5162 'fi‘apadetgtum.
951 5087 1636 5162 "‘praecipue_deletum.
1677 5088 1897 5162 messe
1919 5091 2194 5149 deletum.
2244 5089 2796 5162 "'papazhdelemm.
2837 5088 3428 5162 "imirumgglelemm.
3475 5088 3745 5162 8minquit

352 5157 778 5233 ιζεζεζαόηημω
800 5157 1242 5233 -emest_deleta_'
1280 5158 1376 5233 _’§°
1395 5162 1812 5233 -us_gieletum._
1856 5161 2125 5233 8"A-navit
2149 5157 2427 5219 deletum:
2496 5160 3030 5233 “fenimdelemm.
3066 5232 3069 5233 ν
3109 5160 3178 5193 ³³³
3201 5162 3422 5233 digium
3444 5157 3750 5233 praestabit

347 5228 560 5286 deleta.
639 5227 712 5262 ³³⁸
744 5230 958 5286 -sserio
991 5230 1167 5287 dona-
1193 5231 1407 5289 deleta.
1485 5230 1688 5289 38'our-
1714 5231 1985 5291 deletum.
2064 5232 2134 5266 ³³⁸
2164 5232 2372 5289 divinae
2401 5232 2657 5290 deletam.
2733 5230 2803 5264 ³³⁷
2830 5247 2885 5287 -a
2918 5232 3188 5289 deletum.
3266 5230 3337 5266 ³³³
3372 5227 3743 5290 satiatatum.

1932 5356 2153 5414 NOTAE.

417 5478 568 5622 E125;
600 5479 640 5535 l.
675 5492 726 5533 e.
761 5478 1076 5551 marsupio,

443 5553 546 5608 126
583 5551 904 5608 Provectus
933 5555 1023 5607 est
1049 5551 1076 5606 i1

443 5550 567 5622 126)
583 5551 904 5608 Provectus
933 5550 1023 5607 est
1049 5551 1104 5608 in
1127 5551 1628 5626 archiepiscopum
1649 5550 1989 5625 Lug-lunen.

2106 5496 2249 5550 sem,
2280 5496 2310 5538 a
2344 5486 2486 5540 1082
2511 5484 2762 5539 exeunte
2782 5482 2876 5539 vel
2901 5482 3037 5539 1083
3061 5483 3316 5540 ineunte.

2177 5553 2303 5624 (127
2335 5552 2490 5610 Obiit
2522 5568 2573 5609 a.
2604 5554 2759 5626 1086,
2776 5554 2941 5611 Mart.
2978 5558 3042 5610 18
