3960 6052
190 289 309 353 2‘77

1425 291 1923 360 CHRONICON.
1956 330 2038 344 ——
2062 296 2218 362 LIB.
2265 297 2339 363 II.

3476 291 3595 356 278

186 421 485 484 .Etatibus
514 438 707 499 pares,
743 426 989 487 caritate
1015 442 1126 487 non
1157 427 1427 503 impares,
1454 429 1542 490 sui
1575 428 1830 490 delecta-
1858 432 1915 495 A
1945 429 2001 490 in
2032 431 2280 507 septima
2313 406 2629 493 universali
2655 429 2880 504 synodo
2903 444 2932 489 a
2958 428 3214 504 quinque
3237 427 3595 503 patriarehis

190 517 409 574 bantur
430 518 659 590 copula,
679 518 815 589 quia
836 523 897 575 et
917 520 1299 592 coaequalium
1323 519 1391 555 ³³⁹
1414 537 1557 580 usus
1581 521 1830 595 dulcior,

186 608 243 662 et
278 620 486 662 senum
519 606 705 663 tutior
734 609 1046 666 est.Senes
1069 613 1261 666 autem
1294 614 1460 668 erant
1492 626 1604 668 non
1637 610 1833 682 longe-

186 694 375 752 vitate
405 695 561 766 vitae,
598 695 701 752 sed
734 712 955 753 morum
988 699 1344 756 maturitate.
1368 701 1438 756 Et
1463 700 1679 757 utinam
1702 715 1831 770 gra-

186 784 332 839 tiam
356 784 597 840 virtutis
620 789 680 841 et
703 784 833 841 lidei
859 784 1129 857 alterius,
1152 802 1319 858 quem
1346 803 1543 845 secum
1564 790 1618 845 in
1645 789 1830 860 gloria

179 871 300 942 jam
335 877 703 944 assumptum
735 875 885 929 Deus
923 876 1234 946 approbat,
1268 876 1531 933 imitetur
1575 883 1635 935 et
1682 880 1833 935 alter

186 961 287 1031 qui
322 960 595 1018 residuus
622 966 733 1032 est,
769 964 832 1018 ut
856 977 987 1018 cum
1019 964 1362 1020 transierint
1389 969 1655 1038 tempora
1689 982 1834 1039 prte-

186 1051 374 1119 ﬁnita,
412 1050 529 1107 sint
560 1050 615 1105 in
643 1049 982 1108 caelestibus
1011 1068 1204 1123 unum,
1233 1070 1379 1124 quos
1407 1055 1639 1111 divinus
1673 1071 1833 1113 amor

185 1139 277 1195 hic
316 1138 481 1196 dedit
510 1153 641 1196 esse
673 1155 845 1196 unum
877 1140 1047 1212 (128).
1083 1142 1267 1215 (1074)
1299 1145 1435 1199 Cum
1469 1159 1608 1214 ergo
1642 1147 1831 1202 Romae

182 1221 369 1299 positi
394 1228 887 1300 praestolarentur
909 1229 1059 1286 diem
1080 1233 1544 1289 consecrationis
1567 1248 1708 1304 suae,
1736 1248 1829 1291 ve-

183 1322 405 1373 nerunt
438 1317 635 1373 nuncii
673 1318 829 1387 regis
863 1319 1114 1375 Heinrici
1148 1321 1405 1391 Romam,
1442 1327 1719 1392 rogantes
1759 1338 1830 1380 ne

180 1411 388 1462 contra
408 1420 628 1462 morem
646 1407 1145 1478 praedecessorum
1162 1425 1398 1467 suorum
1415 1410 1661 1467 domnus
1687 1426 1831 1484 papa

180 1510 281 1551 eos
314 1510 672 1551 consecrare
703 1495 896 1559 vellet,
935 1497 1030 1568 qui
1059 1498 1432 1569 episcopatus
1470 1499 1830 1556 zelectionem

182 1584 390 1655 solam,
419 1599 536 1641 non
569 1589 759 1642 autem
789 1585 997 1642 donum
1024 1602 1126 1657 per
1152 1588 1364 1658 regiam
1388 1589 1829 1659 aceeperantin-

181 1673 558 1729 vestituram.
594 1675 667 1729 At
698 1673 823 1745 ipse
853 1676 1189 1732 convocatis
1236 1677 1633 1734 cardinalibus
1683 1677 1834 1749 lega-

1939 525 1997 601 et
2022 523 2129 581 350
2160 522 2428 596 patribus
2461 523 2569 581 sub
2604 520 2857 578 Adriano
2892 536 3039 593 papa
3077 519 3295 591 habita,
3322 520 3515 591 capite
3537 525 3587 578 3.

1944 628 1972 663 et
2005 610 2204 669 Omnis
2233 611 2463 669 mlectio
2493 610 2775 683 episcopi,
2807 609 3138 682 presbyteri
3166 608 3252 666 vel
3285 608 3534 678 diaconi,
3563 623 3595 664 a

1944 699 2313 772 principibus
2337 701 2487 756 facta
2512 700 2679 755 irrita
2704 702 2953 768 maneat,
2981 696 3303 755 secundum
3333 696 3592 767 regulam

1944 803 2071 859 qua:
2101 789 2243 845 dicit
2277 809 2290 845 :
2328 789 2383 844 Si
2419 789 2549 859 quis
2581 788 2900 859 episcopus
2931 786 3299 844 secularibus
3331 789 3590 858 potesta-

1946 877 2101 934 tibus
2130 893 2271 934 usus
2294 877 2615 933 {ecclesiam
2639 891 2744 948 per
2770 875 2931 948 ipsos
2954 875 3298 947 optinuerit,
3328 874 3581 946 depona-

1948 971 2041 1021 tur
2062 970 2121 1021 et
2143 970 2509 1036 segregetur,
2535 979 2852 1035 omnesque
2876 964 2973 1035 qui
2989 963 3072 1019 illi
3092 963 3542 1020 communicant.
3559 986 3585 1013 υ

1942 1054 2084 1108 Item
2116 1053 2170 1108 in
2202 1060 2407 1109 octava
2439 1051 2756 1109 universali
2791 1051 3010 1122 synodo
3041 1050 3238 1107 habita
3273 1066 3302 1105 a
3336 1050 3593 1122 quinque

1944 1140 2257 1212 patriarcis
2291 1142 2399 1197 sub
2431 1140 2704 1196 Nicholao
2738 1141 2759 1195 Ι
2802 1139 3099 1212 pontifice,
3134 1153 3311 1211 cap...
3345 1158 3357 1192 :
3397 1161 3422 1186 α
3453 1140 3593 1195 Pro-

1942 1230 2227 1285 motiones
2257 1229 2348 1285 vel
2382 1228 2855 1285 consecrationes
2886 1228 3295 1299 episcoporum
3346 1242 3589 1284 concor-

1945 1317 2090 1374 dans
2120 1318 2417 1390 prioribus
2446 1316 2711 1373 conciliis
2741 1317 2847 1373 hec
2881 1321 3080 1373 sancta
3121 1320 3179 1372 et
3230 1315 3583 1373 universalis

1945 1408 2203 1479 synodus
2225 1407 2511 1463 electione
2533 1409 2588 1462 et
2614 1406 2852 1462 decreto
2874 1406 3281 1477 episc0porum
3309 1404 3432 1460 ﬁeri
3455 1419 3592 1461 con-

1945 1495 2235 1566 stituit,et
2254 1495 2460 1551 statuit
2479 1499 2653 1565 atque
2670 1493 3078 1565 promulgavit,
3102 1493 3383 1549 neminem
3400 1493 3589 1564 layco-

1944 1598 2069 1639 rum
2083 1584 2411 1655 principum
2425 1589 2485 1639 et
2502 1587 2804 1654 potentum
2821 1586 3005 1637 semet
3030 1582 3290 1637 inserere
3312 1581 3588 1638 electioni

1944 1672 2035 1728 vel
2067 1672 2416 1744 promotioni
2450 1671 2797 1744 patriarchae
2827 1670 2917 1726 vel
2951 1671 3338 1741 metropolitaa
3372 1676 3471 1727 aut
3494 1685 3591 1726 cu-

186 1760 404 1849 110000]
439 1761 595 1831 regis
628 1762 879 1832 aperuit,
915 1766 971 1818 et
1006 1763 1143 1833 quid
1173 1764 1285 1820 sibi
1318 1764 1389 1821 ad
1436 1766 1548 1822 hoc
1593 1781 1832 1837 respon-
1861 1791 1914 1849 Β
1938 1758 2186 1849 juslibet
2217 1759 2497 1849 episcopi,
2534 1773 2604 1814 ne
2638 1758 2966 1849 inordinata
2996 1757 3129 1849 hinc
3161 1761 3221 1812 et
3272 1757 3590 1849 incongrua

183 1848 464 1919 deudum,
496 1849 637 1921 quid
666 1856 822 1906 esset
855 1850 1201 1922 faciendum,
1236 1855 1572 1911 ammonuit.
1608 1855 1830 1921 Quibus

182 1938 690 2009 respondentibus
712 1955 877 1996 usum
902 1940 1183 1997 arcclesiee
1208 1942 1358 1998 hunc
1382 1958 1532 2013 esse,
1562 1944 1711 2000 hunc
1737 1944 1835 2000 ha-

185 2028 308 2084 beri
343 2043 453 2099 pro
484 2028 631 2098 lege,
659 2044 785 2084 cum
819 2029 1142 2086 auctoritas
1170 2031 1257 2086 eis
1289 2032 1442 2087 nulla
1478 2032 1549 2088 ad
1578 2034 1688 2089 hoc
1719 2032 1837 2089 suf-

183 2116 542 2187 fragaretur,
576 2117 632 2172 in
660 2118 906 2174 Luccnsi
937 2122 1130 2174 tamen
1162 2120 1352 2176 electo
1381 2121 1468 2177 eis
1511 2120 1829 2192 adquievit,

182 2210 245 2261 ut
277 2204 784 2262 consecrationem
832 2207 956 2276 ejus
1003 2206 1286 2278 diﬂ‘erret,
1322 2209 1505 2265 donec
1530 2209 1835 2266 investitu-

184 2307 308 2349 ram
344 2294 725 2366 episcopatus
756 2310 823 2350 ev
858 2296 1021 2366 regio
1052 2295 1203 2352 dono
1226 2298 1551 2369 accepisset
1576 2297 1744 2370 (129).
1772 2298 1833 2352 10

184 2382 384 2439 Diensi
430 2396 571 2438 vero
622 2382 1003 2454 adquiescere
1056 2385 1262 2454 noluit,
1315 2386 1418 2441 sed
1473 2401 1603 2442 cum
1652 2387 1835 2457 prima

184 2469 658 2541 quadragesimae
690 2471 1034 2543 ebdomada,
1061 2474 1308 2529 sabbato
1334 2474 1386 2529 in
1421 2474 1832 2545 presbiterum,

183 2562 242 2616 et
262 2558 565 2616 Domiuiea
585 2562 955 2617 consecravit
975 2562 1028 2617 in
1053 2563 1390 2635 episcopum
1417 2565 1584 2633 (130).
1611 2565 1682 2618 Et
1704 2565 1837 2634 quia

182 2644 335 2701 vidit
363 2645 473 2701 hoc
503 2649 843 2702 sanctorum
874 2648 1110 2703 Patrum
1141 2649 1439 2704 adversari
1470 2649 1747 2719 decretis,
1776 2654 1840 2705 ut

182 2733 237 2789 in
260 2734 549 2791 canonica
572 2733 862 2792 electione
881 2737 1138 2807 episcopi
1159 2738 1501 2808 praavaleret
1516 2738 1729 2794 donum
1748 2752 1834 2792 re-

180 2821 307 2892 gis,‘
328 2822 504 2879 immo
536 2822 839 2881 multoties
872 2824 1055 2895 ipsam
1088 2826 1452 2881 mlectionem
1496 2826 1830 2882 immutaret

183 2909 274 2967 vel
302 2911 502 2983 potius
525 2911 751 2968 irritam
778 2914 1017 2980 faceret,
1042 2914 1244 2970 eodem
1272 2929 1421 2970 anno
1446 2914 1592 2986 (131)
1637 2916 1692 2970 10
1726 2915 1838 2971 Ro-

184 3013 351 3056 mana
377 3000 603 3069 synodo
628 3004 696 3056 50
716 3001 1146 3072 episcoporum,
1175 3003 1519 3058 considente
1554 3003 1839 3075 presbite-

181 3102 383 3144 rorum
399 3091 462 3143 et
475 3088 749 3144 abbatum
764 3090 1340 3161 multitudine,juxta
1357 3092 1592 3148 decreta
1613 3090 1846 3163 pontiﬁ'

1944 1847 2043 1903 fiat
2065 1848 2325 1904 confusio
2348 1847 2439 1904 vel
2462 1847 2785 1917 contentio,
2805 1846 3127 1918 praesertim
3150 1862 3279 1902 cum
3305 1844 3518 1901 nullam
3535 1845 3591 1901 in

1944 1936 2529 2007 talibu3potestatem
2565 1949 2911 2006 quemquam
2945 1934 3434 2005 potestativorum
3476 1933 3592 2003 lay-

1943 2040 2144 2082 corum
2168 2025 2382 2081 habere
2407 2023 2736 2091 conveniat,
2754 2023 2853 2079 sed
2875 2022 3072 2095 potius
3106 2021 3281 2078 silere
3304 2026 3363 2078 et
3406 2008 3593 2077 atten-

1945 2112 2083 2170 dere
2107 2113 2218 2169 sibi
2244 2128 2544 2184 usquequo
2564 2111 2916 2181 regulariter
2939 2126 2969 2166 a
3011 2109 3260 2180 collegio
3302 2109 3588 2167 aecclesiaa

1946 2201 2231 2273 suseipiat
2254 2202 2422 2257 linem
2444 2200 2656 2257 electio
2682 2199 2861 2256 futuri
2888 2197 3201 2270 pontiﬁcis.
3221 2198 3274 2252 Si
3295 2199 3424 2268 quis
3448 2213 3588 2254 vero

1947 2291 2241 2362 la-ycorum
2273 2289 2344 2345 ad
2377 2289 2831 2347 conccrtandum
2861 2292 2917 2343 et
2963 2286 3397 2358 cooperandum
3446 2286 3591 2342 invi-

1947 2384 2106 2436 tatur
2135 2381 2207 2435 ab
2239 2377 2526 2448 azcclesia,
2565 2377 2702 2433 licet
2732 2374 3065 2445 hujusmodi
3095 2391 3225 2431 cum
3259 2374 3587 2430 reverentia

1947 2469 2357 2540 obtemperare
2379 2466 2822 2523 asciscentibus.
2845 2464 3122 2534 Quisquis
3147 2468 3339 2519 autem
3367 2463 3591 2519 secula-

1949 2557 2096 2614 rium
2121 2555 2445 2628 principum
2470 2560 2527 2610 et
2550 2557 2877 2625 potentum,
2903 2552 2993 2608 vel
3017 2550 3262 2607 alterius
3286 2549 3592 2622 dignitatis

1951 2644 2164 2716 laycus,
2192 2643 2475 2700 adversus
2506 2656 2868 2698 communem
2891 2644 2947 2696 et
2972 2645 3392 2696 consonantem
3416 2641 3592 2708 atque

1944 2735 2283 2791 canonicam
2315 2731 2680 2790 :electionem
2713 2729 3117 2787 aecclesiastici
3151 2728 3376 2785 ordinis
3420 2742 3592 2798 agere

1944 2821 2346 2895 temptaverit,
2369 2820 2675 2877 anathema
2701 2819 2777 2876 sit
2805 2818 2988 2875 donec
3013 2817 3250 2875 obediat
3272 2823 3332 2873 et
3353 2832 3594 2893 consen-

1944 2912 2074 2966 tiat.
2101 2932 2129 2964 »
2156 2914 2297 2967 Item
2323 2925 2395 2966 ex
2414 2907 2663 2966 concilio
2686 2908 2919 2978 Niceno,
2937 2921 3064 2978 cap,
3086 2911 3117 2962 6
3152 2926 3162 2961 :
3207 2929 3232 2956 α
3263 2907 3373 2962 Per
3398 2906 3590 2963 omnia

1949 3000 2315 3056 manifestum
2346 3003 2436 3054 est
2469 2998 2601 3068 quia
2636 2995 2684 3052 si
2718 2995 2849 3066 quis
2880 2999 3093 3067 praeter
3121 2994 3484 3050 voluntatem
3535 2999 3595 3049 et

1949 3088 2369 3146 conscientiam
2402 3084 2835 3157 metr0politani
2872 3083 3044 3140 fuerit
3078 3084 3405 3153 ordinatus,
3440 3082 3592 3139 hunc

182 3139 1592 3161 --η-ν-ν---πηκ--η--η---ηνη-----κην.ν-..
1955 3139 2368 3146 "nn—"nm"
2703 3139 2706 3140 ν
2905 3139 2910 3140 κ
3393 3139 3404 3153 ,

179 3174 329 3232 calia
368 3179 425 3232 et
470 3176 874 3234 institutiones
909 3179 1216 3235 canonicas
1259 3194 1328 3235 ne
1371 3180 1479 3236 hoc
1520 3139 1771 3251 amplius
1799 3195 1829 3235 a
1861 3139 1912 3205 Ο
1949 3183 2215 3234 sanctum
2248 3180 2307 3233 et
2340 3188 2607 3244 magnum
2639 3171 2950 3229 concilium
2984 3170 3192 3227 statuit
3222 3185 3335 3226 non
3380 3170 3593 3226 debere

176 3278 473 3335 quoquam
490 3269 948 3336 praesumeretur
961 3268 1219 3338 prohibit
1236 3269 1346 3325 sub
1364 3268 1838 3325 interminatione

179 3351 595 3424 anathematis,
630 3353 930 3411 decretum
960 3356 1178 3412 faciens
1207 3357 1262 3412 in
1303 3357 1408 3413 hec
1456 3358 1633 3413 verba
1665 3377 1677 3412 :
1724 3380 1751 3407 (ί
1777 3358 1833 3413 Si

178 3440 314 3511 quis
346 3439 625 3512 deinceps
654 3442 1064 3515 episc0patum
1097 3445 1186 3502 vel
1219 3446 1511 3502 abbatiam
1545 3447 1614 3503 de
1664 3462 1832 3503 manu

180 3527 434 3598 alicujus
461 3527 638 3600 laycae
663 3544 928 3601 personae
952 3534 1298 3606 susceperit,
1324 3534 1659 3592 nullatenus
1683 3536 1834 3592 inter

176 3616 498 3689 episcopos
525 3616 618 3674 vel
651 3620 897 3676 abbates
929 3620 1235 3693 habeatur,
1272 3639 1378 3680 nec
1410 3624 1525 3681 ulla
1553 3626 1603 3680 ei
1633 3630 1691 3681 ut
1715 3626 1833 3697 epi-

180 3720 367 3776 scopo
400 3705 495 3762 vel
527 3707 726 3763 abbati
758 3708 1052 3765 audientis
1084 3712 1461 3769 concedatur.
1503 3715 1743 3785 insuper
1780 3713 1831 3770 ei

174 3794 432 3864 gratiam
468 3794 621 3850 beati
648 3796 805 3852 Petri
832 3803 889 3853 et
912 3798 1214 3855 introitum
1239 3800 1507 3858 ecclesiae
1534 3801 1833 3859 interdici-

179 3882 396 3953 cimus,
435 3884 817 3955 quoadusque
850 3884 1063 3957 locum,
1098 3903 1264 3957 quem
1296 3890 1404 3945 sub
1443 3890 1683 3946 crimine
1717 3896 1830 3947 tam

176 3969 524 4028 ambitionis
546 3985 716 4042 quam
740 3973 1168 4045 inobedientiae,
1195 3976 1348 4047 quod
1370 3982 1458 4033 est
1483 3977 1679 4034 scelus
1711 3978 1833 4036 ido-

178 4054 399 4125 latriae,
434 4056 612 4129 cepit,
645 4072 761 4113 non
794 4060 1031 4116 deserit.
1066 4061 1345 4118 Similiter
1377 4063 1550 4119 etiam
1584 4064 1654 4119 de
1696 4064 1834 4120 infe-

178 4144 447 4202 rioribus
475 4145 921 4205 aecclesiasticis
968 4150 1355 4219 dignitatibus
1382 4152 1824 4210 constituimus.

179 4235 325 4289 Item
362 4253 377 4288 :
410 4234 467 4289 Si
499 4235 632 4305 quis
673 4235 1110 4308 imperatorum,
1145 4238 1377 4311 ducum,
1412 4240 1831 4312 marchionum,

182 4322 848 4395 comitum,velquilibet
864 4327 1213 4383 secularium
1229 4330 1586 4399 potestatum
1602 4335 1700 4386 aut
1716 4346 1839 4402 per'

176 4426 462 4468 sonarum
492 4411 904 4470 investituram
929 4415 1304 4488 episcopatus
1324 4417 1413 4474 vel
1446 4418 1694 4489 alicujus
1731 4434 1836 4476 aec-

1945 3280 2075 3323 esse
2120 3265 2477 3337 episcopum.
2530 3284 2556 3310 »
2610 3264 2750 3317 Item
2799 3274 2869 3317 ex
2917 3258 3166 3316 concilio
3225 3258 3588 3315 Antiocheno

1942 3370 2141 3426 cap....
2169 3373 2197 3406 «
2229 3354 2283 3409 Si
2317 3352 2447 3424 quis
2469 3350 2764 3424 presbiter
2796 3348 2886 3405 vel
2919 3348 3199 3404 diaconus
3226 3361 3330 3419 per
3362 3347 3588 3403 secula-

1944 3458 2065 3499 rem
2091 3441 2434 3513 dignitatem
2457 3438 2766 3496 ecclesiam
2790 3437 2890 3492 Dei
2910 3436 3255 3508 optinuerit,
3275 3435 3586 3506 deiciatur,

1943 3535 2002 3588 et
2027 3532 2150 3603 ipse
2170 3535 2231 3586 et
2252 3528 2557 3586 ordinator
2578 3526 2704 3596 ejus
2727 3540 2756 3580 a
2776 3524 3180 3581 communione
3203 3522 3391 3580 modis
3405 3523 3587 3578 omni-

1944 3621 2053 3676 bus
2077 3618 2438 3683 abscidatur,
2460 3618 2517 3672 et
2550 3614 2665 3671 sint
2689 3614 2797 3670 sub
2816 3612 3183 3668 anathemate
3206 3612 3357 3667 sicut
3382 3611 3575 3667 Simon

1942 3723 2146 3779 magus
2178 3722 2206 3763 a
2239 3709 2434 3762 Petro.
2468 3726 2495 3755 ››
2535 3706 2593 3759 10
2625 3702 2914 3760 electione
2948 3701 3128 3771 igitur
3177 3707 3236 3756 et
3284 3714 3594 3757 consecra-

1947 3798 2104 3853 tione
2135 3794 2329 3852 domni
2363 3793 2595 3850 Diensis
2620 3791 2925 3848 evidenter
2969 3789 3305 3846 ostenditur
3351 3793 3590 3860 operata

1945 3885 2242 3955 divinitas,
2279 3884 2411 3954 quia
2461 3897 2565 3953 per
2614 3880 2761 3937 hanc
2812 3878 3175 3935 occasionem
3225 3882 3444 3934 sanctae
3491 3878 3591 3933 Dei

1944 3973 2228 4030 zecclesiaa
2255 3973 2364 4028 sub
2395 3975 2611 4043 papatu
2644 3968 2841 4024 domni
2880 3967 3145 4037 Gregorii
3198 3965 3400 4021 multis
3430 3970 3592 4021 retro

1945 4063 2115 4118 annis
2130 4059 2471 4117 obnubilata
2489 4056 2816 4114 mlectionis
2831 4054 3274 4112 tecclesiasticae
3298 4053 3596 4124 splenduit

1942 4151 2184 4208 veritas.
2209 4148 2473 4206 Viderint
2500 4146 2681 4217 igitur
2701 4144 2812 4201 viri
2834 4142 3061 4201 cordati
3087 4142 3224 4212 quid
3245 4141 3396 4210 juris
3418 4142 3594 4211 impe-

1944 4239 2267 4308 ratoribus,
2293 4236 2530 4308 regibus
2550 4237 2607 4290 et
2645 4231 3005 4305 principibus
3036 4230 3092 4285 in
3124 4228 3431 4286 mlectione
3456 4243 3593 4300 pon-

1944 4327 2122 4384 tiflcis
2164 4330 2519 4382 reservetur.

2020 4414 2160 4489 (Fol.
2187 4413 2321 4484 97’.)
2346 4411 2646 4469 Commisit
2671 4413 2861 4468 autem
2887 4408 2939 4465 ei
2961 4408 3120 4463 vices
3137 4422 3275 4463 suas
3303 4407 3354 4461 in
3386 4404 3589 4487 Gallia,

185 4499 550 4559 clesiasticaa
582 4501 886 4572 dignitatis
919 4503 1056 4559 dare
1098 4507 1556 4578 praasumpserit,
1582 4507 1840 4577 ejusdem
1872 4509 1926 4570 D
1957 4505 2050 4563 ubi
2075 4503 2387 4576 plurimum
2412 4499 2696 4572 Symoniae
2719 4497 2993 4570 serpebat
3018 4494 3590 4568 pestisiniqua;quia

181 4589 748 4647 sententiaavinculo
773 4605 836 4647 se
865 4591 1168 4648 astrictum
1193 4593 1402 4650 sciat.»
1431 4594 1724 4666 Sequutus
1747 4601 1837 4653 est
1948 4592 2173 4666 perrari
2208 4590 2329 4648 illic
2356 4593 2543 4659 erant,
2580 4587 2676 4660 qui
2708 4601 2821 4643 non
2850 4589 3045 4642 essent
3093 4590 3194 4641 aut
3243 4583 3589 4666 Symoniaci,

182 4680 385 4733 autem
414 4677 473 4732 in
504 4677 616 4735 hoc
645 4680 882 4761 Pattrum
903 4680 1187 4752 exempla,
1216 4681 1353 4738 licet
1378 4683 1491 4753 jam
1521 4664 1627 4754 per
1658 4684 1837 4741 multa
1948 4664 2048 4738 ant
2078 4695 2109 4737 a
2141 4679 2500 4752 Symoniacis
2531 4676 2805 4747 ordinati,
2841 4679 2939 4732 aut
2974 4689 3076 4747 per
3117 4689 3344 4730 manum
3387 4664 3590 4729 laicam

183 4779 478 4821 annorum
524 4766 818 4824 curricula
870 4768 1258 4841 dampnahilis
1305 4771 1429 4827 hac
1472 4773 1836 4829 consuetudo
1948 4768 2209 4828 investiti
2241 4768 2412 4839 (132).
2446 4765 2764 4822 Plurimum
2813 4763 2896 4819 illi
2945 4761 3263 4829 inculcans,
3299 4765 3589 4831 potestate

174 4852 544 4926 inolevisset,
571 4858 629 4911 et
661 4855 719 4911 in
742 4871 906 4913 usum
930 4871 1215 4915 conversa
1239 4864 1415 4916 esset.
1437 4861 1662 4917 Dicitur
1684 4862 1837 4917 enim
1949 4859 2083 4916 data
2113 4872 2228 4913 nou
2261 4855 2442 4926 abuti,
2477 4869 2593 4926 quo
2634 4853 2825 4909 minus
2872 4851 3192 4924 depravata
3240 4847 3585 4917 corrigeret,

1544 4985 1780 5042 VARUS
1819 4982 2221 5042 LECTIONES.

254 5044 329 5081 ³⁸⁸
357 5047 723 5122 Coaequalior
750 5062 797 5108 σ.

1769 5152 1993 5209 NOTAE.

1940 5245 2060 5304 Kal.
2096 5243 2454 5318 April.,_ind,
2490 5247 2577 5318 12,
2606 5242 2651 5318 1.
2705 5254 2764 5318 e._
2811 5239 2940 5318 ipso
2985 5236 3447 5318 consecrationis
3493 5235 3587 5318 die

250 5242 406 5384 (I28;
437 5244 599 5313 Hugo
630 5257 777 5301 anno
809 5244 1038 5302 demum
1065 5249 1204 5305 1106
1233 5246 1397 5303 obiit.
1940 5245 2060 5304 Kal.
2096 5243 2454 5325 April.,.ind.
2490 5247 2577 5311 12,
2615 5242 2651 5297 1.
2705 5254 2756 5296 0.
2811 5242 2940 5311 ipso
2985 5242 3434 5318 consecrationis

251 5315 385 5383 (129
431 5315 502 5369 At
524 5321 726 5371 contra
753 5317 1068 5384 Gregorius
1090 5318 1146 5373 in
1170 5317 1390 5375 litteris
1412 5319 1479 5375 ad
1499 5317 1826 5377 Anselmum
1941 5322 2025 5374 16.
2063 5332 2135 5373 m.
2170 5317 2357 5371 Martii
2394 5316 2571 5379 1004;
2604 5310 2821 5367 Pascha
2852 5309 3213 5367 celebratum
3243 5313 3334 5365 est
3380 5308 3434 5364 d1

1941 5322 2025 5374 16.
2063 5308 2357 5373 m.'Mar'tii
2394 5316 2530 5370 1004
2557 5308 2572 5379 ξ
2604 5308 3213 5367 Ρο80110“00101›1-01001
3243 5313 3334 5365 est
3380 5308 3473 5364 die
3519 5311 3589 5365 20

251 5315 406 5384 (129)
431 5315 502 5369 At
524 5321 726 5371 contra
753 5317 1068 5386 Gregorius
1090 5318 1146 5373 in
1170 5317 1390 5375 litteris
1412 5319 1479 5375 ad
1499 5317 1826 5377 Anselmum

180 5384 318 5462 Luc.
352 5386 672 5462 Regest._I,_
696 5389 756 5442 21
775 5384 992 5462 ponet
1024 5402 1095 5443 ne
1129 5389 1200 5462 ab
1230 5390 1478 5462 1100ιεὶ00
1511 5405 1645 5462 rege
1677 5390 1832 5446 inve-
1941 5388 2158 5462 Aprilis
2191 5388 2251 5462 lg.
2437 5454 2473 5462 ﬂ
2699 5456 2824 5462 ____
2926 5455 2935 5462 Α
2993 5451 3005 5462 _
3135 5450 3167 5462 ,Α
3202 5452 3240 5462 _
3328 5450 3338 5459 ,

177 5447 468 5531 stituraui
491 5447 738 5528 accipiat
770 5457 892 5531 Kal.
930 5459 1111 5530 Sept.,
1147 5459 1264 5531 ind.
1304 5464 1370 5514 12
1400 5447 1607 5531 (1073)Ῐ
1632 5462 1694 5516 Κ.
1993 5447 2163 5531 ’(131)
2197 5454 2476 5527 Sequenti
2507 5469 2657 5511 anno
2689 5456 2845 5524 1075,
2879 5455 2946 5509 ut
2976 5450 3175 5508 docuit
3202 5450 3414 5521 Pagius
3446 5447 3514 5504 ad
3550 5447 3586 5503 h

251 5526 514 5599 (130);De
544 5526 985 5599 consecratione
1005 5526 1275 5599 'Hu'gonis
1303 5526 1618 5599 Gregorius
1651 5531 1705 5587 in
1730 5532 1835 5587 Re-
1942 5544 1993 5585 a.
2025 5526 2068 5584 ’K

174 5570 821 5668 εθὲὶἷόἴὸὅῖἰίἶέἷῆ
829 5570 1709 5657 "£13311‘53”53h3’ife‘ﬁlbﬁié53e'ﬁi
1730 5570 1836 5658 ³1ἲί
1942 5570 1993 5585 “’
2016 5570 2068 5671 ('1'
2076 5570 2163 5669 an)
2197 5596 2278 5654 cr.
2311 5597 2488 5670 epist.
2524 5595 2785 5666 Gregorii
2817 5594 3040 5665 Regist.
3076 5594 3116 5664 1,
3147 5597 3236 5649 79.
3273 5592 3336 5646 K.
