3950 6048
375 353 493 416 2'19

1318 342 1685 409 HUGONIS
1726 337 2083 404 ABBATIS
2127 333 2833 401 FLAVINIACENSES

3658 336 3777 397 280

372 487 737 563 dampnanda
761 485 1068 555 recideret,
1094 490 1296 542 saneta
1321 489 1379 542 et
1399 483 1645 540 honesta
1669 481 1926 551 doceret,
1951 484 2009 538 et
2042 474 2095 536 A
2125 492 2262 535 sane
2295 476 2365 533 de
2393 490 2461 531 eo
2492 489 2691 532 omnes
2725 473 2823 546 qui
2852 478 3143 532 noverunt
3172 470 3480 546 perhibent
3511 474 3775 534 testimo-

377 577 635 637 doeenda
671 577 907 635 faceret.
943 575 1187 647 Scripsit
1218 580 1277 632 et
1307 574 1377 631 ad
1400 573 1680 646 praelatos
1703 573 2019 632 Gallicana-

376 684 503 726 rum
531 666 928 735 ecclesiarum,
963 680 1091 737 quae
1123 669 1255 721 sunt
1279 663 1431 733 juris
1461 664 1648 721 sancti
1690 663 1869 734 Petri,
1898 664 2017 735 epi-

376 757 582 816 stolam
613 772 718 828 pro
748 772 853 813 suo
880 770 1056 812 censu
1096 752 1295 809 debito
1348 754 1518 809 beato
1560 754 1736 808 Petro
1786 752 1843 809 in
1889 752 2015 810 haec

376 847 582 904 verba:
603 866 631 899 α
645 843 989 915 Gregorius(
1001 842 1116 914 I33)
1131 842 1455 915 episcopus,
1474 857 1681 899 servus
1714 857 2015 900 servorum

378 936 499 1005 Dei,
534 935 801 992 omnibus
832 931 1143 990 abbatibus
1174 934 1234 987 et
1269 930 1525 1002 praelatis
1555 934 1672 987 tam
1715 932 2019 987 monacho-

382 1040 506 1082 rum
540 1039 709 1096 quam
740 1027 797 1079 et
829 1021 1238 1079 canonicorum
1267 1035 1374 1092 per
1404 1020 1618 1077 Gallias
1649 1021 2012 1090 constitutis,

382 1112 629 1171 salutem
661 1116 717 1168 et
760 1109 1138 1183 apostolicam
1190 1109 1673 1167 benedictionem.
1728 1108 2018 1166 Fraterni-

382 1207 559 1260 tatem
588 1204 863 1270 vestram,
899 1198 1262 1256 dilectissimi
1296 1199 1530 1267 fratres,
1566 1197 1747 1254 latere
1781 1198 2011 1254 minime

378 1292 674 1350 credimus
713 1289 989 1361 quasdam
1032 1287 1429 1344 {ecclesiarum
1466 1290 1795 1344 vestrarum
1839 1288 2010 1345 beato

381 1382 555 1437 Petro
573 1385 630 1436 et
654 1379 823 1436 nobis
845 1392 1069 1434 annuos
1092 1391 1302 1434 census
1344 1376 1677 1447 persolvere
1699 1391 1771 1432 ex
1802 1392 2017 1449 praece-

383 1468 643 1527 dentium
668 1469 905 1523 Patrum
935 1465 1408 1523 institutionibus
1447 1464 1682 1522 debere.
1728 1467 1835 1522 Sed
1883 1465 2017 1537 quia

384 1557 615 1629 quidam
648 1560 910 1612 vestrum
952 1554 1162 1626 partim
1212 1552 1586 1624 negligentia,
1623 1554 1831 1625 partim
1882 1568 2021 1610 vero

383 1646 576 1704 tenaci
610 1644 977 1702 induratione
998 1644 1122 1699 haec
1146 1642 1424 1699 hactenus
1446 1643 1634 1700 minus
1659 1642 1824 1713 plene
1850 1658 2019 1713 quam

386 1738 690 1807 oporteret
708 1736 976 1804 egerunt,
994 1733 1170 1790 hosut
1185 1732 1480 1789 emendari
1495 1737 1555 1789 et
1569 1732 1764 1789 debita
1790 1731 2020 1790 solvere

2128 567 2307 637 nium,
2342 565 2695 622 levissimum
2731 564 2961 635 quidem
2993 578 3124 621 eum
3157 567 3351 621 mente
3391 567 3450 622 et
3500 580 3772 638 corpore,

2127 659 2184 712 et
2214 660 2405 713 tamen
2438 658 2668 725 gratum
2705 653 2903 723 fuisse,
2936 657 2993 709 et
3030 653 3107 709 ita
3142 652 3344 710 seculo
3388 653 3670 726 deditum,
3711 661 3778 713 ut

2126 746 2254 815 ejus
2280 745 2398 815 jam
2429 745 2577 800 facta
2626 743 2932 800 conversio
2985 743 3252 799 omnibus
3297 742 3601 800 videretur
3647 760 3777 802 esse

2129 833 2430 891 miraculo.
2470 833 2573 889 l’bi
2606 848 2746 889 vero
2776 832 3066 889 voluntati
3098 832 3459 890 satisfecisse
3492 848 3552 890 se
3602 833 3771 905 vidit,

2127 925 2303 995 ccepit
2344 923 2461 993 jam
2509 923 2821 993 aliquando
2874 921 3076 977 tedere
3126 922 3280 993 quod
3331 922 3605 980 libuerat.
3662 925 3771 981 Sed

2128 1012 2653 1083 rursusinteripsa
2690 1011 3091 1069 conversionis
3136 1012 3455 1084 primordia
3495 1013 3631 1070 dum
3675 1029 3775 1070 cu-

2128 1106 2292 1176 peret
2324 1117 2386 1158 se
2417 1101 2734 1157 extendere
2779 1101 2851 1157 ad
2898 1100 3151 1171 insolita,
3189 1103 3608 1160 reverberatus
3654 1104 3773 1159 ani-

2127 1208 2219 1249 mo
2245 1191 2557 1264 proclivior
2582 1190 2806 1246 redibat
2828 1190 2899 1246 ad
2925 1189 3115 1246 solita.
3143 1190 3292 1247 Vicit
3316 1192 3553 1248 tandem
3580 1197 3774 1249 metus

2127 1281 2333 1337 mortis
2363 1285 2419 1336 et
2454 1279 2731 1349 gehennze
2763 1279 3068 1335 hominem.
3099 1280 3356 1335 Credidit
3382 1296 3444 1337 se
3469 1282 3615 1338 satis
3648 1286 3776 1338 tuto

2133 1369 2410 1442 periculo,
2446 1369 2657 1425 Christi
2692 1373 2993 1440 protectus
3020 1369 3257 1425 auxilio.
3307 1370 3507 1426 Omnia
3544 1375 3781 1443 postpo-

2133 1460 2271 1528 suit,
2305 1471 2495 1515 omnia
2527 1457 2809 1528 deseruit,
2845 1460 2902 1513 et
2936 1458 3007 1513 ad
3040 1459 3239 1514 Casam
3271 1458 3371 1514 Dei
3405 1473 3468 1514 se
3498 1459 3776 1529 contulit,

2132 1548 2231 1605 ubi
2254 1551 2396 1605 tune
2430 1548 2709 1619 temporis
2741 1546 2915 1604 nullae
2947 1547 3186 1617 divitize,
3224 1547 3381 1604 nulla
3412 1548 3624 1619 gloria,
3656 1550 3778 1608 sola

2132 1638 2534 1694 habitantibus
2557 1638 2880 1694 sufﬁciebat
2907 1637 3119 1710 inepia.
3142 1639 3311 1694 Vasta
3334 1642 3463 1694 erat
3484 1639 3779 1709 heremus,

2136 1731 2337 1800 utpote
2360 1743 2488 1799 quze
2513 1730 2645 1782 ante
2665 1742 2847 1783 annos
2860 1732 2928 1783 20
2945 1726 3341 1791 habitationes
3356 1726 3654 1785 hominum
3672 1743 3780 1786 non

384 1822 452 1858 ³⁸⁰
473 1823 768 1893 studeant,
794 1836 994 1879 omnes
1015 1825 1207 1879 autem
1236 1825 1293 1878 ut
1325 1821 1652 1893 apostolico
1689 1827 2016 1894 praecepto:
2052 1840 2104 1899 Β
2135 1821 2397 1873 noverat.
2435 1816 2682 1873 Sanctus
2714 1814 2868 1871 illam
2904 1817 3197 1873 Robertus
3241 1816 3459 1887 primus
3509 1816 3780 1887 incoluit,

393 1913 509 1972 Cui
521 1913 782 1985 vectigal
787 1911 1062 1984 vectigal,
1078 1912 1176 1969 cui
1188 1911 1476 1968 tributum
1488 1910 2026 1983 tribuiumpptem-

394 2003 614 2074 peretis
637 2016 1089 2059 commonemus.
1118 2001 1522 2072 l‘nusquisque
1544 2001 1694 2057 enim
1727 2016 1837 2057 non
1874 2002 2027 2072 quod

391 2108 555 2148 suum
580 2094 688 2160 cst,
712 2095 799 2147 set
818 2089 969 2161 quod
995 2088 1258 2157 alterius,
1284 2093 1524 2160 querat;
1549 2089 1817 2160 quoniam
1858 2089 1905 2146 si
1948 2090 2031 2147 di-

394 2195 503 2249 gne
524 2179 915 2248 rcdarguitur,
945 2178 1040 2249 qui
1066 2182 1238 2250 prout
1262 2182 1496 2250 oportet
1520 2178 1754 2250 propria
1777 2193 1889 2235 non
1920 2176 2032 2235 lar-

397 2270 573 2339 gitur,
610 2283 718 2338 qua
754 2268 1042 2324 sententia
1076 2268 1286 2337 dignus
1314 2271 1427 2337 est,
1463 2267 1559 2337 qui
1590 2282 1695 2323 nec
1726 2267 1911 2324 aliena
1946 2284 2033 2325 ra-

401 2373 553 2429 pere,
585 2372 691 2413 nec
720 2356 916 2412 debita
946 2355 1149 2413 metuit
1186 2356 1460 2427 retinere,
1492 2356 1723 2413 dicente
1752 2357 1990 2414 Domino
2017 2377 2027 2411 τ

400 2448 537 2512 Quae
556 2447 742 2503 mltis
761 2446 833 2501 ut
832 2446 1091 2517 faciant
1106 2444 1292 2515 vobis,
1317 2445 1646 2519 hcce/acim
1667 2445 1726 2503 et
1748 2461 1848 2504 eos
1876 2447 2027 2505 illis.

399 2538 467 2592 Et
487 2556 499 2590 :
527 2536 692 2600 Quod
712 2534 823 2592 tibi
842 2548 959 2590 non
978 2535 1092 2605 vis,
1118 2534 1235 2592 alii
1254 2549 1370 2591 non
1369 2534 1618 2607 feceris.
1644 2537 1804 2592 Nunc
1831 2536 2029 2607 igitur,

398 2624 527 2693 quia
562 2623 841 2679 dilectum
885 2622 1062 2679 tilium
1108 2626 1368 2681 nostrum
1423 2626 1716 2693 Hugonem
1767 2625 2032 2682 Diensem

395 2713 735 2783 episcopum
759 2713 835 2768 ob
857 2710 1291 2768 zeeclesiasticas
1318 2712 1592 2770 utilitatis
1616 2713 1842 2770 diversa
1865 2729 2035 2784 nego-

397 2800 486 2855 cia
519 2799 574 2853 in
608 2798 823 2854 Gallias
839 2798 999 2853 vices
1023 2803 1253 2855 nostras
1273 2804 1703 2870 exequuturum
1729 2801 2033 2872 mittimus,

396 2891 453 2943 et
490 2887 620 2958 quia
655 2886 864 2942 nemini
897 2886 1092 2958 potius
1138 2887 1379 2943 credere
1427 2888 1728 2957 debemus,
1765 2905 1932 2960 quem
1979 2891 2036 2946 in

396 2976 664 3033 omnibus
693 2990 721 3031 a
757 2975 924 3032 nobis
953 2975 1064 3032 sibi
1099 2976 1373 3046 injunctis
1405 2976 1656 3034 fideliter
1677 2979 1864 3048 egisse
1886 2995 2038 3035 com-

398 3066 672 3138 perimus,
701 3080 828 3136 qu:e
860 3064 1031 3122 nobis
1062 3080 1135 3121 ex
1165 3065 1432 3123 ecclesiis
1461 3067 1676 3124 vestris
1699 3068 2035 3140 specialiter

401 3154 646 3225 debetis,
684 3170 784 3212 vos
816 3154 898 3211 illi
929 3154 997 3210 ad
1034 3169 1141 3211 nos
1189 3155 1530 3226 perferenda
1583 3156 1937 3229 persolvere,
1970 3172 2035 3213 ac

406 3244 476 3299 de
509 3244 759 3301 retentis
790 3244 1131 3301 satisfacere
1155 3244 1446 3315 jubcmus.
1479 3267 1505 3293 η

472 3335 606 3404 Ipso
632 3347 781 3389 anno
806 3333 960 3403 apud
985 3335 1185 3389 Casam
1212 3332 1308 3388 Dei
1334 3333 1479 3397 (134)
1506 3334 1885 3391 monasticum
1919 3351 2043 3391 sus-

401 3424 635 3491 ceperat
666 3419 929 3475 babitum
984 3420 1229 3476 domnus
1271 3423 1525 3490 Jerento,
1563 3437 1757 3478 mense
1808 3425 2042 3479 Novem-

403 3509 549 3579 brio,
586 3508 677 3564 die
708 3514 757 3564 1.
811 3508 913 3565 Hie
945 3513 1111 3565 ortus
1146 3510 1443 3565 territorio
1490 3510 1823 3581 Viennensi,
1880 3517 2043 3583 patre

405 3595 681 3663 Arnaldo,
718 3598 903 3652 matre
936 3597 1129 3665 Agnes
1176 3596 1422 3664 nomine,
1476 3599 1735 3654 nutritus
1780 3603 1867 3655 est
1919 3600 2046 3655 dili-

402 3685 562 3756 genti
593 3698 732 3740 cura
764 3690 820 3741 et
847 3684 1133 3740 industria
1160 3700 1189 3740 a
1214 3686 1424 3741 domno
1450 3687 1688 3756 Hugono
1712 3686 2048 3745 Cluniacen-

404 3773 551 3830 sium
583 3776 770 3845 patre,
807 3770 929 3841 (fol.
966 3772 1055 3842 98)
1086 3771 1300 3828 litteris
1326 3774 1499 3830 etiam
1552 3774 1810 3831 imbutus
1851 3780 1940 3831 est
1976 3778 2046 3833 ab

404 3864 493 3919 his
520 3861 615 3933 qui
652 3861 891 3933 majoris
915 3862 1285 3919 auctoritatis
1303 3863 1652 3921 videbantur
1676 3864 1727 3920 in
1750 3865 2041 3923 Cluniaco.

405 3954 715 4022 Postquam
747 3965 888 4007 vero
921 3951 1198 4023 adolevit,
1232 3952 1432 4009 seculo
1464 3954 1711 4021 adhesit,
1746 3959 1804 4011 et
1857 3956 2045 4013 factus

403 4044 497 4095 est
525 4038 685 4096 velut
719 4053 931 4111 expers
958 4039 1162 4108 gratia)
1194 4054 1365 4110 quam
1396 4041 1644 4113 adeptus
1677 4044 1883 4113 fuerat,
1912 4044 2051 4100 levi-

404 4126 511 4183 tati
538 4126 772 4184 omnino
797 4127 1061 4197 studens,
1081 4128 1374 4184 canonieze
1395 4130 1769 4200 professionis
1790 4146 2048 4188 normam

405 4215 695 4287 rejieiens,
750 4215 1022 4273 militaria
1071 4217 1267 4288 potius
1312 4218 1696 4275 instrumenta
1744 4224 2048 4292 appetens.

413 4304 814 4375 Studebatque
865 4304 1063 4362 seculo
1130 4320 1415 4377 crescere,
1470 4322 1579 4363 non
1626 4310 1758 4365 Deo.
1815 4309 2053 4367 Animus

407 4392 625 4464 quiet-is
658 4393 990 4465 impatiens,
1018 4392 1235 4450 laboris
1264 4395 1529 4466 impiger,
1557 4396 1777 4453 domari
1813 4414 1920 4453 non
1954 4415 2053 4470 po-

410 4485 585 4537 terat.
620 4480 977 4553 lmplebatur
1006 4481 1060 4537 in
1093 4497 1162 4539 eo
1196 4482 1336 4540 illud
1372 4485 1589 4541 ethnici
1642 4486 1785 4556 (135)
1821 4487 2054 4544 verissi-

2069 3201 2118 3264 C

2139 1906 2235 1979 qui
2261 1906 2450 1962 animo
2482 1908 2537 1963 et
2566 1920 2811 1977 corpore
2845 1906 3058 1962 mundo
3081 1906 3225 1961 mori
3248 1910 3304 1961 et
3331 1906 3560 1963 Christo
3582 1907 3782 1964 vivere

2140 2001 2381 2069 paratus
2398 1997 2524 2064 fuit,
2542 1993 2691 2066 quod
2710 1994 2945 2051 libellus
2970 1996 3039 2052 de
3063 1995 3179 2051 vita
3201 1995 3326 2066 ejus
3348 1996 3610 2068 scriptus
3632 1997 3781 2068 (136)

2142 2085 2369 2159 plenius
2395 2084 2647 2141 elucidat
2674 2085 2825 2141 scire
2846 2084 3202 2141 volentibus.
3237 2086 3399 2141 Anno
3422 2085 3576 2141 enim
3606 2087 3682 2143 ab
3707 2087 3789 2142 in-

2140 2189 2296 2231 carn.
2322 2177 2483 2230 Dom.
2514 2172 2727 2231 1043³⁸⁸
2748 2173 2887 2230 illuc
2913 2174 3091 2242 venit,
3118 2174 3215 2230 ubi
3240 2174 3473 2245 praefuit
3501 2174 3787 2232 domui'“

2141 2264 2307 2320 annis
2326 2269 2377 2333 9,
2405 2268 2459 2319 et
2488 2264 2675 2320 factus
2710 2262 3025 2319 monachus
3048 2260 3116 2295 ³⁴³
3153 2264 3409 2319 etabbas
3428 2264 3666 2335 prtefuit
3691 2279 3790 2321 au-

2142 2353 2233 2408 nis
2258 2356 2322 2409 is
2344 2351 2412 2385 ³⁴⁴
2438 2352 2606 2423 (137),
2634 2356 2692 2407 et
2726 2352 2996 2422 migravit
3022 2351 3092 2407 ad
3118 2351 3419 2409 Dominum
3448 2366 3598 2409 anno
3626 2353 3786 2424 1067,

2143 2456 2551 2498 successorem
2602 2456 2766 2498 suum
2815 2441 3127 2510 designans
3161 2441 3391 2497 nomine
3420 2443 3785 2500 Durannum.

2143 2530 2228 2585 Ad
2261 2531 2413 2588 hunc
2444 2546 2584 2600 ergo
2612 2531 2804 2587 locum
2838 2530 3096 2601 veniens,
3121 2530 3216 2585 cui
3242 2532 3372 2602 post
3392 2531 3615 2586 obitum
3641 2546 3793 2603 prte-

2145 2620 2248 2675 fati
2281 2620 2468 2691 patris
2492 2620 2812 2692 prrcdietus
2834 2620 2982 2675 abba
3007 2621 3315 2676 Durannus
3334 2624 3606 2691 prwcrat,
3634 2634 3792 2677 sum-

2145 2709 2264 2780 psit
2295 2709 2544 2764 animuiu
2578 2713 2635 2764 et
2663 2710 2900 2765 formam
2926 2707 3218 2780 discipuli,
3248 2707 3351 2764 sed
3375 2723 3506 2765 mox
3528 2708 3792 2780 compul-

2147 2812 2245 2853 sus
2267 2802 2356 2854 est
2384 2799 2658 2867 magister
2685 2798 2829 2867 fieri,
2856 2802 2913 2853 et
2940 2797 3236 2869 prioratus
3256 2797 3791 2868 suscepitoilieium

2140 2885 2308 2954 jussu
2335 2887 2563 2942 abbatis
2586 2892 2644 2942 et
2670 2887 2851 2942 totius
2874 2886 3367 2955 congregationis.
3394 2887 3789 2956 Tristabatur,

2148 2976 2279 3046 quia
2312 2974 2465 3045 quod
2500 2975 2869 3031 desiderabat
2902 2990 3031 3032 esse
3063 2975 3341 3045 nequibat
3368 2994 3380 3029 :
3407 2980 3466 3030 et
3489 2976 3624 3045 quia
3658 2974 3793 3033 aliis

2148 3079 2401 3134 praeesse
2432 3066 2768 3135 rogabatur,
2818 3064 2942 3135 ipse
2992 3064 3049 3119 in
3096 3078 3159 3120 se
3208 3064 3278 3119 de
3328 3078 3389 3120 se
3436 3063 3786 3120 mirabatur.

2145 3154 2472 3209 Triennium
2509 3155 2563 3209 in
2598 3154 2726 3226 ipso
2758 3154 2971 3210 mansit
3001 3154 3189 3210 omeio
3213 3154 3321 3209 sub
3348 3153 3578 3209 abbatis
3612 3153 3798 3225 impe-

2153 3243 2256 3311 rio,
2284 3244 2596 3314 providens
2618 3260 2727 3317 pro
2751 3260 2921 3315 posse
2947 3248 3005 3299 et
3029 3258 3197 3299 nosse
3223 3243 3550 3299 necessaria
3573 3256 3799 3315 paupe-

2154 3333 2313 3387 ribus
2338 3332 2573 3403 Christi,
2601 3338 2656 3387 ct
2678 3332 2956 3389 insudans
2982 3330 3540 3390 utilitatitecelesize.
3558 3333 3800 3389 Promo—

2156 3422 2342 3477 tiones
2374 3421 2923 3478 mcclesiastieorum
2954 3422 3237 3491 graduum
3272 3420 3520 3492 adeptus
3550 3424 3635 3477 est
3684 3436 3796 3492 per

2156 3525 2382 3566 manum
2420 3510 2611 3566 domui
2644 3510 2903 3580 Ilngonis
2937 3510 3160 3565 Diensis
3190 3510 3470 3581 episcopi,
3526 3524 3557 3565 a
3606 3510 3802 3581 primo

2159 3615 2338 3669 usque
2372 3600 2440 3654 ad
2474 3599 2804 3670 septimum.
2843 3598 3186 3667 lnvigilahat
3222 3598 3373 3654 enim
3404 3598 3550 3655 idem
3578 3597 3803 3656 sollici-

2157 3688 2428 3757 tusgrcgi
2456 3688 2567 3743 sibi
2592 3688 2833 3757 credito,
2860 3691 2918 3742 et
2943 3687 3249 3757 legationis
3282 3687 3389 3743 sibi
3416 3687 3656 3744 creditae
3681 3688 3805 3743 sol-

2156 3774 2349 3830 licitas
2373 3789 2614 3831 servans
2628 3775 2928 3844 excubias,
2950 3774 3195 3845 primum
3212 3774 3520 3831 concilium
3535 3773 3805 3830 celebra-

2158 3864 2240 3919 vit
2286 3863 2436 3935 apud
2507 3867 2737 3934 Ansam,
2810 3863 3127 3920 secundum
3186 3865 3335 3935 apud
3405 3864 3803 3919 Clarummon-

2157 3956 2273 4007 tem
2306 3952 2561 4023 (l3S),-in
2593 3967 2707 4022 quo
2754 3952 3045 4022 Stephano
3095 3951 3446 4007 Arvernensi
3496 3951 3798 4023 episcopo,

2167 4040 2467 4097 Podiensis
2499 4041 2655 4098 sedis
2684 4042 2971 4111 invasere,
3008 4041 3139 4111 quia
3170 4056 3273 4111 pro
3303 4040 3618 4096 ambitione
3648 4039 3805 4097 male

2162 4132 2358 4187 sedem
2394 4146 2554 4187 suam
2586 4131 2948 4199 deseruerat,
2986 4129 3274 4186 Willclmo
3326 4145 3556 4200 quoque
3602 4131 3806 4201 Symo-

2164 4221 2328 4277 niaco
2351 4225 2410 4275 et
2430 4220 2698 4277 invasere
2719 4220 2877 4276 sedis
2902 4219 3285 4276 Arvernensis
3305 4219 3595 4290 deposito,
3613 4219 3804 4290 (1077)

2163 4314 2543 4365 consecratus
2566 4313 2656 4365 est
2684 4310 2961 4381 praefatus
2984 4309 3163 4365 abbas
3185 4309 3490 4365 Durannus
3512 4310 3809 4364 Arverno-

2165 4415 2290 4456 rum
2324 4399 2655 4469 episcopus,
2692 4404 2927 4469 peracto
2960 4398 3243 4453 deeennio
3272 4398 3574 4467 regiminis
3601 4398 3695 4453 sui
3745 4398 3806 4454 in

2165 4488 2294 4544 loco
2319 4490 2477 4544 Casae
2502 4486 2620 4556 Dei,
2648 4486 2743 4556 qui
2766 4487 2941 4542 etiam
2966 4490 3097 4558 post
3127 4486 3417 4543 biennium
3440 4486 3725 4557 petitione
3742 4493 3804 4543 et

409 4583 563 4626 mum
614 4568 685 4626 de
725 4567 939 4639 juvene
990 4570 1215 4628 inberbi
1265 4573 1681 4645 testimonium,
1716 4576 1882 4646 cujus
1913 4577 2045 4646 quia
2078 4562 2129 4620 D
2162 4577 2464 4632 voluntate
2495 4576 2737 4631 fratrum
2770 4590 2968 4631 curam
3001 4574 3297 4645 regiminis
3330 4574 3563 4645 Siguino
3595 4574 3813 4631 dereli-

409 4660 673 4716 nostrum
709 4672 821 4714 non
854 4662 944 4714 est
978 4659 1329 4731 meminisse,
1357 4662 1454 4732 qui
1479 4664 1634 4719 novit
1662 4663 1897 4720 recolat.
1926 4667 2043 4721 lloc

2155 4666 2299 4736 quit.
2331 4664 2584 4720 Tertium
2620 4664 2863 4720 Divioni.
2896 4665 3371 4735 Persequebatur
3396 4663 3799 4735 Symoniaeos,

1767 4797 2002 4854 VARLE
2045 4799 2337 4853 LECTION
2344 4798 2440 4853 ES.

482 4907 551 4941 "°
594 4908 740 4965 -bita
786 4905 899 4966 sol-
938 4906 1144 4965 deleta.
1223 4907 1291 4942 δυ
1329 4910 1378 4964 Μ
1428 4949 1441 4964 .

1491 4951 1503 4965 .
1552 4952 1565 4965 .
1599 4925 1690 4981 c,;
1729 4925 2040 4969 numerum
2070 4912 2314 4970 restitui
2352 4926 2427 4969 ea:
2461 4911 2661 4969 clzron.
2706 4908 3113 4968 Malleacerzsi.
3192 4908 3261 4943 ³⁴²
3290 4910 3323 4966 d
3365 4952 3377 4965 .
3429 4952 3441 4963 .
3485 4950 3499 4965 .
3549 4950 3563 4965 .
3603 4921 3657 4966 c.
3741 4906 3816 4942 ³⁸⁸

412 4992 529 5037 eoa:
557 4978 709 5038 abso.
722 4993 811 5038 sa.
890 4977 958 5012 ³⁴⁴
984 4993 1295 5038 numerum
1321 4981 1591 5054 suppleri
1619 4977 1695 5040 ex
1718 4983 1917 5041 σΙινοπ.
1945 4982 2355 5043 Malleacensi.

1992 5108 2213 5163 NOTIE.

485 5214 635 5288 (133)
668 5216 1050 5288 Qesideratur
1081 5217 1137 5273 in
1169 5217 1443 5285 Registro
1475 5218 1757 5288 Gregorii.
1795 5222 1858 5277 Κ.

487 5285 639 5361 (134)
688 5285 742 5339 S.
794 5287 1513 5361 Robert-la-Chaise-Dieu,
1567 5285 1892 5349 d'iceeeseos
1940 5291 2063 5348 Cla-

419 5359 795 5412 remontanae:

493 5426 643 5567 (135)
676 5427 924 5498 Horatii,
956 5428 1025 5484 de
1055 5432 1182 5487 arte
1212 5433 1368 5503 poet.
1404 5434 1499 5489 161
1537 5446 1699 5504 seqq.

521 5498 641 5566 136)
674 5499 929 5555 Auctore
958 5499 1207 5557 Geraldo
1239 5502 1311 5558 de
1333 5502 1526 5559 Venna
1550 5518 1699 5567 expo

521 5498 641 5574 136)
674 5498 1311 5574 AuctoreGeraldofde
1333 5502 1526 5559 Venna
1550 5498 1807 5574 expolita
1831 5503 2060 5560 demum

421 5584 451 5626 a
484 5568 790 5637 Marbodo;
823 5586 875 5624 v.
913 5570 1226 5627 Mabillonii
1262 5573 1405 5629 Acta
1434 5574 1529 5629 SS.
1564 5568 1689 5631 or'd.
1736 5577 1789 5632 S.
1834 5575 2051 5632 Bened.

420 5640 568 5699 Saec.
603 5640 692 5713 Vl,
730 5645 865 5697 tom.
902 5642 968 5713 II,
1004 5656 1132 5714 pag.
1170 5645 1291 5700 183.

2208 5220 2394 5347 t(1317)
2428 5220 2661 5277 Scilicet
2691 5220 2976 5291 ecclesiae,
3006 5226 3064 5278 et
3094 5221 3258 5279 cellae
3289 5236 3469 5294 prope
3498 5234 3627 5278 eam
3670 5236 3818 5279 con-

2233 5308 2334 5347 rnc
2367 5308 2434 5347 re.

2173 5299 2434 5349 structae.

2245 5364 2393 5435 (138)
2424 5362 2692 5435 Habitum
2722 5366 2817 5435 est
2843 5378 2884 5419 ιι
2912 5363 3110 5435 Idibus
3132 5362 3405 5435 Augusti,
3440 5364 3504 5418 ut
3535 5376 3606 5418 ex
3650 5362 3815 5419 litte-

2171 5433 2261 5491 ris
2283 5433 2537 5503 Hugonis
2565 5433 2791 5491 Diensis
2822 5435 2891 5490 ad
2926 5433 3235 5490 Rudolfum
3273 5435 3664 5490 Turonensem
3717 5447 3814 5489 ar-

2171 5505 2605 5588 chiepiscopum
2653 5510 2835 5576 patet.
2895 5505 3070 5588 Mansi
3118 5505 3230 5573 XX,
3283 5507 3404 5588 48.3.
3458 5507 3816 5588 Ann‘0m1076

2173 5574 3100 5645 hoe'eoncilium'congregatum
3153 5590 3280 5632 esse
3331 5575 3541 5631 docent
3588 5574 3814 5632 littera:

2174 5646 2435 5716 Gregorii
2467 5647 2537 5706 ad
2568 5646 2875 5719 episcopos
2901 5645 3122 5717 Galliae,
3156 5660 3301 5718 quas
3342 5646 3475 5705 vide
3518 5645 3685 5704 infra.
3739 5646 3809 5702 Κ.
