  <div class='ocr_page' id='page_1' title='image "/cluster/home/n/w/nwhite01/storage/ocr_20150623/154/hvd.32044054760129/146.png"; bbox 0 0 3960 6052; ppageno 0'>
   <div class='ocr_carea' id='block_1_1' title="bbox 232 260 351 322">
    <p class='ocr_par' dir='ltr' id='par_1_1' title="bbox 232 260 351 322">
     <span class='ocr_line' id='line_1_1' title="bbox 232 260 351 322; baseline 0.008 -1"><span class='ocrx_word' id='word_1_1' title='bbox 232 260 351 322; x_wconf 76' lang='grc'><strong>281</strong></span> 
     </span>
    </p>
   </div>
   <div class='ocr_carea' id='block_1_2' title="bbox 1483 267 2395 335">
    <p class='ocr_par' dir='ltr' id='par_1_2' title="bbox 1483 267 2395 335">
     <span class='ocr_line' id='line_1_2' title="bbox 1483 267 2395 335; baseline 0 -2"><span class='ocrx_word' id='word_1_2' title='bbox 1483 267 1979 335; x_wconf 84' lang='lat' dir='ltr'><strong>CHRONICON.</strong></span> <span class='ocrx_word' id='word_1_3' title='bbox 2017 305 2092 316; x_wconf 90' lang='lat'><strong><em>—</em></strong></span> <span class='ocrx_word' id='word_1_4' title='bbox 2123 269 2275 334; x_wconf 88' lang='lat' dir='ltr'><strong>LIB.</strong></span> <span class='ocrx_word' id='word_1_5' title='bbox 2322 271 2395 333; x_wconf 88' lang='lat' dir='ltr'><strong>II.</strong></span> 
     </span>
    </p>
   </div>
   <div class='ocr_carea' id='block_1_3' title="bbox 3523 257 3642 323">
    <p class='ocr_par' dir='ltr' id='par_1_3' title="bbox 3523 257 3642 323">
     <span class='ocr_line' id='line_1_3' title="bbox 3523 257 3642 323; baseline 0.008 -1"><span class='ocrx_word' id='word_1_6' title='bbox 3523 257 3642 323; x_wconf 72' lang='grc'><strong>282</strong></span> 
     </span>
    </p>
   </div>
   <div class='ocr_carea' id='block_1_4' title="bbox 228 396 3636 478">
    <p class='ocr_par' dir='ltr' id='par_1_4' title="bbox 228 396 3636 478">
     <span class='ocr_line' id='line_1_4' title="bbox 228 396 3636 478; baseline 0.002 -26"><span class='ocrx_word' id='word_1_7' title='bbox 228 396 533 455; x_wconf 85' lang='lat' dir='ltr'><strong>adversus</strong></span> <span class='ocrx_word' id='word_1_8' title='bbox 565 412 712 470; x_wconf 87' lang='lat' dir='ltr'><strong>quos</strong></span> <span class='ocrx_word' id='word_1_9' title='bbox 752 399 805 457; x_wconf 87' lang='lat' dir='ltr'><strong>ei</strong></span> <span class='ocrx_word' id='word_1_10' title='bbox 843 399 995 471; x_wconf 83' lang='lat' dir='ltr'><strong>jugis</strong></span> <span class='ocrx_word' id='word_1_11' title='bbox 1027 414 1237 473; x_wconf 86' lang='lat' dir='ltr'><strong>pugna,</strong></span> <span class='ocrx_word' id='word_1_12' title='bbox 1272 400 1582 460; x_wconf 85' lang='lat' dir='ltr'><strong>conﬂictus</strong></span> <span class='ocrx_word' id='word_1_13' title='bbox 1622 404 1729 460; x_wconf 86' lang='lat' dir='ltr'><strong>fuit</strong></span> <span class='ocrx_word' id='word_1_14' title='bbox 1755 419 1884 475; x_wconf 82' lang='lat' dir='ltr'><strong>per-</strong></span> <span class='ocrx_word' id='word_1_15' title='bbox 1911 406 1961 464; x_wconf 86' lang='lat' dir='ltr'><strong>A</strong></span> <span class='ocrx_word' id='word_1_16' title='bbox 1997 406 2086 463; x_wconf 89' lang='lat' dir='ltr'><strong>nis</strong></span> <span class='ocrx_word' id='word_1_17' title='bbox 2106 406 2251 477; x_wconf 86' lang='lat' dir='ltr'><strong>ejus,</strong></span> <span class='ocrx_word' id='word_1_18' title='bbox 2279 421 2447 478; x_wconf 87' lang='lat' dir='ltr'><strong>quam</strong></span> <span class='ocrx_word' id='word_1_19' title='bbox 2472 406 2758 464; x_wconf 86' lang='lat' dir='ltr'><strong>habuerat</strong></span> <span class='ocrx_word' id='word_1_20' title='bbox 2782 406 2835 463; x_wconf 89' lang='lat' dir='ltr'><strong>in</strong></span> <span class='ocrx_word' id='word_1_21' title='bbox 2860 403 3077 476; x_wconf 89' lang='lat' dir='ltr'><strong>seculo,</strong></span> <span class='ocrx_word' id='word_1_22' title='bbox 3103 403 3495 460; x_wconf 82' lang='lat' dir='ltr'><strong>infrenaverat</strong></span> <span class='ocrx_word' id='word_1_23' title='bbox 3520 416 3636 458; x_wconf 88' lang='lat' dir='ltr'><strong>mo-</strong></span> 
     </span>
    </p>
   </div>
   <div class='ocr_carea' id='block_1_5' title="bbox 229 490 1884 563">
    <p class='ocr_par' dir='ltr' id='par_1_5' title="bbox 229 490 1884 563">
     <span class='ocr_line' id='line_1_5' title="bbox 229 490 1884 563; baseline 0.004 -19"><span class='ocrx_word' id='word_1_24' title='bbox 229 490 476 558; x_wconf 84' lang='lat' dir='ltr'><strong>petuus,</strong></span> <span class='ocrx_word' id='word_1_25' title='bbox 513 503 660 559; x_wconf 87' lang='lat' dir='ltr'><strong>quos</strong></span> <span class='ocrx_word' id='word_1_26' title='bbox 688 490 861 547; x_wconf 89' lang='lat' dir='ltr'><strong>etiam</strong></span> <span class='ocrx_word' id='word_1_27' title='bbox 879 496 1053 562; x_wconf 89' lang='lat' dir='ltr'><strong>prout</strong></span> <span class='ocrx_word' id='word_1_28' title='bbox 1083 492 1275 563; x_wconf 87' lang='lat' dir='ltr'><strong>potuit</strong></span> <span class='ocrx_word' id='word_1_29' title='bbox 1305 493 1376 548; x_wconf 90' lang='lat' dir='ltr'><strong>ab</strong></span> <span class='ocrx_word' id='word_1_30' title='bbox 1400 492 1667 549; x_wconf 66' lang='lat' dir='ltr'><strong>azcclcsia</strong></span> <span class='ocrx_word' id='word_1_31' title='bbox 1702 494 1884 550; x_wconf 90' lang='lat' dir='ltr'><strong>elimi-</strong></span> 
     </span>
    </p>
   </div>
   <div class='ocr_carea' id='block_1_6' title="bbox 228 577 1277 646">
    <p class='ocr_par' dir='ltr' id='par_1_6' title="bbox 228 577 1277 646">
     <span class='ocr_line' id='line_1_6' title="bbox 228 577 1277 646; baseline 0.006 -15"><span class='ocrx_word' id='word_1_32' title='bbox 228 577 427 646; x_wconf 86' lang='lat' dir='ltr'><strong>navit,</strong></span> <span class='ocrx_word' id='word_1_33' title='bbox 464 583 523 634; x_wconf 90' lang='lat' dir='ltr'><strong>et</strong></span> <span class='ocrx_word' id='word_1_34' title='bbox 553 579 917 636; x_wconf 80' lang='lat' dir='ltr'><strong>orthodoxos</strong></span> <span class='ocrx_word' id='word_1_35' title='bbox 946 581 1277 637; x_wconf 74' lang='lat' dir='ltr'><strong>substituit.</strong></span> 
     </span>
    </p>
   </div>
   <div class='ocr_carea' id='block_1_7' title="bbox 310 671 1884 730">
    <p class='ocr_par' dir='ltr' id='par_1_7' title="bbox 310 671 1884 730">
     <span class='ocr_line' id='line_1_7' title="bbox 310 671 1884 730; baseline 0.003 -5"><span class='ocrx_word' id='word_1_36' title='bbox 310 672 483 727; x_wconf 86' lang='lat' dir='ltr'><strong>Anno</strong></span> <span class='ocrx_word' id='word_1_37' title='bbox 512 672 584 727; x_wconf 89' lang='lat' dir='ltr'><strong>ab</strong></span> <span class='ocrx_word' id='word_1_38' title='bbox 635 671 854 727; x_wconf 88' lang='lat' dir='ltr'><strong>incarn.</strong></span> <span class='ocrx_word' id='word_1_39' title='bbox 909 673 1067 727; x_wconf 88' lang='lat' dir='ltr'><strong>Dom.</strong></span> <span class='ocrx_word' id='word_1_40' title='bbox 1122 674 1278 729; x_wconf 75' lang='grc'>1075.</span> <span class='ocrx_word' id='word_1_41' title='bbox 1333 673 1663 730; x_wconf 88' lang='lat' dir='ltr'><strong>Grimoldus</strong></span> <span class='ocrx_word' id='word_1_42' title='bbox 1710 675 1884 730; x_wconf 89' lang='lat' dir='ltr'><strong>abba-</strong></span> 
     </span>
    </p>
   </div>
   <div class='ocr_carea' id='block_1_8' title="bbox 230 759 1884 835">
    <p class='ocr_par' dir='ltr' id='par_1_8' title="bbox 230 759 1884 835">
     <span class='ocr_line' id='line_1_8' title="bbox 230 759 1884 835; baseline 0.004 -22"><span class='ocrx_word' id='word_1_43' title='bbox 230 760 383 815; x_wconf 88' lang='lat' dir='ltr'><strong>tiam</strong></span> <span class='ocrx_word' id='word_1_44' title='bbox 418 760 567 832; x_wconf 71' lang='lat'><strong>(139)</strong></span> <span class='ocrx_word' id='word_1_45' title='bbox 600 760 822 815; x_wconf 78' lang='lat' dir='ltr'><strong>dimisit</strong></span> <span class='ocrx_word' id='word_1_46' title='bbox 862 759 953 816; x_wconf 90' lang='lat' dir='ltr'><strong>die</strong></span> <span class='ocrx_word' id='word_1_47' title='bbox 992 763 1177 817; x_wconf 90' lang='lat' dir='ltr'><strong>sancti</strong></span> <span class='ocrx_word' id='word_1_48' title='bbox 1214 762 1493 818; x_wconf 81' lang='lat' dir='ltr'><strong>Nieholai.</strong></span> <span class='ocrx_word' id='word_1_49' title='bbox 1545 764 1884 835; x_wconf 82' lang='lat' dir='ltr'><strong>Rodulphus</strong></span> 
     </span>
    </p>
   </div>
   <div class='ocr_carea' id='block_1_9' title="bbox 233 850 1646 921">
    <p class='ocr_par' dir='ltr' id='par_1_9' title="bbox 233 850 1646 921">
     <span class='ocr_line' id='line_1_9' title="bbox 233 850 1646 921; baseline 0.004 -17"><span class='ocrx_word' id='word_1_50' title='bbox 233 851 550 921; x_wconf 77' lang='lat' dir='ltr'><strong>successit,</strong></span> <span class='ocrx_word' id='word_1_51' title='bbox 585 850 879 907; x_wconf 77' lang='lat' dir='ltr'><strong>ordinatio</strong></span> <span class='ocrx_word' id='word_1_52' title='bbox 909 854 1036 921; x_wconf 86' lang='lat' dir='ltr'><strong>ejus</strong></span> <span class='ocrx_word' id='word_1_53' title='bbox 1069 852 1161 907; x_wconf 91' lang='lat' dir='ltr'><strong>die</strong></span> <span class='ocrx_word' id='word_1_54' title='bbox 1193 852 1376 907; x_wconf 90' lang='lat' dir='ltr'><strong>sancti</strong></span> <span class='ocrx_word' id='word_1_55' title='bbox 1414 856 1646 910; x_wconf 82' lang='lat' dir='ltr'><strong>Urbani.</strong></span> 
     </span>
    </p>
   </div>
   <div class='ocr_carea' id='block_1_10' title="bbox 315 940 1883 1011">
    <p class='ocr_par' dir='ltr' id='par_1_10' title="bbox 315 940 1883 1011">
     <span class='ocr_line' id='line_1_10' title="bbox 315 940 1883 1011; baseline 0.004 -18"><span class='ocrx_word' id='word_1_56' title='bbox 315 940 485 995; x_wconf 79' lang='lat' dir='ltr'><strong>Anno</strong></span> <span class='ocrx_word' id='word_1_57' title='bbox 518 940 588 995; x_wconf 91' lang='lat' dir='ltr'><strong>ab</strong></span> <span class='ocrx_word' id='word_1_58' title='bbox 620 940 838 996; x_wconf 89' lang='lat' dir='ltr'><strong>incarn.</strong></span> <span class='ocrx_word' id='word_1_59' title='bbox 886 942 1043 996; x_wconf 90' lang='lat' dir='ltr'><strong>Dom.</strong></span> <span class='ocrx_word' id='word_1_60' title='bbox 1092 944 1246 1011; x_wconf 86' lang='grc'>1076,</span> <span class='ocrx_word' id='word_1_61' title='bbox 1290 946 1371 999; x_wconf 93' lang='grc'>10.</span> <span class='ocrx_word' id='word_1_62' title='bbox 1416 943 1536 998; x_wconf 90' lang='lat' dir='ltr'><strong>Kal.</strong></span> <span class='ocrx_word' id='word_1_63' title='bbox 1571 944 1672 999; x_wconf 85' lang='lat' dir='ltr'><strong>Mai</strong></span> <span class='ocrx_word' id='word_1_64' title='bbox 1710 948 1883 999; x_wconf 58' lang='lat' dir='ltr'><strong>terra}</strong></span> 
     </span>
    </p>
   </div>
   <div class='ocr_carea' id='block_1_11' title="bbox 236 1029 1882 1102">
    <p class='ocr_par' dir='ltr' id='par_1_11' title="bbox 236 1029 1882 1102">
     <span class='ocr_line' id='line_1_11' title="bbox 236 1029 1882 1102; baseline 0.002 -18"><span class='ocrx_word' id='word_1_65' title='bbox 236 1031 443 1085; x_wconf 89' lang='lat' dir='ltr'><strong>motus</strong></span> <span class='ocrx_word' id='word_1_66' title='bbox 476 1029 661 1085; x_wconf 90' lang='lat' dir='ltr'><strong>factus</strong></span> <span class='ocrx_word' id='word_1_67' title='bbox 694 1033 802 1099; x_wconf 87' lang='lat' dir='ltr'><strong>est,</strong></span> <span class='ocrx_word' id='word_1_68' title='bbox 841 1030 978 1085; x_wconf 86' lang='lat' dir='ltr'><strong>feria</strong></span> <span class='ocrx_word' id='word_1_69' title='bbox 1009 1033 1061 1100; x_wconf 87' lang='lat'><strong>6,</strong></span> <span class='ocrx_word' id='word_1_70' title='bbox 1094 1030 1222 1085; x_wconf 92' lang='lat' dir='ltr'><strong>luna</strong></span> <span class='ocrx_word' id='word_1_71' title='bbox 1258 1034 1340 1102; x_wconf 81' lang='grc'><strong>14,</strong></span> <span class='ocrx_word' id='word_1_72' title='bbox 1376 1038 1433 1087; x_wconf 85' lang='lat' dir='ltr'><strong>et</strong></span> <span class='ocrx_word' id='word_1_73' title='bbox 1466 1032 1570 1089; x_wconf 89' lang='lat' dir='ltr'><strong>hoc</strong></span> <span class='ocrx_word' id='word_1_74' title='bbox 1605 1048 1751 1088; x_wconf 90' lang='lat' dir='ltr'><strong>anno</strong></span> <span class='ocrx_word' id='word_1_75' title='bbox 1779 1034 1882 1089; x_wconf 90' lang='lat' dir='ltr'><strong>fuit</strong></span> 
     </span>
    </p>
   </div>
   <div class='ocr_carea' id='block_1_12' title="bbox 234 1117 1884 1192">
    <p class='ocr_par' dir='ltr' id='par_1_12' title="bbox 234 1117 1884 1192">
     <span class='ocr_line' id='line_1_12' title="bbox 234 1117 1884 1192; baseline 0.002 -19"><span class='ocrx_word' id='word_1_76' title='bbox 234 1117 379 1187; x_wconf 87' lang='lat' dir='ltr'><strong>gelu</strong></span> <span class='ocrx_word' id='word_1_77' title='bbox 444 1132 708 1188; x_wconf 88' lang='lat' dir='ltr'><strong>magnum</strong></span> <span class='ocrx_word' id='word_1_78' title='bbox 760 1132 790 1173; x_wconf 90' lang='lat' dir='ltr'><strong>a</strong></span> <span class='ocrx_word' id='word_1_79' title='bbox 839 1124 889 1172; x_wconf 90' lang='lat'><strong>7.</strong></span> <span class='ocrx_word' id='word_1_80' title='bbox 943 1118 1076 1175; x_wconf 90' lang='lat' dir='ltr'><strong>ldus</strong></span> <span class='ocrx_word' id='word_1_81' title='bbox 1128 1121 1462 1176; x_wconf 89' lang='lat' dir='ltr'><strong>Decembris</strong></span> <span class='ocrx_word' id='word_1_82' title='bbox 1520 1136 1701 1192; x_wconf 88' lang='lat' dir='ltr'><strong>usque</strong></span> <span class='ocrx_word' id='word_1_83' title='bbox 1748 1122 1884 1177; x_wconf 89' lang='lat' dir='ltr'><strong>Idus</strong></span> 
     </span>
    </p>
   </div>
   <div class='ocr_carea' id='block_1_13' title="bbox 234 1207 454 1262">
    <p class='ocr_par' dir='ltr' id='par_1_13' title="bbox 234 1207 454 1262">
     <span class='ocr_line' id='line_1_13' title="bbox 234 1207 454 1262; baseline 0.009 -2"><span class='ocrx_word' id='word_1_84' title='bbox 234 1207 454 1262; x_wconf 74' lang='lat' dir='ltr'><strong>Martii.</strong></span> 
     </span>
    </p>
   </div>
   <div class='ocr_carea' id='block_1_14' title="bbox 309 1295 1880 1369">
    <p class='ocr_par' dir='ltr' id='par_1_14' title="bbox 309 1295 1880 1369">
     <span class='ocr_line' id='line_1_14' title="bbox 309 1295 1880 1369; baseline 0.003 -19"><span class='ocrx_word' id='word_1_85' title='bbox 309 1295 461 1366; x_wconf 78' lang='lat' dir='ltr'><strong>(Pol.</strong></span> <span class='ocrx_word' id='word_1_86' title='bbox 487 1296 599 1366; x_wconf 82' lang='lat'><strong>97,)</strong></span> <span class='ocrx_word' id='word_1_87' title='bbox 619 1295 897 1362; x_wconf 87' lang='lat' dir='ltr'><strong>Quartum</strong></span> <span class='ocrx_word' id='word_1_88' title='bbox 928 1297 1235 1355; x_wconf 88' lang='lat' dir='ltr'><strong>concilium</strong></span> <span class='ocrx_word' id='word_1_89' title='bbox 1264 1299 1449 1354; x_wconf 67' lang='lat' dir='ltr'><strong>tenuit</strong></span> <span class='ocrx_word' id='word_1_90' title='bbox 1475 1300 1880 1369; x_wconf 82' lang='lat' dir='ltr'><strong>Augustuduni</strong></span> 
     </span>
    </p>
   </div>
   <div class='ocr_carea' id='block_1_15' title="bbox 232 1386 1882 1456">
    <p class='ocr_par' dir='ltr' id='par_1_15' title="bbox 232 1386 1882 1456">
     <span class='ocr_line' id='line_1_15' title="bbox 232 1386 1882 1456; baseline 0.002 -16"><span class='ocrx_word' id='word_1_91' title='bbox 232 1386 461 1453; x_wconf 66' lang='lat'><strong>{1077);</strong></span> <span class='ocrx_word' id='word_1_92' title='bbox 495 1401 595 1454; x_wconf 89' lang='lat' dir='ltr'><strong>pro</strong></span> <span class='ocrx_word' id='word_1_93' title='bbox 629 1386 841 1456; x_wconf 90' lang='lat' dir='ltr'><strong>quibus</strong></span> <span class='ocrx_word' id='word_1_94' title='bbox 873 1392 1064 1443; x_wconf 85' lang='lat' dir='ltr'><strong>autem</strong></span> <span class='ocrx_word' id='word_1_95' title='bbox 1107 1389 1298 1446; x_wconf 89' lang='lat' dir='ltr'><strong>causis</strong></span> <span class='ocrx_word' id='word_1_96' title='bbox 1330 1389 1593 1445; x_wconf 84' lang='lat' dir='ltr'><strong>Educnse</strong></span> <span class='ocrx_word' id='word_1_97' title='bbox 1627 1389 1882 1445; x_wconf 73' lang='lat' dir='ltr'><strong>cclcbra~</strong></span> 
     </span>
    </p>
   </div>
   <div class='ocr_carea' id='block_1_16' title="bbox 235 1474 1883 1549">
    <p class='ocr_par' dir='ltr' id='par_1_16' title="bbox 235 1474 1883 1549">
     <span class='ocr_line' id='line_1_16' title="bbox 235 1474 1883 1549; baseline 0.004 -21"><span class='ocrx_word' id='word_1_98' title='bbox 235 1480 361 1529; x_wconf 80' lang='lat' dir='ltr'><strong>tum</strong></span> <span class='ocrx_word' id='word_1_99' title='bbox 419 1474 493 1529; x_wconf 92' lang='lat' dir='ltr'><strong>sit</strong></span> <span class='ocrx_word' id='word_1_100' title='bbox 542 1475 872 1545; x_wconf 80' lang='lat' dir='ltr'><strong>concilium,</strong></span> <span class='ocrx_word' id='word_1_101' title='bbox 909 1478 963 1531; x_wconf 91' lang='lat' dir='ltr'><strong>in</strong></span> <span class='ocrx_word' id='word_1_102' title='bbox 1008 1477 1223 1533; x_wconf 89' lang='lat' dir='ltr'><strong>litteris</strong></span> <span class='ocrx_word' id='word_1_103' title='bbox 1257 1478 1449 1533; x_wconf 90' lang='lat' dir='ltr'><strong>domni</strong></span> <span class='ocrx_word' id='word_1_104' title='bbox 1484 1492 1648 1549; x_wconf 62' lang='lat' dir='ltr'><strong>papa)</strong></span> <span class='ocrx_word' id='word_1_105' title='bbox 1684 1478 1883 1534; x_wconf 87' lang='lat' dir='ltr'><strong>adver-</strong></span> 
     </span>
    </p>
   </div>
   <div class='ocr_carea' id='block_1_17' title="bbox 228 1563 1883 1638">
    <p class='ocr_par' dir='ltr' id='par_1_17' title="bbox 228 1563 1883 1638">
     <span class='ocr_line' id='line_1_17' title="bbox 228 1563 1883 1638; baseline 0.005 -23"><span class='ocrx_word' id='word_1_106' title='bbox 228 1567 366 1618; x_wconf 82' lang='lat' dir='ltr'><strong>tere</strong></span> <span class='ocrx_word' id='word_1_107' title='bbox 399 1563 559 1631; x_wconf 89' lang='lat' dir='ltr'><strong>licet,</strong></span> <span class='ocrx_word' id='word_1_108' title='bbox 593 1579 833 1634; x_wconf 89' lang='lat' dir='ltr'><strong>quarum</strong></span> <span class='ocrx_word' id='word_1_109' title='bbox 857 1568 1057 1622; x_wconf 79' lang='lat' dir='ltr'><strong>textus</strong></span> <span class='ocrx_word' id='word_1_110' title='bbox 1081 1567 1190 1622; x_wconf 89' lang='lat' dir='ltr'><strong>iste</strong></span> <span class='ocrx_word' id='word_1_111' title='bbox 1220 1572 1305 1623; x_wconf 82' lang='lat' dir='ltr'><strong>est</strong></span> <span class='ocrx_word' id='word_1_112' title='bbox 1337 1586 1348 1620; x_wconf 94' lang='lat'><strong>:</strong></span> <span class='ocrx_word' id='word_1_113' title='bbox 1377 1568 1702 1638; x_wconf 71' lang='lat' dir='ltr'><strong>Gregorius</strong></span> <span class='ocrx_word' id='word_1_114' title='bbox 1735 1564 1883 1638; x_wconf 67' lang='lat' dir='ltr'><strong>epis-</strong></span> 
     </span>
    </p>
   </div>
   <div class='ocr_carea' id='block_1_18' title="bbox 225 1656 1881 1724">
    <p class='ocr_par' dir='ltr' id='par_1_18' title="bbox 225 1656 1881 1724">
     <span class='ocr_line' id='line_1_18' title="bbox 225 1656 1881 1724; baseline 0.002 -17"><span class='ocrx_word' id='word_1_115' title='bbox 225 1666 433 1723; x_wconf 72' lang='lat' dir='ltr'><strong>copus,</strong></span> <span class='ocrx_word' id='word_1_116' title='bbox 479 1666 683 1711; x_wconf 68' lang='lat' dir='ltr'><strong>aereus</strong></span> <span class='ocrx_word' id='word_1_117' title='bbox 737 1668 1037 1711; x_wconf 71' lang='lat' dir='ltr'><strong>servorum</strong></span> <span class='ocrx_word' id='word_1_118' title='bbox 1086 1657 1215 1724; x_wconf 84' lang='lat' dir='ltr'><strong>Dei,</strong></span> <span class='ocrx_word' id='word_1_119' title='bbox 1269 1657 1482 1713; x_wconf 75' lang='lat' dir='ltr'><strong>dilecto</strong></span> <span class='ocrx_word' id='word_1_120' title='bbox 1522 1658 1592 1712; x_wconf 73' lang='lat' dir='ltr'><strong>in</strong></span> <span class='ocrx_word' id='word_1_121' title='bbox 1640 1656 1881 1713; x_wconf 65' lang='lat' dir='ltr'><strong>Christo</strong></span> 
     </span>
    </p>
   </div>
   <div class='ocr_carea' id='block_1_19' title="bbox 1993 491 3636 568">
    <p class='ocr_par' dir='ltr' id='par_1_19' title="bbox 1993 491 3636 568">
     <span class='ocr_line' id='line_1_19' title="bbox 1993 491 3636 568; baseline -0.002 -18"><span class='ocrx_word' id='word_1_122' title='bbox 1993 496 2200 551; x_wconf 90' lang='lat' dir='ltr'><strong>nastici</strong></span> <span class='ocrx_word' id='word_1_123' title='bbox 2227 497 2451 553; x_wconf 86' lang='lat' dir='ltr'><strong>ordinis</strong></span> <span class='ocrx_word' id='word_1_124' title='bbox 2469 502 2527 553; x_wconf 86' lang='lat' dir='ltr'><strong>et</strong></span> <span class='ocrx_word' id='word_1_125' title='bbox 2550 496 2838 568; x_wconf 79' lang='lat' dir='ltr'><strong>regularis</strong></span> <span class='ocrx_word' id='word_1_126' title='bbox 2869 494 3177 566; x_wconf 84' lang='lat' dir='ltr'><strong>gravitatis</strong></span> <span class='ocrx_word' id='word_1_127' title='bbox 3218 496 3378 549; x_wconf 89' lang='lat' dir='ltr'><strong>freno</strong></span> <span class='ocrx_word' id='word_1_128' title='bbox 3401 493 3546 548; x_wconf 89' lang='lat' dir='ltr'><strong>dans</strong></span> <span class='ocrx_word' id='word_1_129' title='bbox 3579 491 3636 547; x_wconf 90' lang='lat' dir='ltr'><strong>in</strong></span> 
     </span>
    </p>
   </div>
   <div class='ocr_carea' id='block_1_20' title="bbox 1993 585 3632 657">
    <p class='ocr_par' dir='ltr' id='par_1_20' title="bbox 1993 585 3632 657">
     <span class='ocr_line' id='line_1_20' title="bbox 1993 585 3632 657; baseline -0.004 -16"><span class='ocrx_word' id='word_1_130' title='bbox 1993 599 2061 641; x_wconf 88' lang='lat' dir='ltr'><strong>eo</strong></span> <span class='ocrx_word' id='word_1_131' title='bbox 2091 586 2417 657; x_wconf 76' lang='lat' dir='ltr'><strong>exemplum</strong></span> <span class='ocrx_word' id='word_1_132' title='bbox 2447 588 2714 642; x_wconf 91' lang='lat' dir='ltr'><strong>omnibus</strong></span> <span class='ocrx_word' id='word_1_133' title='bbox 2740 588 2845 644; x_wconf 92' lang='lat' dir='ltr'><strong>sub</strong></span> <span class='ocrx_word' id='word_1_134' title='bbox 2870 585 3110 654; x_wconf 87' lang='lat' dir='ltr'><strong>remigio</strong></span> <span class='ocrx_word' id='word_1_135' title='bbox 3145 585 3364 639; x_wconf 89' lang='lat' dir='ltr'><strong>alarum</strong></span> <span class='ocrx_word' id='word_1_136' title='bbox 3398 595 3632 637; x_wconf 89' lang='lat' dir='ltr'><strong>suarum</strong></span> 
     </span>
    </p>
   </div>
   <div class='ocr_carea' id='block_1_21' title="bbox 1994 669 3631 747">
    <p class='ocr_par' dir='ltr' id='par_1_21' title="bbox 1994 669 3631 747">
     <span class='ocr_line' id='line_1_21' title="bbox 1994 669 3631 747; baseline -0.005 -17"><span class='ocrx_word' id='word_1_137' title='bbox 1994 675 2483 744; x_wconf 80' lang='lat' dir='ltr'><strong>confugientibus,</strong></span> <span class='ocrx_word' id='word_1_138' title='bbox 2513 691 2623 733; x_wconf 91' lang='lat' dir='ltr'><strong>non</strong></span> <span class='ocrx_word' id='word_1_139' title='bbox 2649 676 2965 747; x_wconf 85' lang='lat' dir='ltr'><strong>desperare</strong></span> <span class='ocrx_word' id='word_1_140' title='bbox 2989 676 3059 730; x_wconf 90' lang='lat' dir='ltr'><strong>de</strong></span> <span class='ocrx_word' id='word_1_141' title='bbox 3083 689 3181 729; x_wconf 88' lang='lat' dir='ltr'><strong>sua</strong></span> <span class='ocrx_word' id='word_1_142' title='bbox 3214 669 3631 735; x_wconf 90' lang='lat' dir='ltr'><strong>misericordia,</strong></span> 
     </span>
    </p>
   </div>
   <div class='ocr_carea' id='block_1_22' title="bbox 1993 760 3637 835">
    <p class='ocr_par' dir='ltr' id='par_1_22' title="bbox 1993 760 3637 835">
     <span class='ocr_line' id='line_1_22' title="bbox 1993 760 3637 835; baseline -0.004 -18"><span class='ocrx_word' id='word_1_143' title='bbox 1993 764 2333 832; x_wconf 86' lang='lat' dir='ltr'><strong>cujustanta</strong></span> <span class='ocrx_word' id='word_1_144' title='bbox 2363 764 2413 819; x_wconf 93' lang='lat' dir='ltr'><strong>in</strong></span> <span class='ocrx_word' id='word_1_145' title='bbox 2432 764 2541 820; x_wconf 90' lang='lat' dir='ltr'><strong>isto</strong></span> <span class='ocrx_word' id='word_1_146' title='bbox 2566 764 2898 835; x_wconf 88' lang='lat' dir='ltr'><strong>adoptionis</strong></span> <span class='ocrx_word' id='word_1_147' title='bbox 2915 763 3031 817; x_wconf 83' lang='lat' dir='ltr'><strong>ﬁlio</strong></span> <span class='ocrx_word' id='word_1_148' title='bbox 3046 762 3441 831; x_wconf 83' lang='lat' dir='ltr'><strong>agnoscebant</strong></span> <span class='ocrx_word' id='word_1_149' title='bbox 3466 760 3637 813; x_wconf 86' lang='lat' dir='ltr'><strong>bene-</strong></span> 
     </span>
    </p>
   </div>
   <div class='ocr_carea' id='block_1_23' title="bbox 1997 847 3637 923">
    <p class='ocr_par' dir='ltr' id='par_1_23' title="bbox 1997 847 3637 923">
     <span class='ocr_line' id='line_1_23' title="bbox 1997 847 3637 923; baseline -0.004 -17"><span class='ocrx_word' id='word_1_150' title='bbox 1997 852 2144 907; x_wconf 82' lang='lat' dir='ltr'><strong>ficia.</strong></span> <span class='ocrx_word' id='word_1_151' title='bbox 2183 853 2440 909; x_wconf 88' lang='lat' dir='ltr'><strong>Concilio</strong></span> <span class='ocrx_word' id='word_1_152' title='bbox 2478 869 2619 923; x_wconf 85' lang='lat' dir='ltr'><strong>ergo</strong></span> <span class='ocrx_word' id='word_1_153' title='bbox 2650 853 2813 923; x_wconf 88' lang='lat' dir='ltr'><strong>inito,</strong></span> <span class='ocrx_word' id='word_1_154' title='bbox 2850 850 3419 909; x_wconf 88' lang='lat' dir='ltr'><strong>circumsedentibus</strong></span> <span class='ocrx_word' id='word_1_155' title='bbox 3450 847 3637 903; x_wconf 87' lang='lat' dir='ltr'><strong>Patri-</strong></span> 
     </span>
    </p>
   </div>
   <div class='ocr_carea' id='block_1_24' title="bbox 1995 937 3637 999">
    <p class='ocr_par' dir='ltr' id='par_1_24' title="bbox 1995 937 3637 999">
     <span class='ocr_line' id='line_1_24' title="bbox 1995 937 3637 999; baseline -0.002 -4"><span class='ocrx_word' id='word_1_156' title='bbox 1995 940 2101 997; x_wconf 87' lang='lat' dir='ltr'><strong>bus</strong></span> <span class='ocrx_word' id='word_1_157' title='bbox 2123 946 2433 998; x_wconf 89' lang='lat' dir='ltr'><strong>tractatum</strong></span> <span class='ocrx_word' id='word_1_158' title='bbox 2450 948 2538 999; x_wconf 90' lang='lat' dir='ltr'><strong>est</strong></span> <span class='ocrx_word' id='word_1_159' title='bbox 2565 944 2633 998; x_wconf 89' lang='lat' dir='ltr'><strong>de</strong></span> <span class='ocrx_word' id='word_1_160' title='bbox 2660 943 2858 999; x_wconf 89' lang='lat' dir='ltr'><strong>multis</strong></span> <span class='ocrx_word' id='word_1_161' title='bbox 2874 946 3093 998; x_wconf 67' lang='lat' dir='ltr'><strong>sancta:</strong></span> <span class='ocrx_word' id='word_1_162' title='bbox 3113 940 3376 997; x_wconf 71' lang='lat' dir='ltr'><strong>ecclesiae</strong></span> <span class='ocrx_word' id='word_1_163' title='bbox 3417 937 3637 994; x_wconf 91' lang='lat' dir='ltr'><strong>utilita-</strong></span> 
     </span>
    </p>
   </div>
   <div class='ocr_carea' id='block_1_25' title="bbox 1995 1028 3638 1102">
    <p class='ocr_par' dir='ltr' id='par_1_25' title="bbox 1995 1028 3638 1102">
     <span class='ocr_line' id='line_1_25' title="bbox 1995 1028 3638 1102; baseline -0.001 -19"><span class='ocrx_word' id='word_1_164' title='bbox 1995 1031 2176 1102; x_wconf 84' lang='lat' dir='ltr'><strong>tibus,</strong></span> <span class='ocrx_word' id='word_1_165' title='bbox 2219 1036 2277 1086; x_wconf 85' lang='lat' dir='ltr'><strong>et</strong></span> <span class='ocrx_word' id='word_1_166' title='bbox 2313 1048 2509 1088; x_wconf 89' lang='lat' dir='ltr'><strong>carum</strong></span> <span class='ocrx_word' id='word_1_167' title='bbox 2541 1032 2949 1088; x_wconf 81' lang='lat' dir='ltr'><strong>determinatio</strong></span> <span class='ocrx_word' id='word_1_168' title='bbox 2973 1030 3246 1097; x_wconf 83' lang='lat' dir='ltr'><strong>secunda,</strong></span> <span class='ocrx_word' id='word_1_169' title='bbox 3284 1028 3460 1084; x_wconf 90' lang='lat' dir='ltr'><strong>tertia</strong></span> <span class='ocrx_word' id='word_1_170' title='bbox 3495 1041 3638 1096; x_wconf 93' lang='lat' dir='ltr'><strong>quo-</strong></span> 
     </span>
    </p>
   </div>
   <div class='ocr_carea' id='block_1_26' title="bbox 1994 1116 3636 1191">
    <p class='ocr_par' dir='ltr' id='par_1_26' title="bbox 1994 1116 3636 1191">
     <span class='ocr_line' id='line_1_26' title="bbox 1994 1116 3636 1191; baseline -0.003 -18"><span class='ocrx_word' id='word_1_171' title='bbox 1994 1134 2105 1189; x_wconf 90' lang='lat' dir='ltr'><strong>que</strong></span> <span class='ocrx_word' id='word_1_172' title='bbox 2129 1124 2183 1175; x_wconf 91' lang='lat' dir='ltr'><strong>et</strong></span> <span class='ocrx_word' id='word_1_173' title='bbox 2210 1127 2415 1191; x_wconf 89' lang='lat' dir='ltr'><strong>quarta</strong></span> <span class='ocrx_word' id='word_1_174' title='bbox 2444 1121 2729 1191; x_wconf 88' lang='lat' dir='ltr'><strong>protelata</strong></span> <span class='ocrx_word' id='word_1_175' title='bbox 2756 1125 2846 1176; x_wconf 91' lang='lat' dir='ltr'><strong>est</strong></span> <span class='ocrx_word' id='word_1_176' title='bbox 2870 1120 2981 1175; x_wconf 85' lang='lat' dir='ltr'><strong>die.</strong></span> <span class='ocrx_word' id='word_1_177' title='bbox 3004 1122 3329 1175; x_wconf 86' lang='lat' dir='ltr'><strong>Accusatus</strong></span> <span class='ocrx_word' id='word_1_178' title='bbox 3352 1116 3518 1172; x_wconf 89' lang='lat' dir='ltr'><strong>estin</strong></span> <span class='ocrx_word' id='word_1_179' title='bbox 3542 1128 3636 1169; x_wconf 90' lang='lat' dir='ltr'><strong>eo-</strong></span> 
     </span>
    </p>
   </div>
   <div class='ocr_carea' id='block_1_27' title="bbox 1997 1204 3633 1275">
    <p class='ocr_par' dir='ltr' id='par_1_27' title="bbox 1997 1204 3633 1275">
     <span class='ocr_line' id='line_1_27' title="bbox 1997 1204 3633 1275; baseline -0.002 -14"><span class='ocrx_word' id='word_1_180' title='bbox 1997 1208 2123 1262; x_wconf 88' lang='lat' dir='ltr'><strong>dem</strong></span> <span class='ocrx_word' id='word_1_181' title='bbox 2145 1210 2392 1265; x_wconf 75' lang='lat' dir='ltr'><strong>concilio</strong></span> <span class='ocrx_word' id='word_1_182' title='bbox 2417 1210 2718 1265; x_wconf 76' lang='lat' dir='ltr'><strong>Remensis</strong></span> <span class='ocrx_word' id='word_1_183' title='bbox 2731 1209 2997 1265; x_wconf 67' lang='lat' dir='ltr'><strong>ecclesia)</strong></span> <span class='ocrx_word' id='word_1_184' title='bbox 3015 1210 3244 1263; x_wconf 87' lang='lat' dir='ltr'><strong>invasor</strong></span> <span class='ocrx_word' id='word_1_185' title='bbox 3260 1204 3633 1275; x_wconf 80' lang='lat' dir='ltr'><strong>Symoniacus</strong></span> 
     </span>
    </p>
   </div>
   <div class='ocr_carea' id='block_1_28' title="bbox 1996 1291 3634 1364">
    <p class='ocr_par' dir='ltr' id='par_1_28' title="bbox 1996 1291 3634 1364">
     <span class='ocr_line' id='line_1_28' title="bbox 1996 1291 3634 1364; baseline -0.002 -15"><span class='ocrx_word' id='word_1_186' title='bbox 1996 1296 2287 1354; x_wconf 82' lang='lat' dir='ltr'><strong>Mauasscs</strong></span> <span class='ocrx_word' id='word_1_187' title='bbox 2325 1314 2351 1353; x_wconf 89' lang='lat' dir='ltr'><strong>a</strong></span> <span class='ocrx_word' id='word_1_188' title='bbox 2391 1299 2626 1355; x_wconf 78' lang='lat' dir='ltr'><strong>clericis</strong></span> <span class='ocrx_word' id='word_1_189' title='bbox 2661 1298 3071 1357; x_wconf 83' lang='lat' dir='ltr'><strong>Rcmensibus;</strong></span> <span class='ocrx_word' id='word_1_190' title='bbox 3107 1299 3167 1349; x_wconf 86' lang='lat' dir='ltr'><strong>et</strong></span> <span class='ocrx_word' id='word_1_191' title='bbox 3206 1307 3529 1364; x_wconf 86' lang='lat' dir='ltr'><strong>suspensus</strong></span> <span class='ocrx_word' id='word_1_192' title='bbox 3561 1291 3634 1347; x_wconf 90' lang='lat' dir='ltr'><strong>ab</strong></span> 
     </span>
    </p>
   </div>
   <div class='ocr_carea' id='block_1_29' title="bbox 1996 1382 3630 1456">
    <p class='ocr_par' dir='ltr' id='par_1_29' title="bbox 1996 1382 3630 1456">
     <span class='ocr_line' id='line_1_29' title="bbox 1996 1382 3630 1456; baseline -0.004 -17"><span class='ocrx_word' id='word_1_193' title='bbox 1996 1386 2205 1455; x_wconf 82' lang='lat' dir='ltr'><strong>officio,</strong></span> <span class='ocrx_word' id='word_1_194' title='bbox 2249 1388 2380 1456; x_wconf 83' lang='lat' dir='ltr'><strong>quia</strong></span> <span class='ocrx_word' id='word_1_195' title='bbox 2414 1392 2655 1442; x_wconf 80' lang='lat' dir='ltr'><strong>vocatus</strong></span> <span class='ocrx_word' id='word_1_196' title='bbox 2681 1387 2751 1441; x_wconf 87' lang='lat' dir='ltr'><strong>ad</strong></span> <span class='ocrx_word' id='word_1_197' title='bbox 2776 1386 3085 1442; x_wconf 86' lang='lat' dir='ltr'><strong>concilium</strong></span> <span class='ocrx_word' id='word_1_198' title='bbox 3132 1389 3197 1439; x_wconf 90' lang='lat' dir='ltr'><strong>ut</strong></span> <span class='ocrx_word' id='word_1_199' title='bbox 3239 1398 3297 1437; x_wconf 84' lang='lat' dir='ltr'><strong>se</strong></span> <span class='ocrx_word' id='word_1_200' title='bbox 3332 1382 3630 1452; x_wconf 83' lang='lat' dir='ltr'><strong>purgaret,</strong></span> 
     </span>
    </p>
   </div>
   <div class='ocr_carea' id='block_1_30' title="bbox 1996 1469 3634 1541">
    <p class='ocr_par' dir='ltr' id='par_1_30' title="bbox 1996 1469 3634 1541">
     <span class='ocr_line' id='line_1_30' title="bbox 1996 1469 3634 1541; baseline -0.004 -12"><span class='ocrx_word' id='word_1_201' title='bbox 1996 1490 2108 1529; x_wconf 88' lang='lat' dir='ltr'><strong>non</strong></span> <span class='ocrx_word' id='word_1_202' title='bbox 2130 1477 2307 1532; x_wconf 82' lang='lat' dir='ltr'><strong>venit.</strong></span> <span class='ocrx_word' id='word_1_203' title='bbox 2335 1476 2438 1541; x_wconf 86' lang='lat' dir='ltr'><strong>Qui</strong></span> <span class='ocrx_word' id='word_1_204' title='bbox 2464 1492 2591 1532; x_wconf 91' lang='lat' dir='ltr'><strong>cum</strong></span> <span class='ocrx_word' id='word_1_205' title='bbox 2617 1475 2912 1532; x_wconf 87' lang='lat' dir='ltr'><strong>canonicis</strong></span> <span class='ocrx_word' id='word_1_206' title='bbox 2926 1469 3518 1529; x_wconf 63' lang='lat' dir='ltr'><strong>Remensismeclesize</strong></span> <span class='ocrx_word' id='word_1_207' title='bbox 3545 1482 3634 1523; x_wconf 89' lang='lat' dir='ltr'><strong>ac-</strong></span> 
     </span>
    </p>
   </div>
   <div class='ocr_carea' id='block_1_31' title="bbox 1994 1561 3633 1632">
    <p class='ocr_par' dir='ltr' id='par_1_31' title="bbox 1994 1561 3633 1632">
     <span class='ocr_line' id='line_1_31' title="bbox 1994 1561 3633 1632; baseline -0.006 -10"><span class='ocrx_word' id='word_1_208' title='bbox 1994 1566 2366 1622; x_wconf 87' lang='lat' dir='ltr'><strong>cusatoribus</strong></span> <span class='ocrx_word' id='word_1_209' title='bbox 2382 1567 2545 1621; x_wconf 87' lang='lat' dir='ltr'><strong>suisa</strong></span> <span class='ocrx_word' id='word_1_210' title='bbox 2564 1565 2812 1621; x_wconf 86' lang='lat' dir='ltr'><strong>concilio</strong></span> <span class='ocrx_word' id='word_1_211' title='bbox 2835 1564 3216 1619; x_wconf 89' lang='lat' dir='ltr'><strong>redeuntibus</strong></span> <span class='ocrx_word' id='word_1_212' title='bbox 3234 1561 3513 1632; x_wconf 86' lang='lat' dir='ltr'><strong>plurimas</strong></span> <span class='ocrx_word' id='word_1_213' title='bbox 3539 1573 3633 1628; x_wconf 89' lang='lat' dir='ltr'><strong>pa-</strong></span> 
     </span>
    </p>
   </div>
   <div class='ocr_carea' id='block_1_32' title="bbox 1992 1648 3633 1721">
    <p class='ocr_par' dir='ltr' id='par_1_32' title="bbox 1992 1648 3633 1721">
     <span class='ocr_line' id='line_1_32' title="bbox 1992 1648 3633 1721; baseline -0.005 -11"><span class='ocrx_word' id='word_1_214' title='bbox 1992 1660 2180 1710; x_wconf 86' lang='lat' dir='ltr'><strong>rasset</strong></span> <span class='ocrx_word' id='word_1_215' title='bbox 2224 1655 2483 1721; x_wconf 88' lang='lat' dir='ltr'><strong>insidias,</strong></span> <span class='ocrx_word' id='word_1_216' title='bbox 2521 1656 2745 1710; x_wconf 90' lang='lat' dir='ltr'><strong>demum</strong></span> <span class='ocrx_word' id='word_1_217' title='bbox 2796 1654 2997 1709; x_wconf 90' lang='lat' dir='ltr'><strong>domos</strong></span> <span class='ocrx_word' id='word_1_218' title='bbox 3030 1666 3228 1707; x_wconf 86' lang='lat' dir='ltr'><strong>eorum</strong></span> <span class='ocrx_word' id='word_1_219' title='bbox 3262 1648 3452 1716; x_wconf 84' lang='lat' dir='ltr'><strong>fregit,</strong></span> <span class='ocrx_word' id='word_1_220' title='bbox 3490 1660 3633 1717; x_wconf 67' lang='lat' dir='ltr'><strong>prae-</strong></span> 
     </span>
    </p>
   </div>
   <div class='ocr_carea' id='block_1_33' title="bbox 230 1737 3631 1822">
    <p class='ocr_par' dir='ltr' id='par_1_33' title="bbox 230 1737 3631 1822">
     <span class='ocr_line' id='line_1_33' title="bbox 230 1737 3631 1822; baseline -0.003 -24"><span class='ocrx_word' id='word_1_221' title='bbox 230 1741 433 1798; x_wconf 73' lang='lat' dir='ltr'><strong>n‘a-tri</strong></span> <span class='ocrx_word' id='word_1_222' title='bbox 480 1743 743 1813; x_wconf 74' lang='lat' dir='ltr'><strong>Hugom’,</strong></span> <span class='ocrx_word' id='word_1_223' title='bbox 786 1744 1117 1801; x_wconf 73' lang='lat' dir='ltr'><strong>venerabili</strong></span> <span class='ocrx_word' id='word_1_224' title='bbox 1148 1747 1360 1803; x_wconf 77' lang='lat' dir='ltr'><strong>Diensi</strong></span> <span class='ocrx_word' id='word_1_225' title='bbox 1407 1747 1685 1816; x_wconf 61' lang='lat' dir='ltr'><strong>eniscopo,</strong></span> <span class='ocrx_word' id='word_1_226' title='bbox 1720 1747 1880 1802; x_wconf 73' lang='lat' dir='ltr'><strong>selu-</strong></span> <span class='ocrx_word' id='word_1_227' title='bbox 1908 1763 1961 1822; x_wconf 81' lang='grc' dir='ltr'>Β</span> <span class='ocrx_word' id='word_1_228' title='bbox 1994 1744 2213 1799; x_wconf 83' lang='lat' dir='ltr'><strong>bendas</strong></span> <span class='ocrx_word' id='word_1_229' title='bbox 2242 1759 2440 1799; x_wconf 86' lang='lat' dir='ltr'><strong>eorum</strong></span> <span class='ocrx_word' id='word_1_230' title='bbox 2467 1743 2745 1813; x_wconf 78' lang='lat' dir='ltr'><strong>vendidit,</strong></span> <span class='ocrx_word' id='word_1_231' title='bbox 2773 1749 2830 1799; x_wconf 92' lang='lat' dir='ltr'><strong>et</strong></span> <span class='ocrx_word' id='word_1_232' title='bbox 2852 1744 2996 1798; x_wconf 88' lang='lat' dir='ltr'><strong>bona</strong></span> <span class='ocrx_word' id='word_1_233' title='bbox 3022 1756 3218 1796; x_wconf 90' lang='lat' dir='ltr'><strong>eorum</strong></span> <span class='ocrx_word' id='word_1_234' title='bbox 3249 1737 3511 1808; x_wconf 83' lang='lat' dir='ltr'><strong>diripuit.</strong></span> <span class='ocrx_word' id='word_1_235' title='bbox 3546 1737 3631 1790; x_wconf 88' lang='lat' dir='ltr'><strong>In-</strong></span> 
     </span>
    </p>
   </div>
   <div class='ocr_carea' id='block_1_34' title="bbox 229 1829 1879 1900">
    <p class='ocr_par' dir='ltr' id='par_1_34' title="bbox 229 1829 1879 1900">
     <span class='ocr_line' id='line_1_34' title="bbox 229 1829 1879 1900; baseline 0.004 -17"><span class='ocrx_word' id='word_1_236' title='bbox 229 1829 348 1884; x_wconf 78' lang='lat' dir='ltr'><strong>tem.</strong></span> <span class='ocrx_word' id='word_1_237' title='bbox 404 1830 467 1885; x_wconf 80' lang='lat' dir='ltr'><strong>et</strong></span> <span class='ocrx_word' id='word_1_238' title='bbox 496 1830 881 1900; x_wconf 66' lang='lat' dir='ltr'><strong>apostolicam</strong></span> <span class='ocrx_word' id='word_1_239' title='bbox 915 1832 1388 1890; x_wconf 69' lang='lat' dir='ltr'><strong>benedictionem.</strong></span> <span class='ocrx_word' id='word_1_240' title='bbox 1424 1832 1727 1891; x_wconf 68' lang='lat' dir='ltr'><strong>Germ/iris</strong></span> <span class='ocrx_word' id='word_1_241' title='bbox 1770 1835 1879 1891; x_wconf 81' lang='lat' dir='ltr'><strong>0a-</strong></span> 
     </span>
    </p>
   </div>
   <div class='ocr_carea' id='block_1_35' title="bbox 227 1922 1716 1995">
    <p class='ocr_par' dir='ltr' id='par_1_35' title="bbox 227 1922 1716 1995">
     <span class='ocr_line' id='line_1_35' title="bbox 227 1922 1716 1995; baseline 0.004 -23"><span class='ocrx_word' id='word_1_242' title='bbox 227 1922 598 1976; x_wconf 78' lang='lat' dir='ltr'><strong>meracensis</strong></span> <span class='ocrx_word' id='word_1_243' title='bbox 628 1922 847 1978; x_wconf 75' lang='lat' dir='ltr'><strong>electus</strong></span> <span class='ocrx_word' id='word_1_244' title='bbox 873 1924 955 1977; x_wconf 75' lang='lat' dir='ltr'><strong>ad</strong></span> <span class='ocrx_word' id='word_1_245' title='bbox 976 1937 1080 1978; x_wconf 79' lang='lat' dir='ltr'><strong>nos</strong></span> <span class='ocrx_word' id='word_1_246' title='bbox 1106 1926 1363 1989; x_wconf 66' lang='lat' dir='ltr'><strong>veniens,</strong></span> <span class='ocrx_word' id='word_1_247' title='bbox 1400 1928 1510 1979; x_wconf 90' lang='lat' dir='ltr'><strong>etc.</strong></span> <span class='ocrx_word' id='word_1_248' title='bbox 1548 1924 1716 1995; x_wconf 76' lang='grc'><strong>(140).</strong></span> 
     </span>
    </p>
   </div>
   <div class='ocr_carea' id='block_1_36' title="bbox 298 2008 1877 2081">
    <p class='ocr_par' dir='ltr' id='par_1_36' title="bbox 298 2008 1877 2081">
     <span class='ocr_line' id='line_1_36' title="bbox 298 2008 1877 2081; baseline 0.003 -20"><span class='ocrx_word' id='word_1_249' title='bbox 298 2008 451 2077; x_wconf 87' lang='lat' dir='ltr'><strong>(F01.</strong></span> <span class='ocrx_word' id='word_1_250' title='bbox 485 2009 598 2079; x_wconf 85' lang='lat'><strong>98.)</strong></span> <span class='ocrx_word' id='word_1_251' title='bbox 628 2010 802 2064; x_wconf 80' lang='lat' dir='ltr'><strong>Juxta</strong></span> <span class='ocrx_word' id='word_1_252' title='bbox 852 2011 956 2066; x_wconf 86' lang='lat' dir='ltr'><strong>hec</strong></span> <span class='ocrx_word' id='word_1_253' title='bbox 991 2011 1189 2081; x_wconf 82' lang='lat' dir='ltr'><strong>itaque</strong></span> <span class='ocrx_word' id='word_1_254' title='bbox 1242 2012 1507 2067; x_wconf 86' lang='lat' dir='ltr'><strong>mandata</strong></span> <span class='ocrx_word' id='word_1_255' title='bbox 1554 2011 1877 2081; x_wconf 85' lang='lat' dir='ltr'><strong>apostolica</strong></span> 
     </span>
    </p>
   </div>
   <div class='ocr_carea' id='block_1_37' title="bbox 224 2100 1876 2170">
    <p class='ocr_par' dir='ltr' id='par_1_37' title="bbox 224 2100 1876 2170">
     <span class='ocr_line' id='line_1_37' title="bbox 224 2100 1876 2170; baseline 0.003 -19"><span class='ocrx_word' id='word_1_256' title='bbox 224 2102 581 2166; x_wconf 83' lang='lat' dir='ltr'><strong>congregata</strong></span> <span class='ocrx_word' id='word_1_257' title='bbox 615 2101 701 2155; x_wconf 91' lang='lat' dir='ltr'><strong>est</strong></span> <span class='ocrx_word' id='word_1_258' title='bbox 731 2100 990 2169; x_wconf 76' lang='lat' dir='ltr'><strong>synodus</strong></span> <span class='ocrx_word' id='word_1_259' title='bbox 1024 2100 1439 2156; x_wconf 85' lang='lat' dir='ltr'><strong>venerabilium</strong></span> <span class='ocrx_word' id='word_1_260' title='bbox 1468 2102 1701 2156; x_wconf 83' lang='lat' dir='ltr'><strong>Patrum</strong></span> <span class='ocrx_word' id='word_1_261' title='bbox 1729 2100 1876 2170; x_wconf 91' lang='lat' dir='ltr'><strong>apud</strong></span> 
     </span>
    </p>
   </div>
   <div class='ocr_carea' id='block_1_38' title="bbox 225 2184 1876 2259">
    <p class='ocr_par' dir='ltr' id='par_1_38' title="bbox 225 2184 1876 2259">
     <span class='ocr_line' id='line_1_38' title="bbox 225 2184 1876 2259; baseline 0.002 -21"><span class='ocrx_word' id='word_1_262' title='bbox 225 2184 497 2254; x_wconf 65' lang='lat' dir='ltr'><strong>Eduam,</strong></span> <span class='ocrx_word' id='word_1_263' title='bbox 530 2188 640 2242; x_wconf 89' lang='lat' dir='ltr'><strong>sub</strong></span> <span class='ocrx_word' id='word_1_264' title='bbox 683 2188 866 2243; x_wconf 87' lang='lat' dir='ltr'><strong>tutela</strong></span> <span class='ocrx_word' id='word_1_265' title='bbox 910 2192 967 2243; x_wconf 90' lang='lat' dir='ltr'><strong>et</strong></span> <span class='ocrx_word' id='word_1_266' title='bbox 1006 2190 1367 2259; x_wconf 77' lang='lat' dir='ltr'><strong>protectione</strong></span> <span class='ocrx_word' id='word_1_267' title='bbox 1401 2189 1610 2244; x_wconf 81' lang='lat' dir='ltr'><strong>Christi</strong></span> <span class='ocrx_word' id='word_1_268' title='bbox 1642 2188 1876 2256; x_wconf 89' lang='lat' dir='ltr'><strong>domini,</strong></span> 
     </span>
    </p>
   </div>
   <div class='ocr_carea' id='block_1_39' title="bbox 226 2276 1881 2347">
    <p class='ocr_par' dir='ltr' id='par_1_39' title="bbox 226 2276 1881 2347">
     <span class='ocr_line' id='line_1_39' title="bbox 226 2276 1881 2347; baseline 0.003 -19"><span class='ocrx_word' id='word_1_269' title='bbox 226 2290 476 2331; x_wconf 87' lang='lat' dir='ltr'><strong>assensu</strong></span> <span class='ocrx_word' id='word_1_270' title='bbox 492 2280 550 2330; x_wconf 90' lang='lat' dir='ltr'><strong>et</strong></span> <span class='ocrx_word' id='word_1_271' title='bbox 566 2276 734 2332; x_wconf 86' lang='lat' dir='ltr'><strong>laude</strong></span> <span class='ocrx_word' id='word_1_272' title='bbox 754 2277 1007 2345; x_wconf 88' lang='lat' dir='ltr'><strong>llugonis</strong></span> <span class='ocrx_word' id='word_1_273' title='bbox 1022 2278 1209 2347; x_wconf 90' lang='lat' dir='ltr'><strong>ducis,</strong></span> <span class='ocrx_word' id='word_1_274' title='bbox 1229 2293 1376 2332; x_wconf 92' lang='lat' dir='ltr'><strong>anno</strong></span> <span class='ocrx_word' id='word_1_275' title='bbox 1392 2278 1462 2333; x_wconf 88' lang='lat' dir='ltr'><strong>ab</strong></span> <span class='ocrx_word' id='word_1_276' title='bbox 1483 2278 1881 2333; x_wconf 87' lang='lat' dir='ltr'><strong>incarnatione</strong></span> 
     </span>
    </p>
   </div>
   <div class='ocr_carea' id='block_1_40' title="bbox 228 2363 1881 2434">
    <p class='ocr_par' dir='ltr' id='par_1_40' title="bbox 228 2363 1881 2434">
     <span class='ocr_line' id='line_1_40' title="bbox 228 2363 1881 2434; baseline 0.003 -17"><span class='ocrx_word' id='word_1_277' title='bbox 228 2363 455 2418; x_wconf 87' lang='lat' dir='ltr'><strong>Domini</strong></span> <span class='ocrx_word' id='word_1_278' title='bbox 476 2364 671 2429; x_wconf 86' lang='grc'>1076(1</span> <span class='ocrx_word' id='word_1_279' title='bbox 688 2365 903 2434; x_wconf 68' lang='grc' dir='ltr'>41),111)ἱ</span> <span class='ocrx_word' id='word_1_280' title='bbox 922 2371 1316 2423; x_wconf 80' lang='lat' dir='ltr'><strong>convenerunt</strong></span> <span class='ocrx_word' id='word_1_281' title='bbox 1333 2382 1399 2422; x_wconf 79' lang='lat' dir='ltr'><strong>ex</strong></span> <span class='ocrx_word' id='word_1_282' title='bbox 1420 2367 1652 2422; x_wconf 79' lang='lat' dir='ltr'><strong>Francia</strong></span> <span class='ocrx_word' id='word_1_283' title='bbox 1670 2372 1730 2422; x_wconf 90' lang='lat' dir='ltr'><strong>et</strong></span> <span class='ocrx_word' id='word_1_284' title='bbox 1747 2369 1881 2422; x_wconf 80' lang='lat' dir='ltr'><strong>Dur-</strong></span> 
     </span>
    </p>
   </div>
   <div class='ocr_carea' id='block_1_41' title="bbox 220 2450 1881 2527">
    <p class='ocr_par' dir='ltr' id='par_1_41' title="bbox 220 2450 1881 2527">
     <span class='ocr_line' id='line_1_41' title="bbox 220 2450 1881 2527; baseline 0.001 -21"><span class='ocrx_word' id='word_1_285' title='bbox 220 2450 446 2521; x_wconf 84' lang='lat' dir='ltr'><strong>gundia</strong></span> <span class='ocrx_word' id='word_1_286' title='bbox 476 2451 640 2509; x_wconf 88' lang='lat' dir='ltr'><strong>multi</strong></span> <span class='ocrx_word' id='word_1_287' title='bbox 668 2452 933 2510; x_wconf 87' lang='lat' dir='ltr'><strong>illustres</strong></span> <span class='ocrx_word' id='word_1_288' title='bbox 952 2456 1081 2519; x_wconf 88' lang='lat' dir='ltr'><strong>viri,</strong></span> <span class='ocrx_word' id='word_1_289' title='bbox 1100 2456 1360 2527; x_wconf 82' lang='lat' dir='ltr'><strong>episcopi</strong></span> <span class='ocrx_word' id='word_1_290' title='bbox 1392 2461 1449 2511; x_wconf 91' lang='lat' dir='ltr'><strong>et</strong></span> <span class='ocrx_word' id='word_1_291' title='bbox 1471 2455 1691 2524; x_wconf 86' lang='lat' dir='ltr'><strong>clerici,</strong></span> <span class='ocrx_word' id='word_1_292' title='bbox 1709 2454 1881 2510; x_wconf 83' lang='lat' dir='ltr'><strong>abba-</strong></span> 
     </span>
    </p>
   </div>
   <div class='ocr_carea' id='block_1_42' title="bbox 225 2540 1882 2616">
    <p class='ocr_par' dir='ltr' id='par_1_42' title="bbox 225 2540 1882 2616">
     <span class='ocr_line' id='line_1_42' title="bbox 225 2540 1882 2616; baseline 0.001 -21"><span class='ocrx_word' id='word_1_293' title='bbox 225 2545 317 2596; x_wconf 87' lang='lat' dir='ltr'><strong>tes</strong></span> <span class='ocrx_word' id='word_1_294' title='bbox 337 2545 398 2595; x_wconf 89' lang='lat' dir='ltr'><strong>et</strong></span> <span class='ocrx_word' id='word_1_295' title='bbox 416 2540 680 2597; x_wconf 88' lang='lat' dir='ltr'><strong>monachi</strong></span> <span class='ocrx_word' id='word_1_296' title='bbox 698 2543 1095 2615; x_wconf 89' lang='lat' dir='ltr'><strong>quamplures,</strong></span> <span class='ocrx_word' id='word_1_297' title='bbox 1114 2559 1261 2599; x_wconf 90' lang='lat' dir='ltr'><strong>anno</strong></span> <span class='ocrx_word' id='word_1_298' title='bbox 1276 2550 1525 2616; x_wconf 89' lang='lat' dir='ltr'><strong>papatus</strong></span> <span class='ocrx_word' id='word_1_299' title='bbox 1539 2544 1730 2599; x_wconf 88' lang='lat' dir='ltr'><strong>domui</strong></span> <span class='ocrx_word' id='word_1_300' title='bbox 1748 2545 1882 2598; x_wconf 86' lang='lat' dir='ltr'><strong>Grc-</strong></span> 
     </span>
    </p>
   </div>
   <div class='ocr_carea' id='block_1_43' title="bbox 223 2629 1880 2702">
    <p class='ocr_par' dir='ltr' id='par_1_43' title="bbox 223 2629 1880 2702">
     <span class='ocr_line' id='line_1_43' title="bbox 223 2629 1880 2702; baseline 0.002 -18"><span class='ocrx_word' id='word_1_301' title='bbox 223 2629 369 2697; x_wconf 83' lang='lat' dir='ltr'><strong>gorii</strong></span> <span class='ocrx_word' id='word_1_302' title='bbox 396 2630 515 2697; x_wconf 82' lang='lat' dir='ltr'>VII,</span> <span class='ocrx_word' id='word_1_303' title='bbox 555 2636 783 2699; x_wconf 86' lang='lat' dir='ltr'><strong>quarto.</strong></span> <span class='ocrx_word' id='word_1_304' title='bbox 811 2632 935 2686; x_wconf 78' lang='lat' dir='ltr'><strong>Dux</strong></span> <span class='ocrx_word' id='word_1_305' title='bbox 969 2633 1290 2702; x_wconf 84' lang='lat' dir='ltr'><strong>Hugojusti</strong></span> <span class='ocrx_word' id='word_1_306' title='bbox 1323 2637 1497 2687; x_wconf 78' lang='lat' dir='ltr'><strong>tenax</strong></span> <span class='ocrx_word' id='word_1_307' title='bbox 1533 2632 1880 2702; x_wconf 64' lang='lat' dir='ltr'><strong>Burgundiaa</strong></span> 
     </span>
    </p>
   </div>
   <div class='ocr_carea' id='block_1_44' title="bbox 234 2720 1879 2791">
    <p class='ocr_par' dir='ltr' id='par_1_44' title="bbox 234 2720 1879 2791">
     <span class='ocr_line' id='line_1_44' title="bbox 234 2720 1879 2791; baseline 0.003 -19"><span class='ocrx_word' id='word_1_308' title='bbox 234 2723 510 2789; x_wconf 64' lang='lat' dir='ltr'><strong>praeerat,</strong></span> <span class='ocrx_word' id='word_1_309' title='bbox 531 2720 987 2788; x_wconf 82' lang='lat' dir='ltr'><strong>Lirguoncnsem</strong></span> <span class='ocrx_word' id='word_1_310' title='bbox 1004 2721 1322 2778; x_wconf 64' lang='lat' dir='ltr'><strong>{ecclesiam</strong></span> <span class='ocrx_word' id='word_1_311' title='bbox 1340 2722 1662 2777; x_wconf 80' lang='lat' dir='ltr'><strong>Rainardus</strong></span> <span class='ocrx_word' id='word_1_312' title='bbox 1676 2736 1879 2791; x_wconf 86' lang='lat' dir='ltr'><strong>cogno-</strong></span> 
     </span>
    </p>
   </div>
   <div class='ocr_carea' id='block_1_45' title="bbox 232 2809 1879 2878">
    <p class='ocr_par' dir='ltr' id='par_1_45' title="bbox 232 2809 1879 2878">
     <span class='ocr_line' id='line_1_45' title="bbox 232 2809 1879 2878; baseline 0.002 -18"><span class='ocrx_word' id='word_1_313' title='bbox 232 2811 429 2862; x_wconf 90' lang='lat' dir='ltr'><strong>mento</strong></span> <span class='ocrx_word' id='word_1_314' title='bbox 447 2809 607 2876; x_wconf 88' lang='lat' dir='ltr'><strong>llugo</strong></span> <span class='ocrx_word' id='word_1_315' title='bbox 635 2810 893 2877; x_wconf 88' lang='lat' dir='ltr'><strong>regebat,</strong></span> <span class='ocrx_word' id='word_1_316' title='bbox 912 2810 1273 2878; x_wconf 85' lang='lat' dir='ltr'><strong>viradprime</strong></span> <span class='ocrx_word' id='word_1_317' title='bbox 1303 2811 1617 2867; x_wconf 64' lang='lat' dir='ltr'><strong>rhetoricis</strong></span> <span class='ocrx_word' id='word_1_318' title='bbox 1638 2810 1879 2864; x_wconf 91' lang='lat' dir='ltr'><strong>inbutus</strong></span> 
     </span>
    </p>
   </div>
   <div class='ocr_carea' id='block_1_46' title="bbox 231 2894 1876 2969">
    <p class='ocr_par' dir='ltr' id='par_1_46' title="bbox 231 2894 1876 2969">
     <span class='ocr_line' id='line_1_46' title="bbox 231 2894 1876 2969; baseline 0.001 -20"><span class='ocrx_word' id='word_1_319' title='bbox 231 2894 469 2963; x_wconf 87' lang='lat' dir='ltr'><strong>studiis,</strong></span> <span class='ocrx_word' id='word_1_320' title='bbox 506 2895 702 2952; x_wconf 89' lang='lat' dir='ltr'><strong>clarus</strong></span> <span class='ocrx_word' id='word_1_321' title='bbox 728 2896 979 2967; x_wconf 86' lang='lat' dir='ltr'><strong>ingenio,</strong></span> <span class='ocrx_word' id='word_1_322' title='bbox 1007 2913 1271 2954; x_wconf 81' lang='lat' dir='ltr'><strong>sermone</strong></span> <span class='ocrx_word' id='word_1_323' title='bbox 1306 2900 1606 2969; x_wconf 81' lang='lat' dir='ltr'><strong>facundus,</strong></span> <span class='ocrx_word' id='word_1_324' title='bbox 1632 2897 1876 2954; x_wconf 90' lang='lat' dir='ltr'><strong>scicntia</strong></span> 
     </span>
    </p>
   </div>
   <div class='ocr_carea' id='block_1_47' title="bbox 234 2982 1879 3056">
    <p class='ocr_par' dir='ltr' id='par_1_47' title="bbox 234 2982 1879 3056">
     <span class='ocr_line' id='line_1_47' title="bbox 234 2982 1879 3056; baseline 0.004 -22"><span class='ocrx_word' id='word_1_325' title='bbox 234 2982 802 3052; x_wconf 73' lang='lat' dir='ltr'><strong>praeditus,aﬂ&#39;abilis</strong></span> <span class='ocrx_word' id='word_1_326' title='bbox 818 2984 1077 3055; x_wconf 88' lang='lat' dir='ltr'><strong>alloquio</strong></span> <span class='ocrx_word' id='word_1_327' title='bbox 1091 2988 1147 3039; x_wconf 91' lang='lat' dir='ltr'><strong>ct</strong></span> <span class='ocrx_word' id='word_1_328' title='bbox 1166 2987 1695 3056; x_wconf 91' lang='lat' dir='ltr'><strong>prudenseonsilio.</strong></span> <span class='ocrx_word' id='word_1_329' title='bbox 1716 2986 1879 3041; x_wconf 83' lang='lat' dir='ltr'><strong>Obie-</strong></span> 
     </span>
    </p>
   </div>
   <div class='ocr_carea' id='block_1_48' title="bbox 231 3071 1875 3151">
    <p class='ocr_par' dir='ltr' id='par_1_48' title="bbox 231 3071 1875 3151">
     <span class='ocr_line' id='line_1_48' title="bbox 231 3071 1875 3151; baseline 0.005 -25"><span class='ocrx_word' id='word_1_330' title='bbox 231 3073 324 3126; x_wconf 87' lang='lat' dir='ltr'><strong>rat</strong></span> <span class='ocrx_word' id='word_1_331' title='bbox 340 3084 493 3125; x_wconf 88' lang='lat' dir='ltr'><strong>anno</strong></span> <span class='ocrx_word' id='word_1_332' title='bbox 511 3071 636 3142; x_wconf 87' lang='lat' dir='ltr'><strong>ipso</strong></span> <span class='ocrx_word' id='word_1_333' title='bbox 651 3072 1259 3130; x_wconf 86' lang='lat' dir='ltr'><strong>Divionensiseenobii</strong></span> <span class='ocrx_word' id='word_1_334' title='bbox 1276 3076 1455 3131; x_wconf 87' lang='lat' dir='ltr'><strong>abbas</strong></span> <span class='ocrx_word' id='word_1_335' title='bbox 1471 3076 1780 3149; x_wconf 82' lang='lat' dir='ltr'><strong>Adalbero,</strong></span> <span class='ocrx_word' id='word_1_336' title='bbox 1796 3084 1875 3151; x_wconf 90' lang='lat' dir='ltr'><strong>et,</strong></span> 
     </span>
    </p>
   </div>
   <div class='ocr_carea' id='block_1_49' title="bbox 235 3158 1882 3231">
    <p class='ocr_par' dir='ltr' id='par_1_49' title="bbox 235 3158 1882 3231">
     <span class='ocr_line' id='line_1_49' title="bbox 235 3158 1882 3231; baseline 0.007 -18"><span class='ocrx_word' id='word_1_337' title='bbox 235 3161 295 3213; x_wconf 89' lang='lat' dir='ltr'><strong>ut</strong></span> <span class='ocrx_word' id='word_1_338' title='bbox 324 3158 382 3213; x_wconf 90' lang='lat' dir='ltr'><strong>in</strong></span> <span class='ocrx_word' id='word_1_339' title='bbox 422 3159 645 3215; x_wconf 88' lang='lat' dir='ltr'><strong>talibus</strong></span> <span class='ocrx_word' id='word_1_340' title='bbox 667 3161 907 3231; x_wconf 90' lang='lat' dir='ltr'><strong>assolet,</strong></span> <span class='ocrx_word' id='word_1_341' title='bbox 934 3161 1003 3216; x_wconf 84' lang='lat' dir='ltr'><strong>de.</strong></span> <span class='ocrx_word' id='word_1_342' title='bbox 1039 3163 1250 3218; x_wconf 89' lang='lat' dir='ltr'><strong>abbate</strong></span> <span class='ocrx_word' id='word_1_343' title='bbox 1282 3164 1692 3222; x_wconf 91' lang='lat' dir='ltr'><strong>substituendo</strong></span> <span class='ocrx_word' id='word_1_344' title='bbox 1731 3168 1882 3225; x_wconf 82' lang='lat' dir='ltr'><strong>inter</strong></span> 
     </span>
    </p>
   </div>
   <div class='ocr_carea' id='block_1_50' title="bbox 235 3246 1884 3319">
    <p class='ocr_par' dir='ltr' id='par_1_50' title="bbox 235 3246 1884 3319">
     <span class='ocr_line' id='line_1_50' title="bbox 235 3246 1884 3319; baseline 0.006 -17"><span class='ocrx_word' id='word_1_345' title='bbox 235 3246 677 3304; x_wconf 88' lang='lat' dir='ltr'><strong>monachosloci</strong></span> <span class='ocrx_word' id='word_1_346' title='bbox 694 3249 925 3305; x_wconf 87' lang='lat' dir='ltr'><strong>diversa</strong></span> <span class='ocrx_word' id='word_1_347' title='bbox 947 3251 1243 3306; x_wconf 89' lang='lat' dir='ltr'><strong>ferebatur</strong></span> <span class='ocrx_word' id='word_1_348' title='bbox 1255 3251 1485 3307; x_wconf 90' lang='lat' dir='ltr'><strong>electio.</strong></span> <span class='ocrx_word' id='word_1_349' title='bbox 1506 3253 1666 3319; x_wconf 84' lang='lat' dir='ltr'><strong>Quod</strong></span> <span class='ocrx_word' id='word_1_350' title='bbox 1684 3256 1884 3313; x_wconf 79' lang='lat' dir='ltr'><strong>videli-</strong></span> 
     </span>
    </p>
   </div>
   <div class='ocr_carea' id='block_1_51' title="bbox 238 3336 1883 3411">
    <p class='ocr_par' dir='ltr' id='par_1_51' title="bbox 238 3336 1883 3411">
     <span class='ocr_line' id='line_1_51' title="bbox 238 3336 1883 3411; baseline 0.005 -18"><span class='ocrx_word' id='word_1_351' title='bbox 238 3340 332 3393; x_wconf 89' lang='lat' dir='ltr'><strong>cet</strong></span> <span class='ocrx_word' id='word_1_352' title='bbox 371 3336 680 3392; x_wconf 78' lang='lat' dir='ltr'><strong>cendbium</strong></span> <span class='ocrx_word' id='word_1_353' title='bbox 714 3338 966 3407; x_wconf 65' lang='lat' dir='ltr'><strong>antiqua:</strong></span> <span class='ocrx_word' id='word_1_354' title='bbox 1011 3339 1338 3396; x_wconf 87' lang='lat' dir='ltr'><strong>nobilitatis</strong></span> <span class='ocrx_word' id='word_1_355' title='bbox 1369 3342 1670 3411; x_wconf 78' lang='lat' dir='ltr'><strong>religionis</strong></span> <span class='ocrx_word' id='word_1_356' title='bbox 1709 3348 1883 3401; x_wconf 89' lang='lat' dir='ltr'><strong>stem-</strong></span> 
     </span>
    </p>
   </div>
   <div class='ocr_carea' id='block_1_52' title="bbox 238 3425 1884 3499">
    <p class='ocr_par' dir='ltr' id='par_1_52' title="bbox 238 3425 1884 3499">
     <span class='ocr_line' id='line_1_52' title="bbox 238 3425 1884 3499; baseline 0.007 -20"><span class='ocrx_word' id='word_1_357' title='bbox 238 3429 391 3479; x_wconf 88' lang='lat' dir='ltr'><strong>mate</strong></span> <span class='ocrx_word' id='word_1_358' title='bbox 418 3426 527 3481; x_wconf 90' lang='lat' dir='ltr'><strong>sub</strong></span> <span class='ocrx_word' id='word_1_359' title='bbox 555 3425 825 3482; x_wconf 81' lang='lat' dir='ltr'><strong>Willelmi</strong></span> <span class='ocrx_word' id='word_1_360' title='bbox 860 3428 1091 3483; x_wconf 88' lang='lat' dir='ltr'><strong>abbatis</strong></span> <span class='ocrx_word' id='word_1_361' title='bbox 1124 3429 1400 3499; x_wconf 90' lang='lat' dir='ltr'><strong>regimine</strong></span> <span class='ocrx_word' id='word_1_362' title='bbox 1427 3430 1613 3487; x_wconf 84' lang='lat' dir='ltr'><strong>fuerat</strong></span> <span class='ocrx_word' id='word_1_363' title='bbox 1647 3433 1884 3489; x_wconf 81' lang='lat' dir='ltr'><strong>decora-</strong></span> 
     </span>
    </p>
   </div>
   <div class='ocr_carea' id='block_1_53' title="bbox 239 3513 1881 3591">
    <p class='ocr_par' dir='ltr' id='par_1_53' title="bbox 239 3513 1881 3591">
     <span class='ocr_line' id='line_1_53' title="bbox 239 3513 1881 3591; baseline 0.008 -24"><span class='ocrx_word' id='word_1_364' title='bbox 239 3518 382 3568; x_wconf 89' lang='lat' dir='ltr'><strong>tum.</strong></span> <span class='ocrx_word' id='word_1_365' title='bbox 406 3513 926 3572; x_wconf 83' lang='lat' dir='ltr'><strong>SedtuncRoberti</strong></span> <span class='ocrx_word' id='word_1_366' title='bbox 950 3516 1117 3573; x_wconf 87' lang='lat' dir='ltr'><strong>ducis</strong></span> <span class='ocrx_word' id='word_1_367' title='bbox 1139 3517 1411 3574; x_wconf 89' lang='lat' dir='ltr'><strong>violentia</strong></span> <span class='ocrx_word' id='word_1_368' title='bbox 1433 3524 1491 3574; x_wconf 88' lang='lat' dir='ltr'><strong>et</strong></span> <span class='ocrx_word' id='word_1_369' title='bbox 1508 3521 1881 3591; x_wconf 65' lang='lat' dir='ltr'><strong>prmlatorum</strong></span> 
     </span>
    </p>
   </div>
   <div class='ocr_carea' id='block_1_54' title="bbox 236 3600 1884 3679">
    <p class='ocr_par' dir='ltr' id='par_1_54' title="bbox 236 3600 1884 3679">
     <span class='ocr_line' id='line_1_54' title="bbox 236 3600 1884 3679; baseline 0.008 -25"><span class='ocrx_word' id='word_1_370' title='bbox 236 3600 485 3671; x_wconf 86' lang='lat' dir='ltr'><strong>incuria,</strong></span> <span class='ocrx_word' id='word_1_371' title='bbox 516 3603 880 3659; x_wconf 83' lang='lat' dir='ltr'><strong>subditorum</strong></span> <span class='ocrx_word' id='word_1_372' title='bbox 913 3620 1143 3675; x_wconf 88' lang='lat' dir='ltr'><strong>quoque</strong></span> <span class='ocrx_word' id='word_1_373' title='bbox 1183 3606 1430 3674; x_wconf 86' lang='lat' dir='ltr'><strong>segnitia</strong></span> <span class='ocrx_word' id='word_1_374' title='bbox 1458 3622 1487 3662; x_wconf 91' lang='lat' dir='ltr'><strong>a</strong></span> <span class='ocrx_word' id='word_1_375' title='bbox 1529 3609 1775 3679; x_wconf 90' lang='lat' dir='ltr'><strong>pristino</strong></span> <span class='ocrx_word' id='word_1_376' title='bbox 1810 3611 1884 3667; x_wconf 90' lang='lat' dir='ltr'><strong>ri-</strong></span> 
     </span>
    </p>
   </div>
   <div class='ocr_carea' id='block_1_55' title="bbox 234 3691 1880 3772">
    <p class='ocr_par' dir='ltr' id='par_1_55' title="bbox 234 3691 1880 3772">
     <span class='ocr_line' id='line_1_55' title="bbox 234 3691 1880 3772; baseline 0.005 -25"><span class='ocrx_word' id='word_1_377' title='bbox 234 3705 380 3761; x_wconf 79' lang='lat' dir='ltr'><strong>gore</strong></span> <span class='ocrx_word' id='word_1_378' title='bbox 404 3691 715 3748; x_wconf 79' lang='lat' dir='ltr'><strong>videbatur</strong></span> <span class='ocrx_word' id='word_1_379' title='bbox 736 3692 1155 3764; x_wconf 89' lang='lat' dir='ltr'><strong>aliquantulum</strong></span> <span class='ocrx_word' id='word_1_380' title='bbox 1192 3695 1572 3753; x_wconf 90' lang='lat' dir='ltr'><strong>imminutum.</strong></span> <span class='ocrx_word' id='word_1_381' title='bbox 1605 3699 1724 3769; x_wconf 86' lang='lat' dir='ltr'><strong>(fol.</strong></span> <span class='ocrx_word' id='word_1_382' title='bbox 1750 3700 1880 3772; x_wconf 81' lang='lat'><strong>98’.)</strong></span> 
     </span>
    </p>
   </div>
   <div class='ocr_carea' id='block_1_56' title="bbox 233 3779 1883 3859">
    <p class='ocr_par' dir='ltr' id='par_1_56' title="bbox 233 3779 1883 3859">
     <span class='ocr_line' id='line_1_56' title="bbox 233 3779 1883 3859; baseline 0.006 -24"><span class='ocrx_word' id='word_1_383' title='bbox 233 3781 298 3836; x_wconf 85' lang='lat' dir='ltr'><strong>Et</strong></span> <span class='ocrx_word' id='word_1_384' title='bbox 315 3779 449 3850; x_wconf 88' lang='lat' dir='ltr'><strong>quia</strong></span> <span class='ocrx_word' id='word_1_385' title='bbox 468 3779 619 3850; x_wconf 88' lang='lat' dir='ltr'><strong>quod</strong></span> <span class='ocrx_word' id='word_1_386' title='bbox 636 3781 792 3837; x_wconf 90' lang='lat' dir='ltr'><strong>intus</strong></span> <span class='ocrx_word' id='word_1_387' title='bbox 807 3782 1125 3848; x_wconf 86' lang='lat' dir='ltr'><strong>ceciderat,</strong></span> <span class='ocrx_word' id='word_1_388' title='bbox 1146 3784 1287 3840; x_wconf 85' lang='lat' dir='ltr'><strong>foris</strong></span> <span class='ocrx_word' id='word_1_389' title='bbox 1301 3784 1396 3840; x_wconf 87' lang='lat' dir='ltr'><strong>diu</strong></span> <span class='ocrx_word' id='word_1_390' title='bbox 1420 3790 1578 3840; x_wconf 90' lang='lat' dir='ltr'><strong>stare</strong></span> <span class='ocrx_word' id='word_1_391' title='bbox 1594 3803 1703 3843; x_wconf 93' lang='lat' dir='ltr'><strong>non</strong></span> <span class='ocrx_word' id='word_1_392' title='bbox 1725 3794 1883 3859; x_wconf 90' lang='lat' dir='ltr'><strong>pote-</strong></span> 
     </span>
    </p>
   </div>
   <div class='ocr_carea' id='block_1_57' title="bbox 239 3868 1884 3941">
    <p class='ocr_par' dir='ltr' id='par_1_57' title="bbox 239 3868 1884 3941">
     <span class='ocr_line' id='line_1_57' title="bbox 239 3868 1884 3941; baseline 0.007 -18"><span class='ocrx_word' id='word_1_393' title='bbox 239 3873 351 3937; x_wconf 85' lang='lat' dir='ltr'><strong>rat,</strong></span> <span class='ocrx_word' id='word_1_394' title='bbox 378 3868 535 3925; x_wconf 89' lang='lat' dir='ltr'><strong>intus</strong></span> <span class='ocrx_word' id='word_1_395' title='bbox 559 3884 758 3939; x_wconf 88' lang='lat' dir='ltr'><strong>parum</strong></span> <span class='ocrx_word' id='word_1_396' title='bbox 781 3874 906 3925; x_wconf 91' lang='lat' dir='ltr'><strong>erat</strong></span> <span class='ocrx_word' id='word_1_397' title='bbox 938 3870 1259 3941; x_wconf 88' lang='lat' dir='ltr'><strong>religionis,</strong></span> <span class='ocrx_word' id='word_1_398' title='bbox 1284 3873 1426 3928; x_wconf 90' lang='lat' dir='ltr'><strong>foris</strong></span> <span class='ocrx_word' id='word_1_399' title='bbox 1447 3875 1695 3931; x_wconf 91' lang='lat' dir='ltr'><strong>cumulis</strong></span> <span class='ocrx_word' id='word_1_400' title='bbox 1717 3878 1884 3934; x_wconf 87' lang='lat' dir='ltr'><strong>deso-</strong></span> 
     </span>
    </p>
   </div>
   <div class='ocr_carea' id='block_1_58' title="bbox 236 3956 1882 4029">
    <p class='ocr_par' dir='ltr' id='par_1_58' title="bbox 236 3956 1882 4029">
     <span class='ocr_line' id='line_1_58' title="bbox 236 3956 1882 4029; baseline 0.007 -19"><span class='ocrx_word' id='word_1_401' title='bbox 236 3956 489 4013; x_wconf 90' lang='lat' dir='ltr'><strong>lationis.</strong></span> <span class='ocrx_word' id='word_1_402' title='bbox 519 3959 631 4012; x_wconf 89' lang='lat' dir='ltr'><strong>Pro</strong></span> <span class='ocrx_word' id='word_1_403' title='bbox 663 3958 845 4013; x_wconf 88' lang='lat' dir='ltr'><strong>tantis</strong></span> <span class='ocrx_word' id='word_1_404' title='bbox 878 3960 1164 4029; x_wconf 86' lang='lat' dir='ltr'><strong>angustiis</strong></span> <span class='ocrx_word' id='word_1_405' title='bbox 1197 3961 1593 4019; x_wconf 80' lang='lat' dir='ltr'><strong>anxietatibus</strong></span> <span class='ocrx_word' id='word_1_406' title='bbox 1616 3968 1672 4018; x_wconf 89' lang='lat' dir='ltr'><strong>ct</strong></span> <span class='ocrx_word' id='word_1_407' title='bbox 1698 3967 1882 4023; x_wconf 90' lang='lat' dir='ltr'><strong>tribu-</strong></span> 
     </span>
    </p>
   </div>
   <div class='ocr_carea' id='block_1_59' title="bbox 237 4042 1881 4124">
    <p class='ocr_par' dir='ltr' id='par_1_59' title="bbox 237 4042 1881 4124">
     <span class='ocr_line' id='line_1_59' title="bbox 237 4042 1881 4124; baseline 0.008 -26"><span class='ocrx_word' id='word_1_408' title='bbox 237 4042 580 4115; x_wconf 89' lang='lat' dir='ltr'><strong>lationibus,</strong></span> <span class='ocrx_word' id='word_1_409' title='bbox 609 4047 679 4101; x_wconf 90' lang='lat' dir='ltr'><strong>ab</strong></span> <span class='ocrx_word' id='word_1_410' title='bbox 710 4046 804 4102; x_wconf 89' lang='lat' dir='ltr'><strong>his</strong></span> <span class='ocrx_word' id='word_1_411' title='bbox 838 4062 1081 4117; x_wconf 91' lang='lat' dir='ltr'><strong>quorum</strong></span> <span class='ocrx_word' id='word_1_412' title='bbox 1117 4052 1243 4103; x_wconf 89' lang='lat' dir='ltr'><strong>erat</strong></span> <span class='ocrx_word' id='word_1_413' title='bbox 1268 4065 1428 4105; x_wconf 92' lang='lat' dir='ltr'><strong>mens</strong></span> <span class='ocrx_word' id='word_1_414' title='bbox 1462 4051 1657 4106; x_wconf 87' lang='lat' dir='ltr'><strong>sanior</strong></span> <span class='ocrx_word' id='word_1_415' title='bbox 1680 4060 1881 4124; x_wconf 91' lang='lat' dir='ltr'><strong>pastor</strong></span> 
     </span>
    </p>
   </div>
   <div class='ocr_carea' id='block_1_60' title="bbox 239 4134 1876 4215">
    <p class='ocr_par' dir='ltr' id='par_1_60' title="bbox 239 4134 1876 4215">
     <span class='ocr_line' id='line_1_60' title="bbox 239 4134 1876 4215; baseline 0.006 -26"><span class='ocrx_word' id='word_1_416' title='bbox 239 4135 599 4203; x_wconf 79' lang='lat' dir='ltr'><strong>querebatur</strong></span> <span class='ocrx_word' id='word_1_417' title='bbox 630 4134 893 4191; x_wconf 90' lang='lat' dir='ltr'><strong>idoneus.</strong></span> <span class='ocrx_word' id='word_1_418' title='bbox 926 4137 1191 4191; x_wconf 84' lang='lat' dir='ltr'><strong>Pontifex</strong></span> <span class='ocrx_word' id='word_1_419' title='bbox 1216 4137 1631 4207; x_wconf 87' lang='lat' dir='ltr'><strong>Linguoncnsis</strong></span> <span class='ocrx_word' id='word_1_420' title='bbox 1659 4147 1715 4197; x_wconf 84' lang='lat' dir='ltr'><strong>et</strong></span> <span class='ocrx_word' id='word_1_421' title='bbox 1741 4144 1876 4215; x_wconf 81' lang='lat' dir='ltr'><strong>dux,</strong></span> 
     </span>
    </p>
   </div>
   <div class='ocr_carea' id='block_1_61' title="bbox 238 4223 1877 4299">
    <p class='ocr_par' dir='ltr' id='par_1_61' title="bbox 238 4223 1877 4299">
     <span class='ocr_line' id='line_1_61' title="bbox 238 4223 1877 4299; baseline 0.007 -22"><span class='ocrx_word' id='word_1_422' title='bbox 238 4236 483 4292; x_wconf 89' lang='lat' dir='ltr'><strong>quorum</strong></span> <span class='ocrx_word' id='word_1_423' title='bbox 515 4228 644 4279; x_wconf 89' lang='lat' dir='ltr'><strong>erat</strong></span> <span class='ocrx_word' id='word_1_424' title='bbox 675 4223 831 4280; x_wconf 88' lang='lat' dir='ltr'><strong>istud</strong></span> <span class='ocrx_word' id='word_1_425' title='bbox 861 4225 1221 4296; x_wconf 89' lang='lat' dir='ltr'><strong>prospicere,</strong></span> <span class='ocrx_word' id='word_1_426' title='bbox 1255 4226 1502 4283; x_wconf 88' lang='lat' dir='ltr'><strong>concilio</strong></span> <span class='ocrx_word' id='word_1_427' title='bbox 1525 4229 1877 4299; x_wconf 85' lang='lat' dir='ltr'><strong>intererant;</strong></span> 
     </span>
    </p>
   </div>
   <div class='ocr_carea' id='block_1_62' title="bbox 236 4308 1879 4385">
    <p class='ocr_par' dir='ltr' id='par_1_62' title="bbox 236 4308 1879 4385">
     <span class='ocr_line' id='line_1_62' title="bbox 236 4308 1879 4385; baseline 0.009 -23"><span class='ocrx_word' id='word_1_428' title='bbox 236 4308 303 4364; x_wconf 92' lang='lat' dir='ltr'><strong>de</strong></span> <span class='ocrx_word' id='word_1_429' title='bbox 324 4309 527 4366; x_wconf 89' lang='lat' dir='ltr'><strong>multis</strong></span> <span class='ocrx_word' id='word_1_430' title='bbox 546 4311 718 4381; x_wconf 89' lang='lat' dir='ltr'><strong>enim,</strong></span> <span class='ocrx_word' id='word_1_431' title='bbox 739 4318 801 4368; x_wconf 88' lang='lat' dir='ltr'><strong>ut</strong></span> <span class='ocrx_word' id='word_1_432' title='bbox 818 4313 1224 4385; x_wconf 79' lang='lat' dir='ltr'><strong>praescriptum</strong></span> <span class='ocrx_word' id='word_1_433' title='bbox 1241 4319 1349 4383; x_wconf 90' lang='lat' dir='ltr'><strong>est,</strong></span> <span class='ocrx_word' id='word_1_434' title='bbox 1370 4316 1632 4385; x_wconf 88' lang='lat' dir='ltr'><strong>partibus</strong></span> <span class='ocrx_word' id='word_1_435' title='bbox 1652 4319 1879 4376; x_wconf 83' lang='lat' dir='ltr'><strong>honesti</strong></span> 
     </span>
    </p>
   </div>
   <div class='ocr_carea' id='block_1_63' title="bbox 235 4398 1880 4471">
    <p class='ocr_par' dir='ltr' id='par_1_63' title="bbox 235 4398 1880 4471">
     <span class='ocr_line' id='line_1_63' title="bbox 235 4398 1880 4471; baseline 0.007 -18"><span class='ocrx_word' id='word_1_436' title='bbox 235 4398 619 4471; x_wconf 89' lang='lat' dir='ltr'><strong>quamplures</strong></span> <span class='ocrx_word' id='word_1_437' title='bbox 661 4399 760 4455; x_wconf 91' lang='lat' dir='ltr'><strong>illo</strong></span> <span class='ocrx_word' id='word_1_438' title='bbox 816 4407 1233 4458; x_wconf 75' lang='lat' dir='ltr'><strong>convenerant.</strong></span> <span class='ocrx_word' id='word_1_439' title='bbox 1280 4404 1498 4459; x_wconf 84' lang='lat' dir='ltr'><strong>Aderat</strong></span> <span class='ocrx_word' id='word_1_440' title='bbox 1543 4405 1695 4462; x_wconf 89' lang='lat' dir='ltr'><strong>inter</strong></span> <span class='ocrx_word' id='word_1_441' title='bbox 1732 4408 1880 4465; x_wconf 90' lang='lat' dir='ltr'><strong>alios</strong></span> 
     </span>
    </p>
   </div>
   <div class='ocr_carea' id='block_1_64' title="bbox 1995 1823 3633 1901">
    <p class='ocr_par' dir='ltr' id='par_1_64' title="bbox 1995 1823 3633 1901">
     <span class='ocr_line' id='line_1_64' title="bbox 1995 1823 3633 1901; baseline -0.007 -12"><span class='ocrx_word' id='word_1_442' title='bbox 1995 1834 2219 1889; x_wconf 82' lang='lat' dir='ltr'><strong>decum</strong></span> <span class='ocrx_word' id='word_1_443' title='bbox 2251 1848 2279 1887; x_wconf 89' lang='lat' dir='ltr'><strong>a</strong></span> <span class='ocrx_word' id='word_1_444' title='bbox 2315 1835 2491 1887; x_wconf 81' lang='lat' dir='ltr'><strong>Roma</strong></span> <span class='ocrx_word' id='word_1_445' title='bbox 2526 1832 2754 1887; x_wconf 83' lang='lat' dir='ltr'><strong>litteras</strong></span> <span class='ocrx_word' id='word_1_446' title='bbox 2795 1832 3141 1901; x_wconf 80' lang='lat' dir='ltr'><strong>accepisset,</strong></span> <span class='ocrx_word' id='word_1_447' title='bbox 3182 1832 3246 1884; x_wconf 89' lang='lat' dir='ltr'><strong>ut</strong></span> <span class='ocrx_word' id='word_1_448' title='bbox 3286 1828 3339 1882; x_wconf 93' lang='lat' dir='ltr'><strong>in</strong></span> <span class='ocrx_word' id='word_1_449' title='bbox 3382 1823 3633 1882; x_wconf 90' lang='lat' dir='ltr'><strong>concilio</strong></span> 
     </span>
    </p>
   </div>
   <div class='ocr_carea' id='block_1_65' title="bbox 1993 1912 3627 1994">
    <p class='ocr_par' dir='ltr' id='par_1_65' title="bbox 1993 1912 3627 1994">
     <span class='ocr_line' id='line_1_65' title="bbox 1993 1912 3627 1994; baseline -0.006 -17"><span class='ocrx_word' id='word_1_450' title='bbox 1993 1936 2121 1977; x_wconf 91' lang='lat' dir='ltr'><strong>cum</strong></span> <span class='ocrx_word' id='word_1_451' title='bbox 2156 1938 2254 1977; x_wconf 79' lang='lat' dir='ltr'><strong>sex</strong></span> <span class='ocrx_word' id='word_1_452' title='bbox 2290 1938 2351 1977; x_wconf 88' lang='lat' dir='ltr'><strong>se</strong></span> <span class='ocrx_word' id='word_1_453' title='bbox 2384 1926 2660 1994; x_wconf 82' lang='lat' dir='ltr'><strong>purgaret</strong></span> <span class='ocrx_word' id='word_1_454' title='bbox 2704 1919 3019 1992; x_wconf 87' lang='lat' dir='ltr'><strong>episcopis,</strong></span> <span class='ocrx_word' id='word_1_455' title='bbox 3051 1919 3286 1972; x_wconf 77' lang='lat' dir='ltr'><strong>Romam</strong></span> <span class='ocrx_word' id='word_1_456' title='bbox 3331 1914 3433 1969; x_wconf 92' lang='lat' dir='ltr'><strong>ivit</strong></span> <span class='ocrx_word' id='word_1_457' title='bbox 3457 1912 3627 1983; x_wconf 78' lang='grc'><strong>(142).</strong></span> 
     </span>
    </p>
   </div>
   <div class='ocr_carea' id='block_1_66' title="bbox 1995 2004 3635 2080">
    <p class='ocr_par' dir='ltr' id='par_1_66' title="bbox 1995 2004 3635 2080">
     <span class='ocr_line' id='line_1_66' title="bbox 1995 2004 3635 2080; baseline -0.005 -15"><span class='ocrx_word' id='word_1_458' title='bbox 1995 2009 2204 2074; x_wconf 87' lang='lat' dir='ltr'><strong>Quinta</strong></span> <span class='ocrx_word' id='word_1_459' title='bbox 2250 2016 2439 2066; x_wconf 89' lang='lat' dir='ltr'><strong>autem</strong></span> <span class='ocrx_word' id='word_1_460' title='bbox 2476 2012 2586 2079; x_wconf 90' lang='lat' dir='ltr'><strong>die,</strong></span> <span class='ocrx_word' id='word_1_461' title='bbox 2628 2010 2758 2080; x_wconf 89' lang='lat' dir='ltr'><strong>quia</strong></span> <span class='ocrx_word' id='word_1_462' title='bbox 2796 2006 3198 2075; x_wconf 84' lang='lat' dir='ltr'><strong>Lugdunensis</strong></span> <span class='ocrx_word' id='word_1_463' title='bbox 3242 2004 3430 2072; x_wconf 88' lang='lat' dir='ltr'><strong>sedes,</strong></span> <span class='ocrx_word' id='word_1_464' title='bbox 3464 2004 3635 2058; x_wconf 84' lang='lat' dir='ltr'><strong>llum-</strong></span> 
     </span>
    </p>
   </div>
   <div class='ocr_carea' id='block_1_67' title="bbox 1997 2092 3635 2169">
    <p class='ocr_par' dir='ltr' id='par_1_67' title="bbox 1997 2092 3635 2169">
     <span class='ocr_line' id='line_1_67' title="bbox 1997 2092 3635 2169; baseline -0.004 -18"><span class='ocrx_word' id='word_1_465' title='bbox 1997 2098 2163 2153; x_wconf 88' lang='lat' dir='ltr'><strong>berto</strong></span> <span class='ocrx_word' id='word_1_466' title='bbox 2180 2099 2518 2169; x_wconf 81' lang='lat' dir='ltr'><strong>Symoniaco</strong></span> <span class='ocrx_word' id='word_1_467' title='bbox 2554 2098 2797 2168; x_wconf 75' lang='lat' dir='ltr'><strong>expulso</strong></span> <span class='ocrx_word' id='word_1_468' title='bbox 2821 2101 2875 2152; x_wconf 87' lang='lat' dir='ltr'><strong>et</strong></span> <span class='ocrx_word' id='word_1_469' title='bbox 2904 2098 2956 2151; x_wconf 93' lang='lat' dir='ltr'><strong>in</strong></span> <span class='ocrx_word' id='word_1_470' title='bbox 2986 2095 3129 2151; x_wconf 87' lang='lat' dir='ltr'><strong>locis</strong></span> <span class='ocrx_word' id='word_1_471' title='bbox 3148 2092 3495 2149; x_wconf 83' lang='lat' dir='ltr'><strong>Jurensibus</strong></span> <span class='ocrx_word' id='word_1_472' title='bbox 3517 2105 3635 2146; x_wconf 86' lang='lat' dir='ltr'><strong>mo-</strong></span> 
     </span>
    </p>
   </div>
   <div class='ocr_carea' id='block_1_68' title="bbox 1996 2179 3632 2258">
    <p class='ocr_par' dir='ltr' id='par_1_68' title="bbox 1996 2179 3632 2258">
     <span class='ocr_line' id='line_1_68' title="bbox 1996 2179 3632 2258; baseline -0.004 -19"><span class='ocrx_word' id='word_1_473' title='bbox 1996 2187 2180 2241; x_wconf 90' lang='lat' dir='ltr'><strong>nacho</strong></span> <span class='ocrx_word' id='word_1_474' title='bbox 2219 2189 2393 2258; x_wconf 88' lang='lat' dir='ltr'><strong>facto,</strong></span> <span class='ocrx_word' id='word_1_475' title='bbox 2430 2188 2671 2243; x_wconf 83' lang='lat' dir='ltr'><strong>vacabat</strong></span> <span class='ocrx_word' id='word_1_476' title='bbox 2707 2185 2987 2253; x_wconf 84' lang='lat' dir='ltr'><strong>antistite,</strong></span> <span class='ocrx_word' id='word_1_477' title='bbox 3015 2200 3043 2239; x_wconf 90' lang='lat' dir='ltr'><strong>a</strong></span> <span class='ocrx_word' id='word_1_478' title='bbox 3070 2184 3255 2239; x_wconf 89' lang='lat' dir='ltr'><strong>latere</strong></span> <span class='ocrx_word' id='word_1_479' title='bbox 3282 2180 3471 2237; x_wconf 93' lang='lat' dir='ltr'><strong>domni</strong></span> <span class='ocrx_word' id='word_1_480' title='bbox 3508 2179 3632 2234; x_wconf 80' lang='lat' dir='ltr'><strong>Lin-</strong></span> 
     </span>
    </p>
   </div>
   <div class='ocr_carea' id='block_1_69' title="bbox 1993 2270 3633 2343">
    <p class='ocr_par' dir='ltr' id='par_1_69' title="bbox 1993 2270 3633 2343">
     <span class='ocr_line' id='line_1_69' title="bbox 1993 2270 3633 2343; baseline -0.005 -12"><span class='ocrx_word' id='word_1_481' title='bbox 1993 2278 2308 2343; x_wconf 83' lang='lat' dir='ltr'><strong>gnonensis</strong></span> <span class='ocrx_word' id='word_1_482' title='bbox 2330 2278 2571 2333; x_wconf 66' lang='lat' dir='ltr'><strong>{electus</strong></span> <span class='ocrx_word' id='word_1_483' title='bbox 2605 2282 2690 2331; x_wconf 86' lang='lat' dir='ltr'><strong>est</strong></span> <span class='ocrx_word' id='word_1_484' title='bbox 2717 2275 3009 2330; x_wconf 90' lang='lat' dir='ltr'><strong>Gcbuinus</strong></span> <span class='ocrx_word' id='word_1_485' title='bbox 3042 2273 3509 2333; x_wconf 83' lang='lat' dir='ltr'><strong>archidiaconus,</strong></span> <span class='ocrx_word' id='word_1_486' title='bbox 3543 2270 3633 2323; x_wconf 92' lang='lat' dir='ltr'><strong>vir</strong></span> 
     </span>
    </p>
   </div>
   <div class='ocr_carea' id='block_1_70' title="bbox 1996 2357 3636 2435">
    <p class='ocr_par' dir='ltr' id='par_1_70' title="bbox 1996 2357 3636 2435">
     <span class='ocr_line' id='line_1_70' title="bbox 1996 2357 3636 2435; baseline -0.004 -18"><span class='ocrx_word' id='word_1_487' title='bbox 1996 2379 2215 2420; x_wconf 89' lang='lat' dir='ltr'><strong>morum</strong></span> <span class='ocrx_word' id='word_1_488' title='bbox 2236 2365 2589 2435; x_wconf 88' lang='lat' dir='ltr'><strong>prohibitate</strong></span> <span class='ocrx_word' id='word_1_489' title='bbox 2604 2366 2975 2429; x_wconf 48' lang='lat' dir='ltr'><strong>venustugut</strong></span> <span class='ocrx_word' id='word_1_490' title='bbox 3000 2360 3400 2432; x_wconf 82' lang='lat' dir='ltr'><strong>praeﬁceretur</strong></span> <span class='ocrx_word' id='word_1_491' title='bbox 3418 2357 3636 2425; x_wconf 88' lang='lat' dir='ltr'><strong>Lugdu-</strong></span> 
     </span>
    </p>
   </div>
   <div class='ocr_carea' id='block_1_71' title="bbox 1994 2444 3633 2522">
    <p class='ocr_par' dir='ltr' id='par_1_71' title="bbox 1994 2444 3633 2522">
     <span class='ocr_line' id='line_1_71' title="bbox 1994 2444 3633 2522; baseline -0.004 -17"><span class='ocrx_word' id='word_1_492' title='bbox 1994 2452 2157 2505; x_wconf 78' lang='lat' dir='ltr'><strong>nensi</strong></span> <span class='ocrx_word' id='word_1_493' title='bbox 2192 2452 2471 2507; x_wconf 63' lang='lat' dir='ltr'><strong>{ecclesiae</strong></span> <span class='ocrx_word' id='word_1_494' title='bbox 2497 2452 2791 2522; x_wconf 70' lang='lat' dir='ltr'><strong>(143).lloc</strong></span> <span class='ocrx_word' id='word_1_495' title='bbox 2820 2450 2996 2505; x_wconf 86' lang='lat' dir='ltr'><strong>totius</strong></span> <span class='ocrx_word' id='word_1_496' title='bbox 3017 2447 3252 2504; x_wconf 89' lang='lat' dir='ltr'><strong>concilii</strong></span> <span class='ocrx_word' id='word_1_497' title='bbox 3289 2444 3633 2501; x_wconf 88' lang='lat' dir='ltr'><strong>acclamavit</strong></span> 
     </span>
    </p>
   </div>
   <div class='ocr_carea' id='block_1_72' title="bbox 1994 2533 3631 2609">
    <p class='ocr_par' dir='ltr' id='par_1_72' title="bbox 1994 2533 3631 2609">
     <span class='ocr_line' id='line_1_72' title="bbox 1994 2533 3631 2609; baseline -0.004 -14"><span class='ocrx_word' id='word_1_498' title='bbox 1994 2554 2289 2609; x_wconf 77' lang='lat' dir='ltr'><strong>assensus,</strong></span> <span class='ocrx_word' id='word_1_499' title='bbox 2324 2542 2431 2596; x_wconf 88' lang='lat' dir='ltr'><strong>hoc</strong></span> <span class='ocrx_word' id='word_1_500' title='bbox 2456 2540 2628 2596; x_wconf 83' lang='lat' dir='ltr'><strong>etiam</strong></span> <span class='ocrx_word' id='word_1_501' title='bbox 2664 2538 3065 2608; x_wconf 81' lang='lat' dir='ltr'><strong>Lugdunensis</strong></span> <span class='ocrx_word' id='word_1_502' title='bbox 3089 2535 3356 2592; x_wconf 57' lang='lat' dir='ltr'><strong>ecclesiae</strong></span> <span class='ocrx_word' id='word_1_503' title='bbox 3388 2533 3631 2590; x_wconf 89' lang='lat' dir='ltr'><strong>clerico-</strong></span> 
     </span>
    </p>
   </div>
   <div class='ocr_carea' id='block_1_73' title="bbox 1993 2622 3633 2699">
    <p class='ocr_par' dir='ltr' id='par_1_73' title="bbox 1993 2622 3633 2699">
     <span class='ocr_line' id='line_1_73' title="bbox 1993 2622 3633 2699; baseline -0.004 -15"><span class='ocrx_word' id='word_1_504' title='bbox 1993 2644 2118 2685; x_wconf 88' lang='lat' dir='ltr'><strong>rum</strong></span> <span class='ocrx_word' id='word_1_505' title='bbox 2143 2634 2198 2684; x_wconf 88' lang='lat' dir='ltr'><strong>ct</strong></span> <span class='ocrx_word' id='word_1_506' title='bbox 2232 2629 2512 2684; x_wconf 86' lang='lat' dir='ltr'><strong>laicorum</strong></span> <span class='ocrx_word' id='word_1_507' title='bbox 2538 2629 2631 2699; x_wconf 90' lang='lat' dir='ltr'><strong>qui</strong></span> <span class='ocrx_word' id='word_1_508' title='bbox 2649 2629 2888 2685; x_wconf 84' lang='lat' dir='ltr'><strong>aderant</strong></span> <span class='ocrx_word' id='word_1_509' title='bbox 2913 2626 3158 2697; x_wconf 70' lang='lat' dir='ltr'><strong>expetiit</strong></span> <span class='ocrx_word' id='word_1_510' title='bbox 3186 2626 3347 2680; x_wconf 74' lang='lat' dir='ltr'><strong>bonae</strong></span> <span class='ocrx_word' id='word_1_511' title='bbox 3369 2622 3633 2679; x_wconf 88' lang='lat' dir='ltr'><strong>volunta-</strong></span> 
     </span>
    </p>
   </div>
   <div class='ocr_carea' id='block_1_74' title="bbox 1990 2713 3626 2790">
    <p class='ocr_par' dir='ltr' id='par_1_74' title="bbox 1990 2713 3626 2790">
     <span class='ocr_line' id='line_1_74' title="bbox 1990 2713 3626 2790; baseline -0.004 -18"><span class='ocrx_word' id='word_1_512' title='bbox 1990 2719 2069 2773; x_wconf 88' lang='lat' dir='ltr'><strong>tis</strong></span> <span class='ocrx_word' id='word_1_513' title='bbox 2103 2719 2365 2773; x_wconf 75' lang='lat' dir='ltr'><strong>affectus.</strong></span> <span class='ocrx_word' id='word_1_514' title='bbox 2395 2720 2615 2790; x_wconf 83' lang='lat' dir='ltr'><strong>Raptus</strong></span> <span class='ocrx_word' id='word_1_515' title='bbox 2640 2719 2815 2787; x_wconf 87' lang='lat' dir='ltr'><strong>igitur</strong></span> <span class='ocrx_word' id='word_1_516' title='bbox 2838 2719 2908 2771; x_wconf 90' lang='lat' dir='ltr'><strong>ab</strong></span> <span class='ocrx_word' id='word_1_517' title='bbox 2933 2715 3100 2771; x_wconf 88' lang='lat' dir='ltr'><strong>altari</strong></span> <span class='ocrx_word' id='word_1_518' title='bbox 3120 2730 3233 2785; x_wconf 88' lang='lat' dir='ltr'><strong>quo</strong></span> <span class='ocrx_word' id='word_1_519' title='bbox 3263 2713 3626 2781; x_wconf 86' lang='lat' dir='ltr'><strong>confugerat,</strong></span> 
     </span>
    </p>
   </div>
   <div class='ocr_carea' id='block_1_75' title="bbox 1992 2801 3632 2876">
    <p class='ocr_par' dir='ltr' id='par_1_75' title="bbox 1992 2801 3632 2876">
     <span class='ocr_line' id='line_1_75' title="bbox 1992 2801 3632 2876; baseline -0.004 -14"><span class='ocrx_word' id='word_1_520' title='bbox 1992 2807 2328 2875; x_wconf 82' lang='lat' dir='ltr'><strong>diligentius</strong></span> <span class='ocrx_word' id='word_1_521' title='bbox 2344 2812 2632 2876; x_wconf 81' lang='lat' dir='ltr'><strong>servatur,</strong></span> <span class='ocrx_word' id='word_1_522' title='bbox 2652 2808 2790 2863; x_wconf 88' lang='lat' dir='ltr'><strong>utin</strong></span> <span class='ocrx_word' id='word_1_523' title='bbox 2809 2807 2900 2863; x_wconf 85' lang='lat' dir='ltr'><strong>die</strong></span> <span class='ocrx_word' id='word_1_524' title='bbox 2928 2805 3220 2861; x_wconf 89' lang='lat' dir='ltr'><strong>Dominico</strong></span> <span class='ocrx_word' id='word_1_525' title='bbox 3244 2817 3403 2857; x_wconf 89' lang='lat' dir='ltr'><strong>more</strong></span> <span class='ocrx_word' id='word_1_526' title='bbox 3427 2801 3632 2857; x_wconf 89' lang='lat' dir='ltr'><strong>solem-</strong></span> 
     </span>
    </p>
   </div>
   <div class='ocr_carea' id='block_1_76' title="bbox 1991 2889 3630 2967">
    <p class='ocr_par' dir='ltr' id='par_1_76' title="bbox 1991 2889 3630 2967">
     <span class='ocr_line' id='line_1_76' title="bbox 1991 2889 3630 2967; baseline -0.004 -17"><span class='ocrx_word' id='word_1_527' title='bbox 1991 2897 2087 2967; x_wconf 90' lang='lat' dir='ltr'><strong>pni</strong></span> <span class='ocrx_word' id='word_1_528' title='bbox 2125 2897 2588 2952; x_wconf 85' lang='lat' dir='ltr'><strong>benediceretur.</strong></span> <span class='ocrx_word' id='word_1_529' title='bbox 2624 2895 2815 2951; x_wconf 90' lang='lat' dir='ltr'><strong>Doluit</strong></span> <span class='ocrx_word' id='word_1_530' title='bbox 2852 2909 3028 2964; x_wconf 89' lang='lat' dir='ltr'><strong>super</strong></span> <span class='ocrx_word' id='word_1_531' title='bbox 3056 2895 3163 2949; x_wconf 89' lang='lat' dir='ltr'><strong>hoc</strong></span> <span class='ocrx_word' id='word_1_532' title='bbox 3207 2889 3630 2960; x_wconf 85' lang='lat' dir='ltr'><strong>Linguonensis</strong></span> 
     </span>
    </p>
   </div>
   <div class='ocr_carea' id='block_1_77' title="bbox 1992 2978 3630 3056">
    <p class='ocr_par' dir='ltr' id='par_1_77' title="bbox 1992 2978 3630 3056">
     <span class='ocr_line' id='line_1_77' title="bbox 1992 2978 3630 3056; baseline -0.004 -17"><span class='ocrx_word' id='word_1_533' title='bbox 1992 2986 2322 3056; x_wconf 86' lang='lat' dir='ltr'><strong>episcopus,</strong></span> <span class='ocrx_word' id='word_1_534' title='bbox 2348 2985 2659 3054; x_wconf 87' lang='lat' dir='ltr'><strong>clerusque</strong></span> <span class='ocrx_word' id='word_1_535' title='bbox 2694 2984 2787 3055; x_wconf 90' lang='lat' dir='ltr'><strong>qui</strong></span> <span class='ocrx_word' id='word_1_536' title='bbox 2814 2984 3013 3040; x_wconf 88' lang='lat' dir='ltr'><strong>aderat</strong></span> <span class='ocrx_word' id='word_1_537' title='bbox 3046 2981 3463 3050; x_wconf 86' lang='lat' dir='ltr'><strong>Linguonicus;</strong></span> <span class='ocrx_word' id='word_1_538' title='bbox 3496 2978 3630 3049; x_wconf 89' lang='lat' dir='ltr'><strong>quia</strong></span> 
     </span>
    </p>
   </div>
   <div class='ocr_carea' id='block_1_78' title="bbox 1994 3069 3632 3131">
    <p class='ocr_par' dir='ltr' id='par_1_78' title="bbox 1994 3069 3632 3131">
     <span class='ocr_line' id='line_1_78' title="bbox 1994 3069 3632 3131; baseline -0.003 -3"><span class='ocrx_word' id='word_1_539' title='bbox 1994 3075 2256 3131; x_wconf 89' lang='lat' dir='ltr'><strong>amisisse</strong></span> <span class='ocrx_word' id='word_1_540' title='bbox 2281 3074 2631 3130; x_wconf 85' lang='lat' dir='ltr'><strong>videbantur</strong></span> <span class='ocrx_word' id='word_1_541' title='bbox 2656 3074 2838 3129; x_wconf 90' lang='lat' dir='ltr'><strong>virum</strong></span> <span class='ocrx_word' id='word_1_542' title='bbox 2856 3074 2907 3128; x_wconf 91' lang='lat' dir='ltr'><strong>in</strong></span> <span class='ocrx_word' id='word_1_543' title='bbox 2935 3069 3438 3128; x_wconf 77' lang='lat' dir='ltr'><strong>zecclesiasticiset</strong></span> <span class='ocrx_word' id='word_1_544' title='bbox 3465 3082 3632 3124; x_wconf 90' lang='lat' dir='ltr'><strong>secu-</strong></span> 
     </span>
    </p>
   </div>
   <div class='ocr_carea' id='block_1_79' title="bbox 1995 3155 3633 3232">
    <p class='ocr_par' dir='ltr' id='par_1_79' title="bbox 1995 3155 3633 3232">
     <span class='ocr_line' id='line_1_79' title="bbox 1995 3155 3633 3232; baseline -0.003 -16"><span class='ocrx_word' id='word_1_545' title='bbox 1995 3161 2480 3232; x_wconf 80' lang='lat' dir='ltr'><strong>laribusnegotiis</strong></span> <span class='ocrx_word' id='word_1_546' title='bbox 2508 3160 3030 3232; x_wconf 85' lang='lat' dir='ltr'><strong>pernecessarium,</strong></span> <span class='ocrx_word' id='word_1_547' title='bbox 3048 3159 3138 3214; x_wconf 90' lang='lat' dir='ltr'><strong>cui</strong></span> <span class='ocrx_word' id='word_1_548' title='bbox 3162 3155 3633 3228; x_wconf 81' lang='lat' dir='ltr'><strong>plurimuminni-</strong></span> 
     </span>
    </p>
   </div>
   <div class='ocr_carea' id='block_1_80' title="bbox 1995 3244 3627 3320">
    <p class='ocr_par' dir='ltr' id='par_1_80' title="bbox 1995 3244 3627 3320">
     <span class='ocr_line' id='line_1_80' title="bbox 1995 3244 3627 3320; baseline -0.003 -16"><span class='ocrx_word' id='word_1_549' title='bbox 1995 3252 2286 3305; x_wconf 87' lang='lat' dir='ltr'><strong>tebantur.</strong></span> <span class='ocrx_word' id='word_1_550' title='bbox 2316 3249 2422 3305; x_wconf 86' lang='lat' dir='ltr'><strong>Sed</strong></span> <span class='ocrx_word' id='word_1_551' title='bbox 2458 3250 2758 3320; x_wconf 73' lang='lat' dir='ltr'><strong>przevaluit</strong></span> <span class='ocrx_word' id='word_1_552' title='bbox 2783 3262 3027 3303; x_wconf 77' lang='lat' dir='ltr'><strong>concors</strong></span> <span class='ocrx_word' id='word_1_553' title='bbox 3054 3246 3341 3303; x_wconf 89' lang='lat' dir='ltr'><strong>sententia</strong></span> <span class='ocrx_word' id='word_1_554' title='bbox 3371 3244 3627 3314; x_wconf 89' lang='lat' dir='ltr'><strong>concilii,</strong></span> 
     </span>
    </p>
   </div>
   <div class='ocr_carea' id='block_1_81' title="bbox 1994 3333 3624 3409">
    <p class='ocr_par' dir='ltr' id='par_1_81' title="bbox 1994 3333 3624 3409">
     <span class='ocr_line' id='line_1_81' title="bbox 1994 3333 3624 3409; baseline -0.006 -14"><span class='ocrx_word' id='word_1_555' title='bbox 1994 3340 2122 3408; x_wconf 86' lang='lat' dir='ltr'><strong>quia</strong></span> <span class='ocrx_word' id='word_1_556' title='bbox 2141 3339 2222 3395; x_wconf 86' lang='lat' dir='ltr'><strong>sic</strong></span> <span class='ocrx_word' id='word_1_557' title='bbox 2237 3346 2362 3394; x_wconf 88' lang='lat' dir='ltr'><strong>erat</strong></span> <span class='ocrx_word' id='word_1_558' title='bbox 2382 3339 2729 3409; x_wconf 65' lang='lat' dir='ltr'><strong>praefinitum</strong></span> <span class='ocrx_word' id='word_1_559' title='bbox 2745 3344 2797 3393; x_wconf 89' lang='lat' dir='ltr'><strong>et</strong></span> <span class='ocrx_word' id='word_1_560' title='bbox 2818 3338 3093 3409; x_wconf 89' lang='lat' dir='ltr'><strong>placitum</strong></span> <span class='ocrx_word' id='word_1_561' title='bbox 3112 3336 3164 3390; x_wconf 88' lang='lat' dir='ltr'><strong>in</strong></span> <span class='ocrx_word' id='word_1_562' title='bbox 3182 3334 3371 3391; x_wconf 90' lang='lat' dir='ltr'><strong>oculis</strong></span> <span class='ocrx_word' id='word_1_563' title='bbox 3385 3333 3624 3389; x_wconf 91' lang='lat' dir='ltr'><strong>Domini.</strong></span> 
     </span>
    </p>
   </div>
   <div class='ocr_carea' id='block_1_82' title="bbox 1995 3421 3628 3495">
    <p class='ocr_par' dir='ltr' id='par_1_82' title="bbox 1995 3421 3628 3495">
     <span class='ocr_line' id='line_1_82' title="bbox 1995 3421 3628 3495; baseline -0.004 -13"><span class='ocrx_word' id='word_1_564' title='bbox 1995 3430 2163 3482; x_wconf 75' lang='lat' dir='ltr'><strong>Sexta</strong></span> <span class='ocrx_word' id='word_1_565' title='bbox 2192 3427 2305 3495; x_wconf 88' lang='lat' dir='ltr'><strong>jam</strong></span> <span class='ocrx_word' id='word_1_566' title='bbox 2332 3427 2612 3483; x_wconf 87' lang='lat' dir='ltr'><strong>sessionis</strong></span> <span class='ocrx_word' id='word_1_567' title='bbox 2633 3427 2725 3482; x_wconf 91' lang='lat' dir='ltr'><strong>die</strong></span> <span class='ocrx_word' id='word_1_568' title='bbox 2755 3425 3009 3494; x_wconf 86' lang='lat' dir='ltr'><strong>assurgit</strong></span> <span class='ocrx_word' id='word_1_569' title='bbox 3041 3421 3459 3493; x_wconf 75' lang='lat' dir='ltr'><strong>Linguonensis</strong></span> <span class='ocrx_word' id='word_1_570' title='bbox 3481 3422 3628 3477; x_wconf 90' lang='lat' dir='ltr'><strong>idem</strong></span> 
     </span>
    </p>
   </div>
   <div class='ocr_carea' id='block_1_83' title="bbox 1992 3511 3634 3584">
    <p class='ocr_par' dir='ltr' id='par_1_83' title="bbox 1992 3511 3634 3584">
     <span class='ocr_line' id='line_1_83' title="bbox 1992 3511 3634 3584; baseline -0.004 -12"><span class='ocrx_word' id='word_1_571' title='bbox 1992 3532 2023 3572; x_wconf 92' lang='lat' dir='ltr'><strong>e</strong></span> <span class='ocrx_word' id='word_1_572' title='bbox 2058 3516 2243 3571; x_wconf 89' lang='lat' dir='ltr'><strong>medio</strong></span> <span class='ocrx_word' id='word_1_573' title='bbox 2272 3516 2842 3584; x_wconf 88' lang='lat' dir='ltr'><strong>circumscdentium,</strong></span> <span class='ocrx_word' id='word_1_574' title='bbox 2868 3519 2928 3570; x_wconf 85' lang='lat' dir='ltr'><strong>et</strong></span> <span class='ocrx_word' id='word_1_575' title='bbox 2952 3518 3013 3570; x_wconf 91' lang='lat' dir='ltr'><strong>ut</strong></span> <span class='ocrx_word' id='word_1_576' title='bbox 3036 3513 3122 3569; x_wconf 83' lang='lat' dir='ltr'><strong>vir</strong></span> <span class='ocrx_word' id='word_1_577' title='bbox 3144 3511 3356 3568; x_wconf 90' lang='lat' dir='ltr'><strong>nobilis</strong></span> <span class='ocrx_word' id='word_1_578' title='bbox 3379 3515 3438 3567; x_wconf 91' lang='lat' dir='ltr'><strong>et</strong></span> <span class='ocrx_word' id='word_1_579' title='bbox 3462 3512 3634 3567; x_wconf 88' lang='lat' dir='ltr'><strong>urba-</strong></span> 
     </span>
    </p>
   </div>
   <div class='ocr_carea' id='block_1_84' title="bbox 1994 3600 3634 3676">
    <p class='ocr_par' dir='ltr' id='par_1_84' title="bbox 1994 3600 3634 3676">
     <span class='ocr_line' id='line_1_84' title="bbox 1994 3600 3634 3676; baseline -0.004 -15"><span class='ocrx_word' id='word_1_580' title='bbox 1994 3621 2079 3661; x_wconf 65' lang='lat' dir='ltr'><strong>na}</strong></span> <span class='ocrx_word' id='word_1_581' title='bbox 2102 3605 2473 3675; x_wconf 62' lang='lat' dir='ltr'><strong>eloquentiae,</strong></span> <span class='ocrx_word' id='word_1_582' title='bbox 2497 3606 2722 3661; x_wconf 88' lang='lat' dir='ltr'><strong>ratione</strong></span> <span class='ocrx_word' id='word_1_583' title='bbox 2745 3604 3066 3676; x_wconf 88' lang='lat' dir='ltr'><strong>composita</strong></span> <span class='ocrx_word' id='word_1_584' title='bbox 3093 3606 3350 3657; x_wconf 88' lang='lat' dir='ltr'><strong>attentos</strong></span> <span class='ocrx_word' id='word_1_585' title='bbox 3375 3601 3485 3657; x_wconf 90' lang='lat' dir='ltr'><strong>sibi</strong></span> <span class='ocrx_word' id='word_1_586' title='bbox 3506 3600 3634 3655; x_wconf 89' lang='lat' dir='ltr'><strong>red-</strong></span> 
     </span>
    </p>
   </div>
   <div class='ocr_carea' id='block_1_85' title="bbox 1993 3689 3632 3764">
    <p class='ocr_par' dir='ltr' id='par_1_85' title="bbox 1993 3689 3632 3764">
     <span class='ocr_line' id='line_1_85' title="bbox 1993 3689 3632 3764; baseline -0.002 -16"><span class='ocrx_word' id='word_1_587' title='bbox 1993 3693 2135 3749; x_wconf 90' lang='lat' dir='ltr'><strong>dens</strong></span> <span class='ocrx_word' id='word_1_588' title='bbox 2160 3694 2458 3750; x_wconf 88' lang='lat' dir='ltr'><strong>auditores</strong></span> <span class='ocrx_word' id='word_1_589' title='bbox 2478 3702 2534 3748; x_wconf 90' lang='lat' dir='ltr'><strong>et</strong></span> <span class='ocrx_word' id='word_1_590' title='bbox 2552 3692 2872 3762; x_wconf 86' lang='lat' dir='ltr'><strong>benivolos,</strong></span> <span class='ocrx_word' id='word_1_591' title='bbox 2892 3691 3163 3764; x_wconf 90' lang='lat' dir='ltr'><strong>replicuit</strong></span> <span class='ocrx_word' id='word_1_592' title='bbox 3179 3690 3367 3761; x_wconf 88' lang='lat' dir='ltr'><strong>aliqua</strong></span> <span class='ocrx_word' id='word_1_593' title='bbox 3384 3689 3453 3745; x_wconf 92' lang='lat' dir='ltr'><strong>de</strong></span> <span class='ocrx_word' id='word_1_594' title='bbox 3477 3690 3632 3745; x_wconf 89' lang='lat' dir='ltr'><strong>dam-</strong></span> 
     </span>
    </p>
   </div>
   <div class='ocr_carea' id='block_1_86' title="bbox 1990 3778 3634 3854">
    <p class='ocr_par' dir='ltr' id='par_1_86' title="bbox 1990 3778 3634 3854">
     <span class='ocr_line' id='line_1_86' title="bbox 1990 3778 3634 3854; baseline -0.002 -17"><span class='ocrx_word' id='word_1_595' title='bbox 1990 3798 2105 3854; x_wconf 90' lang='lat' dir='ltr'><strong>pno</strong></span> <span class='ocrx_word' id='word_1_596' title='bbox 2130 3783 2392 3839; x_wconf 74' lang='lat' dir='ltr'><strong>ecclesia:</strong></span> <span class='ocrx_word' id='word_1_597' title='bbox 2416 3783 2526 3839; x_wconf 89' lang='lat' dir='ltr'><strong>sibi</strong></span> <span class='ocrx_word' id='word_1_598' title='bbox 2550 3782 3068 3849; x_wconf 69' lang='lat' dir='ltr'><strong>commisszeillato,</strong></span> <span class='ocrx_word' id='word_1_599' title='bbox 3089 3780 3240 3851; x_wconf 89' lang='lat' dir='ltr'><strong>quod</strong></span> <span class='ocrx_word' id='word_1_600' title='bbox 3266 3779 3418 3849; x_wconf 91' lang='lat' dir='ltr'><strong>quasi</strong></span> <span class='ocrx_word' id='word_1_601' title='bbox 3452 3778 3634 3834; x_wconf 87' lang='lat' dir='ltr'><strong>eruis-</strong></span> 
     </span>
    </p>
   </div>
   <div class='ocr_carea' id='block_1_87' title="bbox 1992 3869 3627 3940">
    <p class='ocr_par' dir='ltr' id='par_1_87' title="bbox 1992 3869 3627 3940">
     <span class='ocr_line' id='line_1_87' title="bbox 1992 3869 3627 3940; baseline -0.004 -12"><span class='ocrx_word' id='word_1_602' title='bbox 1992 3877 2119 3928; x_wconf 86' lang='lat' dir='ltr'><strong>scnt</strong></span> <span class='ocrx_word' id='word_1_603' title='bbox 2152 3872 2202 3926; x_wconf 90' lang='lat' dir='ltr'><strong>ei</strong></span> <span class='ocrx_word' id='word_1_604' title='bbox 2237 3871 2488 3940; x_wconf 88' lang='lat' dir='ltr'><strong>oculum,</strong></span> <span class='ocrx_word' id='word_1_605' title='bbox 2522 3872 2613 3927; x_wconf 92' lang='lat' dir='ltr'><strong>cui</strong></span> <span class='ocrx_word' id='word_1_606' title='bbox 2640 3886 2802 3927; x_wconf 90' lang='lat' dir='ltr'><strong>suum</strong></span> <span class='ocrx_word' id='word_1_607' title='bbox 2838 3870 3109 3926; x_wconf 87' lang='lat' dir='ltr'><strong>tulissent</strong></span> <span class='ocrx_word' id='word_1_608' title='bbox 3139 3869 3627 3939; x_wconf 90' lang='lat' dir='ltr'><strong>archidiaconum,</strong></span> 
     </span>
    </p>
   </div>
   <div class='ocr_carea' id='block_1_88' title="bbox 1992 3957 3629 4030">
    <p class='ocr_par' dir='ltr' id='par_1_88' title="bbox 1992 3957 3629 4030">
     <span class='ocr_line' id='line_1_88' title="bbox 1992 3957 3629 4030; baseline -0.002 -14"><span class='ocrx_word' id='word_1_609' title='bbox 1992 3962 2048 4016; x_wconf 91' lang='lat' dir='ltr'><strong>in</strong></span> <span class='ocrx_word' id='word_1_610' title='bbox 2080 3976 2192 4029; x_wconf 88' lang='lat' dir='ltr'><strong>quo</strong></span> <span class='ocrx_word' id='word_1_611' title='bbox 2217 3974 2353 4030; x_wconf 84' lang='lat' dir='ltr'><strong>Spes</strong></span> <span class='ocrx_word' id='word_1_612' title='bbox 2371 3960 2575 4027; x_wconf 90' lang='lat' dir='ltr'><strong>omnis,</strong></span> <span class='ocrx_word' id='word_1_613' title='bbox 2605 3960 2660 4013; x_wconf 91' lang='lat' dir='ltr'><strong>in</strong></span> <span class='ocrx_word' id='word_1_614' title='bbox 2685 3974 2798 4030; x_wconf 90' lang='lat' dir='ltr'><strong>quo</strong></span> <span class='ocrx_word' id='word_1_615' title='bbox 2832 3958 3218 4028; x_wconf 85' lang='lat' dir='ltr'><strong>refrigerium,</strong></span> <span class='ocrx_word' id='word_1_616' title='bbox 3246 3958 3300 4012; x_wconf 92' lang='lat' dir='ltr'><strong>in</strong></span> <span class='ocrx_word' id='word_1_617' title='bbox 3326 3958 3492 4026; x_wconf 83' lang='lat' dir='ltr'><strong>cujus</strong></span> <span class='ocrx_word' id='word_1_618' title='bbox 3517 3957 3629 4012; x_wconf 86' lang='lat' dir='ltr'><strong>sibi</strong></span> 
     </span>
    </p>
   </div>
   <div class='ocr_carea' id='block_1_89' title="bbox 1991 4030 3629 4104">
    <p class='ocr_par' dir='ltr' id='par_1_89' title="bbox 1991 4030 3629 4104">
     <span class='ocr_line' id='line_1_89' title="bbox 1991 4030 3629 4104; baseline -0.002 0"><span class='ocrx_word' id='word_1_619' title='bbox 1991 4053 2119 4104; x_wconf 89' lang='lat' dir='ltr'><strong>erat</strong></span> <span class='ocrx_word' id='word_1_620' title='bbox 2147 4048 2394 4103; x_wconf 88' lang='lat' dir='ltr'><strong>caritate</strong></span> <span class='ocrx_word' id='word_1_621' title='bbox 2426 4030 2837 4103; x_wconf 42' lang='lat' dir='ltr'><strong>solatium-Sic</strong></span> <span class='ocrx_word' id='word_1_622' title='bbox 2871 4047 3113 4102; x_wconf 88' lang='lat' dir='ltr'><strong>honesta</strong></span> <span class='ocrx_word' id='word_1_623' title='bbox 3138 4048 3448 4100; x_wconf 88' lang='lat' dir='ltr'><strong>verborum</strong></span> <span class='ocrx_word' id='word_1_624' title='bbox 3476 4046 3629 4101; x_wconf 89' lang='lat' dir='ltr'><strong>serie</strong></span> 
     </span>
    </p>
   </div>
   <div class='ocr_carea' id='block_1_90' title="bbox 1993 4134 3625 4206">
    <p class='ocr_par' dir='ltr' id='par_1_90' title="bbox 1993 4134 3625 4206">
     <span class='ocr_line' id='line_1_90' title="bbox 1993 4134 3625 4206; baseline -0.002 -15"><span class='ocrx_word' id='word_1_625' title='bbox 1993 4137 2197 4193; x_wconf 86' lang='lat' dir='ltr'><strong>matris</strong></span> <span class='ocrx_word' id='word_1_626' title='bbox 2247 4136 2671 4191; x_wconf 86' lang='lat' dir='ltr'><strong>desolationem</strong></span> <span class='ocrx_word' id='word_1_627' title='bbox 2712 4135 3013 4206; x_wconf 86' lang='lat' dir='ltr'><strong>plangens,</strong></span> <span class='ocrx_word' id='word_1_628' title='bbox 3052 4140 3108 4190; x_wconf 91' lang='lat' dir='ltr'><strong>et</strong></span> <span class='ocrx_word' id='word_1_629' title='bbox 3144 4134 3274 4189; x_wconf 71' lang='lat' dir='ltr'><strong>filia)</strong></span> <span class='ocrx_word' id='word_1_630' title='bbox 3315 4134 3625 4189; x_wconf 90' lang='lat' dir='ltr'><strong>orbitatem</strong></span> 
     </span>
    </p>
   </div>
   <div class='ocr_carea' id='block_1_91' title="bbox 1992 4221 3629 4296">
    <p class='ocr_par' dir='ltr' id='par_1_91' title="bbox 1992 4221 3629 4296">
     <span class='ocr_line' id='line_1_91' title="bbox 1992 4221 3629 4296; baseline -0.001 -15"><span class='ocrx_word' id='word_1_631' title='bbox 1992 4230 2342 4293; x_wconf 85' lang='lat' dir='ltr'><strong>nontacens,</strong></span> <span class='ocrx_word' id='word_1_632' title='bbox 2363 4225 2608 4296; x_wconf 80' lang='lat' dir='ltr'><strong>replicat</strong></span> <span class='ocrx_word' id='word_1_633' title='bbox 2636 4225 2930 4295; x_wconf 88' lang='lat' dir='ltr'><strong>antiquam</strong></span> <span class='ocrx_word' id='word_1_634' title='bbox 2956 4223 3319 4280; x_wconf 88' lang='lat' dir='ltr'><strong>nobilitatem</strong></span> <span class='ocrx_word' id='word_1_635' title='bbox 3348 4221 3629 4279; x_wconf 71' lang='lat' dir='ltr'><strong>zecclesia)</strong></span> 
     </span>
    </p>
   </div>
   <div class='ocr_carea' id='block_1_92' title="bbox 1993 4311 3633 4384">
    <p class='ocr_par' dir='ltr' id='par_1_92' title="bbox 1993 4311 3633 4384">
     <span class='ocr_line' id='line_1_92' title="bbox 1993 4311 3633 4384; baseline -0.001 -15"><span class='ocrx_word' id='word_1_636' title='bbox 1993 4315 2583 4384; x_wconf 77' lang='lat' dir='ltr'><strong>Divioncnsis,zclum</strong></span> <span class='ocrx_word' id='word_1_637' title='bbox 2618 4313 2886 4369; x_wconf 85' lang='lat' dir='ltr'><strong>Willelmi</strong></span> <span class='ocrx_word' id='word_1_638' title='bbox 2916 4312 3143 4369; x_wconf 87' lang='lat' dir='ltr'><strong>abbatis</strong></span> <span class='ocrx_word' id='word_1_639' title='bbox 3169 4312 3222 4366; x_wconf 91' lang='lat' dir='ltr'><strong>in</strong></span> <span class='ocrx_word' id='word_1_640' title='bbox 3259 4311 3633 4382; x_wconf 86' lang='lat' dir='ltr'><strong>rigorejusti-</strong></span> 
     </span>
    </p>
   </div>
   <div class='ocr_carea' id='block_1_93' title="bbox 1991 4401 3631 4474">
    <p class='ocr_par' dir='ltr' id='par_1_93' title="bbox 1991 4401 3631 4474">
     <span class='ocr_line' id='line_1_93' title="bbox 1991 4401 3631 4474; baseline -0.001 -16"><span class='ocrx_word' id='word_1_641' title='bbox 1991 4404 2087 4461; x_wconf 76' lang='lat' dir='ltr'><strong>tiae</strong></span> <span class='ocrx_word' id='word_1_642' title='bbox 2101 4408 2157 4459; x_wconf 90' lang='lat' dir='ltr'><strong>et</strong></span> <span class='ocrx_word' id='word_1_643' title='bbox 2176 4405 2399 4460; x_wconf 85' lang='lat' dir='ltr'><strong>fervore</strong></span> <span class='ocrx_word' id='word_1_644' title='bbox 2417 4402 2833 4474; x_wconf 65' lang='lat' dir='ltr'><strong>disciplinae,&#39;et</strong></span> <span class='ocrx_word' id='word_1_645' title='bbox 2851 4402 3118 4458; x_wconf 88' lang='lat' dir='ltr'><strong>districta</strong></span> <span class='ocrx_word' id='word_1_646' title='bbox 3135 4401 3356 4458; x_wconf 89' lang='lat' dir='ltr'><strong>ordinis</strong></span> <span class='ocrx_word' id='word_1_647' title='bbox 3371 4402 3631 4457; x_wconf 87' lang='lat' dir='ltr'><strong>modera-</strong></span> 
     </span>
    </p>
   </div>
   <div class='ocr_carea' id='block_1_94' title="bbox 232 4478 3631 4566">
    <p class='ocr_par' dir='ltr' id='par_1_94' title="bbox 232 4478 3631 4566">
     <span class='ocr_line' id='line_1_94' title="bbox 232 4478 3631 4566; baseline 0.002 -27"><span class='ocrx_word' id='word_1_648' title='bbox 232 4485 402 4540; x_wconf 78' lang='lat' dir='ltr'><strong>etiam</strong></span> <span class='ocrx_word' id='word_1_649' title='bbox 423 4486 743 4555; x_wconf 65' lang='lat' dir='ltr'><strong>priorCasa)</strong></span> <span class='ocrx_word' id='word_1_650' title='bbox 776 4488 1395 4560; x_wconf 88' lang='lat' dir='ltr'><strong>Dei,utquerimoniam</strong></span> <span class='ocrx_word' id='word_1_651' title='bbox 1416 4493 1881 4566; x_wconf 86' lang='lat' dir='ltr'><strong>faceretinjuria-</strong></span> <span class='ocrx_word' id='word_1_652' title='bbox 1910 4478 1960 4537; x_wconf 84' lang='lat' dir='ltr'><strong>D</strong></span> <span class='ocrx_word' id='word_1_653' title='bbox 1995 4494 2172 4563; x_wconf 86' lang='lat' dir='ltr'><strong>tione,</strong></span> <span class='ocrx_word' id='word_1_654' title='bbox 2200 4508 2351 4550; x_wconf 89' lang='lat' dir='ltr'><strong>nunc</strong></span> <span class='ocrx_word' id='word_1_655' title='bbox 2377 4497 2568 4548; x_wconf 88' lang='lat' dir='ltr'><strong>autem</strong></span> <span class='ocrx_word' id='word_1_656' title='bbox 2604 4493 2655 4547; x_wconf 91' lang='lat' dir='ltr'><strong>in</strong></span> <span class='ocrx_word' id='word_1_657' title='bbox 2681 4493 2842 4548; x_wconf 89' lang='lat' dir='ltr'><strong>obitu</strong></span> <span class='ocrx_word' id='word_1_658' title='bbox 2868 4491 3095 4548; x_wconf 87' lang='lat' dir='ltr'><strong>abbatis</strong></span> <span class='ocrx_word' id='word_1_659' title='bbox 3124 4491 3311 4547; x_wconf 91' lang='lat' dir='ltr'><strong>omnia</strong></span> <span class='ocrx_word' id='word_1_660' title='bbox 3346 4489 3416 4546; x_wconf 90' lang='lat' dir='ltr'><strong>ad</strong></span> <span class='ocrx_word' id='word_1_661' title='bbox 3453 4491 3631 4545; x_wconf 89' lang='lat' dir='ltr'><strong>nichi-</strong></span> 
     </span>
    </p>
   </div>
   <div class='ocr_carea' id='block_1_95' title="bbox 237 4574 1882 4650">
    <p class='ocr_par' dir='ltr' id='par_1_95' title="bbox 237 4574 1882 4650">
     <span class='ocr_line' id='line_1_95' title="bbox 237 4574 1882 4650; baseline 0.009 -23"><span class='ocrx_word' id='word_1_662' title='bbox 237 4588 359 4628; x_wconf 90' lang='lat' dir='ltr'><strong>rum</strong></span> <span class='ocrx_word' id='word_1_663' title='bbox 383 4574 711 4631; x_wconf 68' lang='lat' dir='ltr'><strong>azcclcsiam</strong></span> <span class='ocrx_word' id='word_1_664' title='bbox 739 4591 859 4633; x_wconf 73' lang='lat' dir='ltr'><strong>suae</strong></span> <span class='ocrx_word' id='word_1_665' title='bbox 889 4576 1214 4641; x_wconf 88' lang='lat' dir='ltr'><strong>illatarum;</strong></span> <span class='ocrx_word' id='word_1_666' title='bbox 1246 4594 1411 4649; x_wconf 90' lang='lat' dir='ltr'><strong>quem</strong></span> <span class='ocrx_word' id='word_1_667' title='bbox 1435 4582 1565 4650; x_wconf 89' lang='lat' dir='ltr'><strong>quia</strong></span> <span class='ocrx_word' id='word_1_668' title='bbox 1594 4588 1726 4639; x_wconf 89' lang='lat' dir='ltr'><strong>ante</strong></span> <span class='ocrx_word' id='word_1_669' title='bbox 1750 4600 1882 4641; x_wconf 90' lang='lat' dir='ltr'><strong>con-</strong></span> 
     </span>
    </p>
   </div>
   <div class='ocr_carea' id='block_1_96' title="bbox 233 4662 1878 4744">
    <p class='ocr_par' dir='ltr' id='par_1_96' title="bbox 233 4662 1878 4744">
     <span class='ocr_line' id='line_1_96' title="bbox 233 4662 1878 4744; baseline 0.009 -28"><span class='ocrx_word' id='word_1_670' title='bbox 233 4662 559 4718; x_wconf 86' lang='lat' dir='ltr'><strong>versionem</strong></span> <span class='ocrx_word' id='word_1_671' title='bbox 582 4667 783 4720; x_wconf 91' lang='lat' dir='ltr'><strong>notum</strong></span> <span class='ocrx_word' id='word_1_672' title='bbox 810 4665 1091 4721; x_wconf 89' lang='lat' dir='ltr'><strong>habuerat</strong></span> <span class='ocrx_word' id='word_1_673' title='bbox 1117 4666 1535 4735; x_wconf 87' lang='lat' dir='ltr'><strong>Linguonensis</strong></span> <span class='ocrx_word' id='word_1_674' title='bbox 1550 4671 1878 4744; x_wconf 88' lang='lat' dir='ltr'><strong>episcopus,</strong></span> 
     </span>
    </p>
   </div>
   <div class='ocr_carea' id='block_1_97' title="bbox 232 4750 1884 4823">
    <p class='ocr_par' dir='ltr' id='par_1_97' title="bbox 232 4750 1884 4823">
     <span class='ocr_line' id='line_1_97' title="bbox 232 4750 1884 4823; baseline 0.008 -20"><span class='ocrx_word' id='word_1_675' title='bbox 232 4764 381 4806; x_wconf 91' lang='lat' dir='ltr'><strong>nunc</strong></span> <span class='ocrx_word' id='word_1_676' title='bbox 398 4750 453 4805; x_wconf 92' lang='lat' dir='ltr'><strong>in</strong></span> <span class='ocrx_word' id='word_1_677' title='bbox 473 4756 712 4823; x_wconf 88' lang='lat' dir='ltr'><strong>aspectu</strong></span> <span class='ocrx_word' id='word_1_678' title='bbox 734 4752 1052 4809; x_wconf 71' lang='lat' dir='ltr'><strong>immutata:</strong></span> <span class='ocrx_word' id='word_1_679' title='bbox 1080 4753 1439 4811; x_wconf 89' lang='lat' dir='ltr'><strong>habitudinis</strong></span> <span class='ocrx_word' id='word_1_680' title='bbox 1463 4758 1663 4815; x_wconf 88' lang='lat' dir='ltr'><strong>cordis</strong></span> <span class='ocrx_word' id='word_1_681' title='bbox 1684 4764 1742 4816; x_wconf 89' lang='lat' dir='ltr'><strong>et</strong></span> <span class='ocrx_word' id='word_1_682' title='bbox 1760 4776 1884 4817; x_wconf 89' lang='lat' dir='ltr'><strong>cor-</strong></span> 
     </span>
    </p>
   </div>
   <div class='ocr_carea' id='block_1_98' title="bbox 230 4838 1884 4917">
    <p class='ocr_par' dir='ltr' id='par_1_98' title="bbox 230 4838 1884 4917">
     <span class='ocr_line' id='line_1_98' title="bbox 230 4838 1884 4917; baseline 0.007 -25"><span class='ocrx_word' id='word_1_683' title='bbox 230 4838 390 4911; x_wconf 88' lang='lat' dir='ltr'><strong>poris</strong></span> <span class='ocrx_word' id='word_1_684' title='bbox 422 4838 550 4906; x_wconf 88' lang='lat' dir='ltr'><strong>ejus</strong></span> <span class='ocrx_word' id='word_1_685' title='bbox 590 4840 979 4911; x_wconf 87' lang='lat' dir='ltr'><strong>applaudebat</strong></span> <span class='ocrx_word' id='word_1_686' title='bbox 1003 4846 1062 4896; x_wconf 90' lang='lat' dir='ltr'><strong>et</strong></span> <span class='ocrx_word' id='word_1_687' title='bbox 1084 4843 1609 4911; x_wconf 88' lang='lat' dir='ltr'><strong>congratulabatur</strong></span> <span class='ocrx_word' id='word_1_688' title='bbox 1636 4848 1711 4917; x_wconf 90' lang='lat' dir='ltr'><strong>ei,</strong></span> <span class='ocrx_word' id='word_1_689' title='bbox 1742 4849 1884 4905; x_wconf 87' lang='lat' dir='ltr'><strong>divi-</strong></span> 
     </span>
    </p>
   </div>
   <div class='ocr_carea' id='block_1_99' title="bbox 229 4926 1883 5001">
    <p class='ocr_par' dir='ltr' id='par_1_99' title="bbox 229 4926 1883 5001">
     <span class='ocr_line' id='line_1_99' title="bbox 229 4926 1883 5001; baseline 0.007 -20"><span class='ocrx_word' id='word_1_690' title='bbox 229 4940 357 4983; x_wconf 88' lang='lat' dir='ltr'><strong>nam</strong></span> <span class='ocrx_word' id='word_1_691' title='bbox 385 4926 1082 5001; x_wconf 89' lang='lat' dir='ltr'><strong>collaudanspotentiam,</strong></span> <span class='ocrx_word' id='word_1_692' title='bbox 1101 4930 1198 5000; x_wconf 91' lang='lat' dir='ltr'><strong>qui</strong></span> <span class='ocrx_word' id='word_1_693' title='bbox 1216 4931 1514 4988; x_wconf 88' lang='lat' dir='ltr'><strong>lenitatem</strong></span> <span class='ocrx_word' id='word_1_694' title='bbox 1545 4935 1883 4993; x_wconf 91' lang='lat' dir='ltr'><strong>dissolutio-</strong></span> 
     </span>
    </p>
   </div>
   <div class='ocr_carea' id='block_1_100' title="bbox 1992 4581 3631 4653">
    <p class='ocr_par' dir='ltr' id='par_1_100' title="bbox 1992 4581 3631 4653">
     <span class='ocr_line' id='line_1_100' title="bbox 1992 4581 3631 4653; baseline -0.001 -17"><span class='ocrx_word' id='word_1_695' title='bbox 1992 4582 2106 4640; x_wconf 92' lang='lat' dir='ltr'><strong>lum</strong></span> <span class='ocrx_word' id='word_1_696' title='bbox 2154 4584 2271 4638; x_wconf 90' lang='lat' dir='ltr'><strong>fere</strong></span> <span class='ocrx_word' id='word_1_697' title='bbox 2311 4582 2565 4651; x_wconf 89' lang='lat' dir='ltr'><strong>redacta,</strong></span> <span class='ocrx_word' id='word_1_698' title='bbox 2594 4582 2751 4637; x_wconf 87' lang='lat' dir='ltr'><strong>intus</strong></span> <span class='ocrx_word' id='word_1_699' title='bbox 2782 4596 2981 4653; x_wconf 90' lang='lat' dir='ltr'><strong>parum</strong></span> <span class='ocrx_word' id='word_1_700' title='bbox 3018 4581 3333 4649; x_wconf 85' lang='lat' dir='ltr'><strong>religionis,</strong></span> <span class='ocrx_word' id='word_1_701' title='bbox 3364 4581 3504 4636; x_wconf 87' lang='lat' dir='ltr'><strong>foris</strong></span> <span class='ocrx_word' id='word_1_702' title='bbox 3536 4596 3631 4636; x_wconf 90' lang='lat' dir='ltr'><strong>cu-</strong></span> 
     </span>
    </p>
   </div>
   <div class='ocr_carea' id='block_1_101' title="bbox 1993 4668 3630 4742">
    <p class='ocr_par' dir='ltr' id='par_1_101' title="bbox 1993 4668 3630 4742">
     <span class='ocr_line' id='line_1_101' title="bbox 1993 4668 3630 4742; baseline -0.001 -15"><span class='ocrx_word' id='word_1_703' title='bbox 1993 4672 2183 4728; x_wconf 90' lang='lat' dir='ltr'><strong>mulos</strong></span> <span class='ocrx_word' id='word_1_704' title='bbox 2221 4671 2637 4742; x_wconf 90' lang='lat' dir='ltr'><strong>tribulationis,</strong></span> <span class='ocrx_word' id='word_1_705' title='bbox 2676 4671 2817 4725; x_wconf 90' lang='lat' dir='ltr'><strong>adeo</strong></span> <span class='ocrx_word' id='word_1_706' title='bbox 2852 4676 2912 4726; x_wconf 90' lang='lat' dir='ltr'><strong>ut</strong></span> <span class='ocrx_word' id='word_1_707' title='bbox 2942 4686 3069 4741; x_wconf 71' lang='lat' dir='ltr'><strong>quae</strong></span> <span class='ocrx_word' id='word_1_708' title='bbox 3103 4669 3386 4741; x_wconf 92' lang='lat' dir='ltr'><strong>quondam</strong></span> <span class='ocrx_word' id='word_1_709' title='bbox 3431 4668 3630 4725; x_wconf 90' lang='lat' dir='ltr'><strong>multis</strong></span> 
     </span>
    </p>
   </div>
   <div class='ocr_carea' id='block_1_102' title="bbox 1991 4760 3631 4833">
    <p class='ocr_par' dir='ltr' id='par_1_102' title="bbox 1991 4760 3631 4833">
     <span class='ocr_line' id='line_1_102' title="bbox 1991 4760 3631 4833; baseline -0.002 -16"><span class='ocrx_word' id='word_1_710' title='bbox 1991 4762 2277 4817; x_wconf 77' lang='lat' dir='ltr'><strong>zeeclesiis</strong></span> <span class='ocrx_word' id='word_1_711' title='bbox 2302 4766 2568 4833; x_wconf 87' lang='lat' dir='ltr'><strong>pastores</strong></span> <span class='ocrx_word' id='word_1_712' title='bbox 2591 4766 2925 4816; x_wconf 83' lang='lat' dir='ltr'><strong>ctrectcres</strong></span> <span class='ocrx_word' id='word_1_713' title='bbox 2945 4760 3183 4815; x_wconf 91' lang='lat' dir='ltr'><strong>idoneos</strong></span> <span class='ocrx_word' id='word_1_714' title='bbox 3206 4764 3631 4830; x_wconf 80' lang='lat' dir='ltr'><strong>praeposuerat,</strong></span> 
     </span>
    </p>
   </div>
   <div class='ocr_carea' id='block_1_103' title="bbox 1993 4846 3624 4921">
    <p class='ocr_par' dir='ltr' id='par_1_103' title="bbox 1993 4846 3624 4921">
     <span class='ocr_line' id='line_1_103' title="bbox 1993 4846 3624 4921; baseline -0.002 -16"><span class='ocrx_word' id='word_1_715' title='bbox 1993 4849 2212 4906; x_wconf 92' lang='lat' dir='ltr'><strong>nullum</strong></span> <span class='ocrx_word' id='word_1_716' title='bbox 2238 4851 2334 4920; x_wconf 91' lang='lat' dir='ltr'><strong>qui</strong></span> <span class='ocrx_word' id='word_1_717' title='bbox 2360 4850 2408 4905; x_wconf 90' lang='lat' dir='ltr'><strong>ei</strong></span> <span class='ocrx_word' id='word_1_718' title='bbox 2437 4854 2681 4921; x_wconf 62' lang='lat' dir='ltr'><strong>praessct</strong></span> <span class='ocrx_word' id='word_1_719' title='bbox 2705 4848 2777 4904; x_wconf 88' lang='lat' dir='ltr'><strong>de</strong></span> <span class='ocrx_word' id='word_1_720' title='bbox 2799 4849 2921 4905; x_wconf 89' lang='lat' dir='ltr'><strong>suis</strong></span> <span class='ocrx_word' id='word_1_721' title='bbox 2954 4848 3209 4903; x_wconf 82' lang='lat' dir='ltr'><strong>invenire</strong></span> <span class='ocrx_word' id='word_1_722' title='bbox 3233 4850 3455 4918; x_wconf 88' lang='lat' dir='ltr'><strong>posset.</strong></span> <span class='ocrx_word' id='word_1_723' title='bbox 3482 4846 3624 4913; x_wconf 84' lang='lat' dir='ltr'><strong>(F01.</strong></span> 
     </span>
    </p>
   </div>
   <div class='ocr_carea' id='block_1_104' title="bbox 1992 4936 3631 5010">
    <p class='ocr_par' dir='ltr' id='par_1_104' title="bbox 1992 4936 3631 5010">
     <span class='ocr_line' id='line_1_104' title="bbox 1992 4936 3631 5010; baseline -0.002 -15"><span class='ocrx_word' id='word_1_724' title='bbox 1992 4942 2081 5010; x_wconf 82' lang='grc'><strong>90)</strong></span> <span class='ocrx_word' id='word_1_725' title='bbox 2112 4940 2436 5009; x_wconf 89' lang='lat' dir='ltr'><strong>Confugere</strong></span> <span class='ocrx_word' id='word_1_726' title='bbox 2471 4954 2534 4994; x_wconf 90' lang='lat' dir='ltr'><strong>se</strong></span> <span class='ocrx_word' id='word_1_727' title='bbox 2568 4938 2877 5009; x_wconf 86' lang='lat' dir='ltr'><strong>proﬁtetur</strong></span> <span class='ocrx_word' id='word_1_728' title='bbox 2900 4936 2966 4992; x_wconf 89' lang='lat' dir='ltr'><strong>ad</strong></span> <span class='ocrx_word' id='word_1_729' title='bbox 2990 4937 3086 4991; x_wconf 91' lang='lat' dir='ltr'><strong>Dei</strong></span> <span class='ocrx_word' id='word_1_730' title='bbox 3116 4937 3517 5006; x_wconf 89' lang='lat' dir='ltr'><strong>bonorumque</strong></span> <span class='ocrx_word' id='word_1_731' title='bbox 3546 4936 3631 4991; x_wconf 88' lang='lat' dir='ltr'><strong>vi-</strong></span> 
     </span>
    </p>
   </div>
   <div class='ocr_carea' id='block_1_105' title="bbox 1814 5053 2133 5123">
    <p class='ocr_par' dir='ltr' id='par_1_105' title="bbox 1814 5053 2133 5123">
     <span class='ocr_line' id='line_1_105' title="bbox 1814 5053 2133 5123; baseline 0.013 -15"><span class='ocrx_word' id='word_1_732' title='bbox 1814 5053 2031 5110; x_wconf 69' lang='grc' dir='ltr'><strong>ΝΟΤᾸΞ.</strong></span> <span class='ocrx_word' id='word_1_733' title='bbox 2122 5114 2133 5123; x_wconf 34' lang='grc' dir='ltr'>ι</span> 
     </span>
    </p>
   </div>
   <div class='ocr_carea' id='block_1_106' title="bbox 304 5138 798 5203">
    <p class='ocr_par' dir='ltr' id='par_1_106' title="bbox 304 5138 798 5203">
     <span class='ocr_line' id='line_1_106' title="bbox 304 5138 798 5203; baseline 0.002 -10"><span class='ocrx_word' id='word_1_734' title='bbox 304 5138 454 5203; x_wconf 83' lang='grc'>(139)</span> <span class='ocrx_word' id='word_1_735' title='bbox 494 5138 548 5194; x_wconf 93' lang='lat' dir='ltr'><strong>S.</strong></span> <span class='ocrx_word' id='word_1_736' title='bbox 585 5138 798 5196; x_wconf 83' lang='lat' dir='ltr'><strong>Vitoni.</strong></span> 
     </span>
    </p>
   </div>
   <div class='ocr_carea' id='block_1_107' title="bbox 302 5137 1876 5289">
    <p class='ocr_par' dir='ltr' id='par_1_107' title="bbox 302 5137 1876 5289">
     <span class='ocr_line' id='line_1_107' title="bbox 304 5137 798 5273; baseline 0.002 -80"><span class='ocrx_word' id='word_1_737' title='bbox 304 5137 454 5273; x_wconf 52' lang='lat' dir='ltr'><strong>(I39;</strong></span> <span class='ocrx_word' id='word_1_738' title='bbox 494 5138 548 5194; x_wconf 93' lang='lat' dir='ltr'><strong>S.</strong></span> <span class='ocrx_word' id='word_1_739' title='bbox 585 5138 798 5196; x_wconf 83' lang='lat' dir='ltr'><strong>Vitoni.</strong></span> 
     </span>
     <span class='ocr_line' id='line_1_108' title="bbox 302 5208 1876 5289; baseline 0.007 -24"><span class='ocrx_word' id='word_1_740' title='bbox 302 5208 430 5278; x_wconf 78' lang='grc'>(140</span> <span class='ocrx_word' id='word_1_741' title='bbox 456 5209 536 5289; x_wconf 43' lang='lat' dir='ltr'><strong>‘ln</strong></span> <span class='ocrx_word' id='word_1_742' title='bbox 558 5210 840 5289; x_wconf 36' lang='lat' dir='ltr'><strong>registro‘</strong></span> <span class='ocrx_word' id='word_1_743' title='bbox 860 5210 1243 5289; x_wconf 74' lang='lat' dir='ltr'><strong>Gregoriilv,</strong></span> <span class='ocrx_word' id='word_1_744' title='bbox 1267 5218 1353 5283; x_wconf 74' lang='lat'><strong>22,</strong></span> <span class='ocrx_word' id='word_1_745' title='bbox 1382 5214 1685 5289; x_wconf 85' lang='lat' dir='ltr'><strong>adduntur</strong></span> <span class='ocrx_word' id='word_1_746' title='bbox 1715 5220 1876 5289; x_wconf 88' lang='lat' dir='ltr'><strong>signa</strong></span> 
     </span>
    </p>
   </div>
   <div class='ocr_carea' id='block_1_108' title="bbox 232 5278 1881 5361">
    <p class='ocr_par' dir='ltr' id='par_1_108' title="bbox 232 5278 1881 5361">
     <span class='ocr_line' id='line_1_109' title="bbox 232 5278 1881 5361; baseline 0.01 -29"><span class='ocrx_word' id='word_1_747' title='bbox 232 5278 683 5361; x_wconf 59' lang='lat' dir='ltr'><strong>ehrogologiea&#39;:</strong></span> <span class='ocrx_word' id='word_1_748' title='bbox 716 5278 1081 5361; x_wconf 54' lang='grc' dir='ltr'><strong>ὒαζφρφιᾶοζιξ</strong></span> <span class='ocrx_word' id='word_1_749' title='bbox 1102 5278 1443 5361; x_wconf 50' lang='lat' dir='ltr'><strong>(Deidamia</strong></span> <span class='ocrx_word' id='word_1_750' title='bbox 1457 5288 1577 5343; x_wconf 81' lang='lat' dir='ltr'><strong>loco</strong></span> <span class='ocrx_word' id='word_1_751' title='bbox 1606 5292 1714 5359; x_wconf 69' lang='lat' dir='ltr'><strong>qui</strong></span> <span class='ocrx_word' id='word_1_752' title='bbox 1734 5278 1881 5348; x_wconf 66' lang='lat' dir='ltr'><strong>dici—</strong></span> 
     </span>
    </p>
   </div>
   <div class='ocr_carea' id='block_1_109' title="bbox 234 5349 1872 5430">
    <p class='ocr_par' dir='ltr' id='par_1_109' title="bbox 234 5349 1872 5430">
     <span class='ocr_line' id='line_1_110' title="bbox 234 5349 1872 5430; baseline 0.007 -27"><span class='ocrx_word' id='word_1_753' title='bbox 234 5349 656 5430; x_wconf 52' lang='grc' dir='ltr'><strong>ζτέζ-ΡξςᾳρὊΖρ,</strong></span> <span class='ocrx_word' id='word_1_754' title='bbox 698 5367 763 5430; x_wconf 78' lang='lat' dir='ltr'><strong>_Iv</strong></span> <span class='ocrx_word' id='word_1_755' title='bbox 810 5349 957 5430; x_wconf 52' lang='lat' dir='ltr'><strong>[dies</strong></span> <span class='ocrx_word' id='word_1_756' title='bbox 1002 5353 1182 5430; x_wconf 64' lang='grc' dir='ltr'><strong>ζξζᾳὶί,</strong></span> <span class='ocrx_word' id='word_1_757' title='bbox 1226 5356 1573 5427; x_wconf 72' lang='lat' dir='ltr'><strong>indictione,</strong></span> <span class='ocrx_word' id='word_1_758' title='bbox 1606 5349 1701 5430; x_wconf 50' lang='lat'><strong>‘15,</strong></span> <span class='ocrx_word' id='word_1_759' title='bbox 1757 5362 1790 5415; x_wconf 91' lang='lat' dir='ltr'><strong>i.</strong></span> <span class='ocrx_word' id='word_1_760' title='bbox 1823 5376 1872 5419; x_wconf 82' lang='grc' dir='ltr'><strong>ο.</strong></span> 
     </span>
    </p>
   </div>
   <div class='ocr_carea' id='block_1_110' title="bbox 234 5420 1117 5491">
    <p class='ocr_par' dir='ltr' id='par_1_110' title="bbox 234 5420 1117 5491">
     <span class='ocr_line' id='line_1_111' title="bbox 234 5420 1117 5491; baseline 0.005 -15"><span class='ocrx_word' id='word_1_761' title='bbox 234 5425 391 5476; x_wconf 82' lang='grc'>1077.</span> <span class='ocrx_word' id='word_1_762' title='bbox 425 5420 569 5491; x_wconf 81' lang='lat' dir='ltr'><strong>Vide</strong></span> <span class='ocrx_word' id='word_1_763' title='bbox 601 5421 656 5477; x_wconf 88' lang='lat' dir='ltr'><strong>in</strong></span> <span class='ocrx_word' id='word_1_764' title='bbox 691 5423 968 5491; x_wconf 82' lang='lat' dir='ltr'><strong>Gregorio</strong></span> <span class='ocrx_word' id='word_1_765' title='bbox 1002 5425 1117 5480; x_wconf 80' lang='grc' dir='ltr'><strong>νη.</strong></span> 
     </span>
    </p>
   </div>
   <div class='ocr_carea' id='block_1_111' title="bbox 305 5490 1879 5571">
    <p class='ocr_par' dir='ltr' id='par_1_111' title="bbox 305 5490 1879 5571">
     <span class='ocr_line' id='line_1_112' title="bbox 305 5490 1879 5571; baseline 0.008 -25"><span class='ocrx_word' id='word_1_766' title='bbox 305 5490 458 5571; x_wconf 62' lang='lat' dir='ltr'><strong>(lit)</strong></span> <span class='ocrx_word' id='word_1_767' title='bbox 490 5490 1054 5571; x_wconf 59' lang='lat' dir='ltr'><strong>Idibusseptembr.</strong></span> <span class='ocrx_word' id='word_1_768' title='bbox 1090 5496 1230 5551; x_wconf 90' lang='lat' dir='ltr'><strong>Vide</strong></span> <span class='ocrx_word' id='word_1_769' title='bbox 1276 5497 1582 5568; x_wconf 87' lang='lat' dir='ltr'><strong>epistolam</strong></span> <span class='ocrx_word' id='word_1_770' title='bbox 1624 5502 1879 5571; x_wconf 82' lang='lat' dir='ltr'><strong>Ilugonis</strong></span> 
     </span>
    </p>
   </div>
   <div class='ocr_carea' id='block_1_112' title="bbox 235 5560 1047 5634">
    <p class='ocr_par' dir='ltr' id='par_1_112' title="bbox 235 5560 1047 5634">
     <span class='ocr_line' id='line_1_113' title="bbox 235 5560 1047 5634; baseline 0.005 -19"><span class='ocrx_word' id='word_1_771' title='bbox 235 5560 460 5617; x_wconf 87' lang='lat' dir='ltr'><strong>Diensis</strong></span> <span class='ocrx_word' id='word_1_772' title='bbox 492 5562 669 5618; x_wconf 84' lang='lat' dir='ltr'><strong>Mansi</strong></span> <span class='ocrx_word' id='word_1_773' title='bbox 702 5567 747 5634; x_wconf 92' lang='lat' dir='ltr'><strong>t,</strong></span> <span class='ocrx_word' id='word_1_774' title='bbox 780 5560 892 5634; x_wconf 81' lang='lat' dir='ltr'><strong>XX,</strong></span> <span class='ocrx_word' id='word_1_775' title='bbox 928 5568 1047 5621; x_wconf 76' lang='grc'><strong>492.</strong></span> 
     </span>
    </p>
   </div>
   <div class='ocr_carea' id='block_1_113' title="bbox 2061 5150 3632 5223">
    <p class='ocr_par' dir='ltr' id='par_1_113' title="bbox 2061 5150 3632 5223">
     <span class='ocr_line' id='line_1_114' title="bbox 2061 5150 3632 5223; baseline -0.001 -15"><span class='ocrx_word' id='word_1_776' title='bbox 2061 5152 2209 5222; x_wconf 74' lang='grc'>(142)</span> <span class='ocrx_word' id='word_1_777' title='bbox 2259 5152 2340 5206; x_wconf 86' lang='lat' dir='ltr'><strong>Ex</strong></span> <span class='ocrx_word' id='word_1_778' title='bbox 2372 5152 2644 5219; x_wconf 77' lang='lat' dir='ltr'><strong>Registro</strong></span> <span class='ocrx_word' id='word_1_779' title='bbox 2677 5150 2939 5223; x_wconf 83' lang='lat' dir='ltr'><strong>Gregorii</strong></span> <span class='ocrx_word' id='word_1_780' title='bbox 2984 5152 3046 5221; x_wconf 90' lang='lat' dir='ltr'><strong>V,</strong></span> <span class='ocrx_word' id='word_1_781' title='bbox 3085 5156 3171 5219; x_wconf 86' lang='lat'><strong>17,</strong></span> <span class='ocrx_word' id='word_1_782' title='bbox 3206 5153 3365 5223; x_wconf 90' lang='lat' dir='ltr'><strong>patet</strong></span> <span class='ocrx_word' id='word_1_783' title='bbox 3418 5153 3632 5222; x_wconf 65' lang='lat' dir='ltr'><strong>prazter</strong></span> 
     </span>
    </p>
   </div>
   <div class='ocr_carea' id='block_1_114' title="bbox 1990 5222 3627 5292">
    <p class='ocr_par' dir='ltr' id='par_1_114' title="bbox 1990 5222 3627 5292">
     <span class='ocr_line' id='line_1_115' title="bbox 1990 5222 3627 5292; baseline 0.001 -16"><span class='ocrx_word' id='word_1_784' title='bbox 1990 5222 2290 5277; x_wconf 77' lang='lat' dir='ltr'><strong>Manassen</strong></span> <span class='ocrx_word' id='word_1_785' title='bbox 2349 5222 2850 5292; x_wconf 85' lang='lat' dir='ltr'><strong>archiepiscopum</strong></span> <span class='ocrx_word' id='word_1_786' title='bbox 2913 5222 3252 5277; x_wconf 80' lang='lat' dir='ltr'><strong>Remensein</strong></span> <span class='ocrx_word' id='word_1_787' title='bbox 3320 5225 3627 5278; x_wconf 89' lang='lat' dir='ltr'><strong>accusatos</strong></span> 
     </span>
    </p>
   </div>
   <div class='ocr_carea' id='block_1_115' title="bbox 1991 5293 3631 5361">
    <p class='ocr_par' dir='ltr' id='par_1_115' title="bbox 1991 5293 3631 5361">
     <span class='ocr_line' id='line_1_116' title="bbox 1991 5293 3631 5361; baseline 0 -14"><span class='ocrx_word' id='word_1_788' title='bbox 1991 5294 2174 5349; x_wconf 85' lang='lat' dir='ltr'><strong>fuisse</strong></span> <span class='ocrx_word' id='word_1_789' title='bbox 2206 5295 2498 5361; x_wconf 80' lang='lat' dir='ltr'><strong>Ilugonem</strong></span> <span class='ocrx_word' id='word_1_790' title='bbox 2543 5294 2922 5361; x_wconf 82' lang='lat' dir='ltr'><strong>Bisontinum,</strong></span> <span class='ocrx_word' id='word_1_791' title='bbox 2958 5293 3288 5350; x_wconf 81' lang='lat' dir='ltr'><strong>Ricberium</strong></span> <span class='ocrx_word' id='word_1_792' title='bbox 3344 5295 3631 5349; x_wconf 77' lang='lat' dir='ltr'><strong>Senoncn-</strong></span> 
     </span>
    </p>
   </div>
   <div class='ocr_carea' id='block_1_116' title="bbox 1991 5363 3629 5429">
    <p class='ocr_par' dir='ltr' id='par_1_116' title="bbox 1991 5363 3629 5429">
     <span class='ocr_line' id='line_1_117' title="bbox 1991 5363 3629 5429; baseline -0.001 -10"><span class='ocrx_word' id='word_1_793' title='bbox 1991 5378 2133 5429; x_wconf 76' lang='lat' dir='ltr'><strong>sem,</strong></span> <span class='ocrx_word' id='word_1_794' title='bbox 2172 5365 2543 5418; x_wconf 79' lang='lat' dir='ltr'><strong>Gotcfredum</strong></span> <span class='ocrx_word' id='word_1_795' title='bbox 2570 5366 3005 5425; x_wconf 86' lang='lat' dir='ltr'><strong>Carnotenscm,</strong></span> <span class='ocrx_word' id='word_1_796' title='bbox 3042 5364 3391 5420; x_wconf 79' lang='lat' dir='ltr'><strong>Richardum</strong></span> <span class='ocrx_word' id='word_1_797' title='bbox 3418 5363 3629 5419; x_wconf 88' lang='lat' dir='ltr'><strong>Bituri-</strong></span> 
     </span>
    </p>
   </div>
   <div class='ocr_carea' id='block_1_117' title="bbox 1988 5434 3127 5501">
    <p class='ocr_par' dir='ltr' id='par_1_117' title="bbox 1988 5434 3127 5501">
     <span class='ocr_line' id='line_1_118' title="bbox 1988 5434 3127 5501; baseline 0.001 -13"><span class='ocrx_word' id='word_1_798' title='bbox 1988 5448 2247 5501; x_wconf 84' lang='lat' dir='ltr'><strong>gcnscm,</strong></span> <span class='ocrx_word' id='word_1_799' title='bbox 2283 5434 2586 5489; x_wconf 68' lang='lat' dir='ltr'><strong>liodull‘um</strong></span> <span class='ocrx_word' id='word_1_800' title='bbox 2617 5437 3029 5490; x_wconf 83' lang='lat' dir='ltr'><strong>Turonenscm.</strong></span> <span class='ocrx_word' id='word_1_801' title='bbox 3068 5438 3127 5489; x_wconf 79' lang='grc' dir='ltr'><strong>Κ.</strong></span> 
     </span>
    </p>
   </div>
   <div class='ocr_carea' id='block_1_118' title="bbox 1991 5505 3629 5629">
    <p class='ocr_par' dir='ltr' id='par_1_118' title="bbox 1991 5505 3629 5629">
     <span class='ocr_line' id='line_1_119' title="bbox 1991 5505 3629 5629; baseline 0 -70"><span class='ocrx_word' id='word_1_802' title='bbox 1991 5506 2213 5629; x_wconf 47' lang='grc' dir='ltr'><strong>ωὲιᾶδ)</strong></span> <span class='ocrx_word' id='word_1_803' title='bbox 2260 5505 2521 5575; x_wconf 81' lang='lat' dir='ltr'><strong>Epistula</strong></span> <span class='ocrx_word' id='word_1_804' title='bbox 2573 5506 2831 5575; x_wconf 26' lang='lat' dir='ltr'><strong>I‘lugonis</strong></span> <span class='ocrx_word' id='word_1_805' title='bbox 2881 5507 3107 5561; x_wconf 77' lang='lat' dir='ltr'><strong>Iliensis</strong></span> <span class='ocrx_word' id='word_1_806' title='bbox 3153 5523 3244 5578; x_wconf 85' lang='lat' dir='ltr'><strong>ap.</strong></span> <span class='ocrx_word' id='word_1_807' title='bbox 3312 5505 3490 5562; x_wconf 78' lang='lat' dir='ltr'><strong>Mansi</strong></span> <span class='ocrx_word' id='word_1_808' title='bbox 3541 5505 3629 5560; x_wconf 81' lang='grc' dir='ltr'><strong>ΧΧ</strong></span> 
     </span>
    </p>
   </div>
  </div>
