3950 6048
341 265 459 331 283

1303 276 1671 343 I—lUGONIS
1698 275 2058 355 .ABBATIS
2100 277 2778 344 FLAVINIACENSIS

3623 286 3762 349 284

337 420 538 466 rerum
570 407 899 483 consilium,
928 416 994 469 ut
1016 408 1330 471 anxietatis
1350 428 1489 485 suae,
1514 411 1680 486 cujus
1710 416 1835 471 erat
1868 410 1980 471 hoc
2010 411 2065 475 A
2096 397 2183 470 ma
2200 411 2455 473 omnium
2473 412 2834 473 exultatione
2855 420 2913 474 et
2938 413 3218 491 tripudio,
3236 414 3483 477 domnus
3507 417 3764 479 Gebuli-

343 499 650 569 providere
691 506 748 556 et
782 500 1113 574 dieponcre,
1146 502 1378 574 aliquod
1412 505 1467 560 in
1502 509 1731 561 rectore
1762 502 1982 562 substi.

340 589 578 661 tuendo,
605 590 703 661 qui
729 606 864 648 vere
890 597 1084 649 rector
1106 594 1402 651 diceretur
1417 599 1472 650 et
1494 600 1672 665 esset,
1690 595 1980 655 inveniret

343 677 636 736 solatium.
664 682 801 737 Cum
828 687 1178 752 perorasset,
1203 688 1260 738 et
1284 698 1313 738 a
1342 683 1538 752 legato
1561 698 1664 756 spe
1695 685 1978 755 promissa

344 768 573 824 consilii
596 774 651 825 et
685 770 881 825 auxilii
903 770 1101 841 jussus
1130 775 1291 827 esset
1321 772 1570 841 edicere,
1604 787 1771 843 quem
1790 774 1978 831 eidem

345 856 536 913 officio
569 857 802 927 dignum
845 857 916 913 de
951 860 1535 931 circumsedentibus,
1582 862 1713 932 quia
1748 862 1803 917 in
1851 862 1979 933 ipsa

346 946 613 1002 acclesia
647 963 756 1004 non
798 947 1220 1019 inveniebatur,
1262 948 1441 1006 vellet
1490 950 1824 1022 praeficere:
1880 951 1979 1008 ille

344 1035 599 1105 priorem
638 1039 797 1093 Casa)
839 1037 936 1093 Dei
985 1052 1154 1093 manu
1215 1038 1545 1110 designans,
1600 1044 1660 1095 et
1703 1040 1876 1097 simul
1922 1040 1977 1096 in

344 1124 540 1179 verbis
582 1125 985 1195 procumbens,
1031 1129 1091 1182 et
1126 1141 1313 1196 genua
1356 1128 1629 1184 flectens:
1669 1129 1841 1199 Date,
1875 1129 1976 1199 ait,

341 1212 496 1269 mihi
513 1213 904 1284 [tuncpiscem
925 1216 1177 1286 defontc
1197 1215 1327 1271 Dei.
1354 1218 1421 1270 Et
1444 1220 1505 1271 ut
1531 1217 1759 1273 facilius
1782 1223 1981 1288 postu-

345 1298 460 1356 lata
493 1302 804 1373 acciperet,
833 1304 1127 1370 llugonein
1152 1305 1355 1360 ducem
1374 1304 1485 1359 sibi
1506 1306 1751 1360 sociavit
1778 1306 1831 1361 in
1852 1320 1982 1378 pre-

343 1389 531 1460 cibus,
565 1396 629 1446 ut
659 1391 785 1460 ejus
817 1396 1145 1447 mereretur
1196 1393 1424 1449 bonitas
1461 1396 1609 1463 quod
1662 1410 1724 1450 se
1773 1411 1875 1466 per
1917 1410 1980 1451 se

346 1493 515 1547 posse
548 1479 870 1537 diffidebat.
899 1480 1063 1537 Oculi
1087 1495 1225 1551 ergo
1256 1482 1508 1537 omnium
1542 1483 1595 1538 in
1619 1498 1749 1539 eum
1775 1485 1871 1554 qui
1896 1499 1984 1541 ro-

342 1568 594 1636 gabatur
641 1568 993 1638 diriguntur.
1045 1568 1153 1624 Sed
1196 1570 1327 1639 quia
1389 1571 1664 1641 praefatus
1710 1573 1982 1630 Romana;

346 1654 501 1711 sedis
537 1655 764 1726 legatus
811 1662 1072 1727 noverat,
1104 1657 1292 1714 virum
1334 1658 1487 1716 acris
1516 1673 1650 1716 esse
1684 1660 1895 1731 ingenii
1924 1665 1981 1717 et

2089 518 2196 560 nus
2217 503 2274 560 in
2300 505 2735 575 Lugdunensem
2758 506 3263 580 archiepiscopum
3282 508 3353 564 ab
3381 508 3507 581 ipso
3532 511 3762 567 Roma-

2088 608 2175 651 na)
2192 593 2349 650 sedis
2364 592 2640 665 legato,et
2660 596 2937 666 praefatus
2950 596 3245 653 electusin
3260 598 3528 655 abbatem
3544 600 3763 656 Divio-

2088 696 2368 739 nensema
2387 684 2670 755 praadicto
2685 682 3070 753 Linguonensi
3088 686 3385 757 episcupo.
3404 687 3581 744 Multa
3596 692 3760 745 tunc

2089 770 2253 827 utilia
2272 774 2329 827 et
2355 775 2574 827 sanctae
2595 770 2692 826 Dei
2716 770 2984 830 ecclesiae
3001 772 3255 844 proficua
3284 773 3340 828 in
3359 773 3457 830 illo
3479 778 3755 832 tractata

2086 864 2146 915 et
2175 859 2410 915 definita
2431 864 2567 916 sunt
2597 859 2865 916 concilio.
2893 860 3017 928 Quo
3041 861 3253 932 soluto,
3284 861 3355 918 ad
3380 877 3482 919 sua
3510 864 3753 935 quique

2087 948 2353 1004 redeunt.
2387 949 2723 1018 Lugdunum
2749 948 2961 1020 praesul
2991 950 3193 1021 adivit,
3219 951 3751 1025 archiepiSCOpum

2089 1035 2534 1093 beatificandum
2559 1036 2614 1091 in
2644 1035 2827 1106 gloria
2868 1036 3091 1094 caelesti
3114 1039 3342 1095 civibus
3365 1042 3748 1110 expectanti-

2091 1127 2199 1181 bus
2221 1130 2278 1181 et
2305 1123 2776 1182 desiderantibus
2801 1126 3141 1197 assignavit,
3174 1142 3342 1198 quem
3371 1144 3499 1186 cum
3522 1130 3755 1199 gaudio

2090 1215 2274 1271 totius
2297 1215 2458 1272 urbis
2480 1214 2532 1269 in
2559 1214 2696 1270 sede
2720 1217 3217 1286 praedecessorum
3240 1218 3366 1288 ejus
3390 1220 3639 1290 llyrenei
3658 1226 3754 1275 at-

2092 1319 2205 1375 quo
2231 1304 2413 1359 Fotini
2442 1308 2574 1359 ante
2608 1307 2867 1374 tempora
2887 1304 3171 1361 secularia
3190 1306 3550 1377 preelcctum
3575 1307 3747 1364 loca-

2093 1395 2198 1451 vit.
2233 1396 2347 1449 Nec
2382 1393 2651 1449 fuitvana
2677 1392 2875 1462 populi
2899 1393 3203 1465 exultatio,
3230 1409 3358 1465 qua:
3383 1395 3437 1451 in
3458 1395 3585 1452 dies
3602 1412 3753 1466 aug-

2093 1488 2407 1555 mentatur,
2433 1487 2490 1539 et
2524 1482 2633 1538 fine
2663 1484 2912 1553 carebit,
2940 1484 3069 1553 quia
3089 1488 3288 1553 pastor
3310 1498 3508 1539 eorum
3536 1485 3750 1555 benig-

2092 1589 2223 1641 nus,
2251 1573 2306 1629 in
2330 1588 2461 1630 arce
2479 1576 2595 1646 poli
2618 1572 3022 1642 sacerdosjam
3040 1572 3407 1628 beatificatus
3432 1572 3579 1644 (144)
3602 1573 3747 1629 dum

2093 1662 2238 1717 vixit
2273 1662 2353 1718 illi
2388 1662 2617 1720 adhesit
2642 1664 2738 1735 qui
2762 1666 2850 1719 est
2876 1676 3089 1717 corona
3113 1664 3449 1716 sanctorum
3483 1666 3542 1717 et
3573 1661 3752 1718 exul-

345 1746 539 1815 animi,
557 1752 613 1802 et
639 1745 1079 1803 dissolutionem
1104 1753 1348 1804 noverat
1369 1749 1764 1807 habitatorum
1789 1750 1903 1807 loci
1923 1755 1980 1806 et
2012 1772 2065 1832 Β
2096 1751 2261 1823 tatio,
2289 1752 2384 1822 qui
2408 1751 2533 1809 loco
2559 1768 2671 1809 non
2690 1756 2944 1819 tenetur,
2970 1754 3027 1805 et
3059 1750 3304 1804 termino
3328 1763 3437 1805 non
3464 1755 3750 1819 augusta-

346 1833 1010 1903 inslabilitatemterrze,
1043 1851 1289 1908 parcens
1309 1837 1382 1907 ei,
1409 1852 1754 1909 quamquam
1779 1845 1981 1896 nosset
2050 1861 2064 1876 -
2095 1844 2210 1911 tur,
2247 1854 2350 1895 nec
2391 1842 2501 1897 fine
2548 1839 2934 1897 concluditur.
2982 1841 3026 1894 A
3065 1852 3177 1908 quo
3210 1838 3461 1894 donatus
3493 1837 3747 1908 praemio

348 1922 679 1993 utillimum,
697 1939 753 1979 1n
776 1925 1152 1981 concedendo
1165 1929 1290 1981 erat
1315 1925 1986 1999 difﬁcilis.Temptabant

343 2012 519 2069 etiam
552 2013 649 2083 qui
680 2029 809 2069 cum
858 2016 1050 2085 priore
1080 2030 1109 2070 a
1162 2015 1304 2071 Casa
1335 2016 1434 2071 Dei
1466 2021 1765 2087 venerant,
1802 2018 1987 2075 modis

346 2102 556 2170 quibus
580 2107 849 2173 poterant
874 2104 1143 2160 electioni
1168 2105 1575 2161 centradicere
1594 2124 1608 2171 ;
1625 2106 1725 2162 sed
1745 2107 1874 2177 quia
1889 2122 1986 2163 vo-

346 2186 541 2247 luntas
580 2191 686 2247 fuit
730 2193 972 2263 Domini,
1008 2194 1064 2248 in
1105 2194 1273 2263 cujus
1321 2210 1490 2251 manu
1522 2196 1701 2251 corda
1731 2202 1866 2252 sunt
1897 2212 1988 2253 re-

343 2293 500 2351 gum,
537 2284 600 2337 ut
633 2281 834 2351 petitis
864 2287 1224 2338 annueretur
1257 2284 1581 2339 auctoritas
1611 2288 1670 2339 et
1704 2283 1832 2341 laus
1855 2300 1984 2356 pro-

347 2368 888 2438 mulgavitconcilii.
916 2370 1036 2427 Illis
1053 2386 1194 2440 ergo
1220 2372 1735 2443 tumultuantibus,
1753 2374 1984 2445 vimque

346 2472 461 2526 quo
494 2457 625 2514 nisu
649 2462 921 2529 poterant
938 2459 1153 2515 inferre
1175 2461 1534 2531 parantibus,
1562 2462 1651 2518 hic
1675 2461 1808 2519 dum
1831 2463 1985 2519 clan-

347 2547 480 2604 culo
528 2549 716 2617 fugam
768 2554 1023 2619 pararet,
1069 2549 1302 2619 jamque
1343 2550 1699 2620 elabcretur,
1734 2551 1984 2623 capitur,

345 2639 603 2706 tenetur,
625 2640 682 2691 et
708 2637 851 2692 flens
876 2637 1237 2707 multumque
1261 2638 1480 2709 dolens,
1498 2639 1622 2696 suis
1645 2641 1821 2696 etiam
1848 2640 1989 2696 resi-

348 2724 645 2779 stentibus
662 2729 719 2779 et
758 2724 1319 2796 contradicentibus,
1344 2728 1400 2781 in
1429 2727 1989 2795 conciliumlrcduci-

348 2815 463 2882 tur,
482 2816 537 2866 ct
555 2812 831 2883 episcopo
846 2814 1232 2882 Linguonensi
1250 2814 1417 2870 laude
1433 2815 1985 2872 circumscdentium

350 2916 454 2970 per
468 2914 695 2956 manum
712 2901 1006 2957 redditur:
1024 2916 1054 2957 a
1069 2917 1182 2972 quo
1197 2902 1989 2975 sollicite:custodiendus,re-

349 2994 506 3047 moto
531 3005 769 3047 suorum
803 2990 1191 3062 amminiculo,
1222 2991 1381 3048 solus
1405 2992 1613 3049 deduci
1647 2996 1734 3049 est
1763 2994 1981 3063 jussus.

349 3079 605 3150 Cumque
639 3084 974 3136 moneretur
1003 3094 1033 3135 a
1068 3080 1421 3150 praisidente
1449 3081 1781 3153 episcopus,
1820 3085 1882 3138 ut
1913 3083 1984 3138 dc

346 3169 647 3225 concessis
662 3169 775 3224 Deo
787 3168 1009 3237 gratias
1024 3174 1309 3239 ageret,et
1323 3169 1509 3225 virum
1524 3170 1984 3241 lionoredignum

347 3256 458 3311 sibi
479 3257 852 3313 commissum
873 3257 1268 3328 adjuvaret,et
1294 3258 1348 3313 in
1373 3258 1716 3315 omnibusut
1742 3259 1989 3315 decebat

351 3344 591 3400 honeste
633 3347 935 3412 tractaret,
980 3345 1499 3415 praedecessorum,
1529 3345 1812 3401 Brunonis
1835 3346 1990 3403 scili-

348 3436 441 3486 cet
480 3430 740 3501 episcopi
785 3429 1055 3486 Willelmi
1096 3431 1348 3501 abbatis,
1393 3447 1636 3503 quorum
1681 3433 1991 3491 laudabilis

349 3519 972 3591 praedicatursocietas
990 3523 1045 3575 et
1071 3520 1340 3577 caritatis
1363 3522 1734 3595 unanimitas,
1752 3524 1992 3581 mentio-

348 3622 476 3664 nem
497 3607 718 3665 faciens
742 3626 754 3662 :
776 3609 871 3678 Si,
889 3608 1098 3679 inquit,
1112 3610 1296 3666 istum
1312 3624 1428 3666 mm
1447 3612 1752 3683 adjuvare,
1774 3628 1891 3670 non
1904 3615 1995 3672 di-

350 3696 564 3767 lacera,
587 3710 704 3752 non
725 3710 794 3753 ea
815 3697 1149 3754 tractavero
1169 3698 1427 3755 caritate
1446 3701 1507 3756 et
1522 3700 1851 3772 dulcedine,
1869 3716 1992 3773 qua

345 3786 548 3841 Emme
573 3784 951 3855 Willelmum,
967 3785 1314 3857 depersoner
1330 3787 1403 3843 ab
1417 3787 1779 3846 honoremco.
1797 3790 1986 3847 Divio-

347 3887 557 3929 ncuses
572 3876 765 3929 autem
782 3874 994 3929 fratres
1008 3874 1256 3930 concilio
1272 3876 1455 3946 primo
1468 3876 1560 3932 die
1575 3878 1981 3951 interfuerant,

346 3966 402 4017 et
436 3962 568 4033 quia
610 3976 715 4034 per
754 3977 818 4019 se
868 3963 1205 4035 nequibant,
1241 3963 1529 4021 electione
1575 3967 1871 4037 pontificis
1895 3968 1984 4025 sui

347 4050 621 4106 ordinare
653 4050 981 4108 mcclesiam
1013 4058 1445 4109 concesserant.
1483 4055 1653 4111 Sexta
1687 4059 1813 4112 erat
1844 4057 1983 4114 feria

346 4154 454 4209 qua
489 4139 611 4196 haec
634 4140 785 4196 facta
809 4143 975 4204 sunt;
1001 4145 1059 4196 et
1079 4141 1209 4210 quia
1236 4140 1448 4197 electio
1483 4143 1748 4214 fratrum,
1774 4144 1986 4215 quibus

345 4242 598 4298 praeesse
632 4228 903 4298 debebat,
931 4233 992 4283 ut
1023 4228 1237 4284 assolet
1271 4229 1700 4302 requirebatur,
1740 4233 1844 4289 hec
1876 4234 1986 4289 fuit

345 4315 619 4371 difﬁnitio
634 4316 888 4385 concilii,
906 4316 1033 4372 utsi
1056 4317 1457 4374 dieDominico
1484 4319 1695 4375 fratres
1709 4320 1983 4377 electioni

347 4404 781 4461 consentientes
813 4405 1206 4476 advenissent,
1231 4405 1457 4462 electus
1496 4409 1943 4467 benediceretur
1970 4429 1982 4465 :

2096 1928 2554 1985 immortalitatis
2577 1930 2782 1998 beatae,
2801 1928 3028 1983 civibus
3052 1929 3108 1982 et
3133 1925 3403 1982 omnibus
3427 1926 3496 1982 ad
3513 1940 3576 1981 se
3598 1941 3745 1982 con-

2097 2016 2453 2086 fugientibus
2488 2018 2908 2090 patrocinatur.
2946 2014 3123 2085 Cujus
3163 2014 3294 2085 quia
3338 2014 3453 2084 jam
3505 2014 3562 2069 in
3596 2029 3746 2086 pace

2097 2106 2285 2162 factus
2313 2110 2403 2163 est
2432 2107 2616 2178 locus,
2650 2112 2709 2162 et
2744 2106 2795 2161 in
2828 2107 2975 2176 Syon
3019 2104 3239 2161 crelesti
3273 2103 3558 2160 habitatio
3590 2103 3743 2172 ejus,

2094 2210 2327 2251 oremus
2358 2210 2508 2265 eum,
2546 2199 2603 2252 ut
2647 2200 2706 2251 et
2738 2210 2861 2265 nos,
2899 2193 2995 2264 qui
3044 2192 3311 2249 felicibus
3346 2191 3473 2261 ejus
3504 2192 3743 2261 gaudiis

2095 2297 2207 2337 non
2242 2283 2586 2353 Invidemus,
2616 2283 2727 2355 piis
2751 2282 2874 2338 suis
2897 2281 3172 2352 precibus
3193 2279 3262 2336 ad
3285 2295 3347 2336 se
3368 2280 3584 2350 trahat,
3607 2294 3746 2337 cur-

2094 2386 2221 2426 sum
2263 2376 2527 2427 nostrum
2562 2371 2618 2426 in
2666 2372 2815 2427 bono
2846 2368 3052 2425 deduci
3086 2374 3144 2425 et
3175 2367 3397 2439 expleri
3430 2368 3694 2439 eptiueat
3723 2387 3739 2423 :

2099 2475 2252 2525 cum,
2284 2460 2380 2530 qui
2424 2474 2554 2516 cum
2606 2459 2732 2529 ipso
2773 2473 2889 2514 uno
2936 2458 2990 2512 in
3039 2457 3169 2514 loco
3221 2456 3480 2525 selectus,
3519 2470 3632 2511 uno
3683 2460 3746 2512 et

2101 2547 2194 2603 die
2225 2552 2313 2603 est
2345 2552 2728 2603 consecratus
2763 2546 2980 2603 utinam
3014 2550 3132 2600 tam
3175 2548 3337 2600 sorte
3372 2544 3575 2600 beata!
3613 2558 3743 2616 pre-

2098 2637 2267 2693 cibus
2292 2635 2601 2693 indefessis
2627 2638 2919 2708 protegat,
2945 2639 3004 2690 et
3027 2633 3345 2690 dilectores
3369 2648 3507 2689 suos
3544 2639 3601 2689 et
3642 2647 3743 2690 ve-

2099 2727 2401 2781 neratores
2423 2740 2617 2781 secum
2642 2724 2697 2779 in
2722 2723 2925 2780 celcsti
2948 2722 3132 2793 gloria
3163 2737 3269 2778 nos
3299 2721 3510 2778 ascribi
3543 2722 3738 2778 faciat.

2170 2813 2499 2883 Stephanus
2547 2816 2740 2869 autem
2785 2811 3088 2867 Podicnsis
3118 2811 3352 2867 invasor
3379 2805 3508 2866 eum
3542 2810 3740 2866 Diensi

2098 2901 2375 2973 episc0po
2398 2902 2667 2957 Romana:
2683 2901 2843 2957 sedis
2858 2899 3049 2970 legato
3064 2899 3285 2969 IIugoni
3312 2900 3525 2955 multas
3546 2913 3745 2969 paras-

2099 2994 2191 3046 set
2223 2990 2488 3061 insidias,
2524 2990 2841 3046 novissime
2871 2993 3103 3044 euntem
3146 3003 3275 3044 eum
3318 2987 3390 3042 ad
3428 2986 3739 3043 concilium

2098 3079 2248 3150 apud
2303 3077 2531 3135 Clarum
2582 3080 2853 3147 Montem,
2885 3092 3015 3133 cum
3056 3075 3350 3132 canonicis
3389 3079 3523 3130 ante
3555 3074 3741 3131 altare

2099 3171 2317 3223 sanctze
2346 3167 2535 3223 Mariae
2568 3166 2859 3235 convenit,
2894 3169 2949 3221 ct
2986 3179 3047 3220 se
3091 3164 3323 3236 placitis
3363 3164 3488 3234 ejus
3519 3162 3588 3218 de
3619 3164 3741 3235 epi-

2099 3260 2341 3328 scopatu
2373 3257 2929 3327 obtemperaturum,
2953 3253 3001 3309 si
3028 3253 3080 3308 in
3110 3251 3361 3309 concilio
3385 3252 3510 3308 fons
3540 3265 3737 3307 causae

2098 3344 2225 3415 ejus
2259 3343 2730 3415 prolongaretur,
2765 3341 3050 3414 promisit.
3071 3339 3279 3396 Clerici
3312 3354 3540 3410 quoque
3564 3339 3740 3395 idem-

2097 3433 2278 3489 tidcm
2320 3432 2738 3504 promiserunt,
2773 3432 2818 3488 si
2868 3430 3168 3504 promissis
3200 3429 3368 3486 fidem
3420 3429 3737 3501 episcopus

2101 3537 2335 3579 servare
2369 3520 2569 3590 nollet,
2602 3536 2662 3577 se
2694 3535 2822 3577 eum
2857 3520 3216 3587 deserturos,
3242 3522 3299 3573 et
3322 3519 3591 3574 Romanae
3615 3518 3737 3574 sedi

2100 3610 2468 3681 obedituros,
2501 3609 2685 3680 Igitur
2716 3614 2851 3680 post
2882 3607 3273 3679 expletionem
3304 3605 3539 3662 concilii
3562 3604 3740 3661 Clari-

2102 3699 2438 3769 montensis,
2476 3704 2717 3771 propter
2748 3697 3077 3770 pactionem
3112 3711 3280 3766 quam
3315 3695 3436 3767 ipse
3460 3694 3740 3767 promise-

2102 3791 2189 3844 rat
2215 3787 2360 3843 infra
2389 3786 2514 3843 dies
2537 3791 2602 3844 15
2642 3787 2904 3858 quibusa
2950 3785 3192 3856 praefato
3236 3784 3427 3841 Diensi
3459 3782 3736 3855 episcopo

2097 3881 2434 3933 moneretur
2448 3876 2520 3933 ab
2540 3875 2883 3947 episcopatu
2899 3877 3291 3939 cessaturum,
3310 3877 3443 3929 ante
3457 3871 3767 3943 expletiou

2096 3979 2221 4022 nem
2247 3966 2469 4022 dierum
2494 3968 2871 4033 statutorum,
2898 3978 3028 4018 cum
3048 3962 3163 4033 jam
3189 3962 3526 4032 Lugdunum
3550 3959 3739 4016 venis-

2096 4060 2210 4125 set,
2243 4054 2312 4110 ad
2345 4053 2584 4109 Podium
2619 4052 2814 4122 rediit,
2844 4051 3044 4123 paucis
3076 4065 3273 4107 secum
3304 4048 3618 4106 comitibus
3649 4063 3737 4105 as-

2096 4142 2368 4213 sumptis,
2404 4142 2629 4197 donnus
2650 4141 2835 4210 Ilugo,
2864 4140 2996 4210 quia
3031 4153 3230 4195 omnes
3262 4136 3632 4209 tyrannidum
3656 4135 3737 4191 in-

2095 4230 2323 4288 vaseris
2351 4228 2511 4284 illius
2532 4230 2861 4298 suspectam
2883 4227 3197 4296 habebant,
3224 4229 3283 4281 et
3308 4224 3363 4280 in
3395 4223 3736 4282 celebratio-

2096 4334 2168 4375 ne
2193 4318 2381 4375 missae
2406 4321 2530 4389 post
2558 4316 2869 4373 recitatum
2891 4313 3257 4385 evangelium
3280 4312 3610 4384 intrepidus
3625 4311 3737 4368 cle-

2099 4422 2224 4464 rum
2258 4411 2317 4463 et
2370 4405 2661 4477 populum,
2698 4404 2830 4474 quia
2871 4407 2999 4459 crat
3038 4403 3251 4459 absens
3290 4401 3634 4472 Stephanus,
3667 4400 3736 4456 de

348 4488 397 4544 si
422 4504 534 4545 non
550 4489 761 4546 electio
783 4473 1279 4547 cassareturet’ad
1295 4509 1395 4549 sua
1415 4496 1643 4565 regredi
1668 4497 1984 4555 sineretur.
2019 4473 2070 4532 D
2102 4496 2366 4567 pactione
2387 4509 2516 4551 cum
2539 4507 2607 4549 eo
2633 4492 2780 4549 facta
2805 4491 3098 4560 convenit,
3120 4494 3178 4546 et
3201 4505 3271 4545 ne
3292 4490 3345 4546 ei
3365 4490 3419 4545 in
3443 4492 3735 4561 posterum

347 4578 433 4634 Ob
466 4577 521 4634 id
545 4579 616 4634 ab
640 4578 918 4650 episcopo
940 4585 996 4635 et
1023 4580 1171 4636 duce
1196 4583 1407 4639 nuncio
1432 4585 1672 4656 praepeti
1698 4601 1873 4643 cursu
1898 4588 1987 4642 Di-

346 4667 500 4723 vioni
534 4666 780 4736 directo,
816 4668 907 4723 die
940 4672 998 4723 et
1028 4669 1167 4725 hora
1200 4672 1531 4740 praestituta
1575 4674 1788 4730 fratres
1817 4675 1988 4731 adve-

345 4755 534 4825 niunt,
557 4754 899 4812 electionem
928 4756 1135 4812 factam
1167 4757 1390 4830 scripto
1422 4760 1723 4832 roborant,
1756 4766 1815 4817 et
1853 4764 1987 4819 obe-

345 4843 579 4900 dientiae
628 4844 756 4915 ejus
800 4844 972 4901 subdi
1021 4859 1135 4901 non
1180 4847 1580 4903 reformidant.
1626 4849 1882 4907 Laudant
1929 4851 1985 4907 in

337 4931 526 5001 jubilo
584 4932 779 4989 cordis
820 4937 878 4989 et
923 4933 1043 4989 oris
1082 4934 1382 4991 Dominum
1432 4941 1490 4991 et
1547 4938 1985 5007 magniﬁcantes

344 5032 473 5073 eum
504 5017 665 5059 3‘5-3‘7
690 5021 744 5074 in
771 5036 944 5077 unum
959 5021 1219 5077 exaltant
1244 5037 1448 5078 nomen
1468 5024 1594 5094 ejus
1618 5025 1671 5081 in
1694 5025 1747 5081 id
1774 5026 1982 5097 ipsum.

345 5106 487 5175 (Fol.
520 5105 650 5177 99‘.)
685 5110 805 5164 Uno
852 5109 1032 5179 igitur
1072 5110 1186 5180 die,
1222 5110 1279 5166 id
1329 5116 1416 5168 est
1450 5112 1543 5168 die
1591 5114 1887 5171 Dominico
1921 5120 1987 5172 15

346 5193 633 5251 Kalendas
663 5196 867 5254 Octob.
903 5200 1236 5256 consecrati
1260 5205 1399 5256 sunt
1421 5201 1574 5273 apud
1597 5203 1813 5259 Eduam
1839 5218 1990 5260 sum-

2098 4583 2405 4642 obedirent
2452 4579 2777 4652 apostolica
2830 4579 3185 4636 auctoritate
3234 4577 3550 4651 prohibuit,
3604 4577 3732 4634 data

2096 4672 2154 4728 in
2184 4686 2315 4728 eum
2366 4669 2462 4740 qui
2514 4684 2576 4725 se
2626 4668 3062 4737 absentaverat,
3118 4664 3734 4722 cxcommunicationis

2096 4758 2405 4827 sententia,
2441 4758 2491 4815 si
2525 4756 2774 4813 ulterius
2803 4754 3070 4811 ecclesite
3112 4754 3391 4811 incubare
3430 4768 3735 4825 praesume-

2097 4852 2204 4906 ret.
2242 4847 2421 4914 Quam
2453 4846 2581 4917 ejus
2621 4842 3280 4901 excommunicationem
3314 4841 3560 4897 domnus
3591 4856 3734 4913 papa

2097 4936 2480 5005 confirmavit,
2516 4933 2782 4991 scribens
2829 4930 3126 5003 episcopis
3166 4929 3481 4986 Galliarum
3516 4929 3572 4985 in
3613 4930 3734 4988 haec

2096 5025 2274 5082 verba
2302 5043 2313 5078 :

2174 5110 2537 5182 «Gregorius
2557 5108 2886 5182 episcopus,
2912 5121 3122 5165 servus
3141 5120 3448 5164 servorum
3471 5106 3591 5177 Dei,
3614 5107 3733 5163 uni-

2098 5201 2285 5260 versis
2307 5199 2620 5256 Galliarum
2642 5196 2935 5270 episcopis
2956 5199 3014 5253 et
3037 5195 3269 5253 cunctis
3292 5193 3604 5252 ordinibus
3627 5195 3733 5252 sub

1710 5343 1943 5399 VIAIUE
1982 5341 2365 5399 LECTIONES

414 5402 577 5445 ³⁴⁶-³⁴⁷
605 5419 735 5462 cum
764 5420 815 5461 c.

1932 5510 2152 5568 NOTAE.

418 5573 545 5640 164)
579 5572 734 5631 Obiit
776 5588 825 5631 a.
858 5573 1014 5634 1082.
