3950 6048
175 298 290 361 285

1436 304 1933 373 CHRONICON.
1966 346 2044 358 —
2076 313 2206 375 LIB
2237 314 2309 376 Il.

3462 304 3580 368 286

172 433 261 493 eis
289 436 659 513 constitutis,
696 456 824 514 quas
853 456 960 515 pro
1001 441 1227 502 meritis
1266 442 1533 517 debetur,
1566 443 1814 503 salutem
1844 443 1901 508 A
1929 447 2236 507 attendens
2265 462 2417 508 nunc
2450 446 2602 506 felici
2636 443 3064 504 exercitatione
3097 442 3378 503 virtutem
3422 441 3579 501 ﬂori-

170 528 227 581 et
280 528 669 599 apostolicam
720 531 1203 591 benedictionem.
1249 536 1456 592 Notum
1488 550 1619 593 esse
1652 535 1815 592 volu-

171 630 300 671 mus
328 618 568 674 caritati
601 626 810 678 vestrm
840 622 1007 693 (145),
1034 627 1148 680 etc.
1176 644 1204 677 1)

241 706 436 774 Igitur
466 707 688 765 electus
711 716 927 781 noster,
952 711 1338 782 Linguonensi
1368 714 1680 771 comitatus
1703 714 1816 786 epi-

166 808 359 866 scopo
389 795 461 851 ad
492 797 604 853 sibi
626 800 995 856 commissum
1022 800 1207 858 locum
1231 802 1563 873 deveniens,
1592 804 1813 873 ingres-

164 897 269 939 sus
297 890 393 940 est
424 885 769 943 Divionense
798 890 1146 962 ccenobium,
1177 891 1330 962 quod
1378 906 1687 962 numquam
1716 908 1813 949 an-

164 976 260 1027 tea
294 971 546 1045 11100101,
581 989 779 1041 mense
818 978 1183 1048 Septembrio
1234 980 1325 1035 die
1352 984 1440 1051 21,
1474 985 1531 1036 et
1566 982 1698 1051 quia
1732 983 1813 1039 lo-

165 1072 300 1115 cum
326 1059 490 1117 illum
519 1060 617 1117 tali
640 1063 944 1134 provisere
964 1065 1056 1122 vel
1081 1071 1317 1138 pastore
1350 1067 1600 1139 propitia
1635 1069 1812 1125 ditas-

164 1152 257 1203 set
290 1147 592 1215 divinitas,
640 1165 713 1207 ex
761 1156 900 1210 tunc
943 1159 1002 1210 et
1049 1156 1220 1212 modo
1272 1156 1569 1214 beneﬁciis
1613 1157 1811 1215 multis

162 1236 298 1305 ejus
353 1238 673 1295 declaravit
720 1241 923 1312 pictas.
979 1244 1201 1299 lnvcnit
1248 1246 1529 1302 fervorem
1570 1247 1809 1318 ordinis,

164 1340 343 1393 quem
369 1326 424 1380 in
461 1328 979 1398 prodecessoribus
1000 1332 1175 1389 fuisse
1200 1339 1529 1406 acceperat,
1555 1336 1813 1407 tepuisse

164 1418 291 1470 tum
322 1416 697 1486 praelatorum
735 1418 955 1475 incuria
997 1424 1114 1476 tum
1157 1424 1526 1480 subditorum
1564 1426 1811 1495 segnitia

163 1500 506 1557 habitacula
550 1518 850 1561 servorum
882 1506 977 1561 Dei
1012 1508 1214 1564 usibus
1245 1510 1512 1567 instituta
1545 1511 1707 1567 laicis
1736 1512 1816 1567 in-

164 1591 471 1647 trantibus
500 1597 559 1648 et
607 1594 962 1651 exeuntibus
1005 1598 1352 1668 communia,
1399 1599 1557 1655 intus
1611 1616 1811 1670 parum

162 1678 494 1748 religionis,
542 1681 681 1736 foris
729 1698 970 1741 acervos
1019 1686 1437 1744 tribulationis.
1494 1689 1811 1745 Ecclesiam

1926 539 2080 610 dum,
2111 538 2324 597 clamet
2358 540 2411 595 in
2441 538 2630 607 jubilo
2662 536 2899 593 cordis:
2933 537 3076 592 Hec
3092 535 3349 592 mutatio
3382 534 3578 593 dexte-

1920 642 2004 686 m
2026 629 2245 686 excelsi
2274 628 2466 697 (Psal,
2504 642 2687 691 Lxxvi,
2724 627 2831 693 11).
2862 627 3155 696 Ceperunt
3176 624 3291 693 jam
3328 624 3397 679 ad
3445 626 3572 695 ejus

1924 717 2136 772 10011110
2172 717 2335 772 11111111
2362 716 2641 771 nobilium
2666 719 2721 770 et
2746 713 3121 769 mediocrium
3146 727 3249 768 sua
3285 712 3576 783 relinque-

1924 819 2121 874 quere,
2146 801 2894 874 0110301011(118010111100180
2910 802 3183 869 subdere,
3204 813 3304 869 seq
3316 814 3385 855 ue
3400 799 3575 857 abue-

1919 899 2124 961 gantes
2140 893 2246 949 sub
2260 893 2386 959 ejus
2409 894 2626 948 ducatu
2658 894 2771 947 Deo
2793 891 2915 960 regi
2944 890 3037 946 uni
3063 896 3122 946 et
3143 903 3280 946 vero
3301 888 3570 960 militare,

1994 979 2134 1048 (Fel.
2159 984 2256 1035 100
2280 978 2687 1039 (1010111ον11,οι
2705 980 2942 1048 quinum
2956 977 3266 1034 concilium
3284 983 3421 1037 1078
3440 978 3552 1035 don

1923 1085 2030 1124 nus
2079 1068 2304 1123 Diensis
2352 1067 2663 1137 episcopus
2722 1066 2873 1136 apud
2931 1066 3132 1121 urbem
3195 1067 3569 1123 Pictavorum

1926 1157 2095 1228 (146),
2130 1157 2227 1212 ubi
2259 1160 2468 1226 quanta
2506 1159 2652 1211 Deus
2685 1160 2964 1226 operatus
2992 1154 3069 1210 sit
3101 1159 3160 1209 et
3189 1161 3401 1225 quanta
3434 1170 3572 1225 erga

1924 1260 2129 1301 servos
2163 1245 2378 1301 Christi
2412 1244 2680 1311 diabolus
2713 1250 2961 1298 conatus
2990 1242 3083 1306 sit,
3117 1258 3188 1298 ex
3221 1242 3439 1300 litteris
3489 1243 3575 1314 ip-

1926 1334 2047 1391 sius
2075 1335 2307 1390 domino
2332 1349 2499 1405 papa:
2526 1333 2768 1387 directis
2789 1332 3079 1401 conjicere
3098 1347 3434 1403 possumus,
3459 1347 3569 1403 qua

1925 1438 2049 1479 rum
2087 1428 2284 1478 textus
2315 1424 2427 1477 iste
2450 1428 2579 1477 est:
2616 1421 2853 1476 Domino
2888 1436 2949 1475 ac
2982 1421 3205 1476 meritis
3253 1422 3425 1478 beato
3478 1435 3575 1492 pa-

1928 1526 2013 1582 pae
2046 1511 2343 1577 Gregorio,
2378 1513 2537 1580 llugo
2570 1509 2803 1565 humilis
2835 1510 3146 1579 presbyter
3170 1508 3483 1578 Diensium,
3513 1508 3568 1564 in

1926 1600 2155 1655 domino
2179 1603 2294 1655 Deo
2319 1599 2586 1655 salutem.
2614 1602 2672 1654 ln
2699 1598 2969 1666 00001111,
2998 1597 3149 1667 quod
3178 1597 3431 1653 Pictavis
3466 1612 3571 1668 per

1925 1689 2172 1757 gratiam
2198 1689 2295 1744 Dei
2321 1704 2448 1744 cum
2475 1687 2672 1757 aliquo
2698 1689 2887 1742 fructu
2915 1685 3363 1755 celebravimus,
3391 1685 3573 1741 multa

163 1768 381 1824 annuis
412 1770 721 1839 stipendiis
759 1779 1046 1842 egentem,
1091 1790 1188 1829 ere
1223 1775 1411 1831 alieno
1446 1793 1808 1849 oppressam,
1848 1798 1894 1856 Β
1928 1780 2095 1835 nobis
2116 1781 2377 1849 pericula
2407 1779 2565 1849 prius
2593 1778 2647 1833 in
2674 1778 2901 1846 itinere,
2933 1777 3109 1832 multa
3136 1776 3302 1832 nobis
3324 1776 3570 1832 adversa

163 1858 530 1913 ornamentis
571 1860 995 1918 ecclesiasticis
1036 1864 1366 1933 spoliatam.
1410 1868 1700 1923 Urebatur
1740 1869 1813 1923 ob

166 1946 276 1999 hoc
326 1961 600 2002 curarum
670 1949 916 2015 cstihus,
965 1952 1340 2019 quatiebatur
1395 1954 1811 2022 cogitationum

164 2033 471 2104 ﬂuetibus,
532 2052 660 2092 cum
713 2038 938 2094 videret
995 2041 1326 2110 suscepisse
1386 2058 1446 2097 se
1504 2042 1812 2112 regendam

161 2121 496 2177 ecclesiam
532 2125 718 2193 magni
783 2128 1053 2187 nominis.
1089 2144 1307 2197 magnze
1341 2131 1711 2200 antiquitatis
1757 2140 1816 2187 et

161 2210 428 2281 antiquae
477 2211 803 2284 dignitatis,
837 2220 893 2270 et
920 2232 978 2272 se
1011 2218 1377 2288 eonSpicerct
1410 2226 1673 2288 egentem
1700 2236 1815 2276 om-

163 2299 343 2355 nibus
390 2300 577 2370 bonis,
607 2303 765 2360 intus
813 2311 873 2359 et
908 2310 1073 2360 extra
1108 2307 1259 2361 omni
1296 2308 1638 2365 destitutum
1667 2311 1817 2366 sola--

165 2389 345 2457 mine,
373 2405 488 2460 quo
517 2390 1206 2461 fultusregularitcrcum
1225 2396 1333 2451 sibi
1360 2398 1684 2455 commissis
1700 2400 1815 2454 Deo

163 2478 368 2547 quiret
392 2480 633 2535 servire.
662 2482 777 2537 lloc
794 2482 943 2537 enim
974 2483 1084 2538 sibi
1110 2500 1392 2541 summum
1422 2492 1477 2540 et
1507 2487 1812 2543 maximum

163 2572 298 2621 erat
335 2568 618 2637 refugium
655 2570 709 2623 in
744 2571 942 2626 verbis
972 2572 1194 2627 Domini
1221 2573 1500 2628 dicentis:
1543 2575 1825 2636 Primum.

164 2657 409 2725 querite
429 2671 677 2726 regnum
699 2660 811 2714 Dei
834 2662 889 2713 et
897 2661 1209 2730 justitiam
1234 2665 1383 2732 ejus,
1414 2664 1474 2718 et
1490 2666 1687 2719 omnia
1712 2665 1814 2721 ad-

152 2744 462 2814 jiciantur
507 2745 670 2803 vobis
709 2746 946 2811 (Mutila.
974 2764 1027 2803 vi
1058 2751 1167 2820 33).
1210 2752 1477 2817 Noverat,
1508 2752 1642 2822 quia
1682 2768 1812 2809 cum

169 2838 474 2889 cresceret
489 2833 1046 2906 interiusreligionis
1060 2838 1337 2908 studium,
1356 2841 1816 2912 exteriorisquo-

170 2937 285 2991 que
310 2922 656 2979 substantiae
679 2926 982 2980 accederet
999 2928 1485 2998 supplementum.
1506 2928 1644 3000 (Fel.
1668 2930 1811 3001 102.)

170 3010 258 3065 Ad
285 3012 440 3082 quod
472 3014 813 3070 sectandum
838 3016 968 3085 quia
988 3017 1079 3072 sui
1102 3031 1230 3073 eum
1253 3032 1325 3071 ex
1347 3031 1497 3088 equo
1525 3034 1629 3075 non
1656 3018 1815 3089 adju-

1927 1869 1980 1924 in
2014 1869 2140 1939 ipsa
2172 1869 2430 1935 civitate,
2469 1872 2589 1922 tum
2620 1867 2673 1921 in
2709 1865 3109 1935 concilio,tum
3134 1868 3299 1920 extra
3332 1864 3577 1919 exstite-

1927 1972 2006 2012 re.
2043 1959 2188 2012 Eccc
2221 1956 2369 2011 enim
2404 1970 2506 2011 rex
2536 1957 2884 2009 Francorum
2923 1953 3258 2009 contrarius
3284 1953 3396 2008 sibi
3439 1954 3572 2025 ipsi,

1926 2045 2058 2114 quia
2083 2044 2414 2100 contrarius
2438 2049 2565 2098 erat
2589 2042 2710 2110 regi
2736 2041 2865 2105 celi,
2891 2042 3046 2096 misit
3073 2041 3303 2098 litteras
3328 2042 3574 2112 primum

1928 2134 2084 2196 1111111,
2107 2134 2161 2188 10
2186 2133 2399 2204 quibus
2422 2131 2815 2187 conﬁtebatur
2842 2131 3099 2197 Domino,
3144 2130 3433 2186 desiderio
3480 2130 3576 2186 dc-

1925 2222 2191 2277 siderans
2214 2236 2274 2276 se
2299 2220 2493 2275 vocari
2523 2218 2701 2273 11110111
2727 2233 2934 2283 meum,
2960 2222 3170 2273 etcum
3202 2218 3353 2273 omni
3385 2218 3571 2288 gloria

1925 2315 1984 2366 et
2016 2312 2232 2365 11011010
2266 2308 2676 2364 0001011101001
2713 2311 2927 2362 nostra)
2953 2305 3263 2375 legationis
3283 2320 3573 2361 commen-

1926 2399 2173 2454 dabilcm
2197 2399 2471 2453 cilicicns.
2500 2394 2714 2451 Deinde
2736 2395 2957 2464 comiti,
2986 2400 3103 2449 tum
3129 2395 3305 2449 etiam
3338 2394 3569 2465 episco-

1927 2488 2014 2559 pis
2047 2487 2135 2542 sui
2165 2486 2316 2556 juris
2348 2486 2576 2540 litteras
2608 2484 2764 2538 misit
2791 2484 3066 2551 adjnrans
3095 2498 3198 2537 eos
3227 2483 3381 2537 omni
3425 2486 3571 2540 atte-

1928 2576 2199 2639 statione,
2233 2580 2291 2630 et
2321 2590 2437 2629 suae
2472 2573 2794 2640 majestatis
2829 2587 2893 2627 ac
2926 2570 3230 2626 lidelitatis
3264 2585 3400 2626 reos
3431 2585 3570 2626 esse

1928 2665 2278 2719 instituens:
2306 2662 2533 2719 Scilicet
2563 2662 2854 2728 comitem,
2889 2660 2935 2715 si
2982 2663 3286 2730 pateretur
3327 2673 3433 2715 nos
3483 2675 3573 2715 us-

1928 2754 2074 2825 piam
2108 2753 2200 2808 ubi
2233 2758 2437 2822 posset
2465 2750 2869 2805 conventicula
2899 2754 2956 2804 et
2992 2748 3155 2818 quasi
3187 2747 3455 2817 concilia,
3488 2748 3573 2803 810

1926 2857 1993 2897 00
2016 2856 2251 2907 vocans,
2277 2841 2575 2896 celebrare
2600 2856 2613 2904 ;
2636 2838 2944 2909 episcopos
2966 2852 3122 2906 vero,
3141 2836 3188 2892 si
3216 2838 3569 2893 interessent

1924 2931 2016 2987 vel
2051 2929 2267 2985 nostris
2294 2930 2552 2983 faverent
2582 2926 2859 2995 decretis,
2895 2926 2950 2981 in
2986 2925 3198 2995 quibus
3240 2925 3573 2981 nitebamur

1926 3020 2296 3090 Splendorem
2319 3032 2549 3073 coronze
2571 3017 2699 3086 ejus
2722 3015 3033 3071 obfuscare
3056 3018 3113 3069 et
3132 3013 3458 3084 principum
3492 3026 3575 3069 re-

170 3101 695 3168 vant,Cluniacum
724 3103 887 3173 abiit,
914 3105 1218 3162 consilium
1247 3110 1303 3161 et
1329 3107 1607 3164 auxilium
1630 3110 1702 3164 ab
1724 3110 1815 3164 ab-
1846 3145 1894 3205 Ο
1922 3109 2017 3178 gni
2046 3107 2193 3177 ejus.
2229 3109 2307 3162 Ex
2330 3106 2434 3161 hac
2465 3120 2605 3174 ergo
2636 3104 2995 3159 adversitate
3029 3102 3246 3158 inimici
3298 3101 3570 3205 veritatis

172 3190 704 3247 bateCluniacense
730 3193 1167 3264 quzesivit,quia
1192 3194 1263 3250 de
1288 3194 1412 3251 loco
1435 3195 1535 3251 illo
1571 3197 1815 3267 perWil-

168 3277 429 3345 lelmum,
446 3280 937 3350 praedecessorem
956 3297 1144 3351 suum,
1173 3282 1497 3340 recolendze
1522 3286 1813 3343 memoriae

166 3367 383 3436 virum,
423 3368 551 3424 fons
575 3368 941 3424 derivavcrat
984 3370 1387 3441 religionis,de
1416 3388 1528 3442 quo
1560 3379 1815 3445 postmo-

167 3454 309 3510 dum
322 3455 595 3511 omnibus
609 3456 833 3527 vicinis,
850 3458 1072 3514 exteris
1086 3474 1312 3530 quoque
1327 3466 1387 3516 et
1400 3459 1570 3531 longe
1585 3464 1808 3533 positis,

168 3544 321 3599 satis
353 3544 699 3615 abundeque
723 3547 1152 3618 prepinaverat.
1173 3550 1283 3605 Nec
1308 3554 1367 3605 ut
1396 3549 1629 3607 volebat
1661 3552 1815 3609 inve-

170 3634 278 3687 nit.
308 3632 573 3697 Quesivit
593 3646 621 3686 0
650 3635 762 3689 000
785 3634 962 3690 00100
978 3636 1235 3691 00011110
1257 3640 1312 3692 01
1338 3637 1639 3695 humiliato
1656 3644 1713 3695 et
1735 3640 1817 3694 in-

167 3721 364 3776 venit:
394 3735 573 3792 prOpe
596 3728 684 3777 est
709 3723 860 3792 enim
884 3724 1124 3780 obtritis
1146 3726 1323 3781 corde
1343 3728 1619 3783 Dominus
1645 3734 1700 3783 et
1728 3743 1817 3784 sa-

168 3809 460 3865 criﬁcium
483 3810 535 3865 ei
553 3811 949 3879 gratissimum
984 3813 1229 3884 Spiritus
1254 3815 1703 3873 contribulatus.
1732 3818 1815 3872 Ad

171 3899 394 3954 fontem
421 3898 597 3967 igitur
621 3900 719 3955 Dei
744 3899 858 3969 hic,
878 3916 1046 3970 quem
1069 3902 1123 3957 in
1140 3902 1427 3960 electione
1445 3919 1549 3961 sua
1577 3906 1819 3974 Linguo—

170 3987 375 4043 nensis
400 3987 711 4059 episcopus
750 3989 968 4059 piscem
994 3990 1064 4045 de
1094 3991 1251 4047 fonte
1277 3992 1371 4048 Dei
1396 3994 1814 4063 nominaverat,

172 4076 375 4145 rediit,
410 4075 603 4146 pisces
641 4081 884 4134 octonos
924 4082 1149 4135 octonm
1192 4080 1576 4138 beatitudinis
1596 4081 1817 4138 virtute

171 4179 459 4221 coruscos
500 4179 693 4221 secum
732 4165 994 4237 adduxit,
1022 4182 1168 4238 quos
1198 4183 1332 4224 vere
1355 4169 1547 4240 pisces
1569 4170 1815 4227 dixerim

173 4266 282 4322 pro
303 4250 506 4308 sedula
532 4252 909 4309 meditatione
931 4254 1387 4325 spiritualitatis,
1420 4272 1589 4328 quam
1631 4258 1817 4314 inten-

172 4339 495 4410 debant,ut
526 4340 703 4411 piscis
726 4355 929 4412 aquam
964 4343 1250 4408 ﬂuminis;
1274 4350 1334 4400 et
1360 4346 1501 4401 fonti
1535 4346 1644 4402 sibi
1663 4362 1816 4404 com-

168 4429 370 4498 misso,
388 4443 556 4499 quem
570 4430 850 4486 viciorum
878 4432 1174 4502 prurigine
1190 4433 1547 4489 sentinosum
1564 4449 1815 4506 purgare

1923 3196 2223 3252 audaciam
2245 3194 2420 3263 nacti,
2439 3191 3070 3248 nobisinsultandoeos
3086 3204 3230 3261 pene
3264 3192 3572 3246 traxerunt

1925 3285 1980 3339 in
2012 3284 2334 3351 sinistram,
2363 3296 2508 3351 quos
2539 3280 2981 3336 considerabam
3023 3280 3093 3335 ad
3148 3278 3468 3349 dexteram,
3512 3282 3569 3334 et

1923 3374 2212 3442 videbam,
2241 3378 2298 3427 et
2323 3386 2430 3425 non
2455 3373 2579 3426 erat
2603 3370 2695 3440 qui
2721 3372 3228 3438 Cognosceretme.
3250 3369 3396 3424 Ecce
3419 3367 3570 3423 enim

1926 3462 2108 3533 pestis
2138 3465 2192 3516 et
2228 3460 2485 3515 dedecus
2508 3462 2727 3514 sanctze
2753 3456 3060 3526 aecclesite,
3086 3456 3570 3526 archiepiscopus

1924 3549 2292 3616 Turonensis,
2325 3553 2384 3603 et
2417 3562 2545 3602 cum
2569 3561 2639 3601 co
2688 3546 3005 3617 episcopus
3049 3544 3427 3613 Redonensis,
3478 3558 3574 3600 su-

1926 3636 2274 3709 perbissime
2300 3635 2583 3707 perversi,
2610 3638 2797 3690 totum
2822 3648 2969 3704 pene
2984 3636 3420 3704 occupaverunt
3439 3646 3573 3688 con-

1926 3726 2142 3782 cilium.
2178 3723 2541 3780 Redonensis
2569 3737 2816 3793 namque
2849 3722 3267 3794 comprobatus
3299 3726 3390 3777 est
3433 3734 3571 3777 reus

1928 3814 2060 3885 quia
2087 3828 2195 3870 non
2223 3813 2385 3883 prius
2409 3812 2715 3868 ordinatus
2748 3812 2802 3866 in
2834 3811 3134 3880 clericum,
3162 3810 3466 3867 ordinatus
3480 3815 3572 3867 est

1927 3903 1982 3958 in
2013 3902 2388 3973 episcopum;
2422 3901 2708 3972 promissa
2747 3900 2908 3970 prius
2941 3915 3007 3955 ac
3037 3899 3409 3970 postmodum
3435 3897 3570 3953 data

1928 3991 2087 4061 pallii
2122 4005 2304 4060 cappa
2337 3990 2406 4044 ab
2454 3988 2733 4059 episc0po
2776 3987 3179 4057 Andegavensi
3230 3986 3573 4042 Redonense

1925 4085 2117 4135 tamen
2154 4078 2295 4133 illud
2333 4077 2650 4145 nesciente,
2687 4082 2774 4133 set
2805 4075 2961 4131 aliud
2987 4079 3120 4131 ante
3143 4075 3571 4132 ordinationem
3647 4110 3650 4114 ι

1925 4168 2281 4232 confitente;
2316 4165 2544 4221 scilicet
2566 4180 2695 4220 cum
2719 4178 2899 4234 eques
2920 4178 3066 4233 esse,
3092 4163 3349 4234 equitem
3390 4161 3575 4217 inimi-

1924 4272 2053 4313 cum
2087 4257 2158 4311 ab
2189 4269 2338 4325 equo
2370 4253 2600 4323 dejecit,
2646 4257 2701 4309 et
2755 4252 2928 4322 hujus
2975 4251 3339 4309 Redonensis
3378 4242 3575 4307 8001118

1924 4360 2106 4417 eques
2137 4344 2426 4413 di-jectum
2453 4342 2613 4397 illum
2634 4341 2871 4397 vulnere
2908 4341 3164 4397 confodit
3191 4340 3322 4411 :qui
3368 4354 3473 4412 pro
3503 4354 3570 4395 ea

1927 4433 2253 4503 dejectione
2285 4436 2341 4487 et
2377 4430 2618 4488 vulnere
2651 4431 2706 4486 in
2728 4434 2971 4486 mortem
2995 4429 3290 4485 occubuit.
3324 4429 3439 4486 Nos
3469 4428 3572 4499 igi-

168 4517 539 4587 deereverat,
560 4518 747 4575 saltus
765 4500 944 4591 super
961 4500 1139 4591 aquas
1163 4500 1820 4593 pennisvirtutumdan-
1846 4500 1899 4560 Ῑ)
1927 4500 2025 4579 tur
2055 4520 2365 4577 multorum
2414 4518 2690 4591 precibus
2739 4518 2996 4575 inclinati
3040 4517 3292 4574 nondum
3341 4517 3573 4589 deposi-

169 4612 264 4662 tes
280 4605 541 4662 immisit.
561 4608 640 4661 Ex
655 4606 747 4663 bis
761 4608 1013 4678 priorem
1038 4609 1371 4679 constituit,
1389 4611 1605 4667 ceteris
1631 4612 1814 4669 ot’llcia

170 4693 405 4765 singula
461 4693 788 4767 deputavit,
816 4700 877 4752 ut
903 4711 1101 4754 eorum
1124 4698 1391 4770 exemplo
1415 4700 1653 4756 doceret
1688 4700 1819 4758 reli-

168 4797 320 4853 quos
342 4782 491 4839 vicia
520 4783 768 4853 calcare,
812 4785 1064 4841 virtutes
1110 4793 1407 4857 appetere,
1443 4792 1499 4842 et
1544 4788 1820 4845 desuetos

166 4871 397 4927 animos
417 4870 806 4928 habitantium
838 4879 1201 4929 assuesceret
1226 4875 1486 4930 moribus
1520 4875 1819 4946 religioso-

168 4975 236 5015 rn
262 4974 336 5015 m.
392 4960 504 5016 Sed
540 4960 680 5031 quid
712 4960 914 5018 multis
956 4960 1270 5019 immoror?
1300 4964 1478 5019 Tanta
1519 4970 1647 5020 acta
1680 4972 1816 5022 sunt

166 5048 298 5118 ejus
319 5048 524 5106 labore
546 5047 930 5119 etindustria,
950 5049 1048 5105 Dei
1071 5049 1345 5121 praeduce
1378 5051 1587 5122 gratia,
1615 5058 1680 5110 ut
1721 5054 1816 5125 qui

165 5135 415 5193 vidisset
440 5139 609 5192 antea
630 5136 817 5194 locum
840 5141 1080 5208 torpore
1104 5136 1473 5208 negligentiae
1490 5140 1813 5213 confusum,

1928 4615 2071 4680 tum,
2098 4610 2200 4666 sed
2230 4608 2461 4665 interim
2491 4622 2860 4679 suspensum,
2895 4607 3027 4678 quia
3062 4621 3182 4663 suae
3231 4606 3395 4662 utilis
3445 4610 3571 4662 erat

1929 4698 2231 4768 0100108101,
2251 4702 2468 4753 vestrae
2485 4696 2555 4750 mi
2566 4694 2904 4752 sericordiae
2920 4693 3393 4765 prmsentandum
3408 4698 3465 4749 01
3485 4695 3575 4763 ju-

1929 4787 2236 4844 dicandum
2272 4785 2633 4856 reliquimus.
2660 4783 3015 4840 Turonensis
3058 4797 3194 4839 vero
3233 4782 3576 4853 comproba-

1930 4882 2028 4932 tus
2057 4880 2149 4931 est
2177 4880 2309 4930 ante
2333 4874 2734 4945 episcopatum
2768 4871 3065 4929 decaniam
3116 4870 3348 4940 emisse,
3402 4883 3572 4940 quam

1927 4980 1999 5020 ex
2028 4962 2449 5019 consuetudine
2481 4959 2608 5030 ejus
2639 4961 2927 5030 ecclesiae,
2959 4959 3068 5016 nisi
3101 4958 3198 5030 qui
3217 4959 3335 5029 jam
3380 4972 3575 5015 sacer-

1929 5053 2035 5110 dos
2069 5050 2274 5108 fuisset
2305 5049 2397 5105 vel
2422 5051 2538 5120 jam
2574 5050 2806 5106 futurus
2834 5046 3107 5114 sacerdos
3137 5050 3315 5117 esset,
3357 5046 3575 5104 habere

1929 5156 2040 5198 non
2068 5143 2286 5213 posset.
2322 5139 2422 5194 1110
2454 5138 2633 5209 igitur
2660 5137 3013 5194 Turonensis
3033 5134 3387 5194 nullo-modo
3406 5150 3579 5194 cano-

1762 5265 1983 5324 ΝΟΤᾸΞ.

239 5371 391 5450 (iis)
416 5374 557 5450 Data
593 5372 987 5450 Bibianellox,
1034 5375 1397 5450 Kal._April.,
1433 5378 1547 5434 ind.
1576 5381 1724 5450 111,1.
1758 5396 1809 5437 e.

169 5445 328 5518 1077.
355 5444 612 5518 Registr.
652 5446 740 5518 IV,
778 5449 859 5503 10.
883 5446 1024 5503 Vide
1068 5448 1123 5503 in
1149 5444 1427 5518 Gregorio
1461 5450 1573 5506 Vll.
1610 5444 1688 5508 De
1719 5467 1815 5510 eo-

163 5514 299 5571 dem
318 5516 526 5591 eodem
555 5515 649 5572 die
679 5517 812 5591 d_ata
841 5522 930 5574 est
961 5518 1208 5591 epistola
1234 5514 1322 5589 iV,
1361 5524 1443 5575 18.
1480 5521 1550 5577 ad
1581 5525 1815 5580 canoni-

166 5600 270 5643 cos
298 5585 658 5644 Anicienses.
691 5588 752 5643 Κ.

1998 5417 2146 5487 (146)
2183 5430 2324 5491 111111
2336 5413 2654 5491 11011³0111.
2689 5411 3039 5491 0100111810ιο
3064 5411 3321 5491 Hugonis
3348 5410 3575 5491 Diensis

1924 5482 2267 5617 :gépii‘pam,
2307 5484 2483 5540 Mansi
2531 5486 2643 5554 XX,
2697 5482 3134 5540 490(Canones
3178 5482 3309 5538 vide
3361 5482 3573 5539 ibidem
