3950 6048
393 295 507 359 28⁸7

1356 303 1724 367 HUGONIS
1770 300 2118 365 ΑΕΒ-ΧΤῐὸ
2159 298 2839 364 ῙἻιΑνΙΝῘᾹΠΕΝΞῘΞ

3673 298 3795 363 288

392 435 526 494 nice
557 431 802 509 electus,
848 451 959 497 non
1012 437 1200 514 potuit
1241 440 1508 515 optinere
1556 454 1587 498 a
1638 455 1773 512 rege
1824 439 2039 500 donum
2066 443 2119 505 A

2184 434 2349 507 ositi,
2416 440 2515 492 aut
2560 436 2736 493 etiam
2809 430 3127 508 dampnati,
3206 431 3458 492 libenter
3548 441 3795 495 currunt

393 526 790 600 episcopatus,
836 546 1017 601 usque
1067 530 1203 587 dum
1251 546 1432 603 nepos
1481 532 1651 603 hujus
1700 531 1886 603 ipsius
1930 547 2036 605 per

394 630 659 673 nummos
692 619 990 689 praefatam
1020 620 1317 676 decaniam
1342 621 1513 676 fuerit
1543 620 1807 692 adeptus.
1834 623 1911 677 De
1946 622 2037 692 Sy-

395 705 582 760 monia
613 707 788 763 etiam
824 707 996 764 aliter
1027 714 1335 765 accusatus
1357 713 1466 779 est,
1487 710 1618 781 quia
1643 709 1870 766 cuidam
1896 710 2040 766 mili-

397 792 438 847 ti
472 793 672 851 silvam
702 797 1057 868 promiserit,
1094 799 1138 853 si
1166 812 1269 869 pro
1298 797 1643 870 episcOpatu
1667 814 1796 855 eum
1853 799 2037 869 jnvis-

395 886 503 938 set.
540 883 703 950 Quod
744 900 872 941 cum
906 890 1111 958 postea
1146 885 1308 942 miles
1337 886 1445 957 ipsi
1470 887 1882 959 improbasset,
1924 890 2036 944 An-

395 970 739 1042 degavensis
760 975 1076 1046 episcopus
1111 976 1294 1047 affuit,
1345 977 1441 1046 qui
1492 977 1658 1033 nobis
1703 992 1776 1032 ex
1829 978 2031 1034 eodem

394 1060 548 1115 clara
583 1076 721 1117 voce
748 1061 1145 1119 testimonium
1175 1064 1487 1136 perhibuit.
1525 1066 1778 1135 Longum
1800 1071 1913 1136 est,
1937 1081 2035 1138 pa-

394 1152 504 1217 ter,
539 1164 879 1205 enumerare
911 1152 1113 1207 turbas
1140 1156 1200 1207 et
1231 1154 1557 1224 (onﬁictus,
1586 1169 1730 1224 quos
1759 1159 1817 1209 et
1859 1170 2036 1225 quan-

393 1240 501 1305 tas,
531 1239 819 1308 quomodo
842 1242 898 1294 et
922 1240 1017 1294 ubi
1042 1241 1134 1297 hic
1155 1243 1503 1299 Turonensis
1535 1242 1703 1298 nobis
1736 1243 2031 1299 intulerit:

394 1325 706 1396 aliquando
741 1344 844 1398 pro
880 1330 1222 1384 Rodonense
1275 1345 1580 1400 numquam
1635 1330 2033 1387 ratiocinando

393 1415 493 1471 sed
519 1431 747 1487 semper
766 1418 1099 1486 garriendo,
1124 1418 1435 1488 aliquando
1461 1420 1651 1489 profse
1674 1420 2035 1475 inclamitan-

395 1504 491 1572 do,
523 1519 652 1561 cum
686 1507 838 1560 omni
873 1522 1110 1562 suorum
1133 1508 1481 1576 garrulitate
1503 1512 1561 1563 et
1584 1509 1903 1579 impudenti
1937 1524 2035 1565 au-

396 1594 559 1648 dacia
590 1593 959 1651 clericorum.
995 1598 1132 1651 Nam
1158 1596 1290 1652 dum
1322 1597 1495 1653 etiam
1526 1597 2033 1669 archiepiscopum

398 1682 837 1750 Lugdunensem
863 1698 1010 1755 pene
1029 1684 1395 1741 innectereut
1419 1686 1488 1741 ad
1513 1686 1821 1743 tuitionem
1846 1701 2029 1757 suam,

2145 526 2420 591 Romam;
2461 529 2518 582 et
2570 524 2667 580 ubi
2719 523 3001 580 deberent
3048 525 3271 581 sentire
3331 524 3668 596 ampliorem
3723 525 3799 581 ri-

2142 627 2341 683 gorem
2388 613 2656 685 justitize,
2708 614 2839 670 inde
2891 618 3198 684 reportant
3252 614 3417 684 quasi
3470 613 3799 671 misericor-

2146 702 2297 758 diam
2329 716 2434 774 pro
2463 702 2765 759 voluntate
2798 720 2812 770 ;
2846 706 2904 757 et
2938 702 3033 772 qui
3067 708 3236 758 antea
3293 717 3397 758 nec
3456 702 3511 757 in
3568 702 3800 760 levibus

2147 796 2648 863 praesumpserunt
2728 806 2990 862 peccare,
3066 791 3436 863 postmodum
3520 797 3798 849 exercent

2145 880 2508 951 aptissimam
2542 880 3001 949 negociationem
3034 895 3163 936 cum
3196 879 3504 951 tyrannide
3538 880 3592 936 in
3640 896 3800 937 com-

2146 968 2341 1025 missis
2370 968 2481 1025 sibi
2513 969 2816 1026 :ecclesiis.
2872 969 3004 1039 Ora,
3054 969 3423 1043 sanctissime
3474 983 3640 1043 papa,
3693 985 3800 1042 pro

2145 1072 2254 1126 me,
2290 1058 2480 1113 inutili
2508 1073 2676 1114 servo
2708 1058 3040 1115 sanctitatis
3071 1062 3303 1115 vestrae.

2218 1147 2366 1215 (Fol-
2397 1148 2542 1217 100.)
2574 1148 2793 1203 Domno
2824 1146 3102 1217 Gregorio
3133 1162 3360 1204 summo
3393 1148 3679 1220 pontiﬁci,
3707 1164 3802 1220 pa-

2142 1234 2219 1290 tri
2252 1240 2311 1289 et
2333 1235 2565 1291 domino
2597 1250 2721 1303 suo,
2750 1236 2815 1290 Μ.
2854 1236 3003 1307 (147)
3036 1237 3133 1292 Dei
3160 1238 3347 1306 gratia
3375 1239 3687 1294 Remorum
3715 1254 3804 1294 ar-

2142 1323 2570 1394 chiepiscopus,
2604 1323 2832 1379 ﬁdelem
2869 1326 3179 1381 servitutis
3196 1329 3253 1381 et
3283 1326 3636 1382 obedientize
3662 1328 3799 1382 sub-

2138 1411 2447 1482 jectionem
2470 1417 2526 1468 et
2553 1414 2838 1468 orationis
2863 1414 3249 1469 devotionem.
3278 1416 3509 1485 Vestro,
3533 1415 3798 1481 domine,

2145 1500 2480 1557 interventu
2536 1505 2592 1557 et
2649 1502 3056 1558 obsecratione
3117 1502 3348 1559 reddidi
3409 1504 3661 1559 dominae
3732 1505 3799 1559 bl.

2144 1588 2446 1646 marchisaa
2466 1590 2655 1645 omnia
2690 1606 2817 1661 quae
2846 1591 2917 1646 de
2941 1606 3028 1646 me
3051 1606 3194 1648 suus
3218 1597 3559 1648 antecessor
3585 1594 3799 1661 tenuit,

2143 1681 2198 1732 et
2234 1678 2303 1733 ad
2337 1678 2695 1735 defendenda
2728 1679 2927 1736 eadem
2961 1680 3269 1737 consilium
3301 1695 3487 1736 meum
3528 1686 3587 1736 et
3633 1682 3799 1737 auxi-

398 1771 475 1824 ita
508 1773 568 1825 ut
604 1787 708 1841 pro
728 1773 1022 1830 eisoraret
1053 1774 1141 1829 vel
1188 1774 1628 1845 obloqueretnr,
1667 1776 1889 1832 foribus
1941 1791 2033 1832 ec-
2069 1802 2118 1861 Β
2149 1764 2287 1861 litin}
2321 1780 2389 1861 39
2420 1770 2694 1861 P_003Pt_}18_
2723 1769 3207 1861 "1905_DP0mm9
3243 1768 3511 1861 _ﬁde_mel‘
3558 1774 3617 1861 θβ
3674 1785 3804 1842 ΡΓοο

395 1857 591 1915 clesiaa
612 1860 870 1918 efl‘ractis
896 1863 1214 1918 servientes
1238 1878 1437 1920 eorum
1463 1865 1773 1921 securibus
1811 1870 2031 1921 armata

398 1962 564 2003 manu
601 1948 984 2019 introeuntes,
1019 1950 1094 2007 ita
1128 1951 1435 2007 concilium
1453 1968 1656 2021 magno
1675 1953 2040 2009 tumultuex-

395 2036 801 2107 turbaverunt,
838 2038 988 2109 quod
1025 2041 1259 2095 fratrem
1282 2042 1337 2096 Τ.
1366 2043 1419 2096 in
1447 2046 1690 2097 mortem
1717 2041 2035 2113 dedissent,

396 2124 503 2180 nisi
531 2126 803 2183 Dominus
828 2131 890 2183 ut
912 2134 1078 2184 scuto
1104 2131 1266 2185 bona)
1290 2130 1610 2187 voluntatis
1631 2145 1751 2187 suae
1766 2146 2040 2187 coronas-

396 2218 488 2269 set
520 2229 670 2281 eum.
710 2218 789 2272 Ita
823 2217 992 2273 nobis
1012 2219 1472 2289 cum_paucitate
1502 2234 1566 2275 ac
1596 2220 1882 2276 dedecore
1906 2221 2041 2276 reli-

397 2302 530 2372 etis,
564 2303 913 2360 Turonensis
963 2308 1021 2359 et
1071 2287 1421 2375 suﬁraganei
1456 2306 1582 2374 ejus
1609 2321 1739 2363 cum
1781 2308 2038 2377 superbo

361 2392 656 2461 .tumultu
708 2392 1035 2448 inordinate
1086 2398 1142 2448 et
1186 2409 1295 2449 non
1330 2396 1609 2452 canonice
1640 2401 2034 2452 recesserunt.

400 2480 593 2535 Altera
620 2481 712 2537 die
754 2481 808 2536 in
849 2482 1113 2539 :rcclesia
1165 2484 1317 2539 beati
1364 2483 1609 2555 llylarrii
1663 2485 1806 2540 inito
1847 2486 2040 2542 conci-

399 2568 495 2638 lio,
533 2569 690 2626 nulla
740 2572 907 2627 nobis
960 2572 1241 2642 promissa
1282 2572 1369 2629 vel
1425 2574 1725 2644 prremissa
1777 2575 2041 2631 satisfac-

398 2655 552 2711 tione
587 2657 656 2712 dc
687 2658 916 2728 injuria,
944 2659 1154 2715 iterum
1197 2660 1374 2716 draco
1424 2660 1521 2716 ille
1570 2662 1879 2730 insurgens
1918 2667 2040 2719 tan-

395 2743 682 2813 quamlco
722 2748 957 2815 rugiens
995 2762 1107 2802 non
1157 2749 1344 2818 potuit
1395 2749 1581 2804 audiri
1627 2750 1884 2817 diutius;
1936 2750 2037 2807 sed

396 2837 708 2888 exerentes
737 2832 990 2900 gladium
1025 2834 1291 2903 spiritus,
1327 2837 1480 2904 quod
1514 2842 1601 2892 est
1635 2839 1876 2892 verbum
1914 2838 2034 2908 Dei,

397 2918 792 2988 percussimus
813 2920 940 2990 ejus
967 2922 1316 2992 superbiam,
1343 2926 1398 2979 et
1423 2924 2041 2995 decretohujus'nego-

393 3005 465 3060 cii
508 3007 736 3078 prolato
769 3010 1178 3081 suspendimus
1208 3026 1337 3068 eum
1380 3013 1551 3068 etiam
1603 3029 1631 3070 a
1692 3013 2039 3071 sacerdotali

392 3096 607 3153 oﬂlcio.
631 3099 699 3152 Et
733 3099 867 3169 quia
898 3100 1091 3156 sedem
1143 3102 1523 3172 apostolicam
1558 3103 1896 3174 appellavit,
1940 3104 2039 3160 ubi

394 3200 457 3240 se
494 3192 870 3256 purgaturum
906 3189 1086 3246 fuisse
1111 3189 1180 3245 de
1214 3191 1475 3260 Symonia
1508 3197 1778 3261 asseruit,
1812 3194 1880 3248 ad
1918 3208 2048 3264 apo-

389 3273 655 3330 stolicam
688 3276 881 3331 sedem
914 3292 1044 3332 cum
1081 3279 1426 3347 remisimus,
1463 3284 1522 3333 et
1568 3284 1769 3336 vestro
1827 3281 2048 3351 judici0

392 3361 797 3431 deponendum
838 3364 1243 3436 relinquimus.
1280 3368 1473 3423 Abbas
1515 3368 1822 3438 Rergensis
1860 3368 2047 3425 eccle'

393 3448 494 3504 size
521 3448 590 3504 de
610 3448 876 3506 Flandria
903 3452 1081 3507 fuisse
1107 3453 1895 3525 Simoniacuscomprobatus
1928 3462 2039 3527 est,

390 3542 447 3591 et
483 3538 800 3609 depositus,
840 3540 1187 3609 Bysontinus
1228 3542 1708 3613 archiepiscopus
1754 3560 1856 3601 nec
1898 3545 2044 3602 Edu-

389 3627 511 3681 ensi
542 3642 648 3682 nec
676 3628 1007 3684 Pictavensi
1027 3630 1277 3686 concilio
1302 3646 1364 3686 se
1392 3633 1787 3702 prmsentavit,
1824 3649 1929 3690 nec
1951 3650 2044 3691 ca-

390 3716 655 3771 nonicam
689 3717 841 3773 misit
890 3718 1346 3774 excusationem.
1402 3720 1807 3777 Bclvacensem
1853 3723 2042 3794 pulsa-

391 3808 510 3860 tum
543 3804 613 3860 de
636 3806 993 3875 Symoniaca,
1029 3811 1089 3864 et
1114 3808 1210 3878 qui
1247 3814 1379 3879 post
1428 3809 1726 3867 decretum
1778 3815 2041 3883 praeben-

389 3894 495 3949 das
527 3894 873 3965 vendiderit,
903 3896 1277 3966 judicandum
1310 3898 1474 3954 vobis
1510 3900 1876 3967 remisimus;
1932 3904 2040 3958 No-

389 3981 743 4039 viomensem
778 4000 883 4056 pro
903 4000 1073 4042 causa
1127 4002 1227 4042 sua
1273 3986 1582 4055 similiter;
1630 3989 1762 4045 item
1810 3991 2038 4046 Ambia-

387 4086 618 4129 nensem
651 4088 1045 4145 pervaserem,
1067 4092 1195 4132 cum
1220 4077 1660 4135 ordinatoribus
1684 4078 2039 4149 suis,videli-

384 4166 478 4216 eet
512 4162 908 4233 Laudunense,
932 4164 1351 4235 Suessonense,
1393 4167 1847 4225 Silvanectensc.
1892 4168 2033 4223 Mala

387 4251 632 4319 quedam
662 4258 856 4307 nostra
883 4253 1056 4308 etiam
1081 4253 1356 4310 intestina
1380 4255 1714 4325 retiecmus,
1745 4256 1875 4326 quia
1908 4271 2035 4327 per-

386 4353 582 4407 sonas,
610 4353 638 4393 a
662 4341 874 4409 quibus
897 4345 1027 4397 sunt.
1056 4342 1236 4410 illata,
1266 4344 1637 4412 Deojuvante
1663 4359 1831 4414 quam
1854 4344 2032 4401 citius

386 4427 640 4495 venturi,
669 4429 1031 4486 commodius
1051 4431 1220 4486 vobis
1241 4431 1296 4486 in
1330 4447 1468 4487 aure
1495 4432 1774 4489 dicemus.
1814 4436 2032 4489 Causas

2150 1854 2299 1922 misi,
2342 1858 2396 1909 et
2431 1854 2501 1910 de
2535 1855 2851 1925 rejiciendo
2885 1857 2946 1911 G.
2984 1861 3042 1912 et
3074 1857 3411 1928 recipiendo
3452 1858 3676 1914 comite
3742 1861 3798 1914 Α.

2151 1942 2431 2012 quidquid
2467 1943 2591 2014 ipsa
2621 1944 2929 2014 qutesierat
2967 1950 3209 2016 paratus
3243 1961 3366 2001 sum
3415 1947 3651 2016 exequi.
3718 1946 3800 2003 Ad

2151 2045 2275 2099 quae
2308 2032 2497 2086 omnia
2532 2032 2923 2088 conﬁrmanda
2958 2034 3165 2089 diebus
3192 2034 3375 2090 sacris
3424 2040 3804 2105 pentecostes

2149 2135 2278 2174 cum
2308 2121 2607 2176 confratre
2637 2125 2840 2177 nostra
2875 2122 3029 2178 ﬁdeli
3068 2127 3265 2178 vestro
3294 2124 3351 2178 Τ.
3398 2123 3547 2193 (148)
3595 2125 3801 2180 Virdu-

2151 2208 2310 2264 nensi
2344 2209 2621 2280 episcOpo
2651 2224 2771 2266 sua)
2797 2211 3023 2266 civitati
3057 2211 3315 2280 interfui,
3350 2210 3578 2268 relictis
3625 2227 3797 2269 causa

2150 2298 2523 2354 necessitatis
2550 2313 2669 2355 suae
2702 2299 2756 2354 in
2789 2305 3162 2356 sacrosancto
3195 2306 3457 2372 tempore
3489 2301 3636 2357 meis
3686 2317 3802 2357 om-

2150 2385 2323 2441 nibus
2356 2386 2724 2442 neeessariis.
2764 2389 2871 2443 Sed
2903 2402 3013 2456 ego
3046 2388 3237 2445 ﬁdelis
3268 2394 3463 2445 vester
3482 2395 3541 2445 et
3559 2404 3669 2461 per
3687 2404 3802 2446 om-

2151 2473 2241 2527 nia
2272 2472 2537 2530 ecclesia:
2565 2475 2694 2545 jura
2727 2477 2895 2531 vobis
2913 2476 3154 2531 obedire
3180 2482 3419 2547 paratus
3436 2482 3700 2534 vestrum
3732 2478 3798 2534 de

2150 2561 2592 2634 archiepiscopo
2618 2564 2927 2620 Viennensi
2962 2567 3022 2620 G.
3075 2566 3224 2637 (149)
3285 2581 3659 2637 summopere
3711 2582 3797 2624 re-

2152 2650 2321 2719 quiro
2353 2651 2660 2707 consilium
2691 2657 2747 2707 et
2783 2653 3028 2724 imploro
3057 2653 3360 2724 judicium,
3391 2654 3569 2725 quiin
3615 2654 3803 2711 archi-

2150 2739 2495 2810 episcopatu
2530 2756 2655 2796 meo
2691 2742 3052 2812 presbiteros
3075 2744 3419 2812 degradavit
3459 2748 3518 2799 et
3562 2744 3797 2801 eosdem

2152 2825 2362 2882 iterum
2414 2828 2788 2897 regradavit;
2840 2829 3091 2898 legatum
3141 2846 3203 2887 se
3261 2833 3600 2901 Romanum,
3676 2848 3797 2889 cum

2152 2929 2263 2969 non
2294 2920 2470 2985 esset,
2508 2916 2838 2984 simulavit;
2897 2920 3250 2990 marsupium
3299 2935 3464 2977 suum
3528 2936 3642 2977 non
3696 2921 3799 2977 sub

2152 3003 2544 3075 appellatione
2586 3006 2872 3075 veritatis,
2908 3007 3010 3063 sed
3037 3008 3297 3065 imitatus
3327 3024 3430 3065 eos
3474 3009 3589 3080 qui,
3636 3011 3796 3067 utait

2156 3093 2491 3162 Apostolus,
2526 3099 2794 3164 questum
2819 3096 3091 3151 estimant
3124 3096 3424 3167 pietatem,
3470 3113 3600 3154 cum
3665 3103 3800 3154 tam-

2076 3158 2125 3219 Ο
2160 3180 2288 3235 dem
2314 3181 2644 3253 implesset,
2680 3198 2710 3238 a
2742 3183 2959 3239 diocesi
2993 3200 3113 3239 mea
3145 3187 3213 3241 ad
3248 3201 3409 3242 suam
3440 3186 3637 3241 rediit.
3662 3188 3802 3254 Qua-

2162 3273 2399 3341 propter
2428 3271 2497 3327 ad
2531 3272 2809 3327 honorem
2841 3273 2936 3327 Dei
2970 3277 3029 3328 et
3059 3275 3327 3330 Romamn
3377 3274 3649 3331 ecclesiae
3708 3276 3802 3331 hu-

2151 3358 2405 3427 jusmodi
2446 3361 2954 3431 praesumptionem
3014 3366 3068 3416 et
3132 3362 3585 3432 simulationem,
3652 3365 3797 3421 sicut

2156 3446 2345 3516 decet,
2378 3447 2680 3517 corrigite,
2717 3463 2787 3503 ne
2822 3449 3095 3520 deinceps
3135 3452 3437 3521 quisquam
3500 3452 3553 3507 in
3612 3452 3800 3508 alieno

2156 3541 2468 3605 praesumat
2503 3536 2725 3607 aliquid
2758 3538 2894 3593 tale.
2944 3540 3151 3595 Notum
3194 3541 3370 3596 etiam
3432 3542 3578 3597 facio
3636 3542 3799 3598 vobis

2154 3622 2307 3693 quod
2364 3625 2716 3694 suifraganei
2769 3627 2877 3682 mei
2928 3628 3207 3699 episcopi,
3262 3630 3668 3686 Laudunensis
3741 3636 3797 3685 et

2153 3713 2584 3783 Suessonensis,
2624 3714 2860 3770 tertium
2894 3717 3335 3774 Ambianensem
3375 3720 3430 3774 in
3483 3720 3797 3792 archiepis-

2150 3808 2365 3872 copatu
2400 3817 2544 3872 meo,
2572 3818 2660 3858 me
2692 3804 2987 3861 nesciente
3035 3811 3096 3861 ut
3144 3811 3279 3877 pote
3332 3809 3525 3865 Romae
3578 3810 3792 3879 posito,

2149 3891 2489 3962 episcopum
2521 3900 3041 3964 consecraverunt,
3079 3895 3322 3966 primum
3346 3902 3549 3954 contra
3597 3899 3790 3955 dcere.

2150 3987 2269 4036 tum
2302 3984 2581 4051 vestrum,
2609 3997 2723 4052 quo
2758 3984 3101 4039 statueratis
3134 3999 3204 4040 ne
3251 3987 3383 4056 quis
3443 3986 3656 4043 saltem
3717 4001 3794 4042 ar-

2147 4070 2650 4143 chiepiscoporum
2682 4087 2811 4128 cum
2845 4080 3219 4131 consecraret
3242 4078 3580 4147 episcopum
3632 4094 3730 4150 qui
3764 4092 3791 4132 a

2147 4159 2291 4216 laica
2319 4176 2563 4232 persona
2588 4163 2913 4233 accepisset
2961 4165 3241 4236 episcopii
3284 4166 3516 4236 donum,
3549 4168 3791 4223 maxime

2143 4264 2273 4305 cum
2307 4249 2456 4304 idem
2492 4250 2597 4319 ipsi
2626 4250 3027 4308 interfuissr-nt
3075 4253 3227 4324 apud
3262 4255 3791 4324 Augustudunense

2145 4338 2478 4408 concilium,
2512 4340 2608 4395 ubi
2654 4340 2899 4397 domnus
2929 4343 2991 4397 Η.
3040 4343 3266 4400 Diensis
3306 4345 3617 4416 episcopus
3669 4361 3791 4418 pro-

2144 4428 2421 4497 mulgavit
2447 4434 2505 4484 et
2525 4428 2735 4484 statuit
2758 4443 2954 4485 coram
2979 4432 3248 4488 omnibus
3272 4434 3379 4488 hoc
3404 4438 3666 4491 vestrum
3688 4449 3791 4491 aec-

392 4514 826 4583 Andegavensis
849 4519 1082 4574 comitis
1114 4518 1266 4574 sicut
1307 4521 1691 4591 prmeepistis,
1728 4523 1799 4577 ab
1843 4522 2030 4593 ipsius
2064 4516 2113 4574 D
2142 4514 2538 4572 clesiasticum
2574 4517 2895 4573 decretum.
2934 4520 3048 4574 Hoc
3071 4519 3269 4590 igitur,
3304 4525 3517 4593 prmter
3547 4522 3602 4577 id
3635 4522 3785 4593 quod

384 4617 485 4657 ore
509 4601 833 4672 audientes,
860 4606 1262 4662 rationabilem
1288 4621 1434 4678 pene
1460 4623 1587 4664 esse
1628 4609 2021 4676 credidimus;

380 4692 480 4747 sed
513 4691 584 4748 de
607 4691 979 4749 absolutione
997 4696 1124 4765 ejus
1151 4711 1258 4751 non
1276 4704 1703 4769 presumentes,
1731 4698 2027 4754 diﬁinitio-

381 4796 511 4837 nem
536 4779 664 4851 ejus
686 4782 765 4838 rei
790 4784 1113 4854 prudentiae
1138 4785 1471 4842 sanctitatis
1498 4791 1728 4857 vestrm,
1766 4788 2027 4843 commit-

386 4872 576 4928 timus.
607 4870 662 4926 Si
689 4871 825 4941 quid
850 4886 988 4928 vero
1014 4873 1200 4931 minus
1224 4874 1563 4947 scripsimus
1586 4875 1886 4931 sanctitati
1902 4890 2030 4931 ves-

384 4962 509 5027 ινα),
559 4960 748 5015 Teuzo
794 4959 946 5015 ﬁlius
985 4964 1206 5031 vester,
1252 4961 1626 5018 ﬁdelissimus
1681 4966 2029 5033 cooperator

389 5051 592 5101 noster
622 5047 677 5103 in
704 5049 962 5115 Domino,
990 5048 1060 5104 de
1081 5050 1425 5105 Tarvencnsi
1449 5050 1724 5121 episcOpo
1746 5066 1875 5106 cum
1908 5051 2033 5105 Pic-

390 5133 617 5190 tavensi
642 5135 778 5205 quid
804 5138 1190 5194 statuerimus
1216 5138 1443 5209 plenius
1477 5138 1785 5195 intimabit.
1837 5138 2034 5195 Provi-

390 5222 526 5277 deat
550 5222 743 5293 itaque
767 5228 1052 5282 sanctitas
1075 5233 1292 5297 vestra,
1324 5242 1394 5282 ne
1415 5226 1637 5283 diutius
1668 5232 1782 5283 tam
1824 5228 2037 5298 obpro-

392 5310 585 5367 briose
608 5311 774 5367 nobis
798 5312 1241 5385 improperetur,
1280 5315 1435 5385 quod
1455 5316 1777 5385 Symoniaci
1809 5315 2038 5385 velqui-

382 5413 632 5469 cumque
693 5399 992 5457 criminosi
1067 5417 1097 5458 a
1175 5404 1345 5459 nobis
1423 5404 1691 5476 suspensi
1770 5404 1861 5459 vel
1944 5404 2039 5459 de-

2137 4604 2408 4674 diximus,
2443 4608 2648 4660 contra
2688 4606 3102 4663 auctoritatem
3134 4614 3192 4663 et
3218 4625 3469 4667 canones
3495 4611 3786 4667 factumet

2134 4693 2310 4748 etiam
2344 4692 2667 4748 inauditum
2701 4694 3050 4764 cunctisque
3076 4696 3172 4765 qui
3197 4712 3397 4753 sanum
3427 4700 3665 4770 sapiunt
3696 4699 3788 4755 mi-

2137 4782 2320 4838 rabile
2342 4787 2401 4837 et
2427 4782 2558 4853 plus
2588 4796 2757 4852 quam
2782 4782 2894 4837 dici
2912 4784 3096 4855 possit
3118 4787 3494 4858 stupendum,
3517 4788 3565 4843 si
3591 4787 3785 4859 placet

2138 4870 2456 4942 deputetur
2489 4870 2739 4926 irritum.
2774 4872 2919 4937 Quin
2953 4874 3168 4943 potius,
3198 4874 3464 4946 quiasine
3498 4881 3787 4948 metropo-

2139 4958 2320 5015 litano
2347 4960 2501 5030 juste
2532 4959 2754 5032 expleri
2783 4975 2892 5016 non
2926 4966 3175 5032 potest-a
3210 4964 3570 5034 quibuslibet
3603 4964 3790 5037 coepi-

2141 5048 2340 5118 scopis
2364 5042 2729 5105 consecratio
2751 5049 3061 5121 pontiﬁcis,
3088 5051 3239 5107 sicut
3264 5053 3449 5122 scitis,
3476 5058 3708 5111 oratum
3730 5058 3786 5109 et

2141 5139 2447 5192 exoratum
2470 5150 2575 5192 vos
2595 5150 2729 5193 esse
2753 5138 2906 5207 volo,
2927 5142 2985 5194 ut
3012 5138 3083 5193 ad
3107 5140 3382 5198 honorem
3404 5143 3505 5199 Dei
3527 5148 3785 5201 vestrum

2145 5239 2255 5295 que
2277 5238 2343 5281 ac
2358 5229 2620 5281 nostrum
2642 5229 2760 5281 tam
2777 5229 3141 5284 temerariam
3164 5230 3785 5289 ecclesiasticiordinis

2144 5312 2539 5370 confusionem
2564 5313 2689 5369 zelo
2713 5313 2963 5385 justitiaa
2987 5317 3319 5390 corrigatis,
3340 5325 3405 5376 ut
3427 5321 3581 5377 sciat
3611 5337 3786 5379 unus-

2150 5401 2393 5473 quisque
2419 5402 2473 5457 in
2497 5403 2682 5472 gradu
2706 5417 2815 5460 suo
2838 5407 2894 5459 et
2921 5406 3090 5461 modo
3109 5408 3444 5479 persistere,
3463 5425 3576 5466 non
3598 5410 3781 5465 aliena

1975 5498 2197 5555 ΝΟΤΛΕ.

450 5567 577 5638 (147
598 5567 908 5625 Manasses.

454 5641 602 5711 (148)
633 5638 1009 5697 Theoderico.

2209 5606 2357 5677 (149)
2387 5604 2776 5663 Guarmundo.
