3960 6052
157 311 287 372 289

1393 292 1892 364 CHRONICON.
1938 325 2019 338 -—
2059 290 2217 353 LIB.
2262 284 2336 351 Il.

3452 282 3571 345 290

160 441 281 498 sibi
311 446 529 498 temere
559 453 856 510 arrogare.
882 440 1142 495 Obsecro
1164 437 1338 494 etiam
1363 433 1812 492 benivolentiam
1842 429 1897 490 A
1927 450 2192 502 ηοειιτιιηι
2225 447 2546 514 Drogonem
2572 441 2731 500 sedis
2753 441 3106 509 Tan-veniam,
3130 438 3227 508 qui
3260 442 3439 493 tanta;
3473 442 3566 492 est

165 530 417 585 honoris
445 529 649 599 vestri,
685 532 749 584 ut
797 527 1138 597 dignitatem
1190 541 1360 597 quam
1410 530 1816 581 antecessores

166 616 355 673 vestri
387 614 869 671 antecessoribus
901 614 1044 669 meis
1072 613 1532 684 archiepiscopis
1552 623 1820 666 servavec

170 709 333 774 runt,
370 708 429 761 et
464 703 787 775 privilegiis
817 702 1063 773 aliisque
1095 701 1311 758 scribis
1347 700 1417 756 ad
1452 703 1818 771 posterorum

170 794 518 849 memoriam
552 791 942 861 reliquerunt,
968 791 1103 845 mihi
1136 804 1439 846 reservare
1470 786 1821 858 dignemini;

170 896 245 936 ne
273 881 509 937 irritum
532 884 632 936 aut
656 880 964 935 infractum
990 880 1089 934 fiat
1110 878 1500 949 privilegium,
1518 876 1672 947 quod
1698 876 1823 946 ipse

172 969 434 1024 dedistis
462 968 622 1037 mihi,
656 968 883 1024 scilicet
912 973 973 1023 ut
1002 967 1168 1023 vobis
1196 967 1310 1039 ipsi
1334 964 1745 1036 interpellatus
1767 969 1826 1019 et

174 1072 292 1111 non
318 1056 736 1128 interpellatus
753 1056 1156 1127 respondeam,
1172 1060 1233 1110 et
1252 1054 1462 1125 legatis
1481 1053 1696 1109 vestris
1718 1055 1828 1108 Ro-

176 1146 391 1215 manis,
428 1160 542 1200 non
574 1144 1026 1201 ultramontanis
1063 1144 1159 1215 qui
1208 1143 1505 1213 conjuncti
1554 1141 1827 1197 Romanis

175 1236 440 1302 querunt
463 1246 591 1302 qua:
624 1246 728 1288 sua
744 1236 907 1305 sunt,
932 1246 1045 1287 non
1066 1246 1195 1301 quae
1211 1231 1348 1287 Jesu
1382 1229 1621 1299 Christi,
1640 1234 1700 1284 et
1723 1230 1829 1284 sub

180 1321 451 1376 honestis
481 1321 810 1376 nominibus
839 1320 1149 1391 cupiditati
1182 1335 1303 1376 suae
1345 1317 1682 1387 consulunt,
1715 1331 1826 1372 non

180 1410 475 1465 aacclesias
500 1409 619 1464 Dei.
638 1408 797 1465 Unde
820 1412 1063 1480 prOpter
1084 1408 1288 1463 talium
1316 1405 1619 1479 pudendas
1638 1419 1832 1476 repre-

182 1499 507 1555 hensiones
555 1505 615 1556 et
659 1499 1018 1569 vocationes,
1069 1498 1227 1567 mihi,
1265 1498 1362 1569 qui
1408 1497 1590 1553 totius
1634 1495 1832 1551 Galliae

182 1588 387 1659 episco
398 1603 506 1659 pos
518 1588 702 1644 debeo
713 1602 1056 1657 convocare,
1076 1587 1253 1643 liceat
1271 1586 1566 1643 confidere
1580 1585 1651 1642 de
1665 1584 1833 1640 vobis

186 1678 315 1733 sine
347 1677 681 1745 legatorum
712 1676 1042 1746 vocatione,
1063 1677 1246 1733 donec
1268 1675 1340 1731 ad
1365 1674 1581 1746 pascha
1608 1673 1832 1732 veniam

1927 534 2270 602 senectutis,
2306 538 2370 588 ut
2402 548 2532 588 cum
2564 535 2697 587 ante
2733 531 3136 602 episcopatum
3169 526 3267 582 diu
3307 539 3571 596 perman-

1928 624 2074 680 serit
2102 623 2158 678 in
2187 622 2391 678 ordine
2424 620 2782 692 presbiterii,
2808 619 2925 689 jam
2959 632 3109 673 nunc
3139 615 3293 671 ultra
3343 619 3573 684 tempus

1928 717 1998 769 60
2025 726 2306 768 annorum
2338 710 2581 779 gradum
2609 708 2862 765 tenuerit
2885 705 3192 778 epiSCOpii,
3218 709 3277 759 et
3298 717 3445 774 pene
3475 717 3576 774 per

1932 800 2155 870 singula
2181 803 2466 854 momenta
2493 797 2844 868 propinquat
2867 796 3071 852 exitui.
3091 795 3461 863 Quapropter
3480 806 3576 846 vo-

1934 889 2125 947 lumus
2153 904 2257 946 vos
2285 888 2558 944 obnixius
2588 901 2855 955 exorare,
2891 890 2951 941 ut
2994 900 3126 941 cum
3165 884 3333 953 jussu
3375 885 3574 938 vestro

1936 977 2250 1048 dignemini
2285 977 2604 1033 restituere
2635 973 2960 1031 ministerio
2992 988 3117 1041 suo,
3152 986 3244 1043 ne,
3279 970 3432 1041 quod
3466 984 3580 1024 ma-

1936 1082 2191 1138 gnopere
2221 1066 2611 1135 formidamus,
2633 1066 2684 1119 in
2712 1065 2816 1119 hac
2831 1064 3114 1119 moriatur
3139 1060 3577 1117 interdictione.
3644 1078 3653 1085 ν

1938 1155 2016 1209 De
2048 1154 2154 1210 hoc
2178 1168 2318 1210 vero
2338 1152 2492 1223 quod
2519 1167 2605 1206 me
2636 1149 3077 1221 interpellastis,
3104 1155 3168 1204 ut
3196 1149 3251 1203 in
3284 1147 3578 1203 conductu

1938 1242 2202 1314 episc0pi
2231 1240 2656 1296 Parisiacensis
2685 1239 2912 1309 aliquos
2944 1238 3109 1295 vobis
3143 1236 3358 1292 milites
3392 1235 3588 1290 mitte-

1941 1347 2082 1401 rem,
2102 1338 2300 1387 notum
2324 1330 2492 1385 vobis
2516 1328 2660 1383 facio
2682 1328 2833 1398 quod
2868 1342 2975 1397 ego
3001 1326 3265 1382 volebam
3297 1324 3587 1393 dirigere;

1942 1421 2045 1477 sed
2073 1434 2270 1474 comes
2303 1420 2374 1475 de
2403 1418 2636 1473 Arlonis
2669 1416 2844 1473 Fulco
2870 1415 3103 1471 rediens
3129 1416 3200 1470 ab
3233 1414 3377 1469 urbe
3409 1415 3587 1467 Roma

1943 1509 2053 1565 hoc
2069 1508 2203 1563 mihi
2230 1507 2519 1564 intimavit
2543 1521 2613 1562 ex
2641 1509 2834 1561 vestra
2860 1508 3044 1576 parte,
3064 1503 3195 1573 quia
3220 1502 3473 1557 libenter
3499 1515 3590 1556 me

1944 1597 2015 1653 de
2040 1596 2163 1668 ipsa
2189 1594 2636 1651 transmissione
2654 1593 2902 1648 militum
2930 1591 3355 1662 importahatis,
3373 1590 3502 1645 ideo
3528 1595 3591 1645 ut

1945 1685 2001 1741 in
2035 1699 2269 1755 regione
2306 1688 2507 1739 nostra
2543 1689 2782 1738 strenue
2821 1687 2879 1736 et
2933 1679 3219 1735 intentius
3266 1691 3595 1748 exequerer

188 1765 258 1819 ad
293 1780 402 1821 vos
429 1765 547 1820 Deo
575 1764 829 1821 volente.
862 1766 1135 1821 Preterea
1184 1763 1317 1820 volo
1363 1762 1570 1819 obnixe
1615 1760 1836 1832 suppli-
1865 1783 1877 1842 ]

1993 1788 2174 1829 omnae
2199 1772 2501 1828 marchisa:
2524 1772 2591 1825 Μ.
2609 1772 2722 1826 Pro
2744 1770 2852 1825 hoc
2875 1769 3056 1839 igitur
3085 1783 3114 1822 a
3139 1767 3305 1823 vobis
3320 1766 3592 1822 veniente

186 1868 347 1924 care,
373 1858 436 1909 et
460 1853 861 1925 praenunciare
881 1854 1066 1923 vobis,
1094 1859 1156 1910 ut
1181 1852 1452 1923 quoniam
1486 1852 1540 1907 in
1573 1849 1835 1906 absentia

191 1942 301 1997 mei
337 1957 527 2013 nuper
558 1942 711 2013 apud
742 1957 849 1999 vos
878 1942 1297 1998 commorantis
1323 1939 1502 1997 multa
1553 1952 1729 2011 prave
1779 1943 1840 1993 et

194 2030 532 2086 inordinate
557 2036 687 2087 acta
711 2036 845 2086 sunt
874 2032 928 2091 in
960 2030 1229 2101 partibus
1259 2044 1400 2085 mea;
1429 2028 1705 2095 diocesis,
1733 2040 1840 2096 ego

191 2134 338 2175 vero
352 2133 465 2175 non
484 2123 692 2190 potero
708 2120 983 2175 omittere
998 2119 1136 2190 quin
1153 2118 1477 2175 ministerio
1490 2120 1694 2173 nostro
1707 2119 1840 2171 utar

196 2207 251 2262 in
276 2206 372 2261 his
397 2206 821 2263 aecclesiastice
842 2207 1211 2277 corrigendis
1237 2226 1249 2262 :
1276 2206 1325 2263 si
1348 2206 1487 2277 quid
1511 2219 1618 2277 pro
1642 2204 1747 2259 hoc
1772 2201 1843 2258 de

194 2310 286 2351 me
320 2297 716 2353 accusationis
748 2296 1033 2368 perlatum
1082 2296 1254 2353 fuerit
1286 2296 1470 2366 vobis,
1507 2308 1579 2350 ne
1613 2294 1721 2349 hoc
1754 2291 1843 2349 vel

194 2385 320 2441 cito
346 2385 629 2456 credatis,
664 2385 755 2442 vel
788 2384 1033 2442 moleste
1061 2399 1200 2455 erga
1244 2400 1331 2440 me
1382 2384 1705 2455 accipiatis,
1742 2380 1843 2438 sed

197 2473 346 2529 illud
378 2474 437 2529 in
463 2474 780 2544 praesentia
808 2478 1007 2531 nostra
1039 2479 1175 2530 ante
1206 2489 1310 2530 vos
1341 2473 1675 2541 dimittatis,
1698 2470 1845 2541 ‘quia

195 2576 310 2631 ego
344 2562 683 2619 nullatenus
713 2563 846 2619 volo
886 2563 1172 2619 excedere
1217 2567 1404 2618 metas
1452 2560 1841 2619 auctoritatis.

199 2650 688 2721 Quandoquidem
720 2651 871 2713 enim
904 2650 1010 2721 illi,
1036 2652 1134 2722 qui
1169 2651 1399 2721 legatos
1416 2655 1649 2707 vestros
1682 2664 1745 2705 se
1772 2651 1849 2705 fa-

197 2740 387 2809 ciunt,
414 2739 598 2795 multo
616 2740 835 2809 justius
857 2753 967 2811 ego
992 2738 1177 2795 debeo
1200 2753 1304 2810 per
1327 2754 1432 2795 vos
1453 2753 1519 2795 ea
1553 2753 1681 2809 quae
1711 2742 1847 2795 sunt

195 2827 589 2900 providentize
603 2833 822 2885 nostrae
837 2828 1159 2898 corrigere,
1179 2842 1347 2899 quam
1378 2828 1684 2899 quisquam
1714 2827 1852 2884 alie-

198 2931 265 2972 na
312 2923 594 2973 tractare.
623 2919 701 2973 De
726 2917 937 2973 comite
957 2916 1195 2987 (Ebalo,
1221 2916 1315 2987 qui
1344 2931 1431 2972 me
1453 2917 1510 2971 in
1534 2916 1848 2987 praesentia

200 3011 400 3061 vestra
432 3020 715 3063 accusare
749 3006 1091 3077 temptabat,
1116 3010 1177 3060 et
1208 3019 1270 3061 se
1296 3021 1395 3062 sua
1422 3020 1575 3076 nque
1605 3004 1851 3061 ﬁdelita-

204 3101 323 3149 tem
338 3094 507 3150 vobis
519 3093 720 3151 verbis
735 3093 1148 3151 simulantibus
1160 3093 1849 3162 commendabat,satisin

208 3187 489 3254 promptu
504 3183 735 3239 habetis
752 3196 1127 3253 cognoscere,
1144 3183 1313 3252 cujus
1334 3183 1529 3253 potius
1553 3183 1861 3240 sinceritas

209 3270 524 3327 fidelitatis
546 3286 685 3345 erga
708 3286 813 3328 vos
833 3271 1101 3327 videatur
1122 3272 1599 3342 existere,utrum
1623 3286 1746 3328 mea
1763 3272 1860 3342 qui

210 3360 328 3415 Deo
358 3364 416 3415 et
440 3360 610 3416 vobis
634 3363 876 3431 paratus
908 3375 1034 3416 sum
1070 3374 1173 3431 per
1200 3360 1391 3416 omnia
1421 3360 1685 3430 obedire,
1704 3375 1774 3416 an
1798 3361 1865 3415 il-

211 3447 326 3503 lius
348 3448 448 3518 qui
475 3453 532 3503 et
561 3447 712 3519 apud
736 3462 842 3505 vos
859 3463 963 3520 per
986 3448 1359 3519 semetipsum
1385 3449 1683 3520 impugnat
1709 3448 1861 3507 beati

214 3536 376 3590 Petri
400 3534 828 3606 aecclesiam,et
851 3535 1004 3607 apud
1027 3550 1132 3591 nos
1152 3550 1256 3608 per
1288 3538 1603 3593 Manassem
1635 3541 1692 3593 et
1725 3551 1863 3593 suos

213 3638 504 3695 sequaces
526 3625 583 3680 in
608 3640 714 3682 suo
736 3630 932 3682 castro
959 3628 1230 3697 receptos
1245 3626 1623 3697 persequitur
1638 3627 1865 3682 beatam

214 3713 475 3769 Mariam.
526 3715 821 3771 Manasses
860 3714 1034 3784 enim,
1070 3714 1141 3769 de
1170 3729 1285 3783 quo
1313 3715 1587 3785 diximus,
1622 3716 1715 3771 cui
1759 3730 1866 3771 nos

210 3801 386 3869 jussu
424 3806 629 3858 vestro
652 3803 806 3873 quod
830 3802 887 3857 in
910 3816 1017 3857 nos
1042 3801 1339 3873 amiserat,
1366 3801 1414 3857 si
1440 3802 1512 3858 ad
1542 3802 1866 3859 aacclesiam

219 3895 470 3945 matrem
502 3904 667 3946 suam
702 3890 943 3960 rediret,
969 3888 1340 3957 indulsimus,
1362 3891 1723 3947 conscientia
1747 3906 1871 3948 sce-

221 3977 362 4033 leris
385 3978 481 4033 sui
505 3976 824 4049 depressus
847 3992 955 4033 nec
980 3975 1050 4032 ad
1073 3992 1180 4033 nos
1211 3978 1337 4034 vult
1366 3978 1577 4049 rcdire,
1604 3994 1710 4035 nec
1744 3978 1868 4050 paci

220 4065 512 4123 azcclesias
543 4065 924 4136 concordare,
953 4065 1091 4137 quin
1114 4065 1315 4137 potius
1338 4081 1468 4123 cum
1491 4066 1606 4123 illis
1636 4068 1761 4123 suis
1785 4082 1873 4123 se-

223 4155 533 4226 quacibus,
562 4155 697 4226 quia
731 4154 903 4212 factis
937 4169 1049 4211 non
1084 4159 1299 4227 potest,
1326 4156 1522 4213 verbis
1542 4160 1602 4212 et
1637 4156 1873 4212 maledi-

223 4245 337 4302 ctis
357 4244 685 4302 aecclesiam
709 4259 916 4315 meque
942 4243 1204 4301 lacerare
1229 4259 1341 4301 non
1366 4244 1791 4317 desinit.Unde,
1810 4250 1875 4303 ut

1955 1862 2276 1930 missatico,
2298 1860 2581 1916 remansit
2605 1873 2634 1914 a
2667 1863 2866 1913 nostra
2903 1861 3068 1928 parte
3101 1855 3396 1926 praedicta:
3424 1867 3597 1925 expe-

1953 1950 2193 2005 ditionis
2224 1947 2611 2005 transmissio.
2635 1946 2835 2002 Valeat
2868 1945 3154 2001 sanctitas
3184 1947 3400 2012 vestra,
3429 1947 3598 2013 pater

1956 2037 2451 2095 reverentissime.

2029 2128 2343 2196 Gregorius
2374 2124 2709 2196 episcopus,
2737 2137 2943 2179 servus
2971 2136 3272 2178 servorum
3304 2120 3425 2188 Dei,
3461 2119 3606 2174 dile-

1955 2216 2071 2272 ctis
2103 2216 2159 2270 in
2192 2215 2428 2269 Christo
2458 2213 2741 2268 fratribus
2765 2210 2987 2281 llugoni
3014 2209 3205 2265 Diensi
3237 2208 3513 2280 episcopo
3545 2213 3605 2262 et

1955 2304 2178 2373 Hugoni
2213 2301 2581 2359 Cluniacensi
2619 2299 2815 2355 abbati
2847 2298 3092 2354 salulem
3124 2302 3184 2353 et
3216 2296 3603 2367 apostolicam

1959 2391 2442 2448 benedictionem.
2472 2389 2613 2455 Quia
2640 2388 2696 2443 in
2723 2393 2939 2443 sancta:
2972 2386 3091 2453 Dei,
3125 2385 3217 2441 cui
3258 2384 3451 2439 divina
3490 2383 3606 2439 dis-

1960 2481 2247 2553 positione
2280 2478 2683 2551 prmsidemus,
2715 2475 3010 2543 Ecclesiae,
3042 2480 3155 2529 etc.
3190 2474 3359 2543 (150).
3396 2493 3423 2525 ιο

2028 2568 2227 2624 Rescri
2238 2570 2397 2639 ptum
2420 2566 2682 2635 ejusdem
2706 2565 2777 2620 ad
2805 2566 3121 2619 Manassem
3151 2563 3492 2617 Remensem
3515 2575 3604 2616 ar-

1959 2656 2396 2727 chiepiscopum
2426 2673 2438 2708 :
2466 2653 2790 2724 Gregorius
2826 2652 3151 2723 episcopus,
3182 2663 3389 2707 servus
3419 2662 3608 2706 servo-

1958 2758 2094 2802 rum
2104 2743 2306 2812 Dei,di
2314 2742 2455 2798 lecto
2471 2742 2538 2796 in
2552 2740 2793 2797 Christo
2794 2740 2847 2811 f
2843 2753 2917 2794 ra
2925 2738 3006 2795 tri
3024 2737 3108 2793 Μ.
3119 2738 3389 2794 Remensi
3406 2736 3606 2793 archi-

1961 2831 2224 2902 episcOpo
2234 2829 2491 2886 salutem
2502 2828 2559 2883 et
2568 2826 2959 2898 apostolicam
2973 2825 3447 2881 benedictionem.
3460 2822 3610 2880 σωκ

1960 2933 2061 2976 vos
2102 2932 2173 2975 ea
2202 2933 2241 2974 a
2266 2917 2403 2975 sede
2430 2916 2760 2987 apostolica
2775 2915 3111 2987 ﬂagitatis.
3146 2913 3401 2983 Requiro
3434 2912 3605 2983 (151).

2039 3007 2277 3062 Sextum
2312 3003 2724 3060 nichilominus
2755 3002 3075 3059 celebravit
3108 3000 3421 3058 concilium
3456 2998 3607 3071 apud

1968 3095 2329 3165 Lugdunum,
2364 3108 2470 3164 pro
2500 3091 2847 3162 quibusdam
2878 3090 3145 3160 negotiis,
3199 3104 3446 3159 quorum
3496 3088 3612 3144 dis-

1969 3182 2299 3239 cussionem
2332 3180 2383 3236 ei
2417 3181 2661 3236 domnus
2686 3194 2834 3250 papa
2879 3178 3176 3249 imposuit,
3227 3176 3493 3233 scribens
3538 3176 3610 3231 ad

1968 3287 2097 3329 cum
2133 3272 2188 3325 in
2221 3270 2345 3326 haec
2375 3270 2552 3325 verba
2585 3268 2754 3339 (152).

2044 3362 2083 3415 ϐ
2093 3374 2370 3416 REGORIUS
2383 3360 2705 3429 episcOpus,
2722 3370 2925 3414 servus
2937 3370 3240 3413 servorum
3261 3353 3617 3423 Dei,dilecto

1970 3446 2501 3522 inﬂicristo/ratri
2522 3448 2742 3502 Hucom
2755 3446 2968 3502 Diensi
2989 3446 3270 3516 episcopo,
3286 3443 3543 3501 salutem
3562 3444 3622 3498 et

1973 3538 2360 3610 apostolicam
2384 3536 2860 3593 benedictionem.
2891 3533 3057 3599 Quod
3074 3534 3286 3591 dicina
3306 3532 3619 3589 clementia

1962 3642 2176 3700 pacem
2214 3627 2499 3684 Ecclesice
2537 3626 2652 3682 tua:
2670 3625 2957 3694 restituit,
2996 3628 3111 3678 etc.
3143 3622 3286 3678 Vide
3318 3622 3375 3677 in
3407 3622 3617 3690 Grego-

1976 3716 2063 3773 rio
2094 3717 2212 3786 νη,
2244 3716 2412 3787 epist.
2446 3715 2623 3771 ecetra
2655 3713 3001 3785 Registrnm
3025 3725 3185 3782 cag.,
3216 3726 3270 3766 n.
3306 3714 3392 3767 49.

2047 3806 2190 3860 Dum
2214 3804 2394 3873 igitur
2425 3803 2512 3859 has
2546 3802 2599 3858 ei
2624 3801 2836 3858 litterae
2860 3801 3052 3863 allata)
3084 3800 3352 3868 fuissent,
3373 3802 3431 3854 et
3455 3797 3620 3855 locus

1977 3892 2208 3949 concilii
2235 3891 2386 3963 apud
2405 3891 2740 3960 Lugdunum
2756 3887 3621 3957 constitutusesset,Remensis

1978 3982 2152 4037 etiam
2186 3980 2663 4050 archiepiscopus
2686 3980 2852 4049 juxta
2887 3983 3147 4033 tenorem
3187 3976 3518 4031 litterarum
3547 3975 3619 4031 ad

1984 4069 2133 4125 idem
2181 4083 2243 4125 se
2283 4072 2644 4139 purgaturus
2676 4066 3027 4123 invitaretur
3060 4062 3389 4131 concilium,
3428 4063 3621 4134 posito

1981 4159 2194 4214 domno
2228 4158 2464 4225 Hugone
2496 4155 2647 4226 apud
2678 4154 2953 4209 Viennam
2994 4166 3100 4223 pro
3137 4150 3407 4221 corporis
3455 4165 3623 4208 cura-

1987 4246 2162 4315 tione,
2181 4244 2367 4301 nuntii
2395 4240 3363 4315 prtefatiarchiepiscopivenerunt
3385 4239 3454 4295 ad
3468 4253 3619 4310 eum,

225 4336 295 4389 de
327 4335 459 4404 ipso
490 4333 669 4388 Ebalo
711 4338 957 4402 taceam,
999 4333 1054 4388 in
1097 4347 1267 4403 quem
1307 4348 1412 4390 vos
1446 4333 1623 4390 credo
1658 4334 1874 4403 justam
1984 4334 2184 4392 multis
2214 4338 2272 4390 et
2304 4332 2572 4388 maximis
2604 4331 2880 4403 precibus
2911 4335 2971 4387 et
3010 4330 3350 4387 muneribus
3392 4328 3464 4385 ad
3512 4327 3622 4385 hoc

224 4428 281 4478 et
306 4421 698 4494 apostolicam
720 4436 1001 4479 exercere
1024 4423 1592 4495 sententiam,super
1613 4424 1875 4481 Manasse
1902 4490 1942 4495 _
1983 4438 2115 4480 eum
2147 4424 2383 4480 flectere
2411 4421 2736 4493 cupientes,
2761 4423 2819 4476 et
2852 4420 2927 4475 ob
2958 4418 3015 4474 id
3048 4419 3100 4475 ei
3129 4419 3183 4474 in
3211 4416 3486 4490 praesenti
3511 4421 3624 4474 tre-

227 4511 522 4569 instanter
550 4511 838 4583 deprecor
869 4511 1243 4568 sanctitatem
1274 4490 1552 4584 vestram,
1588 4517 1646 4570 ut
1671 4517 1767 4570 aut
1785 4512 1875 4583 ju-
1901 4490 1955 4552 D
1984 4514 2188 4569 centas
2201 4490 2646 4583 purissimiauri
2665 4490 2886 4580 uncias,
2901 4507 3241 4564 domesticis
3254 4521 3485 4578 quoque
3498 4506 3629 4576 ejus

229 4600 419 4656 beatis
448 4614 582 4657 eum
615 4600 687 4655 ad
717 4614 879 4657 suam
911 4600 1160 4671 regredi,
1182 4604 1245 4657 et
1270 4600 1520 4659 ulterius
1548 4617 1662 4659 non
1692 4602 1875 4675 impu-
1986 4601 2251 4674 preciosa
2274 4598 2519 4656 donaria
2540 4597 2874 4668 offerentes,
2903 4596 3139 4669 insuper
3161 4600 3221 4653 et
3238 4595 3626 4653 celamentum

226 4703 407 4759 gnare
435 4688 782 4759 aacclesiam,
819 4692 920 4745 aut
950 4687 1006 4744 in
1038 4702 1169 4745 eum
1219 4688 1461 4761 ejusque
1508 4692 1770 4747 fautores
1816 4696 1874 4747 et
1984 4705 2058 4747 ne
2090 4689 2193 4748 ulli
2229 4688 2563 4745 mortalium
2594 4687 2650 4743 id
2682 4686 2999 4758 proderent
3024 4687 3225 4756 jurare
3254 4686 3537 4756 volentes,
3563 4689 3629 4741 ut

229 4776 1496 4848 cooperatoresapostolicivigorisdirigatis
1516 4779 1876 4836 animadver-
1984 4795 2115 4837 cum
2143 4794 2247 4835 sex
2275 4777 2593 4850 episcopis,
2617 4790 2764 4847 quos
2795 4775 2922 4847 ipse
2952 4774 3257 4831 Remensis
3286 4773 3533 4844 eligeret
3555 4773 3627 4829 de

229 4866 477 4921 sionem.
504 4864 827 4936 Dignamini
850 4864 1024 4921 etiam
1048 4864 1121 4921 ad
1141 4879 1341 4923 eorum
1367 4871 1709 4939 receptores
1736 4868 1879 4924 scri-
1985 4867 2365 4938 suﬂ'raganeis
2395 4865 2537 4936 suis,
2571 4865 2625 4920 ei
2656 4868 2720 4921 ut
2752 4879 2815 4920 se
2838 4867 3115 4937 purgaret
3146 4863 3521 4932 concederet,
3539 4875 3628 4916 re-

233 4955 371 5010 bere
406 4958 603 5025 aptam
636 4953 968 5025 epistolam,
1004 4957 1068 5011 ut
1100 4958 1199 5011 aut
1227 4969 1329 5011 eos
1356 4959 1563 5012 contra
1592 4955 1877 5014 aecclesiaa
1987 4961 2140 5014 mota
2166 4953 3143 5026 inquisitioneinfamire;addentes
3160 4952 3335 5007 etiam
3353 4952 3626 5022 quodnee

227 5042 360 5114 jura
390 5058 505 5099 non
541 5042 857 5113 retineant,
888 5047 989 5099 aut
1020 5044 1147 5114 pari
1176 5044 1469 5101 sententia
1500 5060 1565 5101 se
1595 5045 1878 5103 multatos
1986 5059 2226 5118 sperare
2247 5046 2541 5117 poterant,
2559 5043 2663 5099 sed
2684 5047 2879 5098 tamen
2902 5040 3078 5097 nichil
3102 5041 3515 5111 intemptatum
3538 5056 3628 5099 re-

232 5136 585 5202 agnoscant.
611 5132 820 5189 Restat
844 5131 981 5187 mihi
1005 5132 1111 5189 hoc
1134 5132 1302 5190 vobis
1323 5133 1541 5206 dicere,
1559 5136 1694 5206 quia
1724 5135 1881 5192 dom-
1988 5135 2251 5207 linquere
2281 5133 2576 5203 volebant,
2609 5132 2764 5203 quod
2797 5131 2844 5187 si
2874 5130 2927 5187 ei
2951 5129 3073 5187 solo
3097 5128 3526 5188 concederetur
3549 5131 3630 5188 fa-

234 5235 345 5278 nus
381 5222 548 5291 Hugo
575 5220 808 5278 Diensis
835 5221 1151 5295 episcOpus
1195 5220 1500 5281 interdixit
1540 5224 1879 5300 episcopum
1989 5224 2181 5285 cultas
2211 5238 2271 5282 se
2294 5220 2600 5297 purgandi,
2628 5218 3052 5278 inestimahiles
3070 5218 3384 5278 thesauros
3403 5220 3553 5293 auri,
3570 5225 3631 5279 et

1819 5342 2040 5400 NOTE.

307 5436 461 5508 (150)
491 5430 747 5508 Registr.
791 5435 895 5508 VI.
933 5439 984 5491 3.
1028 5436 1173 5508 Data
1217 5436 1291 5494 ad
1334 5437 1605 5497 Sanctum
1653 5440 1883 5499 Germa-
1951 5452 1959 5462 '

238 5522 373 5567 num
402 5507 464 5581 xi
491 5508 613 5581 Kal.
649 5507 1028 5581 Septembris,
1064 5507 1179 5564 ind.
1216 5514 1267 5565 1.
1303 5510 1365 5566 Κ.

311 5579 465 5651 (151)
501 5579 686 5650 Igitur
716 5578 830 5637 non
860 5578 934 5635 ad
964 5592 1169 5638 manus
1198 5585 1346 5638 erat.
1382 5583 1546 5654 Fata,
1579 5586 1639 5641 ut
1680 5596 1877 5656 supra.

1990 5484 2324 5555 Registrum
2354 5478 2447 5555 Vl,
2481 5486 2532 5541 2.

2064 5552 2220 5627 (152)
2249 5552 2630 5613 Desideratur
2662 5553 2719 5611 in
2750 5552 3042 5623 Registro.
3077 5552 3171 5609 K.’
