3950 6048
352 285 463 349 291

1303 290 1439 354 HUl
1455 292 1597 355 ἶΟΝ
1603 294 1675 355 IS
1721 291 2072 358 ABBA’I‘IS
2112 293 2793 368 FLAVINIACENSIS

3632 311 3749 375 292

348 438 444 509 qui
464 439 639 495 etiam
664 454 965 497 numerum
984 441 1363 513 excederent,
1384 443 1789 515 sejuraturos,
1821 452 1881 501 et
1907 446 1993 502 in-
2020 428 2081 491 A
2107 444 2211 501 per
2245 446 2309 489 se
2360 436 2700 508 publicavit,
2754 440 3019 497 scribens
3068 442 3372 500 Desiderio
3414 444 3746 502 Cassinensi

350 540 530 596 super
558 532 1007 597 sacramentum,
1048 544 1120 586 ne
1148 530 1240 584 cui
1288 530 1395 585 hoc
1438 532 1770 601 proderent.
1825 532 1984 599 Quod

349 618 535 670 totum
586 616 775 671 virilis
826 616 1086 685 ejusdem
1125 618 1301 687 legati
1342 619 1566 674 animus
1614 622 1856 691 respuit.
1918 624 1984 678 Et

349 704 483 774 quia
517 704 1025 776 inexpugnabilem
1060 706 1186 775 ejus
1226 722 1363 776 erga
1399 709 1699 778 pecuniam
1731 711 1981 766 animum

349 792 514 862 vidit,
548 793 761 849 timens
794 794 926 864 sibi,
955 795 1203 850 concilio
1234 795 1520 851 interesse
1545 797 1747 863 noluit,
1772 803 1826 852 et
1854 799 1983 855 ideo

346 879 611 950 synodali
640 880 862 950 judicio
886 887 977 936 est
1002 881 1325 953 depositus,
1351 887 1471 938 tum
1488 885 1622 953 quia
1645 900 1707 941 se
1734 902 1982 956 purgare

344 968 552 1039 noluit,
575 974 695 1025 tum
731 971 864 1040 quia
900 971 1251 1027 audientiam
1286 973 1592 1044 Eduensis,
1620 975 1980 1032 Pictavensis

342 1062 400 1112 et
434 1057 618 1129 ipsius
641 1060 1045 1128 Lugdunensis
1074 1062 1431 1131 subterfugit
1456 1064 1623 1132 (153).

414 1146 744 1202 Celebravit
761 1153 820 1201 et
842 1149 1152 1219 septimum
1176 1150 1326 1220 apud
1349 1152 1763 1221 Avennionem,
1788 1152 1840 1206 in
1866 1168 1980 1222 quo

339 1234 645 1304 depositus
665 1240 759 1291 est
783 1236 1086 1292 Achardus
1112 1237 1475 1294 Arelatensis
1499 1240 1748 1307 invasor,
1783 1244 1842 1295 et
1865 1241 1982 1297 ele-

335 1321 416 1377 cti
458 1326 594 1378 sunt
628 1323 916 1379 Gibilinus
948 1324 1003 1379 in
1035 1324 1431 1381 Arelatensem
1449 1328 1977 1399 archiepiscOpum,

338 1408 670 1466 Lantelmus
700 1411 753 1465 in
788 1412 1262 1467 Ebredunensem
1289 1428 1435 1483 eque
1453 1415 1976 1486 archiepiscopum,

338 1497 502 1566 Hugo
536 1498 590 1553 in
624 1499 1231 1570 Gratianopolitanum
1264 1502 1605 1573 episcopum
1639 1504 1978 1559 Desiderius

339 1584 394 1640 in
420 1586 873 1657 Cavalicensem,
894 1603 1043 1657 quos
1064 1593 1197 1659 post
1220 1590 1612 1660 expletionem
1638 1592 1869 1647 concilii
1891 1608 1978 1649 se-

334 1688 461 1727 cum
496 1675 731 1730 Romam
765 1676 950 1744 duxit,
986 1681 1043 1731 et
1075 1678 1402 1733 consecrati
1437 1685 1574 1735 sunt
1605 1695 1634 1735 a
1676 1695 1824 1751 papa
1882 1681 1970 1736 “3.

2100 520 2295 577 abbati
2326 523 2382 578 in
2414 523 2536 581 hac
2561 529 2739 583 verba
2768 547 2779 581 :

2163 607 2488 682 Gregorius
2524 616 2590 671 in
2634 617 2960 674 Romanum
2992 619 3340 691 pontiﬁcem
3386 622 3630 691 electus,
3669 625 3743 680 D.

2094 697 2297 755 abbati
2314 704 2663 760 monasterii
2682 706 2876 761 sancti
2889 706 3201 765 Benedicti
3219 708 3444 767 Montis
3471 710 3744 782 Cossini,

2091 786 2347 843 salutem
2364 791 2429 845 in
2453 790 2693 848 Christo
2708 794 2870 851 Jeszt.
2894 797 3159 853 Domnus
3180 812 3345 869 papa
3370 801 3435 855 A.
3472 801 3749 858 mortuus

2094 876 2330 935 est.etc.
2359 879 2528 949 (154).

2168 963 2373 1033 (1073.)
2401 968 2791 1025 Consecratus
2814 971 2994 1039 igitur
3013 972 3318 1042 injustitia
3338 979 3394 1030 et
3422 975 3744 1032 sanctitate

2094 1051 2238 1106 miro
2268 1055 2438 1131 modo
2470 1057 2720 1114 assiduis
2750 1059 2903 1114 votis
2933 1075 3038 1130 pro
3056 1075 3117 1115 se
3147 1067 3204 1116 et
3234 1076 3411 1131 grege
3442 1064 3553 1118 sibi
3587 1080 3746 1119 com-

2093 1138 2268 1195 misso
2295 1126 2612 1213 excubans,
2647 1134 2891 1213 urgente
2924 1126 3242 1217 pastoralis
3271 1150 3443 1205 oﬂlcii
3487 1152 3746 1207 necessi-

2090 1231 2234 1295 tate,
2274 1229 2523 1286 distorta
2568 1246 2973 1301 perversorum
3020 1237 3195 1292 corda
3244 1239 3314 1293 ad
3363 1240 3744 1295 rectitudinis

2092 1313 2301 1370 lineam
2336 1331 2554 1373 summa
2591 1321 2644 1375 vi
2674 1323 2971 1391 corrigere
3011 1324 3223 1393 nitens,
3276 1327 3586 1382 veritatem
3641 1329 3741 1383 Dei

2091 1404 2307 1474 absque
2331 1420 2595 1475 persona
2619 1412 2958 1480 acceptione
2981 1414 3248 1469 omnibus
3272 1416 3572 1485 patefecit,
3604 1431 3743 1472 nac-

2090 1494 2185 1547 tus
2208 1494 2459 1549 omnium
2487 1496 2767 1553 bonorum
2794 1499 3163 1556 dilectionem
3186 1504 3260 1558 ob
3284 1503 3389 1558 zeli
3415 1505 3513 1559 Dei
3550 1505 3745 1561 fervo-

2091 1593 2207 1635 rem
2232 1581 2550 1651 etjustitia
2568 1588 3040 1655 exequutionem.
3065 1590 3173 1645 Sed
3200 1591 3331 1661 quia
3360 1591 3516 1648 nulla
3533 1598 3627 1649 est
3646 1609 3742 1650 so-

2086 1668 2801 1743 cietasluciadtenebras,
2833 1676 3508 1745 perditorum-hominum
3534 1681 3735 1737 odium

405 1762 545 1833 (F01.
570 1766 717 1833 102.)
742 1764 839 1819 llis
861 1778 1000 1833 ergo
1024 1766 1253 1821 interim
1274 1768 1568 1838 sepositis,
1598 1769 1751 1824 beati
1784 1770 1971 1840 patris
2001 1779 2007 1839 ξ

2124 1762 2146 1810 t
2173 1758 2615 1830 detractionem,
2649 1762 2823 1817 immo
2849 1766 3362 1835 persequutionem
3388 1770 3735 1825 acerrimam

332 1850 594 1920 Gregorii
638 1852 734 1905 VII
781 1854 1049 1910 Romana
1101 1853 1377 1910 Ecclesia
1415 1856 1730 1926 pontificis,
1782 1860 1972 1927 magni

336 1937 495 1995 illius
528 1940 786 2009 Gregorii
818 1941 984 2009 cujus
1013 1941 1183 1997 hodie
1209 1943 1384 1999 liores
1406 1944 1619 2014 eloquii
1640 1945 1692 2000 in
1719 1947 1967 2002 ecclesia

331 2027 600 2083 redolent
623 2029 850 2085 univoei
870 2034 929 2084 et
948 2030 1248 2100 aquivoci,
1266 2031 1382 2099 jam
1408 2032 1461 2086 in
1489 2038 1614 2088 tuto
1638 2034 1834 2104 positi,
1852 2035 1967 2103 jam

333 2115 585 2172 decurso
609 2118 804 2173 mundi
830 2119 1228 2188 naufragantis
1247 2119 1470 2190 pelago,
1499 2122 1712 2191 quietis
1732 2129 1969 2181 atcrna

331 2203 442 2260 tida
465 2206 719 2261 statione
736 2207 929 2277 potiti,
958 2208 1148 2263 securi
1166 2196 1727 2279 pradieemnsgesta
1755 2213 1968 2280 magni-

326 2291 453 2362 ﬁca,
477 2299 535 2348 et
556 2308 704 2363 quos
726 2294 1167 2351 tribulationum
1192 2296 1443 2367 impetus
1468 2313 1572 2368 pro
1605 2302 1805 2354 sancta
1841 2315 1969 2355 sus-

327 2380 573 2437 tinuerit
606 2383 890 2453 acclesia,
935 2390 994 2439 et
1032 2385 1329 2442 sustinens
1369 2386 1510 2442 mira
1552 2391 1609 2442 et
1644 2387 1963 2443 inedieibili

328 2472 628 2541 superavit
654 2474 1003 2543 constantia,
1030 2478 1094 2529 ut
1113 2480 1272 2529 esset
1290 2475 1470 2530 libera
1496 2481 1656 2531 casta
1683 2482 1857 2547 atque
1874 2492 1967 2533 ca-

319 2557 560 2630 tholica,
576 2561 767 2617 divina
782 2563 1098 2618 comitante
1112 2564 1418 2619 clementia
1437 2566 1526 2636 pia
1544 2580 1967 2636 prosequamur

322 2648 621 2705 instantia.
645 2651 824 2705 Natus
842 2654 930 2706 est
951 2651 1130 2719 igitur
1150 2652 1203 2706 in
1229 2654 1371 2707 urbe
1398 2654 1595 2723 Roma,
1624 2654 1967 2724 parentibus

322 2736 552 2792 civibus
583 2738 876 2807 Romanis,
911 2744 990 2807 et,
1026 2740 1181 2808 quod
1208 2741 1514 2795 maximum
1535 2746 1622 2796 est
1652 2742 1959 2811 religiosis,

324 2824 712 2880 ascribendus
744 2826 890 2882 civis
936 2827 1114 2883 curia
1166 2826 1455 2895 caelestis;
1503 2834 1559 2883 et
1607 2831 1678 2884 ab
1729 2830 1963 2886 ineunte

322 2916 496 2968 atate
527 2912 962 2969 acclcsiasticis
995 2914 1361 2985 mancipatus
1392 2916 1618 2986 officiis,
1655 2919 1962 2989 pueritiam

321 3014 481 3057 suam
515 3015 626 3056 non
657 3001 782 3057 sine
817 3003 1019 3071 certis,
1054 3018 1182 3073 quae
1210 3017 1337 3059 eum
1373 3004 1661 3061 illustrem
1705 3007 1960 3063 futurum

310 3088 427 3158 jam
460 3094 599 3146 tunc
633 3090 929 3160 signarent
964 3091 1349 3162 documentis,
1373 3093 1666 3163 religiosis
1697 3096 1962 3166 personis

314 3178 627 3233 comitatus
655 3178 930 3233 excoluit.
964 3178 1432 3234 Adolescentiam
1473 3188 1773 3252 assumpto
1830 3199 1959 3239 san-

314 3265 542 3321 ctitatis
559 3266 858 3337 proposito
877 3266 1237 3322 iutermundi
1254 3274 1694 3339 contemptores
1708 3285 1814 3325 non
1834 3271 1956 3327 sine

314 3354 539 3421 magnis
553 3354 931 3423 perfectionis
947 3353 1183 3409 indiciis
1199 3356 1548 3426 perdomuit,
1580 3360 1787 3413 Juvent
1800 3363 1954 3415 utem

321 3439 736 3497 nichilominus
759 3441 981 3497 militiae
1019 3442 1358 3498 christiana
1408 3444 1754 3515 dedicatam,
1806 3448 1956 3503 sicut

310 3532 485 3585 atate
519 3528 600 3585 ita
629 3543 768 3585 sana
802 3529 1069 3585 doctrina
1098 3538 1157 3585 et
1178 3530 1541 3588 firmamento
1566 3534 1831 3591 veritatis
1866 3551 1955 3591 ro-

312 3616 596 3687 boratam,
634 3618 744 3674 sub
774 3618 1075 3689 praeclaris
1117 3619 1303 3676 totius
1348 3621 1653 3678 christiani
1705 3624 1955 3681 nominis

310 3706 611 3762 tutoribus
644 3710 702 3761 et
735 3707 1105 3778 praesulibus,
1142 3709 1398 3779 publicis
1430 3716 1645 3767 sancta
1668 3713 1953 3770 acelesia

308 3793 657 3865 mancipavit
694 3794 1071 3857 utilitatibus.
1110 3797 1232 3868 (fol.
1270 3798 1433 3869 102’.)
1465 3800 1567 3855 Hic
1591 3802 1666 3857 ob
1695 3801 1950 3871 singula-

305 3895 426 3939 rem
455 3882 801 3940 excellentis
831 3884 1041 3953 ingenii
1092 3887 1537 3957 praerogativam
1587 3903 1616 3944 a
1669 3889 1948 3947 Nicholao

304 3971 522 4042 papain
542 3971 1075 4029 archidiaconatum
1098 3974 1301 4030 matris
1324 3976 1588 4032 ecclesia
1613 3984 1943 4050 provectus,

302 4062 543 4118 strenua
567 4064 627 4118 et
649 4060 928 4118 laudabili
953 4062 1124 4133 hujus
1149 4064 1317 4119 olllcii
1353 4064 1858 4124 administratione
1889 4069 1944 4124 in

302 4149 485 4207 totius
514 4151 677 4207 orbis
709 4150 977 4208 notitiam
1018 4155 1074 4207 et
1118 4153 1525 4222 religiosorum
1571 4155 1944 4214 dilectionem

303 4239 464 4295 brevi
497 4240 750 4297 devenit.
786 4240 1113 4297 Decedente
1142 4256 1282 4299 vero
1316 4260 1459 4313 papa
1486 4245 1837 4318 Alexandro,
1872 4248 1944 4304 ad

301 4341 587 4385 summum
621 4330 934 4385 Christiani
982 4330 1282 4399 regiminis
1331 4332 1557 4388 culmen
1608 4335 1834 4392 accitus
1883 4339 1941 4393 et

301 4412 561 4487 alectus,
584 4417 891 4473 divinitate
912 4418 967 4472 in
991 4418 1161 4473 electi
1186 4419 1274 4474 sui
1299 4419 1654 4478 exaltatione
1689 4438 1942 4482 commu-

300 4517 432 4559 nem
475 4518 774 4562 servorum
820 4520 1055 4562 suorum
1101 4506 1468 4565 devotionem
1516 4510 1815 4584 incitante,
1867 4516 1940 4572 ad

301 4592 713 4664 perferendum
729 4594 884 4665 quod
898 4594 1476 4669 abhorrebatjugum,
1504 4600 1775 4673 quodque
1800 4617 1945 4661 sem-

299 4695 406 4753 per
435 4682 668 4754 quidem
700 4682 893 4753 animi,
926 4682 1239 4753 aliquando
1268 4689 1462 4743 autem
1502 4690 1768 4760 corporis
1808 4692 1943 4763 fuga

299 4769 722 4843 declinaverat,
742 4777 1109 4830 mansuetum
1134 4773 1346 4830 animal
1369 4776 1610 4833 Domino
1636 4793 1739 4836 suo
1761 4781 1945 4839 cervi-

294 4872 420 4917 cem
449 4860 735 4919 subdidit.
771 4861 1125 4919 Electionem
1158 4876 1299 4920 vero
1332 4863 1404 4920 de
1444 4877 1509 4921 se
1559 4865 1769 4925 factam
1818 4871 1943 4942 ipse

2088 1845 2373 1911 incurrit;
2410 1848 2623 1917 regiam
2658 1854 2847 1906 tamen
2870 1852 3039 1919 viam,
3068 1869 3237 1924 quam
3269 1857 3447 1912 semel
3478 1858 3738 1916 intrave-

2085 1940 2177 1990 rat
2228 1934 2631 2007 inconeussus,
2689 1939 2983 2007 immotus,
3034 1957 3136 2013 per
3186 1956 3339 2000 arma
3392 1943 3643 2013 justitia
3698 1963 3731 2004 a

2083 2021 2305 2078 dextris
2330 2028 2387 2079 et
2412 2039 2441 2079 a
2477 2025 2736 2083 sinistris
2763 2028 2994 2084 fortiter
3018 2030 3280 2087 incessit.
3312 2036 3390 2088 Ac
3414 2035 3599 2103 primo
3630 2037 3731 2106 qui

2081 2110 2207 2166 dem
2242 2113 2567 2182 apostolica
2600 2116 2954 2172 auctoritate
2983 2123 3041 2173 et
3069 2120 3345 2176 veridicis
3385 2127 3729 2180 sanctorum

2078 2199 2318 2254 Patrum
2336 2202 2628 2258 animatus
2650 2204 2982 2276 sententiis,
3007 2206 3078 2261 ad
3101 2206 3508 2266 eliminandam
3530 2212 3734 2281 Symo-

2078 2286 2300 2342 niacam
2325 2288 2576 2345 heresim
2600 2294 2656 2345 et
2684 2294 3129 2364 pracipiendam
3160 2296 3505 2354 clericorum
3546 2302 3731 2355 casti-

2077 2378 2259 2430 tatem
2292 2392 2399 2447 pro
2428 2380 2725 2435 commissi
2765 2382 2874 2437 sibi
2908 2383 3079 2439 officii
3111 2384 3311 2440 debito
3342 2387 3729 2446 vehementer

2075 2464 2311 2519 exarsit.
2350 2466 2602 2521 Audiant
2635 2468 2815 2535 igitur
2847 2471 2944 2539 qui
2975 2471 3176 2527 audire
3208 2474 3427 2543 volunt,
3479 2479 3542 2531 ut
3600 2492 3729 2534 mu-

2077 2550 2330 2622 niantur,
2365 2554 2457 2622 qui
2495 2556 2696 2611 audire
2727 2558 2949 2627 nolunt,
2984 2562 3043 2614 ut
3065 2561 3516 2634 confundantur,
3548 2579 3721 2634 quam

2076 2636 2257 2694 libera
2291 2655 2579 2712 quamque
2609 2644 2893 2701 catholica
2925 2662 3068 2703 voce
3094 2655 3296 2705 contra
3329 2652 3570 2708 insanos
3617 2655 3723 2710 im-

2077 2728 2299 2797 piorum
2317 2728 2868 2803 latratusimpiaque
2885 2735 3183 2793 molimina.
3205 2753 3501 2811 aususque
3528 2743 3728 2798 nefan-

2077 2816 2182 2872 bos
2205 2817 2523 2874 intonuerit
2549 2820 2637 2875 hic
2656 2830 3052 2893 propugnator
3066 2827 3368 2885 acclesia.
3398 2831 3536 2885 Cum
3563 2830 3722 2889 enim

2074 2920 2275 2961 omnes
2302 2907 2418 2962 fere
2443 2923 2547 2963 sua
2567 2916 2900 2983 quererent,
2921 2928 3033 2968 non
3063 2930 3189 2985 qua
3209 2918 3347 2973 Jesu
3381 2918 3616 2987 Christi,
3657 2927 3717 2975 et

2074 2993 2355 3050 adherere
2390 2996 2624 3051 mallent
2659 2997 3032 3070 discipulatui
3065 3004 3327 3073 Symonis
3359 3021 3527 3076 quam
3580 3023 3723 3078 pau-

2076 3082 2293 3152 periem
2327 3083 2541 3140 Christi
2575 3100 2811 3143 servare
2843 3089 2897 3144 in
2953 3092 3175 3147 unitate
3226 3094 3357 3149 lidei
3395 3112 3408 3159 ;
3460 3095 3715 3151 ministri

2072 3186 2302 3241 quoque
2335 3172 2513 3228 divini
2547 3177 2865 3232 sanctuarii
2902 3180 3108 3234 foedam
3142 3181 3469 3239 libidinosa
3516 3191 3721 3240 conta-

2066 3259 2259 3328 gionis
2287 3260 2667 3331 pollutionem
2698 3269 2898 3320 contra
2928 3267 3025 3335 jus
3059 3270 3258 3339 fasque
3294 3276 3633 3342 usurpatam
3659 3280 3723 3329 et

2069 3350 2571 3407 subintroduetam
2600 3354 2815 3409 nollent
2842 3356 3114 3426 abjieere,
3138 3358 3501 3417 iuvestitura
3535 3363 3718 3418 etiam

2068 3437 2463 3495 acelesiarum
2497 3456 2526 3496 a
2560 3440 2722 3497 laicis
2746 3443 3013 3500 indebite
3034 3454 3462 3518 usurparentur
3485 3466 3498 3513 ;
3525 3450 3716 3522 (1078,

2068 3526 2206 3581 Νον.
2246 3528 2333 3596 19)
2369 3529 2491 3598 ipse
2514 3545 2620 3600 pro
2637 3533 2923 3587 communi
2950 3535 3215 3591 ecclesia
3248 3535 3501 3593 utilitate
3524 3543 3583 3594 et
3615 3554 3719 3595 ne-

2067 3615 2346 3671 cessitate
2381 3618 2435 3671 in
2468 3618 2840 3677 Lateraneusi
2877 3622 3087 3692 palatio
3117 3630 3429 3695 aggregata
3463 3628 3712 3699 synodo,

2066 3703 3125 3782 circumsedentibusarchiepiscopis,
3143 3714 3459 3784 episcopis,
3484 3717 3716 3771 abbati-

2068 3791 2175 3849 bus
2195 3798 2251 3847 et
2279 3793 2568 3864 religiosis
2591 3798 2884 3867 Deumque
2907 3800 3251 3858 timentibus
3264 3802 3499 3860 clericis
3514 3810 3572 3860 et
3588 3821 3709 3862 mo-

2064 3881 2285 3950 nachis,
2308 3882 2378 3938 de
2402 3886 2822 3957 suprascriptis
2840 3893 2899 3943 et
2922 3888 3052 3944 aliis
3083 3891 3347 3948 ecclesia
3379 3894 3705 3951 commodis

2062 3975 2337 4041 tractans,
2366 3971 2489 4028 hac
2513 3972 2830 4030 decretalia
2857 3979 3246 4048 promulgavit
3266 3980 3702 4054 capitula(155).

2135 4061 2498 4131 Quicumque
2524 4064 2789 4120 militum
2807 4069 2920 4122 etc.

2128 4151 2244 4205 Hec
2277 4154 2412 4205 sunt
2444 4150 2762 4208 beatissimi
2795 4169 2960 4225 papa
2988 4156 3289 4227 synodalia
3321 4159 3557 4217 decreta
3586 4175 3707 4219 mo-

2060 4237 2222 4294 ribus
2242 4238 2606 4307 corrigendis
2628 4239 2851 4311 idonea,
2878 4248 3214 4303 sanctorum
3240 4248 3476 4306 Patrum
3501 4249 3707 4308 decre-

2058 4325 2133 4382 tis
2162 4340 2434 4397 consona,
2470 4327 2617 4383 calo
2648 4336 2883 4387 rorante
2913 4332 3154 4403 stillata,
3192 4336 3478 4393 universis
3519 4338 3705 4394 ﬁdeli-

2056 4416 2165 4472 bus
2179 4415 2543 4487 inculcanda,
2560 4418 2961 4490 amplectenda
2978 4428 3152 4493 atque
3169 4426 3436 4493 tenenda,
3458 4426 3694 4495 justitia

2054 4504 2313 4561 dictante
2352 4506 2597 4577 prolata,
2650 4508 2991 4566 fortitudine
3038 4513 3329 4569 roborata.
3386 4514 3699 4585 prudentia

2052 4594 2441 4666 promulgata,
2475 4598 2876 4667 temperantia
2906 4599 3126 4657 virtute
3147 4601 3412 4673 pradita.
3435 4602 3544 4659 Sed
3571 4618 3702 4675 per-

2052 4685 2207 4742 versi
2241 4684 2375 4741 dum
2405 4685 2462 4740 in
2491 4700 2692 4742 eorum
2724 4702 2923 4744 norma
2952 4689 3090 4746 vita
3135 4705 3256 4748 sua
3307 4693 3699 4765 perversitate

2053 4781 2372 4854 offendunt,
2407 4782 2512 4839 hec
2541 4783 2760 4855 gravia,
2794 4784 2903 4842 hec
2929 4785 3204 4859 dimcilia,
3239 4788 3362 4859 hec,
3395 4789 3529 4861 quia
3568 4805 3702 4849 cor-

2056 4872 2167 4943 rigi
2201 4872 2427 4942 nolunt,
2461 4872 2755 4929 emendari
2784 4874 3101 4945 refugiunt,
3128 4876 3476 4935 omnimodis
3496 4878 3701 4952 appel-

1658 4992 1892 5052 VARUE
1932 4995 2328 5054 LECTIONES.

364 5079 433 5114 3“
465 5083 648 5153 major
678 5098 815 5155 pars
845 5084 1070 5156 pagina
1102 5089 1289 5143 vacat.

1882 5196 2106 5255 NOTAE.

363 5293 512 5367 (153)
545 5294 810 5365 Synodus
839 5296 1035 5354 habita
1066 5303 1160 5357 est
1200 5302 1355 5359 inter
1401 5303 1455 5359 d.
1505 5308 1535 5361 3
1583 5307 1801 5366 mensis
1848 5311 1939 5366 Ja-

290 5365 668 5440 nua_rii'et__17
700 5369 1163 5440 meusisgAprilis
1191 5375 1345 5430 1080.
1381 5374 1508 5431 Vid.
1537 5365 1938 5437 litterasGre-

287 5436 537 5523 gerili‘ad
566 5436 1253 5523 Manassemﬁemensem
1287 5445 1626 5523 in_Registr.
1657 5450 1790 5523 _}’Il,
1847 5436 1931 5523 12,

286 5507 380 5588 ΞΟἶ
395 5507 796 5588 Δςζ1’1ο.-(ιιξο‹ῃιθ
827 5508 1270 5588 ibid_.AVI_II,A17,
1304 5520 1390 5588 18,
1416 5507 1509 5588 1ἕ,
1536 5523 1624 5575 20.
1655 5520 1717 5575 K.

360 5550 375 5564 .
413 5522 528 5564 ur.
565 5522 796 5637 quocpie
827 5522 967 5566 Ima.
1010 5522 1148 5584 VIII,
1182 5522 1251 5570 17
1304 5522 1503 5588 18,19,
1536 5523 1624 5575 20.
1655 5522 1717 5575 K.
1920 5522 1923 5523 ⁷

358 5580 508 5653 (tu)
536 5579 680 5637 Data
762 5593 907 5639 oma
937 5585 1025 5638 η.
1059 5584 1182 5641 Kal.
1218 5557 1388 5644 Iiaiu.
1419 5587 1536 5644 ind.
1564 5595 1652 5646 11.
1675 5590 1930 5662 Registr.

2014 5342 2023 5355 ”
2047 5350 2088 5425 I_,
2123 5353 2175 5405 2.
2212 5347 2853 5425 Pauligernriedensis
2884 5351 3013 5409 Vita
3047 5352 3424 5425 Gregorii,28.
3458 5355 3603 5415 Vide
3634 5359 3692 5415 in

2046 5419 2326 5490 Gregorio
2354 5418 2541 5490 VIIK.

2115 5489 2263 5573 (tua)
2296 5489 2474 5573 biansi
2504 5490 2615 5573 xx.
2649 5493 3020 5573 ng'etubion.
3052 5494 3241 5554 Germ.
3265 5494 3360 5553 SS.
3386 5496 3454 5570 V,
3476 5512 3534 5571 ι).
3561 5502 3687 5573 316,

2043 5564 2149 5617 315
2181 5560 2566 5633 (Ραινοιορίω
2597 5566 2639 5618 ι.
2674 5562 2975 5634 CXLVIII).
