3950 6048
136 244 265 322 2,93

1391 250 1891 327 CHRONICON.
1927 299 2000 308 -
2031 256 2190 326 LlB.
2222 262 2297 326 11.

3430 266 3547 328 294

137 396 269 453 lant
306 394 711 467 impossibilia.
739 396 784 452 Ο
814 401 1065 453 mentem
1097 401 1423 454 amentem!
1451 399 1493 454 Ο
1518 412 1790 470 spurcam
1821 397 1874 457 A
1906 397 2067 469 poris
2101 398 2313 455 Christi
2360 403 2421 456 et
2459 399 2756 457 consortio
2804 396 3059 457 ﬁdelium
3102 405 3402 472 separaret
3430 420 3444 468 ;
3479 406 3542 458 ut

139 484 475 555 nequitiam
506 488 565 539 et
594 484 1007 555 nequissimam
1032 486 1406 557 spurcitiam!
1433 487 1721 559 Numquid
1746 487 1795 543 si

144 572 521 644 perditorum
545 588 739 630 mores
761 573 1057 631 hominum
1084 576 1297 645 corrigi
1330 576 1689 646 refugientes
1701 577 1797 631 dc-

143 662 401 734 sipiunt,
432 661 665 731 justitia
698 662 991 735 silebitur,
1029 664 1219 735 pietas
1246 665 1709 735 conculcabitur,
1736 670 1794 720 et

141 749 597 807 ecclesiasticae
635 750 1162 809 animadversionis
1192 753 1423 821 gladius
1455 769 1484 809 a
1518 754 1795 824 sanguine

142 837 612 910 prohibebitur?
640 840 737 895 Vae
779 840 1011 911 rectori,
1050 856 1217 911 quem
1259 842 1625 898 denotaverit
1671 858 1797 899 sen-

144 927 337 982 tentia
371 927 619 997 hujusce
652 927 1115 985 maledictionis!
1146 929 1528 1002 Maledictus,
1563 930 1663 1002 ait,
1687 932 1795 1003 qui

140 1015 431 1087 prohibet
443 1015 723 1087 gladium
740 1030 915 1075 suum
936 1020 1282 1090 asanguz’ne
1303 1019 1448 1089 (εἶεν.
1473 1035 1662 1090 mm,
1680 1021 1790 1091 10).

144 1103 421 1160 Gladium
474 1119 504 1159 a
555 1106 838 1175 sanguine
880 1106 1192 1177 prohibere
1232 1111 1320 1163 est
1365 1108 1798 1179 praedicationis

141 1193 399 1248 verbum
434 1207 461 1248 a
495 1193 750 1250 carnalis
777 1193 913 1250 vitae
954 1194 1362 1252 interiectione
1402 1197 1677 1254 retinere.
1714 1198 1800 1254 Ob

148 1281 305 1337 hanc
340 1282 521 1351 igitur
552 1298 809 1354 causam,
838 1284 971 1354 quia
1015 1285 1239 1341 scilicet
1273 1292 1533 1342 sanctam
1572 1286 1673 1342 Dei
1711 1301 1802 1343 ec-

143 1368 397 1426 clesiam
430 1375 652 1426 castam
678 1385 813 1428 esse
837 1372 1095 1443 volebat,
1132 1373 1373 1431 liberam
1407 1379 1582 1446 atque
1604 1375 1801 1431 catho-

146 1458 344 1529 licam,
380 1460 512 1529 quia
548 1459 618 1515 de
650 1462 983 1517 sanctuario
1013 1462 1111 1518 Dei
1142 1462 1537 1533 Symoniacam
1576 1468 1634 1519 et
1668 1478 1801 1520 neo-

154 1547 472 1617 phytorum
506 1548 757 1605 heresim
782 1556 838 1605 et
866 1550 1053 1606 fedam
1078 1550 1406 1608 libidinosa;
1437 1553 1800 1623 contagionis

155 1634 544 1704 pollutionem
562 1637 793 1693 volebat
810 1638 1128 1709 expellere,
1148 1642 1384 1696 menbra
1400 1640 1616 1697 diaboli
1631 1656 1800 1712 cepe-

148 1729 287 1778 runt
317 1724 370 1778 in
395 1738 528 1780 eum
553 1725 878 1797 insurgere,
897 1732 955 1783 et
980 1743 1169 1799 usque
1192 1728 1264 1785 ad
1294 1729 1633 1798 sanguinem
1654 1744 1798 1801 prae-
1826 1747 1881 1807 Β

149 1816 532 1883 sumpserunt
558 1813 614 1868 in
645 1829 776 1871 eum
801 1830 1003 1873 manus
1024 1816 1264 1887 inicere,
1291 1822 1348 1873 et
1375 1821 1436 1874 ut
1460 1832 1590 1873 eum
1613 1822 1799 1874 morte

148 1900 241 1955 vel
272 1900 454 1957 exilio
481 1903 929 1975 confunderent,
964 1904 1164 1962 multis
1204 1920 1335 1962 eum
1379 1906 1565 1964 modis
1603 1907 1796 1963 conati

148 1994 285 2044 sunt
317 1990 568 2047 deicere.
596 1991 689 2048 Sic
719 1994 976 2049 surrexit
1005 1993 1158 2050 inter
1182 2009 1421 2065 regnum
1443 2000 1504 2051 et
1533 1994 1800 2052 sacerdo-

150 2077 299 2133 tium
331 2080 653 2151 contentio,
681 2082 933 2138 accrevit
973 2081 1148 2139 solito
1176 2084 1416 2153 gravior
1449 2088 1667 2141 sanctae
1698 2084 1797 2140 Dei

150 2166 427 2223 ecclesiae
455 2168 783 2225 tribulatio.

224 2255 371 2324 (F01.
404 2256 553 2327 104.)
586 2258 892 2316 Heinricus
923 2260 1095 2331 enim,
1130 2258 1381 2316 Heinrici
1422 2259 1796 2331 imperatoris

152 2342 331 2415 ﬁlius,
359 2344 649 2403 adversus
674 2349 851 2403 Deum
888 2353 948 2404 et
983 2353 1224 2405 matrem
1256 2348 1509 2405 omnium
1542 2350 1793 2406 catholi-

151 2447 355 2489 corum
390 2434 700 2492 Romanam
724 2436 1050 2492 mcclesiam
1076 2438 1329 2508 superbe
1355 2438 1634 2509 tumidus,
1664 2438 1796 2508 quia

154 2520 275 2575 vita
295 2521 427 2589 ejus
451 2538 627 2593 prava
652 2528 985 2581 sanctorum
1009 2526 1247 2581 Patrum
1271 2525 1529 2582 decretis
1553 2532 1611 2581 et
1633 2541 1803 2582 cano-

156 2610 1026 2683 nicisaversabaturinstitutis,
1045 2614 1327 2671 adversus
1341 2616 1517 2670 Deum
1533 2602 1827 2671 etadver?

153 2712 256 2752 sus
272 2696 569 2754 Christum
594 2701 717 2771 ejus
739 2700 1078 2772 insurrexit,
1096 2701 1530 2758 aecclesiasticis
1552 2703 1805 2759 sanctio-

158 2784 334 2842 nibus
366 2786 540 2858 impie
573 2788 761 2845 factus
791 2789 1053 2860 rebellis,
1087 2791 1324 2846 menbra
1358 2790 1573 2847 diaboli
1598 2797 1801 2849 contra

157 2888 291 2929 eum
315 2874 638 2946 incitando,
664 2882 722 2932 et
746 2892 944 2935 omnes
977 2893 1122 2949 quos
1142 2879 1333 2950 potuit
1367 2879 1557 2950 minis,
1582 2879 1802 2936 blandi-

158 2962 289 3030 ciis,
326 2964 677 3035 terroribus,
713 2966 1055 3023 muneribus
1093 2971 1297 3023 contra
1341 2982 1469 3023 eum
1502 2970 1797 3041 armando,

158 3051 461 3107 factacum
485 3052 683 3109 multis
704 3054 1001 3126 episcopis
1025 3056 1803 3127 Lotharienslbusetlrans-

156 3138 551 3197 rhenensibus
575 3142 1027 3213 conspiratione.
1054 3144 1251 3200 Posito
1275 3145 1587 3215 (tamenim
1610 3146 1801 3203 adhuc

157 3225 213 3280 in
235 3224 586 3283 diaconatus
616 3216 809 3284 ofﬁcio
832 3229 1035 3284 eodem
1072 3244 1215 3301 papa
1250 3230 1641 3302 sanctissimo,
1668 3246 1799 3288 cum

157 3313 228 3369 de
259 3328 331 3369 eo
364 3313 603 3371 sinistra
644 3321 703 3372 et
736 3317 1039 3374 inhonesta
1089 3319 1304 3389 ubique
1339 3319 1594 3376 ferretur
1629 3320 1797 3392 fama,

160 3406 409 3472 propter
432 3402 789 3475 imperialem
813 3406 1156 3476 dignitatem
1180 3412 1237 3463 et
1271 3408 1458 3479 patris
1480 3408 1799 3479 matrisque

156 3491 489 3547 reverentia
500 3507 802 3562 m,necnon
818 3499 1061 3566 propter
1073 3509 1234 3567 spem
1248 3497 1638 3553 correctionis
1651 3497 1796 3568 ejus,

157 3593 298 3651 sepe
324 3581 399 3635 ab
422 3594 491 3636 eo
526 3580 741 3638 litteris
761 3586 819 3638 et
849 3583 1053 3639 nuncis
1081 3589 1170 3640 est
1202 3584 1548 3657 admonitus,
1587 3590 1646 3642 ut
1688 3600 1804 3642 me-

159 3681 285 3723 mor
311 3667 888 3741 clarissimigeneris,
908 3687 1126 3728 memor
1141 3672 1455 3744 imperialis
1477 3674 1798 3745 dignitatis,

158 3757 339 3813 vitam
370 3772 534 3813 suam
568 3759 828 3816 moribus
866 3760 1110 3832 imperio
1140 3763 1603 3831 congruentibus
1641 3763 1803 3820 insti-

161 3849 381 3915 tueret,
415 3851 479 3903 ut
520 3861 715 3918 regem
756 3862 819 3904 se
860 3852 920 3905 et
962 3849 1371 3921 imperatorem
1420 3851 1805 3923 moribus_os-

160 3936 456 4004 tenderet,
491 3937 769 4007 operibus
808 3938 1093 3993 exiberet.
1128 3939 1239 3995 Sed
1282 3939 1414 4009 quia
1456 3954 1587 3997 cum
1628 3944 1804 3997 aetate

160 4021 321 4079 illius
374 4038 605 4094 quoque
638 4025 863 4095 pariter
894 4026 1078 4083 crevit
1114 4027 1410 4098 iniquitas,
1454 4027 1805 4086 sublimatus

161 4110 217 4166 in
245 4111 458 4168 ordine
492 4113 886 4186 pontiﬁcatus,
919 4115 1273 4171 auctoritate
1302 4115 1472 4172 ofﬁcii
1515 4116 1624 4173 sibi
1655 4132 1807 4173 com-

160 4201 326 4257 missi
363 4201 549 4259 multo
582 4202 890 4261 sollicitius
913 4205 983 4260 ad
1013 4205 1149 4261 vitae
1180 4205 1641 4263 meliorationem
1674 4222 1804 4263 eum

159 4289 216 4345 in
260 4290 391 4346 dies
438 4289 824 4359 hortabatur;
863 4308 992 4350 cum
1043 4293 1141 4350 ille
1189 4294 1565 4351 excusatione
1613 4295 1807 4353 aetatis

160 4379 335 4434 ﬂuxa:
368 4385 429 4434 et
455 4381 676 4451 fragilis
699 4381 769 4439 de
783 4383 946 4438 diein
961 4382 1114 4439 diem
1138 4383 1353 4440 monita
1376 4383 1503 4454 ejus
1526 4399 1587 4442 se
1609 4400 1806 4442 susce-

161 4470 406 4540 pturum
433 4469 633 4526 verbis
667 4470 897 4541 quidem
939 4472 1332 4546 promitteret,
1357 4477 1617 4531 ceterum
1645 4489 1708 4531 re
1746 4480 1806 4532 et

160 4556 619 4626 exaggeratione
648 4558 974 4631 culparum,
1009 4558 1161 4616 malo
1209 4574 1408 4617 eorum
1452 4562 1510 4617 in
1563 4576 1807 4633 quorum

161 4658 373 4702 manus
398 4646 558 4702 curia
583 4651 708 4703 erat
723 4647 990 4719 consilio,
1010 4649 1246 4719 penitus
1258 4650 1649 4707 conculcaret.
1668 4652 1810 4709 Hinc

156 4733 276 4803 jam
302 4733 623 4805 proclivior
654 4736 843 4793 factus
866 4737 937 4793 ad
963 4738 1207 4807 scelera,
1236 4753 1499 4810 praeceps
1522 4740 1812 4812 praecipiti

163 4837 305 4879 usus
328 4822 576 4880 consilio
600 4825 1016 4898 ferebaturper
1056 4826 1243 4884 devia.
1289 4827 1488 4884 Visum
1522 4831 1609 4885 est
1649 4844 1813 4901 papze

164 4911 535 4985 beatissimo,
570 4917 632 4970 ut
676 4914 993 4972 familiares
1033 4915 1182 4987 ejus,
1233 4931 1478 4988 quorum
1525 4918 1814 4974 machina-

162 5000 435 5057 cionibus
460 5016 564 5074 per
586 5001 961 5076 episcOpatus
981 5009 1041 5061 et
1063 5005 1414 5062 monasteria
1438 5006 1697 5065 inductis
1713 5007 1811 5078 Sy-

162 5088 602 5162 moniacelupis
621 5106 727 5163 pro
747 5092 1104 5165 pastoribus,
1128 5093 1397 5151 ecclesiae
1421 5092 1809 5153 innocentiam

162 5175 362 5235 heresi
394 5180 641 5236 nefanda
672 5180 993 5254 fedaverat,
1018 5182 1091 5239 ad
1120 5182 1521 5254 paenitentiam
1543 5190 1804 5257 vocaret,

164 5266 476 5326 venientes
495 5269 849 5344 susciperet,
864 5274 1215 5344 respuentes
1227 5285 1258 5328 a
1271 5272 1671 5331 communione
1691 5289 1812 5332 cor-

1906 485 1998 541 vel
2032 486 2117 544 sic
2148 502 2279 544 eum
2310 490 2381 544 ab
2413 503 2611 545 eorum
2637 489 3007 559 surreptione
3037 494 3097 543 et
3129 488 3379 557 maligno
3410 505 3545 546 con-

1907 574 2036 631 silio
2076 582 2434 648 segregaret,
2470 577 2785 633 admonens
2819 592 2947 634 eum
2992 581 3052 634 ut
3086 592 3186 634 eos
3217 592 3548 634 excommu-

1908 663 2134 720 nicatos
2164 680 2193 720 a
2227 664 2418 736 domo,
2453 680 2482 721 a
2516 666 2799 735 convivio,
2839 668 2909 721 ab
2951 667 3103 721 omni
3148 666 3545 721 familiaritate

1905 757 1964 809 et
1994 753 2397 810 communione
2429 769 2528 811 sua
2571 755 2915 825 expelleret.
2950 755 3188 811 Interim
3220 771 3361 812 vero
3385 756 3541 812 inva-

1908 841 2166 899 lescente
2210 847 2412 899 contra
2460 859 2591 901 eum
2633 846 2923 900 Saxonum
2974 859 3166 916 causa,
3207 861 3337 901 cum
3389 845 3545 902 vires

1909 930 2069 999 regni
2101 936 2161 987 et
2193 932 2461 1002 praesidia
2491 947 2521 987 a
2556 947 2619 987 se
2650 932 2876 987 videret
2910 931 3160 988 deﬁcere
3190 932 3361 1003 velle,
3394 933 3548 1005 epis-

1907 1018 2082 1075 tolam
2123 1020 2174 1074 ei
2217 1019 2429 1075 direxit
2474 1020 2794 1091 supplicem
2833 1028 2891 1075 et
2930 1020 3259 1075 humilitate
3292 1020 3541 1091 plenam,

1914 1107 2288 1178 penitentiam
2341 1108 2410 1163 de
2450 1109 2805 1179 perpetratis
2845 1123 3037 1178 agens,
3082 1108 3544 1165 emendationem

1913 1194 2216 1265 pollicens,
2250 1200 2308 1250 et
2338 1210 2497 1251 suam
2531 1196 2582 1250 ci
2617 1196 3009 1251 obedientiam
3034 1202 3093 1251 ct
3126 1195 3295 1251 ﬁdele
3320 1196 3546 1265 adjuto-

1912 1284 2058 1340 rium
2083 1287 2285 1339 contra
2309 1283 2664 1339 rebellantes
2687 1283 3049 1354 promittens.
3069 1286 3137 1339 Et
3158 1283 3268 1339 hoc
3295 1290 3547 1355 postmo-

1909 1372 2044 1427 dum
2078 1371 2284 1441 legatis
2314 1371 2440 1440 ejus
2469 1372 2787 1427 Humberto
2818 1372 3179 1427 Praenestino
3212 1376 3270 1426 et
3307 1371 3542 1428 Giraldo

1911 1459 2164 1515 Ostiensi
2195 1459 2488 1530 episcopis
2518 1460 2571 1514 in
2612 1459 2843 1516 illorum
2876 1475 3078 1516 manus
3121 1476 3223 1532 per
3276 1467 3540 1517 sacratas

1908 1563 2107 1605 eorum
2149 1548 2346 1615 stolas,
2393 1564 2537 1618 quas
2587 1547 2737 1604 collo
2784 1550 3114 1619 gestabant,
3162 1548 3541 1619 jurejurando

1909 1637 2277 1695 conﬁrmans.
2313 1640 2526 1693 Textus
2557 1643 2750 1692 autem
2782 1637 3044 1708 epistolae
3078 1639 3187 1695 iste
3218 1644 3310 1694 est
3341 1658 3353 1692 :

1984 1727 2123 1798 (Fol.
2157 1727 2332 1798 103b.)
2368 1749 2394 1776 ‹‹
2425 1726 2878 1795 Vigilantissimo
2912 1731 2971 1782 et
3003 1727 3543 1784 desiderantissime

1910 1814 2118 1871 domno
2153 1831 2313 1887 papa
2348 1815 2624 1884 Gregorio
2647 1814 2971 1885 apostolica
2999 1815 3284 1885 dignitate
3316 1815 3544 1873 caelitus

1910 1906 2208 1975 insignito,
2234 1904 2542 1961 Heinricus
2572 1904 2671 1958 Dei
2702 1904 2889 1972 gratia
2914 1905 3299 1961 Romanorum
3324 1920 3426 1960 rex
3448 1905 3546 1962 de-

1912 1996 2017 2051 biti
2051 1996 2364 2051 famulatus
2402 1993 2800 2050 ﬁdelissimam
2842 1992 3239 2049 exibitionem.
3277 1997 3414 2051 Cum
3455 2009 3546 2050 re-

1906 2099 2082 2154 gnum
2106 2087 2163 2138 et
2178 2083 2588 2151 sacerdotium,
2615 2086 2672 2138 ut
2690 2083 2743 2136 in
2761 2082 2993 2138 Christo
3009 2083 3120 2137 rite
3136 2082 3543 2140 administrata

1911 2171 2491 2241 subsistant,vicaria
2516 2171 2604 2227 sui
2629 2186 2740 2242 ope
2764 2186 2993 2241 semper
3027 2171 3340 2241 indigeant,
3378 2188 3547 2243 opor-

1909 2263 1995 2317 tet
2023 2260 2312 2327 nimirum,
2340 2259 2571 2315 dominc
2602 2259 2675 2313 mi
2700 2264 2758 2314 et
2783 2265 2947 2329 pater
2970 2260 3381 2329 amantissime,
3411 2276 3547 2331 qua-

1908 2349 2066 2405 tinus
2096 2350 2167 2404 ab
2198 2349 2439 2403 invicem
2474 2348 2703 2402 minime
2728 2347 3097 2417 dissentiant,
3122 2362 3323 2404 verum
3350 2350 3544 2419 potius

1912 2435 2125 2491 Christi
2148 2432 2901 2505 gluttinojconjunctissima
2919 2433 3412 2491 indissolubiliter
3432 2436 3543 2491 sibi

1912 2524 2245 2580 cohereant.
2272 2524 2528 2592 Namque
2550 2522 2631 2578 sic
2661 2526 2853 2577 etnon
2877 2521 3051 2576 aliter
3080 2527 3464 2579 conservatur
3486 2524 3544 2579 in

1911 2611 2144 2669 vinculo
2159 2611 2430 2683 perfecta:
2454 2610 2723 2667 caritatis
2734 2611 3050 2681 etpacis,et
3064 2610 3548 2668 Christianaacon-

1913 2700 2223 2757 concordia
2242 2700 2483 2756 unitatis
2511 2703 2566 2754 et
2590 2698 2989 2755 ecclesiasticae
3009 2699 3181 2755 simul
3206 2705 3400 2756 status
3412 2700 3548 2757 reli-

1910 2789 2118 2860 gionis.
2155 2789 2263 2844 Sed
2295 2803 2419 2859 nos,
2458 2788 2551 2858 qui
2593 2790 2707 2844 Deo
2739 2793 3028 2843 annuente
3063 2789 3356 2859 regnijam
3373 2791 3547 2846 sorti-

1913 2893 2040 2933 mur
2063 2877 2468 2943 ministerium,
2495 2876 2823 2932 sacerdotio
2846 2880 2909 2932 ut
2936 2877 3200 2947 oportuit
3226 2893 3328 2948 per
3356 2878 3544 2933 omnia

1906 2966 2003 3037 jus
2016 2970 2073 3022 et
2090 2967 2362 3021 honorem
2378 2980 2487 3021 non
2501 2964 2826 3021 exibuimus
2840 2965 3187 3034 legitimum.
3207 2966 3431 3038 Quippe
3451 2966 3548 3022 da-

1913 3060 1986 3111 tae
2009 3055 2351 3112 nobisaDeo
2368 3053 2675 3124 potestatis
2698 3054 2985 3108 vindicem
3006 3054 3261 3124 gladium
3287 3070 3394 3109 non
3420 3056 3546 3111 sine

1914 3159 2086 3200 causa
2130 3143 2508 3215 portavimus,
2558 3156 2664 3196 nec
2709 3147 2897 3196 tamen
2942 3142 2997 3196 in
3032 3158 3185 3201 reos.
3226 3146 3286 3197 ut
3323 3143 3543 3212 justum

1913 3230 2373 3303 fuit,judiciaria
2402 3230 2563 3285 illum
2604 3244 2852 3285 censura
2893 3230 3343 3299 evaginavimus.
3383 3232 3544 3286 Nnnc

1910 3324 2103 3378 autem
2137 3319 2328 3397 divina
2353 3318 2726 3374 miseratione
2740 3318 3164 3389 aliquantulum
3186 3320 3541 3391 compuncti,

1910 3413 1970 3465 et
1991 3410 2048 3464 in
2080 3424 2185 3465 nos
2207 3407 2450 3477 reversi,
2484 3411 2724 3477 peccata
2759 3411 2959 3463 nostra
2981 3408 3175 3478 priora
3214 3412 3423 3464 vestrm
3466 3408 3549 3462 in-

1912 3497 2373 3567 dulgentissime;
2407 3494 2745 3567 paternitati
2787 3511 2891 3551 nos
2933 3497 3264 3552 accusando
3308 3496 3549 3552 conﬁte-

1912 3602 2060 3655 mur,
2079 3591 2382 3657 sperantes
2398 3585 2467 3640 de
2480 3584 2649 3640 vobis
2672 3584 2728 3638 in
2743 3584 3002 3655 Domino,
3019 3588 3081 3641 ut
3095 3584 3417 3656 apostolica
3433 3599 3551 3642 ves-

1911 3677 2004 3729 tra
2029 3674 2382 3730 auctoritate
2405 3672 2659 3729 absoluti
2676 3672 2987 3742 justiﬁcari
3013 3688 3354 3730 mereamur.
3391 3674 3549 3731 Eheu

1916 3762 2215 3819 criminosi
2268 3777 2372 3818 nos
2401 3765 2457 3817 et
2506 3761 2787 3817 infelices!
2825 3762 3035 3832 partim
3076 3763 3345 3832 pueritiae
3392 3762 3553 3818 blan-

1916 3851 2132 3907 dientis
2157 3850 2746 3921 instintione,partim
2778 3851 3092 3920 potestatis
3128 3855 3343 3908 nostra:
3377 3852 3554 3923 impe-

1915 3941 2070 3996 riosa
2085 3939 2380 4009 libertate,
2409 3938 2618 4009 partim
2632 3938 2805 3993 etiam
2829 3954 3052 4009 eorum,
3079 3954 3325 4009 quorum
3349 3940 3554 3996 seduc-

1914 4028 2051 4084 tiles
2074 4028 2311 4083 nimium
2336 4027 2569 4096 sequuti
2590 4041 2791 4083 sumus
2812 4028 3075 4096 consilia,
3100 4027 3432 4084 seductoria
3456 4029 3553 4084 de-

1914 4115 2589 4188 ceptione,!peccavimus
2603 4115 2657 4170 in
2671 4115 2883 4171 coelum
2897 4121 3161 4171 etcoram
3178 4116 3422 4187 vobis,et
3434 4116 3549 4186 jam

1916 4206 2073 4276 digni
2088 4219 2200 4261 non
2216 4218 2418 4261 sumus
2437 4204 2740 4259 vocatione
2760 4208 2971 4260 vestrm
2994 4203 3314 4260 ﬁliationis.
3333 4206 3450 4261 Non
3468 4219 3556 4261 so-

1915 4292 2032 4351 lum
2056 4294 2207 4351 enim
2240 4308 2347 4350 nos
2381 4307 2474 4349 res
2503 4290 2957 4351 aacclesiasticas
2988 4292 3327 4365 invasimus,
3352 4308 3554 4351 verum

1918 4398 2147 4455 quoque
2160 4381 2414 4453 indignis
2429 4380 2787 4452 quibuslibet
2809 4386 2866 4437 et
2894 4382 3233 4453 Symoniaco
3250 4383 3384 4439 felle
3404 4397 3557 4440 ama-

1918 4472 2204 4542 ricatis,et
2224 4485 2337 4527 non
2354 4469 2580 4542 perosti
2592 4484 2683 4526 um
2698 4470 2797 4526 sed
2814 4469 3047 4528 aliunde
3068 4470 3553 4544 ingredientibus,

1918 4560 2220 4619 (ecclesias
2250 4560 2408 4633 ipsas
2431 4558 2818 4630 vendidimus,
2851 4563 2907 4614 et
2933 4574 3045 4616 non
3068 4574 3169 4616 eas
3202 4563 3264 4617 ut
3289 4561 3558 4633 Oportuit

1924 4649 2304 4707 defendimus.
2322 4648 2724 4719 Atnunc,quia
2738 4648 2848 4704 soli
2865 4649 3086 4720 absque
3099 4653 3299 4707 vestra
3313 4649 3558 4706 auctori-

1922 4743 2046 4796 tate
2067 4738 2369 4795 :ecclesias
2385 4737 2683 4807 corrigere
2701 4752 2811 4793 non
2838 4751 3353 4810 possumus,super
3373 4738 3559 4808 his,ut

1923 4829 2098 4885 etiam
2115 4828 2184 4884 de
2206 4827 2426 4884 nostris
2440 4827 2730 4897 omnibus,
2747 4830 3011 4885 vestrum
3034 4842 3146 4884 una
3168 4825 3474 4883 consilium
3497 4829 3559 4882 et

1925 4917 2201 4975 auxilium
2219 4916 2430 4973 obnixe
2446 4916 2744 4986 querimus
2760 4934 2775 4982 ;
2790 4920 3050 4972 vestrum
3066 4918 3423 4987 praeceptum
3440 4917 3547 4973 stu-

1920 5006 2244 5064 diosissime
2267 5005 2602 5063 servabitur
2625 5006 2681 5061 in
2705 5004 2994 5061 omnibus.
3019 5005 3254 5062 Etnunc
3270 5003 3556 5077 imprimis

1921 5097 1992 5154 de
2004 5093 2270 5154 secclesia
2291 5093 2724 5164 Mediolanensi,
2743 5108 2870 5164 qua
2885 5096 3084 5150 nostra
3098 5091 3342 5164 eulpain
3356 5108 3562 5153 errore

1919 5189 2032 5257 est,
2050 5197 2339 5256 rogamus,
2362 5187 2425 5241 ut
2443 5186 2640 5240 vestra
2660 5181 2984 5255 apostolica
2997 5180 3369 5240 districtione
3388 5198 3564 5243 cano-

1920 5275 2051 5334 nice
2079 5272 2433 5346 corrigatur,
2466 5275 2526 5328 et
2558 5270 2766 5330 exinde
2796 5269 2869 5329 ad
2894 5276 3143 5330 caeteras
3180 5272 3563 5343 corrigendae

1751 5399 1799 5455 N
1803 5397 1975 5457 0T1E.

232 5493 282 5565 (l
293 5494 387 5576 g6)
421 5492 630 5552 Posito
654 5524 727 5535 —
755 5494 1116 5576 σοπλῖνηιαῃε
1145 5492 1813 5576 ex_ep‘istola_-_G_regori_i

163 5563 253 5622 ad
286 5563 625 5637 Germanos,
676 5578 806 5637 quae
853 5563 911 5621 in
952 5565 1156 5624 codice
1203 5563 1460 5623 Udalriei
1499 5569 1624 5639 146,
1661 5563 1815 5640 apud

1925 5494 2270 5553 annalistam
2292 5494 2578 5551 Saxonem
2600 5498 2660 5552 et
2679 5493 3163 5555 Bernriedensem
3176 5498 3245 5554 78
3265 5497 3558 5553 servatur.

1927 5567 1998 5624 Cf
2020 5565 2403 5625 Bertholdum
2425 5578 2477 5623 a.
2514 5570 2673 5627 1075.
