3950 6048
239 164 373 229 297

1522 168 2020 239 CHRONICON.
2055 211 2131 221 —
2161 172 2314 239 LIB.
2362 170 2434 240 II.

3555 184 3671 245 298

236 303 487 361 Scimus
518 302 789 375 quoniam
824 304 1132 377 prudentia
1165 313 1380 379 vestra,
1410 330 1437 362 »
1479 316 1591 367 etc.
1658 310 1796 366 Vide
1844 310 1911 367 iu
1939 319 1993 377 Α
2023 314 2082 366 et
2115 326 2265 368 nunc
2298 312 2506 371 iterum
2526 315 2911 387 postulamus,
2940 322 2999 371 ut
3019 314 3319 373 Pauiinum
3344 317 3673 388 Aquileien-

239 391 547 462 Gregorio
584 393 713 450 VII.

321 482 473 537 Item
499 482 572 537 ad
595 498 796 538 omnes
826 484 1077 540 clericos
1106 488 1161 539 et
1192 485 1373 542 laicos
1414 488 1469 543 in
1523 502 1699 558 regno
1730 488 1909 543 Theu-

239 568 628 626 thouicorum
662 572 1021 628 constitutos
1042 574 1112 627 de
1144 574 1343 630 eadem
1393 590 1454 631 re
1487 576 1634 648 (164)
1660 594 1718 629 :«
1772 577 1910 631 Grc-

242 658 461 727 gorius
493 659 823 731 episcopus,
860 676 1065 718 servus
1115 677 1416 719 servorum
1464 664 1584 731 Dei,
1639 665 1908 719 omnibus

241 746 496 803 clericis
526 748 765 803 etlaicis
791 749 846 803 in
872 764 1050 819 regno
1068 751 1595 808 Theuthonicorum
1628 753 1911 809 constitu-

245 835 353 905 tis,
374 836 625 892 salutem
640 841 699 892 et
713 838 1093 908 apostolicam
1111 840 1748 909 bcuedictionem.(Fol.
1770 841 1909 909 106’)
1942 909 1950 913 η

251 925 608 981 Audivimus
637 925 789 996 quod
825 927 1057 996 quidam
1091 928 1522 1000 episc0porum,
1559 951 1585 981 »
1620 933 1731 985 etc.
1776 929 1913 984 Vide

248 1014 321 1070 in
354 1012 661 1086 Gregorio.

325 1104 476 1169 Quia
503 1117 643 1174 ergo
670 1108 804 1159 sunt
837 1103 1070 1174 quidam
1096 1106 1191 1175 qui
1213 1106 1432 1173 dicunt,
1477 1105 1736 1161 inaudita
1787 1106 1909 1162 haec

250 1192 479 1247 domini
510 1207 674 1263 papm
706 1197 1020 1263 praecepta,
1055 1198 1383 1263 quatenusa
1419 1194 1789 1251 secularibus
1814 1210 1910 1265 po-

252 1281 599 1351 testatibus,
636 1281 786 1336 ntab
818 1281 1004 1337 oﬂieio
1027 1289 1280 1353 cessent,
1304 1284 1355 1339 vi
1390 1289 1777 1339 coerceantur
1801 1283 1909 1338 sei-

251 1370 488 1426 smatici
519 1369 802 1442 episcopi,
830 1374 887 1425 et
925 1374 983 1426 ut
1017 1371 1267 1427 olticium
1299 1387 1499 1427 eorum
1534 1386 1646 1426 non
1668 1371 1910 1442 recipia-

251 1462 353 1513 tur
385 1477 398 1515 :
426 1463 765 1515 scrutemur
779 1462 944 1528 gesta
964 1463 1212 1530 patrum,
1251 1464 1309 1514 et
1334 1460 1633 1515 videamus
1657 1460 1727 1515 ad
1749 1459 1910 1515 ediﬁ-

250 1545 545 1601 cationem
564 1545 943 1614 audientium,
971 1546 1017 1601 si
1044 1546 1181 1617 quid
1210 1545 1396 1602 simile
1418 1547 1709 1603 invenitur
1730 1546 1786 1601 in
1821 1561 1910 1601 se-

252 1634 338 1690 rie
362 1635 795 1706 scripturarum
820 1635 1170 1691 divinarum.
1196 1637 1259 1691 Et
1284 1634 1634 1691 certenichil
1658 1636 1749 1691 hic
1775 1636 1902 1691 novi

253 1737 364 1779 non
398 1722 507 1778 hec
538 1722 723 1794 prima
749 1722 968 1777 diaboli
1004 1723 1058 1777 in
1086 1728 1348 1781 sanctam
1390 1724 1712 1780 aacclesiam
1763 1730 1907 1779 tem-

255 1811 1069 1883 ptatio,necprimaejush:ec
1091 1816 1178 1869 est
1220 1812 1584 1869 medicinalis
1623 1812 1901 1868 defensio.

254 1900 529 1971 Pelagius
561 1916 710 1972 papa
735 1901 826 1956 vir
850 1916 1071 1972 magna)
1105 1902 1160 1956 in
1194 1902 1494 1959 Christoet
1537 1903 1591 1957 in
1632 1901 1904 1957 mcclesia

254 1989 460 2059 gloriae
484 1989 573 2045 vir
606 2004 828 2059 magna:
850 1990 1227 2047 auctoritatis
1259 1996 1318 2047 et
1351 1990 1578 2060 gratim,
1603 1990 1907 2046 videamus

256 2079 393 2149 quid
427 2079 582 2134 dicat
615 2080 686 2134 de
700 2078 942 2135 Paulino
966 2080 1323 2149 Aquileiensi
1347 2080 1853 2151 pseudoepiscopo
1875 2095 1902 2134 a

254 2168 668 2224 Mediolaneusi
702 2172 907 2225 contra
959 2184 1176 2224 morem
1221 2170 1563 2225 canonicum
1606 2169 1902 2223 ordinato.

257 2258 345 2314 Ait
377 2259 602 2329 itaque,
639 2258 904 2313 scribens
933 2258 1477 2329 Johannipatricio;
1518 2258 1905 2327 «Relegentes

256 2346 485 2403 litteras
498 2346 863 2403 excellentiae
887 2351 1121 2415 vestra),
1144 2348 1214 2402 de
1238 2345 1443 2414 injuria
1461 2347 1714 2417 quidem,
1732 2360 1901 2416 quam

254 2437 418 2492 vobis
464 2436 792 2507 iniquorum
830 2436 1124 2491 hominum
1175 2435 1573 2506 priesumptio,
1628 2434 1898 2505 ingessit,

252 2524 416 2581 valde
442 2524 755 2581 doluimus.
786 2524 893 2580 Sed
910 2524 1044 2595 quia
1063 2524 1279 2579 scimus
1294 2524 1528 2579 occulto
1544 2524 1642 2579 Dei
1678 2522 1900 2603 judicio

252 2616 498 2669 animam
519 2619 798 2685 vestram,
826 2614 936 2669 etsi
987 2614 1352 2684 peraliorum
1418 2612 1780 2682 iniquitatem
1832 2626 1900 2668 ac

250 2703 582 2775 superbiam
608 2718 637 2758 a
685 2702 1182 2759 contaminatione
1199 2702 1489 2757 scismatis
1519 2700 1895 2769 custoditam,

249 2792 473 2863 egimus
505 2791 892 2863 omnipotenti
919 2793 1034 2846 Deo
1060 2791 1299 2860 gratias,
1326 2790 1423 2860 qui
1457 2790 1630 2846 etiam
1647 2790 1718 2845 de
1734 2788 1900 2844 malis

251 2882 546 2939 hominum
579 2880 809 2937 actibus
834 2881 977 2936 bona
1011 2880 1241 2951 operari
1266 2879 1591 2935 consuevit.
1617 2880 1730 2933 Nec
1746 2877 1896 2933 enim

251 2971 371 3027 sine
404 2970 569 3027 illius
602 2970 818 3026 factum
841 2984 970 3025 esse
986 2968 1300 3039 credimus,
1328 2968 1899 3038 utirsensatietper-

1934 1687 1992 1748 Β

2026 415 2145 455 sem
2172 404 2728 475 pscudoepiscopum
2752 410 2809 459 et
2846 404 3004 461 illum
3049 405 3531 461 Mediolauensem
3551 407 3671 476 epi-

2027 492 2359 559 scopumad
2401 493 2921 548 clementissimum
2976 493 3299 564 principem
3352 496 3457 548 sub
3499 494 3670 563 digna

2024 578 2289 633 custodia
2325 580 2594 649 dirigatis
2629 601 2640 634 :
2672 582 2881 649 utiste,
2910 582 3004 651 qui
3033 582 3489 652 episeopusesse
3513 582 3672 638 nullo

2027 666 2196 720 modo
2222 672 2435 737 potest,
2454 670 2584 738 quia
2609 674 2813 724 contra
2830 684 3055 725 omnem
3081 670 3416 725 canonicam
3433 684 3673 725 consue-

2027 754 2284 810 tudinem
2313 756 2502 812 faetus
2532 763 2643 813 est:
2672 758 2827 814 ultro
2862 758 3005 813 alios
3036 774 3143 813 non
3178 760 3426 829 perdat;
3462 763 3517 811 et
3554 758 3670 826 ille,

2026 843 2121 912 qui
2153 849 2356 899 contra
2392 847 2921 915 moremantiquum
2956 862 3085 901 eum
3104 847 3381 901 ordinare
3410 862 3678 917 pursuin-

2027 931 2160 1001 psit,
2188 932 2401 989 debitie
2435 935 2754 990 canonibus
2789 935 3061 990 vindicta»
3105 936 3421 1003 S‘:Iij{iCt'{lt.
3460 960 3484 983 ι
3532 938 3670 989 ltem

2026 1018 2296 1087 Pelagius
2318 1021 2559 1076 Johanni
2589 1023 2880 1077 defensori
2918 1041 2932 1087 ;
2969 1044 2987 1071 ι)
3011 1024 3387 1078 l-llrutherius
3422 1025 3673 1078 l‘rateret

2022 1108 2629 1179 coepisc0pusnoster
2657 1110 2946 1180 queritur,
2986 1111 3235 1165 clericos
3255 1128 3393 1166 suos
3415 1112 3524 1165 sibi
3542 1128 3673 1167 eon-

2026 1200 2113 1249 tra
2147 1210 2398 1252 canones
2424 1200 2751 1269 superbire,
2790 1204 2845 1255 et
2883 1200 2935 1255 id
2973 1200 3124 1269 quod
3152 1200 3673 1268 nobisjubentibus

2027 1284 2174 1339 facta
2198 1286 2251 1339 in
2285 1287 2499 1342 scrinio
2516 1289 2790 1343 cautione
2816 1288 3111 1358 promisit,
3141 1292 3200 1343 ut
3228 1288 3540 1343 cotidianis
3558 1288 3672 1343 die-

2026 1374 2362 1441 busvigilize
2406 1375 2458 1430 in
2503 1377 2629 1444 ejus
2662 1375 3043 1431 celebrentur
3082 1376 3349 1441 ecclesia,
3387 1377 3501 1430 illis
3540 1392 3674 1432 con-

2020 1464 2846 1536 tempnentihusimplerenon
2874 1480 3065 1535 posse.
3094 1468 3157 1519 Et
3188 1465 3319 1521 ideo
3371 1466 3674 1536 experien-

2022 1550 2103 1604 tia
2122 1555 2222 1606 tua
2239 1566 2359 1621 eos,
2379 1566 2523 1622 quos
2545 1553 2648 1607 tibi
2674 1568 2803 1610 esse
2823 1554 3147 1608 ostenderit
3165 1560 3561 1623 contumaces,
3580 1554 3671 1608 dc-

2026 1638 2143 1694 bita
2166 1640 2573 1709 objurgatione
2588 1656 2917 1713 compesce.
2944 1648 3002 1697 et
3027 1643 3214 1697 modis
3239 1642 3506 1697 omnibus
3530 1643 3671 1709 vigi-

2022 1726 2662 1799 larecompellcmltem
2690 1731 3050 1799 Augustinus
3101 1746 3279 1802 super
3325 1732 3664 1799 Johanncm,

2022 1817 2267 1873 omeliai
2286 1825 2332 1873 1:
2353 1818 2689 1889 «Siquidem
2714 1820 2836 1876 vult
2862 1822 3011 1875 Deus
3029 1820 3326 1875 concitare
3350 1824 3668 1890 potestates

2025 1906 2308 1963 adversus
2329 1908 2713 1978 scismatieos,
2741 1909 3024 1965 adversus
3046 1908 3433 1980 dissipatores
3464 1908 3669 1964 a3ccle-

2021 1995 2144 2066 size,
2169 1995 2451 2053 adversus
2464 1996 3061 2067 exunatoresClwisti,
3079 2012 3192 2053 non
3209 1997 3514 2065 mirentur,
3535 1998 3665 2067 quia

2019 2086 2168 2140 Deus
2199 2086 2465 2161 concitat
2486 2092 2545 2142 ut
2579 2102 2607 2141 a
2634 2087 2771 2142 Sara
2796 2088 3143 2143 verberetur
3169 2090 3339 2155 Agar.
3386 2087 3668 2141 Mirantur

2019 2172 2273 2243 quidam,
2318 2174 3489 2245 cummoventurpotestateschristianiaa
3529 2190 3664 2230 cons

2020 2266 2105 2317 tra
2132 2262 2916 2333 detestandosdissipatores
2930 2263 3229 2318 aacclesiae.
3273 2263 3328 2316 Si
3346 2278 3456 2318 non
3476 2278 3666 2318 move-

2018 2354 2241 2419 rentur,
2260 2352 2547 2420 quomodo
2574 2351 2885 2406 redderent
2902 2354 2945 2404 D
2985 2368 3018 2406 o
3034 2352 3315 2406 rationem
3334 2351 3404 2405 de
3421 2352 3661 2422 imperio

2015 2439 2671 2494 suo?lntendatkaritas
2696 2444 2889 2494 vestra
2914 2438 3051 2509 quid
3095 2439 3302 2508 dicam,
3365 2440 3495 2517 quia
3554 2441 3660 2494 hcc

2015 2527 2268 2597 pertinet
2303 2527 2372 2582 ad
2396 2527 2911 2599 piineipcsscculi,
2945 2532 3005 2583 ut
3030 2528 3392 2599 temporibus
3414 2529 3536 2584 suis
3566 2546 3661 2600 pa-

2014 2620 2201 2671 catam
2224 2615 2404 2671 velint
2423 2620 2663 2671 matrem
2681 2632 2840 2673 suam
2856 2616 3186 2687 ecclesiam,
3218 2616 3365 2672 unde
3381 2617 3656 2688 spiritua-

2014 2703 2150 2759 liter
2183 2704 2299 2759 nati
2327 2710 2481 2761 sunt.
2510 2726 2537 2757 »
2554 2708 2619 2760 Et
2654 2705 2834 2761 Paulo
2866 2710 3026 2777 post:
3063 2724 3090 2756 «
3124 2706 3655 2761 Nabuchodonosor

2016 2808 2114 2849 rex
2136 2793 2394 2850 decrevit
2440 2795 2680 2851 dicens:
2720 2797 3067 2866 Quicunque
3111 2796 3344 2851 dixerit
3391 2794 3657 2866 blasphe-

2010 2883 2193 2939 miam
2206 2885 2272 2940 in
2292 2885 2477 2939 Deum
2495 2883 2943 2954 SydrucMisac
2955 2884 3063 2940 etA
3075 2882 3356 2954 bdenago,
3374 2885 3436 2939 in
3448 2885 3657 2942 interi-

2012 2972 2076 3027 tu
2097 2972 2282 3029 eriiei
2298 2972 2502 3028 domus
2523 2974 2653 3043 ejus
2683 2974 2749 3028 in
2763 2972 3144 3043 dispersione.
3182 2973 3328 3027 Ecce
3350 2974 3653 3042 quomodo

252 3058 575 3116 versissimi
599 3058 862 3113 homines
912 3058 983 3113 ad
1044 3057 1150 3113 hoc
1202 3072 1385 3127 usque
1430 3056 1787 3128 prosilirent,
1835 3058 1894 3110 ut
1932 3046 1979 3107 Ο
2012 3060 3652 3131 rexalienigenasevit,neblasphemcturDeusIsrael,qui

252 3164 414 3205 suam
448 3148 788 3204 divisionem
812 3145 1161 3203 catholicam
1186 3161 1315 3202 esse
1348 3145 1659 3202 credentes
1695 3143 1897 3201 accele-

253 3240 416 3309 siam,
443 3253 473 3293 ει
497 3252 598 3294 sua
630 3252 733 3292 vos
750 3235 1072 3308 pollutione
1092 3237 1491 3306 prohiberent.
1511 3235 1601 3289 Sic
1624 3233 1775 3289 enim
1792 3248 1895 3303 per

249 3327 713 3386 misericordiam
745 3326 846 3381 Dei
877 3325 1052 3381 etiam
1094 3323 1630 3381 uescientibusillis
1683 3324 1895 3378 factum

245 3420 358 3485 est,
388 3419 452 3471 ut
482 3430 512 3470 a
544 3414 1014 3471 scismaticorum
1048 3416 1456 3471 communione
1506 3413 1897 3483 eruti,eatho-

246 3505 375 3561 lica;
397 3520 567 3575 quam
587 3504 833 3573 diligitis
859 3520 1026 3560 serva
1038 3504 1203 3559 rivos
1227 3504 1574 3573 contigisset
1592 3501 1892 3558 zeeelesize.

245 3594 524 3662 Quamvis
552 3593 732 3663 igitur
765 3597 960 3649 vestra
987 3608 1090 3664 per
1146 3593 1375 3649 illorum
1427 3593 1620 3648 scelus
1672 3591 1896 3647 utilitas

246 3685 401 3739 facta
436 3683 535 3753 sit,
561 3683 742 3739 nolite
771 3687 960 3739 tamen
989 3682 1329 3753 impunitam
1386 3681 1895 3753 pr:csumptionem

247 3771 583 3841 iniquorum
606 3770 899 3826 hominum
922 3770 1178 3826 erassari
1231 3770 1594 3841 permittere.
1647 3768 1701 3822 Si
1743 3767 1896 3822 enim

245 3861 380 3930 hoc,
409 3860 563 3916 quod
589 3860 644 3914 in
677 3864 936 3917 vestram
957 3857 1201 3928 gloriam
1232 3861 1755 3929 praesumpserun't,
1784 3870 1895 3910 non

246 3949 425 4005 fuerit
460 3948 718 4005 vindicta
750 3963 1178 4020 compressum,
1205 3947 1343 4017 quid
1375 3947 1431 4001 in
1462 3947 1784 4003 minoribus
1803 3962 1898 4003 va-

248 4038 407 4095 leant
441 4038 654 4109 ambigi
690 4039 843 4095 ultra
870 4053 980 4094 non
997 4038 1190 4093 debet.
1228 4038 1511 4092 Exercete
1537 4037 1716 4106 igitur
1739 4036 1898 4092 debi-

248 4131 367 4183 tam
404 4128 457 4183 iu
482 4127 701 4184 talibus
733 4127 1167 4197 auctoritatem,
1195 4132 1254 4181 et
1276 4141 1346 4181 ne
1379 4126 1465 4180 eis
1496 4124 1897 4197 ampliustalia

246 4216 653 4272 committendi
683 4221 907 4273 crescat
942 4216 1205 4287 spiritus,
1259 4213 1665 4271 coerciouibus
1714 4213 1897 4285 repri-

248 4309 501 4362 mantur.
540 4305 624 4360 Ad
649 4305 754 4361 hoc
789 4305 1079 4376 siquidem
1101 4304 1199 4359 Dei
1227 4304 1441 4359 nutuin
1470 4318 1571 4360 vos
1598 4302 1735 4357 talia
1752 4318 1897 4374 pree-

2010 3149 2341 3220 potuittres
2365 3164 2578 3221 preros
2598 3149 2670 3205 de
2703 3150 2831 3219 igne
2857 3149 3202 3205 liberarem
3229 3148 3434 3205 nolunt
3474 3153 3531 3204 ut
3567 3164 3654 3203 se-

2009 3237 2168 3294 viant
2185 3252 2353 3306 reges
2375 3237 2841 3307 christiani,quia
2859 3238 3464 3307 Cbristusexutt‘latur,
3485 3252 3515 3292 a
3540 3252 3654 3307 quo

2009 3340 2119 3381 non
2137 3330 2259 3381 tres
2273 3327 2457 3397 pueri,
2475 3326 2576 3382 sed
2597 3326 2759 3382 orbis
2780 3330 3072 3382 terrarum
3096 3341 3226 3381 cum
3252 3326 3397 3397 ipsis
3421 3326 3656 3395 regibus

2010 3428 2038 3467 a
2054 3414 2332 3483 gehennze
2348 3415 2580 3484 ignibus
2602 3414 2955 3470 liberantur?
2977 3414 3116 3481 Quis
3140 3414 3315 3484 igitur
3344 3416 3658 3485 reprehen-

2011 3504 2107 3558 det
2128 3509 2254 3573 post
2280 3504 2403 3560 haec
2429 3504 2475 3559 si
2504 3505 2967 3575 comprimantur
2991 3517 3020 3557 a
3045 3502 3227 3558 seculi
3255 3503 3657 3573 potestatibus

2011 3592 2346 3661 scismatiei,
2378 3592 2765 3664 dissipatorcs
2789 3592 3078 3661 ecclesiae,
3106 3592 3552 3647 conculcatorcs
3576 3607 3659 3646 re-

2009 3680 2100 3750 gis
2118 3681 2349 3751 divinae,
2370 3682 2683 3753 prazvarica
2696 3686 2853 3737 tores
2867 3681 3314 3737 constitutionis
3327 3681 3659 3737 canonicae?

2084 3768 2224 3840 (Fol.
2256 3774 2401 3842 107.)
2428 3773 2639 3827 llorum
2667 3770 2846 3840 igitur
2873 3775 2930 3825 et
2956 3775 3289 3825 ceterorum
3316 3775 3655 3825 sanctorum

2012 3857 2381 3914 decretorum
2409 3859 2713 3916 lleinricus
2743 3864 3116 3929 contemptor
3152 3859 3342 3914 factus
3371 3856 3658 3926 est,juve-
3682 3920 3703 3937 .

2011 3945 2101 4000 nis
2134 3946 2307 4001 animi
2333 3947 2584 4018 impetus
2617 3953 2673 4002 et
2699 3947 2998 4018 appetitus
3034 3961 3145 4001 non
3205 3947 3529 4001 refrzeuaus
3552 3946 3655 4001 sed

2009 4033 2325 4090 stultorum
2351 4035 2639 4091 malivolis
2667 4034 2927 4091 consiliis
2958 4035 3193 4089 nimium
3249 4034 3434 4088 ﬁdens
3464 4035 3608 4088 dans
3644 4052 3657 4101 ;

2012 4123 2108 4194 qui
2139 4124 2403 4194 corrupti
2427 4130 2485 4179 et
2510 4122 2971 4178 abhominabiles
2992 4122 3127 4177 facti
3162 4122 3216 4177 in
3246 4122 3657 4190 iniquitatibus

2012 4212 2155 4282 suis,
2180 4211 2784 4283 iureprehensibiliter
2810 4212 3006 4267 vivere
3032 4211 3433 4266 detrectantes
3468 4225 3659 4280 repre-

2012 4301 2182 4358 hendi
2254 4317 2363 4357 non
2407 4302 2691 4357 ferebant.
2727 4300 2943 4372 (Epist.
2989 4301 3070 4356 ad
3116 4297 3337 4365 Germ)
3395 4300 3658 4353 Mitteba-

245 4400 647 4465 sumpserunt,
682 4399 744 4451 ut
766 4395 936 4451 vobis
967 4394 1103 4450 talia
1120 4392 1572 4463 eorrigentihus,
1609 4392 1893 4447 abeorum
1925 4402 1980 4462 D
2015 4396 2109 4447 tur
2144 4391 2578 4461 (165)eicrehra
2604 4390 2798 4445 domui
2828 4404 2987 4460 papa:
3012 4389 3226 4459 legatio
3249 4396 3391 4459 tum,
3416 4384 3653 4458 iiﬂcris,

247 4483 479 4539 scelere
510 4482 659 4540 alios
690 4484 930 4556 possitis
962 4484 1079 4539 Deo
1100 4482 1468 4554 propiciante
1492 4480 1736 4537 munire.
1765 4501 1793 4534 »
1826 4482 1892 4535 Et

246 4574 382 4643 post
416 4571 606 4643 aliqua
643 4590 654 4629 :
690 4591 718 4626 «
752 4574 991 4629 Auferte
1023 4572 1169 4628 tales
1190 4573 1261 4627 ab
1305 4570 1400 4626 illa
1426 4570 1744 4643 provincia,
1788 4569 1898 4626 uti-

248 4660 387 4716 mini
420 4662 615 4717 oblata
649 4662 815 4718 vobis
847 4677 875 4717 a
900 4663 1016 4718 Deo
1039 4660 1405 4735 opprimendi
1440 4659 1695 4732 perﬁdos
1732 4674 1897 4715 occa-

247 4749 433 4806 sione.
463 4750 627 4817 Quod
652 4756 793 4809 tunc
823 4750 1032 4823 plenus
1073 4750 1195 4807 ﬁeri
1234 4750 1473 4822 poterit,
1516 4750 1563 4805 si
1620 4753 1897 4804 auctores

245 4839 537 4897 scelerum
570 4840 641 4897 ad
665 4840 1188 4898 clementissimum
1206 4841 1529 4913 principem
1545 4840 1892 4909 dirigantur,

247 4934 308 4985 et
336 4930 581 4987 maxime
613 4931 895 4988 aecclesiaa
930 4929 1326 5002 Aquileiensis
1350 4930 1605 5000 iuvasor,
1643 4929 1815 4999 quiet
1840 4928 1895 4983 in

248 5020 544 5092 seismate,
571 5026 629 5077 et
662 5035 692 5077 a
725 5021 1061 5078 scismatico
1086 5020 1457 5090 maledictus,
1501 5034 1607 5075 nec
1622 5020 1895 5075 honorem

252 5111 509 5182 episcopi
541 5114 740 5184 potest
774 5112 1067 5183 optinere,
1105 5126 1211 5167 nec
1242 5110 1531 5167 meritum.
1564 5128 1595 5162 »

320 5198 595 5271 Pelagius
625 5201 940 5259 Valeriano
977 5222 988 5255 :
1018 5221 1046 5255 «
1066 5201 1233 5269 Quod
1262 5200 1472 5257 avobis
1497 5201 1893 5276 poposcimus,

2012 4486 2135 4537 tum
2160 4482 2333 4537 etiam
2351 4480 2639 4550 religiosis
2653 4479 2987 4551 personiset
3010 4479 3210 4550 utique
3226 4478 3498 4536 ﬁdelibus
3512 4480 3654 4550 suis,

2014 4571 2227 4642 quibus
2249 4575 2477 4627 secrete
2500 4571 2820 4626 vocabatur
2843 4569 2912 4625 ad
2931 4568 3303 4641 peniteniiam
3328 4569 3398 4625 de
3426 4568 3659 4624 sceleri-

2014 4660 2121 4716 bus
2136 4661 2280 4730 suis,
2308 4660 2466 4716 dictu
2484 4658 2714 4729 quidem
2745 4658 3071 4729 horrendis,
3097 4662 3157 4714 et
3183 4663 3371 4713 tamen
3392 4657 3659 4728 pluribus

2012 4750 2167 4805 notis
2195 4754 2373 4821 etper
2395 4748 2516 4805 loca
2543 4747 2789 4819 plurima
2807 4747 3143 4817 divulgatis,
3172 4763 3276 4817 pro
3310 4745 3523 4815 quibus
3542 4759 3657 4800 non

2012 4837 2196 4895 solum
2219 4837 2732 4908 excommunicari,
2765 4836 2867 4893 sed
2887 4838 3108 4907 absque
3141 4850 3243 4906 spe
3261 4834 3655 4905 recuperatio-

2011 4928 2102 4983 nis
2134 4928 2288 4983 omni
2306 4928 2547 4984 deberet
2574 4927 2970 4997 regnihonore
2986 4925 3322 4994 destitui,et
3341 4928 3402 4979 ut
3431 4938 3658 4980 excom-

2012 5016 2357 5089 municatos,
2394 5032 2638 5089 quorum
2663 5016 2905 5072 consilio
2938 5028 3199 5086 praeceps
3250 5013 3547 5070 ferebatur
3587 5014 3655 5069 ad

2012 5110 2256 5167 scelera:
2291 5125 2321 5165 a
2356 5124 2459 5166 sua
2494 5108 2782 5164 divideret
2817 5105 3287 5177 participatione,
3315 5120 3386 5162 ne
3414 5121 3661 5161 commu-

2012 5199 2257 5257 nicando
2277 5200 2491 5271 quibus
2516 5213 2627 5254 non
2656 5197 2814 5268 licet,
2833 5196 2887 5250 in
2904 5209 3103 5253 eorum
3119 5196 3403 5253 transiret
3425 5210 3660 5254 consor-

1837 5321 2060 5379 ΝΟΤᾸΕ.

298 5409 478 5490 ,(164)
507 5409 875 5490 ιηξθεὶβιιό
890 5412 1281 5490 desideratur
1322 5414 1445 5470 haec
1475 5416 1724 5488 epistola
1754 5433 1769 5486 ;
1822 5416 1900 5475 le-

254 5481 412 5554 gitur
433 5481 591 5557 apud
611 5481 856 5539 Paulum
888 5483 1378 5545 Bernriedcnsem
1401 5490 1487 5545 41.
1513 5481 1575 5546 Κ.

520 5575 785 5638 ΡΑτιὶοι..
820 5577 1007 5642 CLIV

2082 5408 2231 5479 (165)
2259 5403 2617 5466 Mittebatm-
2646 5435 2714 5445 —
2745 5400 3046 5478 abnegare
3066 5404 3256 5477 coegit
3282 5419 3353 5461 ex
3408 5400 3659 5476 epistola

2014 5500 2087 5560 ad
2119 5499 2456 5559 Germanos.
3390 5587 3462 5647 10
