3950 6048
311 243 428 306 299

1270 242 1632 307 IIUGONIS
1674 240 2029 305 ABBATIS
2073 238 2750 303 FLAVINIACENSIS

3590 238 3712 300 300

310 382 474 452 tium,
510 395 753 452 quorum
784 395 897 438 non
923 380 1276 438 abhorrebat
1325 377 1741 437 communionis
1775 375 1952 433 sacri-
1979 377 2034 436 A
2057 375 2350 445 justorum
2387 394 2399 440 ;
2433 380 2491 431 et
2524 391 2724 432 eorum
2753 390 2814 431 se
2842 374 2991 429 lilios
3014 372 3312 443 rstimant,
3335 389 3577 445 quorum
3607 390 3711 445 per

314 470 526 541 legium
555 487 569 535 ;
604 470 685 525 Cf.
707 471 869 542 [Hom
893 485 978 542 ep.
1015 485 1051 540 1,
1087 476 1139 541 2,
1165 469 1253 539 69]
1281 469 1378 525 sed
1406 469 1675 523 servabat
1713 466 1947 521 odorem

311 564 477 628 gesta
510 573 625 629 quo
648 573 856 615 recens
886 565 1009 614 erat
1032 558 1274 614 imbuta.
1300 557 1405 623 Qui
1437 554 1715 627 quanti“
1731 555 1949 625 scripta

313 650 412 703 aut
446 648 620 703 verba
655 662 760 717 per
791 647 1017 717 legatos
1051 646 1247 716 missa,
1278 646 1405 714 ejus
1438 644 1736 700 declarant
1777 644 1947 711 facta,

313 750 444 792 cum
460 750 572 790 non
592 736 778 792 solum
804 750 831 791 a
848 735 1205 807 perpetratis
1227 734 1569 790 criminibus
1587 732 1658 789 ad
1685 731 1954 787 emenda-

316 825 528 879 tionem
562 824 821 880 revocari
854 838 962 879 non
981 823 1194 893 potuit,
1230 822 1333 878 sed
1352 823 1545 878 furore
1574 820 1949 877 conscientiae

316 912 604 969 mordacis
632 918 921 982 arreptus,
948 925 1058 967 non
1079 911 1507 983 priusdestitit,
1554 911 1735 975 donec
1749 924 1950 965 omnes

316 1015 462 1070 pene
492 1001 800 1072 episcopos
846 1000 1029 1056 Italize
1051 1000 1649 1056 etTheuthonicarum
1674 999 1947 1069 partium,

313 1094 597 1160 quotquot
634 1089 842 1159 potuit,
884 1089 1039 1144 circa
1067 1088 1282 1144 Christi
1318 1078 1487 1144 fidem
1505 1088 1850 1156 naufragare
1876 1089 1954 1142 fe-

310 1178 411 1248 cit,
447 1177 582 1233 dum
607 1192 711 1232 eos
726 1176 978 1232 debitam
1004 1179 1175 1232 beato
1199 1179 1375 1232 Petro
1394 1183 1453 1232 et
1470 1176 1806 1247 apostolica)
1829 1176 1950 1230 sedi

298 1256 704 1322 'obedientiam
738 1271 794 1320 et
821 1266 1098 1321 honorem
1129 1281 1158 1320 a
1194 1264 1426 1320 domino
1461 1268 1596 1321 Jesu
1613 1279 1952 1320 concessum

311 1356 603 1423 abnegare
634 1353 846 1422 coegit.
885 1353 1026 1419 Quia
1063 1354 1416 1422 verojustus
1444 1353 1609 1409 diviti
1646 1354 1838 1409 favere
1861 1368 1954 1409 ne-

311 1444 444 1513 scit,
472 1456 577 1499 nec
612 1443 747 1498 facit
777 1442 1089 1512 quidquam
1140 1442 1581 1497 eommendandi
1634 1457 1695 1498 se
1752 1457 1950 1511 causa,

311 1548 442 1589 eum
476 1531 627 1603 quia
660 1546 798 1586 vero
833 1530 1035 1586 devius
1063 1531 1463 1602 superbiebat,
1514 1532 1957 1602 potenterdom-

312 1636 423 1677 nus
459 1634 606 1691 papa
641 1618 1393 1688 redarguebat,scienseam
1417 1634 1549 1675 esse
1580 1620 1848 1675 veritatis
1868 1635 1956 1675 re-

312 1708 527 1777 gulam,
565 1724 674 1763 nou
707 1707 974 1777 accipere
1007 1722 1309 1778 personam
1344 1708 1598 1778 potentis
1640 1708 1948 1777 injudicio,
1980 1730 2038 1793 Β

313 1798 562 1867 ideoque
588 1811 833 1867 quorum
849 1796 1091 1851 crimina
1117 1802 1454 1863 agnoverat,
1474 1796 1655 1851 libera
1674 1798 1728 1851 in
1752 1811 1951 1853 eorum

313 1884 713 1956 increpatione
748 1884 1046 1939 ferebatur
1077 1899 1235 1939 voce.
1267 1887 1333 1938 At
1372 1884 1465 1939 illc
1518 1884 1863 1954 reprehendi
1922 1900 1951 1941 a

314 1988 604 2045 quoquam
634 1978 747 2028 aut-
765 1972 979 2040 corrigi
1015 1972 1212 2042 inique
1247 1975 1460 2043 ferens,
1496 1974 1954 2043 occasionesque

315 2066 385 2117 ab
416 2063 600 2118 amico
636 2060 945 2117 recedendi
983 2076 1254 2130 querens,
1281 2062 1411 2131 quia
1465 2077 1574 2116 non
1602 2067 1790 2133 potest
1824 2077 1953 2119 esse

318 2151 691 2221 participatio
717 2148 961 2217 justitiaa
982 2166 1111 2205 cum
1130 2149 1457 2219 iniquitate,
1485 2151 1789 2207 introitum
1805 2151 1958 2219 ejus-

316 2240 446 2294 dem
484 2238 803 2295 beatissimi
831 2252 992 2307 papa:
1013 2238 1274 2307 Gregorii
1294 2239 1407 2297 νη,
1433 2242 1670 2310 culpare
1691 2239 1868 2309 cepit,
1892 2247 1955 2295 ut

313 2328 516 2399 culpas
547 2326 838 2398 symouiaa,
875 2341 1002 2395 qure
1025 2328 1096 2381 ab
1126 2327 1327 2381 eodem
1362 2328 1417 2381 iu
1450 2342 1512 2383 se
1562 2328 1749 2399 puniri
1790 2328 1957 2383 time-

317 2416 434 2484 bat,
473 2415 525 2469 in
552 2414 709 2470 illum
746 2412 1095 2468 reﬂecteret.
1134 2416 1318 2469 Ausus
1349 2419 1435 2469 est
1473 2415 1732 2471 etiamde
1756 2414 1957 2486 expul-

316 2504 1479 2577 sioneipsiusRomanipontiﬁcis.quem,
1502 2510 1564 2561 ut
1597 2505 1675 2560 ait
1706 2506 1957 2574 Symma-

313 2594 458 2649 chus
479 2608 547 2663 pa
558 2609 647 2664 pa,
663 2610 768 2651 suo
781 2596 1081 2652 Deussine
1101 2597 1409 2664 qrzeslione
1446 2595 1781 2652 msereat-it
1798 2593 1958 2650 arbi-

317 2681 719 2751 trio,stipatus
746 2682 1119 2736 factiosorum
1135 2682 1321 2737 cilicio
1345 2686 1620 2746 tractare,
1639 2686 1695 2735 et
1717 2696 1808 2736 cur
1825 2697 1959 2737 con-

316 2774 645 2824 cessumest
700 2775 1070 2839 peccatorum
1109 2769 1337 2825 vincula
1384 2770 1956 2838 solverc,eriminum

278 2852 303 2871 '
316 2871 440 2912 com
452 2855 626 2927 pedes
642 2857 723 2912 fra
735 2857 1088 2925 ngere,hunc
1105 2872 1275 2928 pceca
1287 2863 1377 2913 tor
1391 2872 1456 2913 su
1468 2858 1738 2928 pel-biens
1791 2874 1959 2914 cona-

319 2950 536 3013 tusest,
558 2946 699 3016 prob
722 2944 908 3016 pudor
935 2946 1463 3014 lasedcjudiciaria
1496 2946 1847 3017 propellere,
1894 2953 1954 3003 ut

320 3038 511 3105 posset
529 3034 639 3089 sibi
653 3034 1013 3091 consimilem
1030 3035 1100 3090 de
1114 3036 1235 3091 suis
1250 3036 1664 3092 consentaneis
1680 3036 1733 3090 in
1746 3037 1795 3107 ej
1806 3036 1958 3093 uslo-

2062 466 2298 521 honoris
2320 464 2853 535 concupiscentiam
2907 464 3090 519 oﬂlcia
3139 464 3405 520 exterius
3466 463 3712 519 admini-

2062 558 2271 608 strant.
2308 554 2417 607 Sed
2443 569 2549 609 non
2578 558 2714 609 sunt
2741 568 2942 608 eorum
2977 552 3077 606 ﬁlii
3131 567 3376 622 quorum
3438 552 3561 608 loca
3630 558 3714 607 tc-

2063 647 2219 711 nent,
2250 644 2348 698 sed
2368 657 2613 712 quorum
2628 656 2803 712 opera
2827 647 3122 697 exercent.
3146 642 3319 697 Stulti
3346 641 3543 713 itaque
3573 649 3711 698 sunt

2064 732 2193 802 quia
2219 746 2415 785 veram
2449 730 2790 800 sapientiam
2842 745 2952 784 non
2995 730 3349 799 intelligunt,
3421 730 3712 800 ignobiles

2066 820 2198 875 facti
2225 824 2358 875 sunt
2386 819 2516 888 quia
2552 818 2707 874 nulla
2742 818 2988 889 spiritus
3022 819 3293 873 libertate
3326 823 3703 875 renovantur.

2066 909 2149 962 Ilii
2186 906 2450 979 positiad
2484 906 3373 976 superintendendumfidelibus
3433 915 3707 978 premunt

2063 1012 2164 1052 eos
2200 996 2394 1067 potius
2422 1010 2591 1065 quam
2625 995 3000 1064 regant,quia
3026 996 3133 1067 sub
3158 996 3386 1051 nomine
3406 1001 3706 1068 pastorum

2064 1087 2220 1141 lucra
2255 1084 2324 1139 de
2356 1083 2635 1152 religione
2669 1088 2987 1139 sectantur.
3049 1084 3165 1138 Sub
3230 1099 3432 1141 eorum
3488 1085 3704 1142 ducatu

2064 1172 2531 1242 Deusirridetur,
2567 1172 2708 1227 ﬁdes
2740 1178 2831 1226 est
2852 1173 3189 1243 obprobrio,
3209 1173 3713 1230 veritasincrimi-

2066 1278 2156 1334 ne,
2190 1267 2249 1317 et
2283 1266 2447 1316 tanto
2481 1266 2567 1316 est
2595 1260 2842 1330 quisque
2876 1260 3208 1332 despectior
3232 1262 3707 1332 quantojustior,

2069 1357 2231 1408 tanto
2254 1348 2703 1406 abbominabilis
2724 1350 2955 1418 quando
2993 1351 3333 1406 laudandus.
3361 1351 3467 1417 Qui
3494 1367 3626 1408 cum
3653 1353 3709 1406 in

2066 1441 2329 1497 zecelesia
2360 1455 2487 1495 esse
2514 1438 2837 1507 videantur,
2876 1438 3043 1509 longe
3067 1441 3139 1495 ab
3197 1455 3259 1494 ea
3296 1440 3542 1509 fugiunt,
3598 1456 3711 1497 non

2048 1529 2334 1601 «passibus
2363 1527 2808 1597 gressuuui,scd
2828 1527 3716 1597 qualitatibusmorum.Quiau-

2068 1623 2183 1673 tem
2217 1618 2336 1672 sint
2368 1615 2444 1669 bii
2481 1614 2757 1671 malorum
2795 1616 3149 1685 incentores,
3178 1616 3272 1686 qui
3302 1616 3475 1685 regia;
3502 1617 3716 1687 iniqui-

2070 1707 2211 1761 tatis
2244 1706 2503 1761 fautores
2534 1704 3058 1773 etcomplices,qui
3091 1705 3386 1761 castitatis
3418 1706 3717 1761 {ecclesia-

2070 1796 2232 1850 sticae
2264 1793 2631 1865 spurcissimi
2651 1793 3432 1865 ettemcrariicorruptores,
3459 1795 3713 1866 suisjam

2070 1884 2390 1953 laboribus,
2409 1880 2913 1949 tribulationibus,
2930 1882 3286 1937 tortiouibus
3300 1888 3353 1936 et
3370 1882 3720 1942 calamitati.

2070 1974 2176 2028 bus
2192 1972 2336 2027 satis
2349 1985 2641 2042 superque
2658 1975 3018 2040 compertum
3034 1970 3205 2025 habet
3224 1972 3711 2029 matcrzecclesia.

2067 2060 2360 2132 Episcopi,
2378 2060 2631 2129 inquam,
2651 2059 2697 2113 si
2719 2063 2907 2114 tamen
2924 2059 3184 2130 episcopi
3201 2058 3431 2115 dicendi
3458 2068 3594 2117 sunt
3613 2063 3712 2132 qui

2069 2148 2675 2220 inreprehensibiliter
2706 2148 2900 2203 vivere
2932 2148 3200 2204 nolentes
3253 2156 3312 2203 et
3346 2150 3619 2221 reprendi
3681 2168 3712 2206 a

2067 2238 2190 2294 suis
2225 2237 2577 2308 primoribus
2623 2238 2982 2306 refugientes
3015 2237 3283 2293 instituta
3315 2239 3595 2294 canonica
3630 2245 3716 2294 te—

2069 2332 2385 2393 merantcs,
2420 2330 2476 2381 et
2503 2325 2777 2381 canonica
2815 2325 3141 2381 invectione
3172 2327 3357 2381 notari
3419 2327 3713 2398 nolentes,

2068 2416 2176 2486 ipsi
2210 2415 2383 2470 etiam
2402 2415 2804 2469 universorum
2823 2414 3344 2470 niatriecclesiwct
3375 2416 3718 2486 apostolicae
3786 2441 3791 2445 ⁴

2068 2504 2193 2560 sedi
2230 2503 2627 2575 pP‘rDjllfliCium
2666 2505 2946 2573 fecerunt,
2993 2505 3193 2575 procul
3228 2505 3405 2560 dubio
3440 2506 3710 2576 usquead

2032 2581 2464 2663 'contcmptum
2500 2591 2659 2647 illius
2693 2593 3483 2664 grassantes,quidiscipulis
3516 2596 3713 2651 suiset

2068 2697 2172 2753 per
2185 2696 2284 2737 eos
2306 2684 2523 2736 sanetae
2540 2681 2822 2736 :ccclesize
2840 2682 3171 2737 rectoribus
3188 2683 3463 2755 loquitur,
3482 2684 3707 2741 dicens:

2073 2769 2185 2835 Qui.
2215 2783 2314 2825 eos
2334 2770 2581 2841 spernit,
2605 2784 2696 2824 me
2724 2770 3125 2839 spernit/luo.
3154 2786 3207 2840 x,
3247 2773 3309 2826 l6
3340 2789 3354 2833 ;
3388 2786 3714 2829 nonreeor-

2069 2859 2278 2914 dantes
2312 2858 2678 2912 decretorum
2711 2857 2845 2912 Julii
2874 2859 3559 2929 papaaquil‘iusstatutum
3593 2869 3709 2927 est,

2070 2953 2133 3002 ut
2155 2947 2308 3002 vires
2327 2962 2435 3000 non
2454 2946 2661 3001 habeat
2688 2946 2964 3016 quidquid
2984 2947 3327 3017 apostolicm
3343 2949 3498 3005 sedis
3512 2957 3716 3007 aucto-

2070 3036 2247 3091 ritate
2276 3035 2559 3103 obviaret,
2597 3035 2864 3104 quoniam
2898 3036 3100 3090 eadem
3132 3037 3304 3092 sedes
3341 3042 3718 3096 testanteve-

314 3122 736 3193 cosubrogare.
773 3124 883 3180 Sed
908 3129 1124 3180 nonest
1173 3125 1481 3180 consilium
1526 3129 1730 3181 contra
1778 3126 1953 3181 Deum
1990 3109 2036 3171 Ο
2071 3124 2266 3179 ritatis
2284 3138 2425 3179 voce
2452 3123 3021 3193 primumprimatum
3047 3125 3324 3196 Optinuit,
3360 3141 3487 3196 qua:
3522 3128 3709 3199 prima

317 3212 513 3280 (Prov.
550 3228 666 3282 xxi,
692 3212 801 3283 30).
830 3213 1008 3278 Quem
1043 3214 1288 3269 humana
1350 3214 1677 3283 improbant
1714 3214 1952 3285 judicia,

317 3302 465 3355 Deus
495 3301 803 3370 approbat;
836 3306 894 3356 et
929 3316 1096 3371 quem
1131 3303 1282 3358 Deus
1334 3306 1533 3358 tuetur
1554 3308 1611 3357 et
1670 3304 1953 3374 approbat

318 3387 533 3442 frustra
568 3388 854 3457 impetunt
890 3388 1132 3443 humana
1168 3389 1480 3444 molimina.
1518 3390 1612 3445 Sic
1635 3390 1953 3459 igiturrex,

317 3488 428 3529 non
446 3474 1362 3546 rexdicendusquiatyrannus,a
1406 3478 1655 3532 Romana
1709 3479 1953 3534 recessit

317 3560 602 3631 :ecelesia,
639 3562 1046 3618 factusinfelix
1069 3566 1371 3620 menbrum
1403 3564 1560 3621 illius
1592 3566 1687 3636 qui
1738 3570 1827 3622 est
1856 3580 1958 3622 rex

318 3662 498 3719 super
529 3663 726 3703 omnes
752 3648 903 3704 filios
927 3650 1233 3720 superbia).
1257 3650 1561 3722 [inpletum
1595 3658 1681 3707 est
1730 3667 1869 3709 sane
1902 3654 1958 3708 in

316 3749 384 3789 eo
410 3733 552 3790 illud
582 3735 1265 3805 .lberemiaavaticinium,
1318 3752 1431 3808 quo
1455 3744 1727 3810 suscepta
1779 3742 1833 3795 in
1896 3756 1959 3798 se

220 3896 231 3903 .
321 3822 783 3878 totiusbumanze
811 3825 1276 3880 conversationis
1307 3827 1502 3897 specie
1528 3828 1957 3899 perlamentum

317 3910 585 3979 queritur
601 3912 828 3967 dicens:
848 3912 1855 3983 Inebriam'tmeabsint/tio(Thren.
1874 3934 1955 3987 Ill,

316 4000 429 4070 l5.)
452 4000 663 4056 Ebrius
684 4000 834 4055 enim
868 4002 1016 4071 quod
1047 4004 1269 4073 patitur
1315 4005 1522 4060 nescit.
1552 4006 1656 4071 Qui
1684 4022 1822 4062 vero
1864 4009 1958 4062 ab-

316 4088 532 4144 sinthio
551 4088 892 4169 inebriatur,
912 4090 1100 4146 ethoc
1134 4092 1286 4161 quod
1305 4093 1553 4165 sumpsit
1570 4110 1823 4151 amarum
1841 4103 1954 4165 est,

313 4180 374 4231 et
402 4180 595 4232 tamen
618 4177 1020 4248 nonintclligit
1045 4180 1488 4237 amaritudinem
1520 4197 1629 4252 qua
1666 4183 1952 4254 repletur.

315 4263 458 4333 (F01.
496 4263 660 4333 107’.)
691 4266 783 4320 Sic
814 4272 873 4321 ct
905 4266 999 4322 hic
1030 4267 1303 4325 dimissus
1342 4268 1749 4341 voluptatibus
1767 4274 1959 4329 suiset

318 4365 420 4421 per
451 4366 550 4406 eas
575 4354 917 4422 spontaneis
940 4354 1717 4429 tribulationibustraditus,
1763 4362 1954 4416 absin-

2067 3228 2177 3268 non
2203 3213 2518 3281 diceretur,
2555 3211 2782 3267 sialiam
2816 3226 2993 3284 super
3009 3214 3503 3288 schabcrct;qut‘e
3531 3217 3711 3273 etiam

2067 3306 2243 3372 caput
2285 3308 2373 3356 est
2402 3301 2652 3355 omnium
2685 3300 3102 3372 :ecelesiarum,
3129 3318 3157 3357 a
3183 3318 3291 3372 qua
3324 3319 3524 3360 omnes
3557 3320 3719 3363 sum-

2070 3404 2238 3461 psere
2260 3390 2564 3458 originem.
2585 3390 2643 3443 Ρι
2662 3388 2899 3445 imatum
2916 3390 3066 3445 enim
3083 3406 3193 3445 non
3220 3392 3718 3461 synodalibusaut

2071 3478 2367 3547 aliquibus
2388 3478 2801 3533 eommentatis
2837 3479 3043 3535 meruit
3080 3480 3390 3550 institutis,
3409 3483 3510 3538 sed
3528 3482 3724 3539 Domi-

2071 3581 2142 3622 no
2175 3566 2480 3636 largiente,
2517 3566 2613 3635 qui
2646 3566 2727 3621 ait
2763 3587 2774 3620 :
2818 3568 2902 3622 Tu
2931 3582 2991 3623 es
3018 3568 3257 3639 Petrus,
3283 3570 3341 3626 et
3368 3584 3544 3642 super
3562 3570 3725 3629 hanc

2058 3656 2300 3727 petram
2329 3653 2633 3725 edi/icabo
2663 3657 3188 3713 ecclesiammeam.

2142 3744 2254 3798 Hec
2283 3741 2470 3797 Julius
2503 3743 2572 3797 de
2603 3742 2855 3813 primatu
2877 3744 3040 3799 redis
3072 3745 3411 3816 apostolicae
3430 3747 3715 3819 loquitur,

2072 3830 2434 3888 cuiomnium
2451 3830 2857 3902 episcoporum
2884 3832 3338 3903 tinitivajudicia
3379 3840 3439 3891 et
3474 3851 3722 3907 congre-

2070 3919 2390 3989 gandarum
2419 3920 2769 3989 synodorum
2788 3921 2936 3975 dixit
2954 3921 3252 3992 privilegia
3277 3927 3596 3982 reservata.
3614 3928 3724 3982 Vc-

2074 4022 2196 4063 rum
2233 4007 2363 4063 novi
2394 4007 2760 4076 doginatistze
2785 4009 3005 4077 judicia
3028 4010 3345 4080 apostolica
3407 4021 3718 4084 spernunt.

2073 4096 2397 4168 scripturas
2412 4103 2643 4152 sanctas
2658 4095 2826 4167 abjici
2838 4101 2956 4160 unt.
2978 4098 3045 4154 de
3059 4099 3233 4154 corde
3250 4116 3355 4157 suo
3371 4101 3514 4172 proli
3526 4106 3722 4159 tentes

2071 4184 2472 4240 etmercedem
2512 4184 2798 4240 scelerum
2845 4186 3043 4241 traditi
3083 4186 3394 4244 desideriis
3450 4190 3719 4248 eordium

2074 4286 2311 4328 suorum
2328 4272 2382 4327 in
2401 4273 2607 4328 suimet
2627 4288 2654 4328 a
2672 4274 2904 4329 Christo
2918 4275 3250 4344 abjcccione
3269 4272 3719 4350 recipientes.lli

2074 4361 2272 4431 igitur,
2308 4360 2557 4416 concilio
2590 4362 2921 4418 Warmatiae
2952 4363 3151 4419 habito
3184 4364 3365 4434 (1076,
3406 4369 3547 4424 Jan.
3594 4371 3714 4439 24),

316 4437 1198 4530 thioestebrius,quiaetamara
1218 4460 1321 4514 pro
1338 4446 1722 4517 mundibujus
1766 4464 1959 4504 amore
1990 4472 2041 4530 D
2077 4449 2169 4504 ubi
2196 4449 2382 4504 omnis
2411 4464 2580 4519 quam
2616 4449 2866 4519 patimur
2891 4451 3410 4509 calamitasexorta
3427 4457 3536 4525 est,
3561 4454 3724 4526 abje-

318 4523 551 4587 tolerat.
577 4531 633 4580 et
649 4528 1629 4591 candemamaritudinemczecitate
1663 4536 1957 4607 cupidita-

318 4614 395 4669 tis
422 4619 480 4671 et
505 4616 795 4686 superbiae
814 4617 1301 4687 quasiebrietatis
1319 4622 1775 4681 insensibilitate
1800 4626 1958 4695 igno-

318 4708 427 4758 rat.
464 4702 640 4759 Stulti
670 4703 805 4759 facti
839 4708 973 4760 sunt
1008 4708 1329 4763 consiliarii
1378 4711 1502 4781 ejus
1534 4719 1593 4767 et
1651 4712 1953 4783 ignobiles,

317 4792 779 4862 quosabeternae
800 4793 1463 4853 hereditatisconsortio
1507 4800 1739 4871 repellit
1782 4803 1960 4857 servi-

315 4885 412 4936 tus
438 4880 665 4936 mentis.
695 4880 831 4936 Nam
851 4882 1139 4953 sapientia
1165 4885 1551 4954 hujusmundi
1574 4888 1825 4945 stultitia
1868 4896 1959 4947 est

316 4967 469 5037 apud
482 4970 677 5025 Deum.
702 4970 989 5040 lgnobiles
1007 4972 1142 5028 facti
1167 4976 1601 5046 sunt,qmﬁagerz’
1629 4976 1806 5049 facit
1831 4992 1960 5049 pec-

315 5054 1086 5131 catum,servusestpeccati
1103 5063 1302 5129 (Joan.
1324 5078 1443 5133 vm,
1484 5063 1591 5134 at),
1647 5080 1875 5138 semper
1902 5068 1958 5123 in

319 5141 561 5215 laqueis,
598 5160 827 5219 semper
848 5149 901 5203 in
926 5149 1198 5219 vinculis,
1226 5166 1537 5222 numquam
1564 5153 1710 5210 liber
1736 5171 1765 5212 a
1807 5171 1961 5212 com-

319 5231 582 5302 pedibus,
616 5233 750 5303 quia
792 5250 1022 5308 semper
1046 5238 1099 5292 in
1134 5238 1500 5297 criminibus.
1528 5240 1633 5306 Qui
1699 5244 1962 5313 quamvis

319 5319 668 5390 iniquiorum
700 5337 874 5393 opera
907 5333 1237 5392 exerceant,
1275 5332 1567 5399 occupant
1605 5333 1795 5385 tamen
1832 5330 1956 5388 loca

2071 4542 2281 4593 cerunt
2310 4553 2339 4593 a
2374 4552 2437 4594 se
2462 4537 2663 4608 jugum
2688 4538 3158 4614 disciplinae(Leg
3191 4557 3249 4612 η,
3297 4559 3348 4614 p.
3385 4545 3498 4613 44,)
3541 4558 3721 4615 quum

2073 4624 2285 4680 nullam
2322 4625 2507 4682 adhuc
2539 4627 2593 4681 in
2628 4627 2761 4683 illos
2778 4628 3025 4685 domnus
3053 4644 3196 4701 papa
3212 4630 3602 4688 anathematis
3621 4630 3724 4688 de~

2071 4713 2348 4769 stinasset
2383 4715 2753 4783 sententiam,
2772 4721 3062 4773 etsanetze
3087 4718 3721 4776 obedientiaalibellum

2074 4802 2298 4872 repudii
2323 4804 2822 4875 conscripserunt,
2860 4806 3725 4879 przelationisedisapostolicze

2072 4891 2325 4960 superba
2347 4898 2404 4947 et
2453 4894 2756 4962 repentina
2808 4894 3141 4950 temeritate
3200 4897 3718 4955 abrenunciantes.

2073 4979 2211 5048 (Fol.
2250 4981 2396 5050 108.)
2419 4982 2671 5037 Primum
2708 4983 2813 5037 hoc
2839 4983 3185 5040 fermentum
3218 4991 3400 5041 totam
3446 4982 3724 5045 ecclesiae

2074 5081 2321 5123 massam
2344 5070 2628 5141 corrupit.
2668 5073 2996 5128 Conventus
3025 5071 3116 5128 hic
3151 5073 3305 5129 inter
3347 5073 3726 5132 nativitatem

2074 5154 2417 5212 dominicam
2449 5162 2505 5212 et
2531 5164 2871 5228 sequentem
2922 5159 3422 5232 quadragesimam
3478 5160 3727 5220 habitus

2072 5248 2185 5313 est,
2214 5244 2292 5300 ita
2316 5244 2675 5303 distantibus
2708 5248 2927 5319 spaciis
2959 5253 3021 5305 ut
3052 5264 3433 5322 quaecumque
3458 5251 3729 5322 ibigere-

2076 5337 2271 5389 rentur
2302 5334 2539 5389 Romam
2572 5338 2834 5408 tempore
2865 5338 3070 5407 synodi
3096 5338 3302 5395 referri
3332 5344 3594 5411 possent.
3614 5340 3724 5398 Die

1693 5435 1923 5491 VARUE
1965 5438 2361 5495 LECTIONES.

386 5513 453 5549 ‘7‘
473 5514 680 5590 supch
711 5515 933 5573 fecerit.
