3960 6052
191 273 308 338 801

1453 255 1932 343 enaomeon
1965 314 2068 342 .-
2097 277 2252 344 LIB.
2285 279 2360 344 11.

3493 289 3611 354 302

191 424 335 467 vero
354 411 620 469 natalitio
640 412 886 472 Andreae
905 411 1159 487 apostoli
1185 413 1344 483 (Nov.
1369 415 1481 485 30),
1508 411 1846 486 anteipsam
1878 414 1932 476 A
1964 428 2312 472 concessum
2343 420 2452 486 est,
2492 421 2552 473 ut
2585 413 2715 473 aliis
2757 416 3129 488 praemineret
3158 423 3218 474 et
3247 435 3447 479 eorum
3479 440 3608 495 quau

189 499 409 557 natalis
438 502 538 558 Dei
571 503 952 560 festivitatem
983 504 1136 576 apud
1185 504 1546 572 Bavemherg
1576 502 1846 559 Heinrieo

189 589 412 660 posito,
447 595 609 648 tanta
650 593 836 650 adhuc
879 593 1030 649 inter
1075 607 1320 662 regnum
1351 597 1412 647 et
1441 606 1725 648 summum
1759 606 1848 649 sa-

190 679 526 735 cerdotium
543 679 775 751 vigebat
789 682 1123 752 concordia,
1142 689 1204 738 ut
1227 680 1538 738 destitutio
1553 679 1846 753 pontificis

192 767 364 824 urbis
415 767 621 840 ipsius,
673 774 730 825 et
783 771 1131 827 substitutio
1191 769 1438 826 alterius
1497 769 1846 826 obedientiae

190 854 391 911 domui
425 873 588 930 papa:
617 859 1024 930 deputaretur.
1053 859 1154 916 ille
1186 860 1383 930 igitur,
1413 859 1508 930 qui
1533 865 1667 914 ante
1700 859 1846 914 nati-

194 943 444 1001 vitatem
475 947 822 1004 dominicam
847 953 1023 1006 tantae
1049 949 1103 1004 in
1125 948 1372 1004 ecclesia
1399 947 1844 1018 magnificentiae

193 1038 348 1103 erat,
369 1039 429 1090 ut
450 1034 523 1091 ad
545 1041 746 1093 nutum
772 1037 928 1094 illius
951 1038 1304 1092 mutationes
1323 1037 1589 1093 ordinum
1617 1036 1842 1106 fierent,

199 1121 409 1192 paucis
434 1129 568 1195 post
592 1125 957 1182 nativitatem
979 1125 1187 1182 diebus
1208 1126 1591 1182 inconventus
1611 1129 1667 1181 et
1690 1126 1847 1182 inau-

197 1209 367 1268 ditus
393 1214 756 1286 proscriptus
777 1222 886 1284 est,
904 1221 1254 1286 etquautum
1271 1214 1342 1271 ad
1358 1213 1492 1271 illos
1517 1214 1842 1286 depositus.

196 1297 282 1352 Ex
325 1299 422 1355 die
462 1302 632 1372 enim,
675 1318 786 1374 qua
837 1304 984 1359 tanti
1023 1305 1094 1359 ah
1134 1303 1403 1359 omnibus
1453 1303 1688 1358 habitus
1732 1306 1845 1371 est,

199 1386 424 1445 nullam
457 1404 660 1448 eorum
702 1391 1050 1463 legationem
1083 1392 1330 1463 accepit,
1369 1407 1550 1462 usque
1581 1391 1716 1448 dum
1751 1389 1850 1446 illa

196 1476 434 1534 veniret
467 1495 578 1550 qua
609 1481 828 1538 dictum
862 1488 952 1539 est
979 1502 992 1536 :
1016 1482 1330 1551 Descende,
1363 1481 1643 1538 descende
1671 1481 1853 1538 inter-

198 1565 464 1625 dicimus
496 1568 605 1626 tibi
623 1572 734 1642 jus
763 1586 930 1628 omne
946 1572 1216 1643 papatus
1247 1562 1445 1642 (Legg.
1475 1585 1532 1640 η,
1561 1584 1614 1642 p.
1642 1571 1749 1641 47).

275 1653 493 1711 Audiat
523 1657 734 1714 coelum
757 1664 816 1714 et
839 1660 1239 1730 Obstupescat,
1274 1657 1565 1728 intelligat
1605 1663 1762 1713 terra
1795 1661 1851 1712 et

1963 503 2032 558 ad
2087 503 2384 574 querelam
2441 506 2704 562 venirent
2756 519 2964 562 causas
3007 511 3065 561 et
3121 507 3608 580 interrogationes

1963 592 2286 664 prudenter
2317 593 2676 665 disponeret.
2705 595 2869 660 Quod
2894 595 2992 650 Dei
3017 595 3385 654 ordinatione
3417 605 3606 656 actum

1960 685 2072 752 est,
2107 695 2176 736 ne
2211 684 2429 753 posteri
2463 697 2664 739 eorum
2695 689 2903 739 cuncta
2936 683 3042 739 sibi
3079 687 3476 757 vendicarent,
3508 690 3609 746 sed

1960 769 2033 825 ad
2068 784 2238 826 unam
2275 770 2428 826 beati
2471 771 2628 828 Petri
2670 771 3066 842 apostolorum
3102 773 3384 846 principis
3415 775 3610 834 sedem

1959 859 2344 928 confluerent,
2377 864 2439 914 ut
2467 859 2598 916 inde
2630 860 2953 930 suscipiant
2987 862 3153 916 linem
3189 863 3340 918 unde
3374 878 3613 936 accepe-

1961 949 2095 1001 runt
2127 946 2363 1003 inicium
2412 948 2870 1017 institutionum,
2921 965 2989 1005 ne
3043 952 3390 1022 quandoque
3434 968 3463 1008 a
3505 969 3612 1010 suo

1960 1034 2363 1106 discreparent
2386 1037 2596 1108 capite.
2629 1057 2655 1090 »
2685 1037 2976 1094 Adrianus
3008 1054 3236 1109 quoque
3269 1057 3492 1112 papam
3519 1046 3618 1111 de,

1958 1123 2139 1179 cretis
2163 1123 2321 1180 suis:
2351 1145 2377 1175 ‹‹
2401 1125 2606 1181 Presul
2633 1141 2895 1184 summus
2919 1142 2947 1182 a
2975 1127 3200 1183 nemine
3219 1128 3608 1196 judicahitur.

1962 1211 2254 1283 Scriptum
2278 1218 2368 1269 est
2391 1215 2541 1269 enim
2571 1234 2582 1268 :
2613 1217 2744 1273 Non
2765 1215 2856 1272 est
2875 1215 3208 1288 discipulus
3229 1233 3406 1289 super
3426 1224 3618 1294 magi-

1961 1301 2170 1358 strum.
2198 1321 2225 1353 »
2253 1303 2391 1370 (Fel.
2422 1303 2585 1373 108’.)
2610 1304 2859 1359 Audiant
2885 1304 3057 1360 etiam
3086 1320 3249 1362 novae
3273 1307 3444 1377 hujus
3469 1326 3614 1382 prae-

1967 1391 2318 1462 sumptionis
2346 1395 2406 1448 et
2441 1397 2918 1464 praesumptuosae
2960 1394 3238 1451 novitatis
3275 1397 3612 1458 inventores

1966 1483 2024 1534 et
2059 1480 2486 1537 machinatores
2509 1495 2580 1537 ex
2602 1482 2800 1537 verbis
2818 1483 3074 1552 ejusdem
3107 1485 3414 1543 Simmaehi
3449 1503 3611 1561 papae

1971 1567 2107 1638 quid
2152 1574 2504 1640 mereantur,
2550 1575 2612 1626 ut
2654 1571 3106 1643 confundantur,
3137 1579 3196 1629 et
3229 1583 3613 1636 revereantur

1971 1657 2188 1713 utinam
2221 1657 2291 1713 ad
2327 1659 2705 1730 penitentiam
2739 1674 2866 1730 cap.
2895 1665 2928 1716 2
2959 1679 2970 1714 :
3014 1682 3032 1711 α
3067 1661 3120 1715 Si
3156 1663 3286 1732 quis
3317 1666 3616 1735 presbiter

198 1744 912 1817 contremiscat.Legatur
934 1763 1006 1804 ex
1029 1764 1142 1819 quo
1164 1752 1256 1805 est
1281 1747 1488 1818 religio
1507 1746 1850 1818 christiana,
1888 1775 1938 1833 Β
1971 1744 2256 1802 diaconus
2295 1750 2393 1804 aut
2435 1747 2690 1804 clericus
2734 1763 2876 1820 papa
2909 1747 3198 1807 incolume
3229 1756 3284 1807 et
3319 1767 3388 1808 eo
3420 1755 3618 1811 incon-

201 1831 262 1888 id
291 1833 369 1888 ab
401 1833 598 1904 aliquo
631 1841 1080 1908 praesumptum;
1111 1837 1343 1892 dicatur
1375 1835 1590 1907 quibus
1621 1835 1856 1892 canoni-

203 1921 340 1991 bus,
361 1923 577 1993 quibus
600 1924 840 1994 regulis,
860 1939 971 1995 qua
996 1925 1266 1996 lectione,
1287 1940 1401 1996 quo
1423 1924 1776 1981 documento
1799 1923 1854 1979 id

201 2009 282 2066 sit
314 2011 774 2084 _adtemptatum.
819 2014 1092 2070 Auditum
1135 2015 1244 2070 sub
1284 2013 1434 2070 coelo
1473 2028 1584 2069 non
1616 2012 1856 2082 legitur,

203 2099 446 2156 omnino
469 2115 574 2158 nec
588 2101 823 2171 dicitur,
842 2103 997 2173 quod
1018 2103 1201 2174 possit
1227 2102 1439 2174 aliquis
1457 2116 1662 2174 papam
1684 2101 1858 2172 depo-

205 2202 372 2260 nere,
408 2193 468 2246 et
498 2205 774 2248 concessa
808 2192 918 2248 sibi
953 2192 1182 2264 privare
1226 2195 1536 2264 potestate.
1569 2193 1861 2257 Romanus

206 2278 362 2334 enim
398 2279 661 2350 pontifex
683 2296 794 2338 non
819 2282 990 2338 modo
1023 2283 1254 2354 deponi,
1289 2281 1392 2338 sed
1417 2295 1522 2338 nec
1546 2279 1741 2352 aliquo
1763 2295 1861 2352 po-

208 2369 329 2422 test
353 2367 682 2438 dijudicari.
701 2369 1145 2427 Audianttantm
1172 2369 1644 2442 praesumptionis
1660 2373 1848 2426 aucto-

209 2469 310 2511 res
331 2456 654 2527 compliccs
671 2463 728 2513 et
755 2459 1032 2529 fautores,
1060 2458 1197 2530 quid
1223 2459 1594 2530 Symmachus
1619 2473 1762 2531 papa
1789 2457 1860 2515 de

211 2543 526 2616 privilegio
568 2547 807 2602 Romani
850 2547 1143 2618 pontificis
1185 2548 1459 2604 senserit.
1497 2547 1590 2602 Ait
1618 2545 1769 2602 enim
1803 2547 1860 2601 in

210 2633 476 2690 decretis
504 2634 626 2691 suis
655 2635 846 2707 capite
875 2641 943 2692 2:
977 2658 1003 2686 α
1035 2635 1295 2692 Aliorum
1323 2635 1617 2691 hominum
1649 2648 1860 2691 causas

211 2723 371 2780 Deus
407 2721 590 2778 voluit
635 2737 737 2794 per
777 2725 1041 2780 homines
1076 2725 1412 2794 terminare,
1443 2723 1601 2780 sedis
1630 2726 1864 2794 apo‘sto-

214 2810 346 2869 lica:
378 2811 713 2877 pontiﬁcem
747 2829 851 2870 suo
873 2813 996 2868 sine
1025 2813 1329 2884 questione
1357 2811 1681 2870 reservavit
1711 2811 1864 2869 arbi-

216 2901 353 2958 trio.
399 2901 593 2958 Voluit
635 2903 791 2958 beati
829 2903 987 2978 Petri
1030 2917 1408 2960 successores
1447 2901 1595 2958 coelo
1635 2904 1861 2958 tantum

214 2990 435 3048 debere
483 2990 896 3063 innocentiam,
939 2996 995 3048 et
1040 2991 1437 3048 subtilissimae
1478 2989 1866 3048 discussionis

216 3081 480 3151 indagini
503 3081 842 3138 inviolatam
866 3081 1104 3137 exibere
1127 3081 1608 3137 conscientiam.»
1633 3082 1700 3136 Et
1715 3095 1861 3152 papa

215 3168 489 3226 Gelasius
526 3188 538 3226 :
575 3189 604 3222 ε(
636 3171 921 3239 Canones,
963 3169 1169 3241 inquit,
1214 3169 1400 3226 sancti
1442 3168 1866 3241 appellationes
1896 3167 1944 3192 “

217 3259 410 3315 totius
431 3257 702 3315 ecclesiae
715 3259 786 3316 ad
803 3258 970 3328 hujus
992 3265 1208 3315 sanctae
1232 3257 1388 3316 sedis
1407 3271 1648 3314 examen
1663 3271 1865 3314 sanxe-

213 3361 279 3404 re
304 3345 546 3418 deferri,
569 3348 754 3418 ipsam
777 3362 917 3405 vero
940 3362 970 3402 a
993 3345 1155 3403 nullo
1189 3362 1426 3418 prorsus
1461 3345 1742 3418 appellari
1767 3345 1864 3402 de-

211 3436 375 3507 bere,
419 3451 484 3493 ae
527 3451 629 3508 per
671 3437 778 3492 hoc
815 3435 973 3493 illam
1005 3436 1076 3491 de
1109 3441 1230 3492 tota
1270 3435 1535 3492 aecclesia
1572 3434 1858 3505 judicare,

209 3526 402 3598 ipsam
437 3540 577 3582 vero
609 3525 680 3582 ad
714 3525 931 3583 nullius
961 3540 1285 3584 commeare
1313 3524 1618 3595 judicium,
1651 3538 1758 3580 nec
1792 3523 1862 3580 de

209 3615 344 3685 ejus
366 3629 636 3681 umquam
663 3620 1068 3686 prmeeperunt
1094 3613 1314 3684 judicio
1331 3613 1603 3684 jndicari,
1632 3617 1863 3670 senten-

207 3704 475 3774 tiamque
492 3704 621 3773 ejus
635 3704 1075 3760 constituerunt
1092 3718 1202 3760 non
1217 3704 1431 3760 debere
1453 3701 1716 3771 dissolvi,
1732 3702 1861 3772 ejus

209 3793 414 3865 potius
436 3791 732 3862 sequenda
755 3792 1100 3848 mandarunt
1127 3792 1384 3848 decreta.
1410 3811 1436 3842 »
1460 3793 1526 3846 Et
1551 3791 1860 3847 Anastasio

211 3882 562 3955 imperatori
587 3883 854 3939 scribens
877 3883 960 3938 ait
979 3897 1042 3939 ca
1054 3883 1134 3954 pit
1146 3881 1239 3938 ulo
1255 3886 1315 3936 3:
1339 3901 1365 3929 «
1385 3879 1590 3951 lmpeti
1615 3885 1858 3951 possunt

209 3971 486 4029 humanis
515 3971 1072 4044 praesumptionibus
1101 3985 1230 4042 quae
1259 3969 1456 4026 divino
1479 3972 1612 4026 sunt
1637 3967 1860 4038 judicio

208 4061 560 4132 constituta,
594 4061 744 4117 vinci
767 4065 962 4116 autem
984 4074 1098 4115 non
1132 4062 1394 4130 possunt.
1433 4060 1620 4127 Atque
1641 4057 1859 4114 utinam

211 4152 298 4208 sic
341 4149 883 4208 eontranitentibus
935 4146 1262 4220 perniciosa
1310 4162 1422 4203 non
1471 4145 1544 4202 sit
1597 4145 1859 4216 audacia,

211 4237 701 4310 quemadmodum
743 4236 896 4308 quod
936 4237 1009 4293 ab
1051 4236 1177 4308 ipso
1219 4249 1401 4292 sacrae
1435 4233 1734 4304 religionis
1765 4248 1861 4290 au-

210 4330 380 4385 ctore
413 4326 698 4400 preﬁxum
729 4330 821 4382 est
845 4339 954 4382 non
979 4328 1175 4396 potest
1199 4323 1313 4380 ulla
1337 4323 1558 4380 virtute
1587 4320 1858 4378 convelli.

212 4415 492 4472 Desinant
517 4428 658 4485 ergo
681 4428 861 4486 queso
885 4419 942 4470 te
964 4411 1330 4484 temporibus
1358 4410 1474 4467 tuis
1494 4409 1726 4480 quidam
1761 4423 1864 4482 per

209 4504 584 4562 occasionem
634 4501 1095 4575 perturbationis
1137 4498 1552 4557 ecclesiasticae
1600 4498 1864 4571 praecipi-

213 4597 414 4650 tanter
439 4591 681 4662 ambire,
699 4606 825 4662 quae
850 4605 961 4648 non
987 4590 1145 4660 licet,
1162 4603 1232 4646 ne
1251 4588 1348 4644 illa
1371 4603 1500 4660 quae
1523 4586 1670 4644 male
1694 4601 1866 4659 appe-

210 4686 369 4754 tunt,
422 4680 762 4738 nullatenus
811 4677 1273 4752 apprehendant,
1316 4681 1374 4732 et
1417 4675 1644 4732 modum
1697 4690 1863 4733 suum

214 4770 374 4842 apud
403 4771 586 4827 Deum
617 4768 994 4838 hominesque
1026 4782 1138 4824 non
1168 4771 1425 4823 teneant.
1456 4786 1484 4816 υ
1519 4763 1868 4820 Melehiades

210 4872 449 4930 quoque
473 4872 620 4930 papa
647 4859 704 4914 in
729 4856 976 4930 epistola
1008 4855 1298 4928 Hispaniae
1325 4853 1618 4926 episcopis
1640 4852 1863 4909 directa

211 4947 285 5005 de
317 4945 630 5020 privilegio
653 4947 826 5003 beato
846 4946 1024 5002 Petro
1046 4949 1106 5000 et
1129 4941 1572 5002 successoribus
1591 4940 1718 5011 ejus
1741 4941 1865 4998 vice

207 5035 440 5093 Domini
471 5049 752 5092 concesso
783 5034 868 5091 sic
899 5033 977 5090 ait
1011 5037 1144 5105 post
1175 5031 1366 5102 aliqua
1393 5050 1406 5084 ε
1435 5048 1462 5082 α
1487 5031 1603 5086 Hoc
1633 5028 1866 5101 privile-

208 5126 374 5196 gium
405 5124 686 5182 Dominus
719 5123 892 5180 beato
911 5123 1088 5178 Petro
1108 5119 1402 5190 clavigero
1434 5134 1541 5175 suo
1573 5117 1866 5175 concessit

213 5221 274 5272 et
299 5227 406 5271 sua
431 5213 562 5272 vice
581 5210 946 5271 solummodo
978 5209 1293 5280 commisit,
1328 5207 1478 5279 quod
1501 5205 1630 5276 ejus
1653 5221 1866 5279 prmro—

212 5303 478 5374 gativum
522 5301 754 5359 cunctis
793 5299 1234 5358 successoribus
1266 5297 1389 5354 suis
1421 5294 1866 5352 hereditandum

213 5396 305 5450 est
333 5397 512 5464 atque
535 5389 848 5448 tenendum
867 5387 1084 5446 futuris
1110 5385 1490 5458 temporibus,
1513 5383 1783 5456 quoniam
1807 5387 1862 5440 et

214 5482 373 5540 inter
405 5478 705 5552 apostolos
726 5478 834 5536 fuit
857 5475 1104 5550 quedam
1129 5475 1413 5533 discretio
1435 5472 1769 5546 potestatis.
1797 5473 1862 5528 Et

215 5567 356 5630 licet
374 5571 728 5629 cunctorum
749 5581 854 5645 par
867 5564 1266 5638 foretelectio,
1284 5563 1458 5622 beato
1479 5567 1672 5622 tamen
1689 5563 1865 5621 Petro

1971 1833 2126 1891 sulto
2156 1836 2649 1907 subscriptionem
2675 1852 2780 1908 pro
2804 1838 3056 1894 Romano
3087 1840 3433 1911 pontificatu
3463 1858 3616 1900 com-

1973 1924 2210 1980 modare
2241 1931 2342 1980 aut
2375 1924 2607 1996 pittatia
2642 1926 3005 1998 promittere,
3041 1932 3138 1983 aut
3188 1939 3613 1990 sacramentum

1971 2014 2234 2084 praebere
2264 2015 2662 2086 temptaverit,
2690 2020 2789 2071 aut
2817 2015 3050 2086 aliquod
3083 2025 3244 2074 certe
3277 2019 3613 2090 suffragium

1971 2100 2256 2174 polliceri,
2287 2103 2376 2158 vel
2399 2103 2470 2159 de
2495 2104 2597 2160 hac
2619 2119 2795 2160 causa
2820 2104 3067 2176 privatis
3090 2109 3516 2166 conventiculis
3540 2112 3617 2168 fa-

1970 2191 2086 2248 ctis
2107 2190 2436 2248 deliberare
2463 2196 2638 2262 atque
2673 2193 2993 2250 decernere
3019 2198 3478 2268 praesumpserit,
3508 2197 3616 2256 loci

1973 2281 2064 2337 sui
2082 2281 2851 2352 dignitateetcommunione
2870 2282 3154 2354 privetur,
3184 2285 3306 2356 pari
3326 2289 3615 2344 sententia

1973 2369 2338 2441 dampnando
2361 2384 2513 2440 eum,
2543 2369 2638 2439 qui
2664 2371 2770 2426 hoc
2796 2371 2926 2426 vivo
2950 2371 3106 2427 sicut
3127 2373 3345 2430 dictum
3369 2381 3457 2431 est
3481 2392 3619 2448 pon-

1971 2458 2148 2528 tiﬁce,
2179 2458 2438 2530 quolibet
2476 2459 2646 2515 modo
2671 2459 2846 2514 fuerit
2878 2460 3132 2517 ambisse
3154 2463 3480 2534 convictus,
3515 2473 3617 2522 aut

1973 2553 2132 2604 certe
2163 2551 2504 2618 temptasse.
2532 2567 2559 2598 »
2585 2547 2748 2614 Quod
2779 2563 2914 2604 vero
2945 2549 3223 2619 aequitate
3257 2552 3413 2607 Petri
3449 2555 3618 2612 robo-

1973 2641 2178 2692 rentur
2225 2635 2546 2706 apostolica
2592 2635 2832 2706 judicia,
2877 2637 2959 2692 ait
2999 2638 3373 2698 Innocentius
3423 2657 3612 2714 papa:

1976 2744 2005 2777 «
2026 2725 2214 2780 Manet
2234 2724 2392 2780 Petri
2418 2723 2804 2796 privilegium,
2828 2725 3179 2797 ubicumque
3194 2742 3264 2782 ex
3278 2729 3406 2799 ejus
3433 2731 3618 2788 fertur

1973 2811 2568 2884 aequitatejudicium.
2597 2832 2626 2866 »
2660 2814 2974 2884 Gregorius
2998 2830 3228 2887 quoque
3253 2817 3337 2874 sic
3361 2819 3440 2875 ait
3465 2819 3618 2878 inter

1975 2904 2170 2958 cetera
2205 2901 2262 2956 in
2295 2901 2530 2958 decreto
2571 2917 2677 2960 suo
2715 2918 2842 2974 cap.
2888 2906 2956 2960 10
2987 2923 2999 2959 :
3038 2923 3066 2956 ‹‹
3100 2904 3250 2962 Nulli
3281 2908 3367 2962 fas
3405 2913 3496 2965 est
3526 2911 3615 2965 vel

1979 3005 2147 3063 posse
2171 2989 2260 3046 vel
2286 2990 2435 3047 velle
2471 2993 2798 3062 transgredi
2834 2998 3126 3064 praecepta
3159 2996 3498 3066 apostolicae
3533 3014 3620 3055 se-

1977 3079 2084 3147 dis,
2123 3093 2228 3136 nec
2257 3079 2386 3150 ejus
2424 3079 2828 3151 dispositionis
2871 3081 3278 3152 ministerium,
3315 3085 3469 3154 quod
3500 3101 3619 3142 om-

1977 3167 2130 3223 nium
2165 3166 2327 3238 sequi
2365 3171 2599 3238 oportet
2631 3168 2957 3224 caritatem.
2995 3169 3078 3226 Sit
3108 3184 3246 3240 ergo
3279 3172 3462 3230 ruinae
3496 3189 3616 3231 suae

1976 3255 2175 3312 dolore
2198 3257 2556 3328 prostratus,
2599 3271 2703 3312 nec
2737 3256 2930 3313 locum
2950 3258 3224 3330 deinceps
3247 3259 3400 3316 inter
3422 3277 3615 3319 sacer-

1975 3343 2143 3402 dotes
2163 3344 2393 3414 habeat,
2412 3344 2680 3416 quisquis
2699 3337 3038 3416 apostolicis
3054 3347 3302 3405 voluerit
3322 3351 3616 3408 contraire

1975 3433 2254 3502 decretis,
2279 3433 2384 3489 sed
2414 3433 2672 3489 extorris
2696 3447 2726 3488 a
2753 3438 2957 3490 sancto
2986 3435 3310 3493 ministerio
3345 3437 3462 3496 fiat.
3497 3441 3615 3496 Non

1974 3522 2044 3578 de
2059 3522 2186 3592 ejus
2202 3521 2422 3591 judicio
2441 3521 2748 3594 quisquam
2764 3538 2962 3580 curam
2979 3524 3187 3580 haheat
3213 3527 3480 3597 quoniam
3499 3529 3616 3598 jam

1975 3610 2320 3682 dampnatus
2342 3625 2370 3666 a
2393 3615 2590 3667 sancta
2613 3616 2670 3666 et
2695 3611 3020 3682 apostolica
3052 3613 3312 3672 aeeelesia
3336 3620 3393 3672 et
3422 3621 3618 3674 aucto-

1974 3697 2150 3754 ritate
2191 3713 2412 3770 suaque
2454 3699 2848 3756 inobedientia
2891 3705 3067 3772 atque
3101 3705 3554 3776 praesumptione
3585 3721 3616 3761 a

1973 3801 2264 3858 quoquam
2296 3801 2426 3844 esse
2458 3803 2569 3844 non
2599 3788 2924 3860 dubitatur,
2961 3791 3094 3862 quia
3124 3791 3360 3861 majoris
3390 3808 3618 3851 excom-

1972 3875 2383 3933 municationis
2422 3875 2744 3946 dejectione
2790 3882 2879 3933 est
2917 3878 3240 3948 exigendus
3272 3881 3366 3937 cui
3398 3887 3616 3940 sanctae

1972 3962 2237 4022 ecclesiae
2266 3964 2569 4021 commissa
2597 3965 2786 4020 fuerat
2813 3965 3142 4037 disciplina,
3171 3967 3266 4038 qui
3292 3983 3404 4024 non
3429 3969 3613 4026 solum

1974 4053 2200 4126 prmlati
2225 4057 2441 4111 sanctas
2463 4051 2726 4110 ecclesiae
2754 4052 3118 4122 jussionibus
3149 4071 3356 4128 parere
3387 4057 3611 4127 debuit,

1973 4141 2077 4198 sed
2107 4141 2282 4198 etiam
2322 4140 2468 4197 alios
2500 4155 2570 4196 ne
2603 4141 2974 4211 praeterirent
3009 4143 3323 4200 insinuare.
3361 4145 3444 4200 Sit
3476 4160 3615 4216 ergo

1975 4227 2200 4286 alienus
2224 4243 2254 4284 a
2279 4227 2492 4284 divinis
2515 4232 2574 4283 et
2597 4228 3028 4299 pontificalibus
3057 4231 3282 4302 ciliciis,
3307 4233 3403 4304 qui
3431 4234 3612 4290 noluit

1973 4317 2380 4389 obtemperare
2413 4317 2728 4388 praeceptis
2767 4319 3122 4390 apostolicis.
3158 4340 3184 4372 »

2046 4403 2339 4476 Sylvester
2357 4405 2532 4462 etiam
2552 4419 2700 4478 papa
2720 4405 2789 4461 de
2811 4421 2918 4462 non
2937 4407 3250 4476 judicanda
3275 4409 3456 4482 prima
3478 4409 3616 4466 sede

1893 4483 1946 4545 D
1975 4493 2059 4552 sic
2083 4493 2165 4550 ait
2181 4507 2306 4565 cap.
2330 4497 2362 4550 6
2382 4513 2395 4549 :
2421 4495 2601 4551 Nemo
2609 4494 2924 4563 judicabit
2931 4497 3193 4568 primum
3207 4499 3418 4568 sedem,
3431 4499 3620 4569 justi-

1977 4582 2126 4641 tiam
2157 4581 2476 4653 temperari
2502 4583 2954 4640 desiderantem.
2985 4585 3192 4657 Neque
3221 4587 3379 4644 enim
3409 4586 3484 4645 ab
3515 4601 3621 4646 au-

1969 4671 2145 4745 gusto
2179 4684 2368 4742 neque
2396 4669 2471 4727 ab
2501 4671 2660 4728 omni
2700 4673 2854 4730 clero
2881 4687 3068 4745 neque
3097 4689 3136 4733 ιι
3161 4675 3406 4748 regibus
3432 4689 3620 4749 neque

1974 4774 2014 4818 ιι
2030 4761 2254 4833 populo
2270 4759 2470 4833 judea:
2485 4759 2886 4831 judicabitur.

2047 4849 2391 4906 Bonefacius
2405 4863 2554 4921 papa
2575 4849 2646 4906 de
2665 4854 2958 4920 potestate
2983 4853 3250 4908 Romanae
3270 4850 3540 4910 ecclesia
3558 4858 3618 4908 et

1977 4935 2046 4992 de
2068 4935 2157 4992 his
2181 4937 2277 5006 qui
2299 4950 2438 5006 erga
2461 4951 2585 4992 eam
2618 4938 2986 5009 superbiunt,
3012 4939 3093 4995 sic
3117 4938 3196 4994 ait
3221 4939 3489 4996 scribens
3511 4940 3618 4995 Eu-

1975 5023 2112 5082 lalio
2146 5023 2512 5082 Alexandriae
2541 5025 2820 5098 episcopo
2847 5045 2858 5080 :
2890 5048 2913 5075 α
2939 5025 3085 5082 Olim
3116 5040 3171 5082 et
3197 5027 3270 5082 ab
3295 5026 3462 5084 initio
3492 5034 3620 5085 tan-

1977 5119 2090 5170 tam
2115 5113 2526 5186 percepimusa
2544 5115 2714 5170 beato
2735 5115 2910 5170 Petro
2932 5113 3329 5186 apostolorum
3355 5115 3618 5190 principe

1976 5201 2268 5274 fiduciam,
2295 5207 2359 5260 ut
2381 5203 2697 5260 habeamus
2721 5202 3132 5259 auctoritatem
3162 5204 3476 5262 universali
3509 5220 3618 5264 aec-

1976 5291 2170 5350 clesiae
2191 5291 2510 5349 auxiliante
2529 5291 2768 5347 Domino
2795 5290 3130 5363 subvenire,
3146 5296 3202 5348 et
3220 5291 3504 5365 quidquid
3523 5309 3620 5352 uo-

1975 5381 2166 5439 civum
2180 5384 2290 5452 est,
2307 5379 2662 5437 auctoritate
2685 5378 3010 5449 apostolica
3033 5381 3330 5451 corrigere
3349 5386 3405 5438 et
3429 5397 3618 5441 emen-

1977 5469 2138 5527 dare.
2172 5471 2238 5526 Et
2265 5468 2396 5542 quia
2420 5483 2532 5524 non
2557 5471 2753 5540 potest
2784 5467 3010 5524 Domini
3033 5469 3220 5526 nostri
3242 5471 3379 5528 Iesu
3404 5471 3618 5530 Christi

1977 5557 2348 5636 praetermitti
2372 5549 2663 5618 sententia
2687 5555 2938 5617 dicentis
2962 5577 2974 5613 :
3006 5559 3093 5619 Tu
3111 5573 3172 5620 es
3191 5559 3428 5633 Petrus,
3448 5563 3508 5620 et
3522 5574 3618 5625 su-
