3950 6048
332 274 448 335 303

1292 266 1659 341 HUGONIS
1703 268 2056 339 ABBATIS
2097 257 2774 336 FLAVINIACENSIS

3628 266 3751 338 304

319 425 433 484 per
452 410 609 469 hanc
623 411 865 483 petram
886 408 1173 483 edi/teuto
1194 412 1519 469 (ecclesiam
1535 425 1745 482 meam,
1772 415 1830 466 et
1850 410 1971 465 haec
2002 407 2056 468 A
2086 418 2223 463 rere
2241 407 2338 463 cel
2354 406 2682 481 dampnare
2712 398 3012 478 nituntur,
3038 412 3231 481 ipsum
3252 408 3569 468 Dominum
3584 411 3759 469 dam-

333 516 461 572 qum
482 500 638 557 dicta
664 505 798 556 sunt
825 515 1015 556 rerum
1052 501 1372 571 probantur
1400 502 1725 568 effectibus,
1758 500 1889 570 quia
1914 498 1969 553 in

334 590 472 645 sede
507 589 825 661 apostolica
860 594 1024 644 extra
1060 589 1339 645 maculam
1373 605 1602 661 semper
1626 593 1715 645 est
1740 593 1970 643 servata

333 678 538 749 religio
562 679 871 735 catholica.
898 680 974 733 De
995 692 1105 749 qua
1121 692 1223 748 spe
1243 682 1299 732 et
1325 678 1435 733 ﬁde
1462 678 1722 749 separari
1744 676 1972 731 minimc

333 769 657 839 cupientes,
691 772 746 822 et
784 770 1011 839 patrum
1044 767 1335 822 constitua
1367 770 1703 836 sequentes,
1740 764 1974 822 anathe-

336 858 676 913 matizamus
707 871 905 913 omnes
930 856 1025 925 qui
1050 860 1254 910 contra
1284 860 1540 910 sanctam
1572 856 1881 910 Romanam
1915 857 1971 907 et

333 944 712 1016 apostolicam
759 944 1064 999 ecclesiam
1115 943 1507 1013 superbiendo
1556 958 1694 999 suas
1741 941 1970 1009 erigunt

333 1034 613 1102 cervices,
650 1039 964 1102 sequentes
990 1033 1041 1086 in
1068 1032 1334 1088 omnibus
1363 1030 1745 1103 apostolicam
1777 1029 1971 1085 sedem

332 1128 389 1175 et
424 1120 815 1191 prmdicantes
847 1120 1033 1175 omnia
1068 1120 1195 1189 ejus
1227 1120 1527 1185 instituta;
1559 1124 1615 1174 et
1649 1134 1752 1190 per
1784 1117 1973 1173 omnia

333 1225 506 1280 spero
530 1214 591 1265 ut
617 1210 673 1264 in
700 1225 806 1265 una
836 1208 1239 1264 communione
1264 1209 1586 1277 vobiscum,
1614 1222 1781 1277 quam
1806 1205 1973 1261 sedes

331 1297 651 1369 apostolica
675 1298 976 1369 praedicat,
1001 1312 1133 1353 esse
1160 1312 1403 1367 merear,
1423 1296 1477 1350 in
1501 1310 1610 1365 qua
1634 1300 1725 1350 est
1750 1295 1973 1363 integra

330 1393 388 1442 et
420 1402 555 1443 vera
595 1387 929 1442 christiana:
963 1385 1265 1452 religionis
1295 1391 1352 1440 et
1388 1386 1642 1455 perfecta
1686 1382 1970 1438 soliditas.

336 1476 688 1531 Promittens
736 1478 1142 1544 sequestratos
1171 1490 1199 1528 a
1232 1472 1631 1529 communione
1670 1470 1974 1527 catholicae

331 1564 600 1619 ccclesiui
639 1578 839 1618 omnes
871 1577 984 1617 non
1016 1562 1451 1617 consentientes
1485 1560 1604 1617 sedi
1638 1559 1974 1631 apostolicae

332 1657 624 1707 eteorum
665 1651 890 1707 nomina
933 1652 1086 1705 inter
1126 1665 1291 1706 sacra
1327 1649 1649 1705 ministeria
1690 1663 1800 1703 non
1843 1662 1974 1702 esse

2082 510 2271 566 pnare
2280 511 2392 566 per
2410 497 2753 567 prop/letam
2774 498 3073 567 ridentur,
3102 499 3310 555 etideo
3337 514 3527 571 usque
3547 501 3631 557 ad
3650 515 3755 558 sa-

2087 586 2489 656 tisfactionem
2531 587 2846 657 dampnali
2871 589 3031 645 sunt.
3068 590 3135 643 Et
3171 594 3304 660 post
3339 604 3517 661 pauca
3554 609 3566 645 :
3608 590 3752 658 Qui,

2089 672 2296 743 inquit,
2323 673 2420 730 his
2438 675 2692 743 resisitt,
2723 677 2834 731 Deo
2852 677 3105 745 resistit,
3134 678 3192 732 et
3211 677 3318 747 qui
3341 678 3426 735 eis
3448 677 3753 749 injuriam

2083 761 2177 816 vel
2194 763 2614 818 contumeliam
2621 764 2808 835 facit.
2828 765 2946 819 Deo
2966 768 3141 836 cujus
3166 767 3463 836 legatione
3466 767 3634 838 fuuq
3644 781 3755 823 un-

2086 850 2386 922 tur/dcit.
2422 852 2720 908 Sufﬁciunt
2755 852 2887 921 ista,
2921 869 2988 908 an
3023 853 3211 909 adhuc
3238 855 3304 909 ad
3333 854 3749 910 confutandam

2084 936 2346 994 adversas
2388 939 2574 1009 partis
2625 939 2899 1011 ineptiam
2944 940 3198 1011 pluriora
3234 942 3304 996 de
3335 942 3650 1013 scripturis
3678 940 3752 974 ³⁸³

2087 1026 2384 1094 querimus
2405 1027 2779 1083 testimonia?
2809 1028 3058 1085 Accedat
3085 1033 3142 1084 et
3164 1030 3536 1084 Jheronimus
3583 1030 3737 1086 dicat

2086 1118 2141 1169 et
2165 1114 2287 1184 ipse
2313 1115 2451 1185 quid
2481 1121 2779 1171 mereatur
2802 1117 2897 1186 qui
2917 1116 3199 1186 judicium
3224 1118 3381 1174 sedis
3403 1118 3747 1188 apostolicm

2087 1203 2549 1273 reprehenderit.
2592 1204 2841 1261 Audiant
2874 1204 3124 1260 malivoli
3152 1210 3210 1261 ut
3238 1206 3623 1276 instruantur,
3644 1206 3743 1275 ju-

2088 1292 2158 1347 sti
2199 1298 2258 1348 et
2301 1293 2549 1348 benivoli
2594 1298 2651 1349 ut
2696 1296 3050 1351 roborentur
3092 1301 3147 1350 et
3196 1296 3248 1350 in
3296 1295 3406 1351 fide
3447 1297 3743 1352 catholica

2085 1381 2517 1437 confirmentur.
2564 1382 2654 1437 Ait
2698 1382 2850 1437 inter
2887 1388 3083 1439 cetera
3129 1384 3396 1440 scribens
3430 1384 3504 1438 ad
3538 1385 3741 1439 Dama-

2086 1484 2213 1524 sum
2240 1489 2251 1523 :
2277 1471 2402 1527 Hec
2421 1470 2509 1527 est
2514 1471 2693 1542 ﬁdes,
2716 1471 3056 1528 beatissime
3071 1486 3251 1542 papa,
3273 1487 3454 1543 quam
3476 1474 3545 1529 in
3561 1472 3746 1529 eccle-

2081 1560 2177 1615 sia
2213 1559 2509 1616 catholica
2559 1560 2900 1625 didicimus.
2943 1576 3243 1633 quamque
3279 1576 3506 1634 semper
3549 1564 3747 1619 tenui-

2085 1660 2236 1716 mus,
2260 1648 2326 1702 in
2346 1661 2469 1717 qua
2489 1648 2543 1703 si
2564 1650 2765 1705 minus
2780 1649 2980 1720 perite
3009 1650 3122 1706 aut
3136 1665 3355 1720 parum
3385 1651 3557 1707 caute
3567 1651 3750 1721 forte

336 1738 651 1795 recitando.
704 1740 1032 1809 Dampnans
1060 1744 1119 1794 et
1152 1744 1557 1794 antecessores
1587 1742 1644 1792 et
1679 1750 1976 1793 successo-
2004 1760 2059 1819 Β
2088 1734 2330 1805 aliquid
2336 1737 2605 1805 positum
2625 1736 2730 1805 est,
2758 1738 3061 1794 emendari
3086 1736 3492 1809 cupimusate,
3513 1739 3621 1809 qui
3635 1740 3750 1794 Pe—

336 1843 430 1883 res
464 1844 641 1898 meos,
667 1834 727 1882 et
749 1842 947 1882 omnes
981 1828 1075 1897 qui
1109 1833 1325 1882 sanct:e
1357 1828 1625 1882 Romanae
1657 1829 1715 1880 et
1748 1828 1977 1896 aposto-

334 1916 459 1972 licae
488 1915 755 1971 ecclesia)
790 1915 1090 1985 privilegia
1119 1929 1354 1971 cassare
1385 1914 1669 1969 nituntur.
1695 1936 1720 1961 ››

405 2007 475 2059 Et
497 2003 651 2075 quod
677 2005 925 2058 Romana
947 2003 1213 2059 :ecclesia
1229 2018 1257 2057 a
1277 2003 1500 2057 nemine
1517 2003 1593 2057 sit
1607 2000 1973 2073 appellanda,

336 2093 600 2149 (:elasius
652 2093 919 2147 scribens
965 2092 1234 2147 omnibus
1284 2092 1578 2162 episcopis
1630 2106 1756 2160 cap.
1794 2088 1973 2159 5(fol.

341 2181 477 2252 100’)
514 2202 524 2234 :
563 2182 835 2236 «Cuncta
868 2195 970 2250 per
1004 2180 1277 2235 mundum
1314 2180 1466 2233 novit
1502 2179 1789 2246 :eeclesia,
1823 2177 1978 2246 quod

336 2274 713 2325 sacrosancta
741 2270 989 2323 Romana
1014 2268 1275 2323 {ecclesia
1296 2268 1379 2322 fas
1395 2268 1464 2323 de
1480 2267 1747 2322 omnibus
1772 2266 1979 2321 habeat

332 2358 653 2428 judicandi,
682 2372 868 2427 neque
890 2357 1159 2426 cuiquam
1185 2356 1359 2412 liceat
1377 2355 1447 2411 de
1466 2357 1593 2426 ejus
1611 2354 1875 2425 judicare
1893 2354 1983 2422 ju-

338 2448 509 2503 dicio.
539 2446 833 2517 Siquidem
861 2445 927 2499 ad
952 2444 1102 2499 illam
1132 2445 1382 2515 pertinet
1408 2444 1477 2499 de
1501 2442 1758 2514 qualibet
1784 2443 1978 2499 mundi

340 2542 503 2608 parte
520 2536 804 2605 judicare,
829 2534 1011 2604 ipsam
1032 2538 1225 2589 autem
1248 2549 1413 2588 nemo
1427 2540 1516 2587 est
1535 2532 1831 2604 appellare
1858 2547 1983 2603 per-

340 2625 569 2680 missus.
617 2622 722 2677 Sed
759 2637 862 2677 nec
898 2621 990 2675 illa
1035 2622 1422 2691 przctcriinus,
1464 2621 1619 2691 quod
1658 2620 1979 2691 apostolica

339 2713 510 2767 sedes
541 2712 665 2766 sine
690 2709 801 2764 ulla
829 2710 1048 2779 synodo
1083 2710 1450 2779 prmcedente
1472 2715 1532 2763 ct
1554 2707 1813 2764 solvendi
1838 2722 1984 2778 quos

339 2798 596 2870 synodus
627 2799 821 2867 iniqua
870 2798 1304 2867 dampnaverat,
1348 2803 1406 2851 et
1447 2796 1793 2867 dampuandi
1837 2810 1983 2866 quos

340 2887 671 2960 oportuerit
716 2886 886 2941 habet
935 2889 1309 2956 potestatem.
1343 2890 1402 2940 et
1435 2885 1541 2940 hoc
1573 2885 1843 2940 nimirum
1880 2900 1982 2954 pro

340 2991 447 3033 suo
469 2975 796 3047 principatu
811 2989 981 3044 quem
998 2975 1205 3028 beatus
1221 2976 1431 3029 Petrus
1447 2971 1747 3043 apostolus
1758 2972 1979 3028 Domini

342 3080 481 3122 voce
503 3068 561 3119 et
589 3063 774 3119 tenuit
806 3076 1034 3134 semper
1056 3066 1112 3117 et
1141 3062 1379 3117 tenebit.
1409 3084 1434 3108 ι»
1467 3062 1537 3116 Ει
1561 3060 1814 3117 Kalistus
1836 3075 1980 3131 papa

341 3155 393 3208 iu
410 3153 801 3223 decretiscap.
823 3158 843 3206 1
868 3171 880 3206 :
903 3152 1211 3222 Quidquid
1220 3153 1351 3206 sine
1362 3150 1716 3207 discretione
1720 3149 1985 3221 justitia'

337 3241 545 3298 contra
568 3244 847 3297 Romana
867 3240 1123 3297 ecclesiae
1142 3239 1531 3309 disciplinam
1551 3238 1980 3309 actumfuerit,

336 3331 537 3388 ratum
562 3330 779 3386 habere
794 3330 953 3387 ratio
975 3329 1151 3385 nulla
1162 3328 1483 3398 permittit.
1514 3327 1823 3384 Nicholaus
1848 3342 1986 3399 quo-

343 3433 453 3489 que
478 3420 549 3473 de
572 3422 910 3487 contemptu
936 3416 1095 3471 sedis
1120 3414 1455 3486 apostoliczc
1482 3415 1796 3471 universali
1820 3431 1986 3485 syno~

343 3509 415 3562 do
444 3506 764 3578 praesidens
785 3506 929 3561 dixit
958 3525 968 3559 :
1003 3527 1027 3553 α
1048 3505 1102 3559 Si
1128 3505 1256 3575 quis
1280 3504 1568 3573 dogmata,
1592 3504 1881 3573 mandata,
1905 3505 1983 3559 in-

262 3578 267 3585 ”
342 3595 616 3663 terdicta,
650 3594 984 3649 sanctiones
1007 3592 1095 3648 vel
1121 3591 1355 3647 decreta
1389 3606 1494 3662 pro
1526 3592 1814 3648 catholica
1851 3591 1980 3649 fide.

345 3701 447 3755 pro
487 3683 888 3739 ecclesiastica
932 3681 1268 3751 disciplina,
1305 3696 1409 3751 pro
1448 3682 1816 3737 correctione
1848 3681 1985 3737 fide-

344 3772 502 3836 lium,
531 3786 635 3841 pro
655 3770 1063 3825 emendatione
1086 3769 1505 3825 sceleratorum
1519 3768 1610 3824 vel
1626 3768 1988 3825 interdictio-

346 3874 413 3915 ne
456 3859 873 3914 imminentium
919 3857 1010 3913 vel
1052 3858 1380 3913 futurorum
1424 3856 1724 3926 malorum,
1759 3872 1789 3912 a
1833 3857 1987 3913 sedis

344 3947 677 4019 apostolicze
708 3946 957 4018 praesule
989 3945 1307 4002 salubriter
1338 3945 1698 4016 promulgata
1730 3952 1986 4002 contem-

345 4037 545 4109 pserit,
583 4038 907 4092 anathema.
945 4035 998 4089 Si
1034 4035 1336 4090 anathema
1378 4039 1490 4104 est,
1526 4034 1621 4105 qui
1664 4035 1984 4090 contemnit

342 4127 578 4182 decreta
599 4124 939 4196 apostolica,
959 4124 1096 4194 quid
1124 4128 1402 4193 meretur,
1421 4123 1516 4193 qui
1535 4123 1589 4178 in
1605 4123 1985 4181 reverendam

343 4215 562 4272 sanctis
584 4214 852 4271 omnibus
885 4213 1191 4284 apostolici
1218 4213 1468 4269 nominis
1489 4211 1847 4281 majestatem
1874 4227 1987 4267 ma-

344 4321 473 4360 num
510 4304 731 4358 inlicite
754 4294 955 4358 ³⁷⁵ἠοη
991 4303 1157 4357 timet
1188 4301 1545 4357 extendere?
1574 4302 1642 4354 Et
1668 4306 1729 4355 ut
1752 4300 1982 4357 tandem

342 4390 659 4446 invincibili
688 4390 786 4445 Dei
804 4388 999 4459 gladio
1025 4387 1404 4458 feriamus”,
1427 4387 1664 4442 audiant
1688 4387 1986 4458 impugna-

2012 3108 2064 3173 C

2089 1823 2173 1878 tri
2192 1822 2441 1893 ctﬂdem
2460 1824 2721 1882 etsedem
2743 1826 2919 1881 tenes.
2945 1826 3024 1882 Si
3044 1826 3243 1881 autent
3265 1826 3369 1882 liec
3386 1826 3594 1882 nostra
3613 1840 3751 1882 con-

2072 1912 2209 1984 fess
2218 1915 2270 1967 io
2292 1912 2660 1983 apostolatus
2675 1915 2763 1971 tui
2775 1914 3014 1982 judicio
3026 1914 3329 1986 comproba
3339 1916 3456 1983 tur,
3474 1917 3745 1986 quicum-

2088 2013 2203 2070 que
2218 2014 2309 2055 me
2339 2001 2583 2071 culpare
2609 2003 2889 2071 coluerit,
2922 2017 2984 2059 se
3012 2003 3356 2073 imperitum
3375 2003 3473 2058 cel
3495 2003 3748 2059 malivo~

2092 2089 2231 2157 tum,
2264 2090 2361 2144 cel
2405 2089 2586 2146 etiam
2636 2105 2751 2148 non
2800 2091 3087 2149 catholico
3133 2092 3370 2147 nomine
3419 2091 3747 2148 hereticum

2089 2175 2500 2246 comprobabit.
2540 2178 2866 2233 Secundum
2892 2179 2994 2234 hec
3019 2194 3158 2248 ergo
3187 2178 3506 2235 beatissimi
3539 2179 3749 2234 Jhero-

2093 2265 2229 2319 nimi
2252 2264 2426 2334 dicta,
2455 2280 2565 2336 que
2592 2266 2786 2322 nullus
2818 2266 3073 2322 fidelium
3107 2267 3343 2335 ambigit
3370 2267 3622 2324 veritate
3647 2282 3746 2322 su—

2094 2352 2286 2419 bnixa,
2320 2354 2582 2424 quisquis
2608 2354 2827 2424 judicia
2862 2354 3238 2426 reprehendit
3271 2353 3618 2425 apostolica,
3651 2355 3750 2409 he-

2094 2442 2273 2497 retica
2305 2447 2546 2497 notatur
2569 2442 2819 2498 infamia.
2845 2442 3205 2512 Augustinus
3230 2456 3462 2512 quoque
3479 2442 3612 2499 dum
3633 2448 3751 2497 tra-

2090 2536 2281 2585 ctaret
2305 2530 2374 2585 dc
2400 2531 2509 2599 his,
2536 2531 2632 2601 qui
2664 2539 2796 2587 sunt
2830 2532 2983 2586 inter
3014 2531 3309 2587 hereticos
3343 2532 3746 2601 computandi.

2094 2618 2185 2674 vel
2207 2620 2302 2692 qui
2327 2634 2462 2687 non,
2491 2620 2570 2675 sic
2595 2620 2676 2675 ait
2706 2620 2857 2675 inter
2884 2624 3079 2676 cetera
3111 2638 3121 2672 :
3154 2643 3178 2667 α
3204 2619 3352 2675 Dicit
3387 2620 3707 2689 Apostolus
3735 2641 3747 2675 :

2093 2708 2435 2767 Hereticum
2456 2709 2749 2765 hominem
2776 2708 2906 2779 post
2928 2709 3193 2779 primam
3213 2709 3273 2764 et
3284 2708 3606 2766 secundum
3625 2723 3752 2766 eor-

2091 2796 2414 2867 reptiouem
2436 2797 2651 2854 decita.
2674 2799 2867 2854 sciens
2885 2798 3035 2866 quia
3055 2797 3375 2855 subversas
3391 2797 3483 2854 est
3495 2799 3745 2868 ejusmo-

2094 2886 2177 2953 di,
2210 2886 2270 2941 et
2290 2886 2491 2956 peccat
2516 2886 2583 2942 in
2612 2886 2920 2955 semetipso
2954 2885 3314 2958 dampnatus
3346 2885 3487 2955 (Tit.
3518 2901 3600 2955 ιιι,
3629 2891 3745 2953 10.)

2095 2973 2204 3027 Sed
2227 2974 2322 3044 qui
2343 2974 2691 3031 sententiam
2719 2988 2880 3029 suam
2909 2974 3171 3043 quamvis
3192 2972 3395 3029 falsam
3412 2980 3590 3044 atque
3616 2989 3743 3044 per-

2093 3076 2317 3118 versam
2344 3062 2498 3118 nulla
2526 3062 2809 3133 pertinaci
2843 3062 3213 3118 animositate
3245 3062 3564 3118 defendunt
3596 3078 3747 3133 prae-

2095 3151 2293 3207 sertim
2319 3166 2488 3222 quam
2510 3166 2617 3209 non
2636 3152 2871 3206 audatia
2894 3165 3015 3208 sua:
3035 3152 3514 3224 praesumptionis
3540 3167 3747 3223 perce-

2096 3238 2306 3310 perint,
2326 3241 2426 3296 sed
2441 3256 2470 3295 a
2487 3240 2747 3296 seductis
2770 3244 2946 3311 atque
2972 3239 3026 3295 in
3042 3255 3301 3296 errorem
3325 3240 3509 3312 lapsis
3536 3256 3746 3313 pareu~

2070 3327 2254 3385 -tibus
2276 3333 2648 3400 acceperunt,
2667 3338 2922 3399 querunt
2939 3334 3133 3385 autem
3156 3336 3326 3385 cauta
3345 3329 3748 3391 sollicitudine

2094 3417 2424 3487 veritatem,
2442 3417 2655 3487 corrigi
2673 3418 2859 3488 parati
2874 3433 3005 3474 cum
3021 3418 3745 3489 invenerint,ncquaquam

2095 3511 2227 3564 sunt
2253 3506 2407 3562 inter
2426 3507 2724 3562 hereticos
2751 3507 3146 3579 computandi.
3165 3528 3191 3555 ››
3222 3508 3443 3573 Quibus
3465 3507 3519 3563 in
3544 3508 3749 3564 verbis

2096 3599 2299 3667 aperte
2328 3595 2683 3664 ostenditur,
2709 3610 2810 3651 eos
2836 3594 3041 3666 procul
3065 3594 3243 3650 dubio
3267 3595 3417 3651 inter
3448 3595 3747 3652 hereticos

2096 3684 2543 3755 computandos,
2563 3683 2658 3754 qui
2676 3683 3026 3741 sententiam
3042 3698 3203 3740 suam
3221 3683 3422 3740 falsam
3437 3689 3497 3738 et
3510 3698 3750 3754 perver-

2097 3787 2217 3828 sam
2251 3777 2311 3828 et
2342 3786 2602 3828 errorem
2647 3772 2839 3827 infami
2882 3777 3073 3828 mente
3112 3776 3474 3833 concretum,
3508 3772 3747 3828 audatia

2098 3860 2574 3932 przesumptionis
2616 3859 3009 3929 adinveutum,
3047 3860 3331 3931 pertinaci
3371 3860 3749 3917 animositate

2096 3948 2407 4005 defendere
2423 3947 2760 4019 moliuntur,
2779 3948 3083 4004 veritatem
3101 3952 3503 4019 respuentes,a
3525 3948 3749 4018 gremio

2098 4037 2302 4093 matris
2317 4037 2580 4093 ecclesiae
2605 4037 2970 4105 recedentes.
2993 4038 3271 4093 unitatem
3288 4037 3641 4107 scindentes,
3661 4052 3749 4093 sa-

2099 4141 2226 4183 nam
2252 4125 2575 4182 doctrinam
2607 4125 2975 4197 abjicientes,
2999 4141 3264 4181 errorum
3300 4126 3485 4197 Spinis
3518 4126 3745 4182 viscera

2100 4219 2360 4270 materna
2393 4214 2748 4279 scindentes,
2775 4222 2834 4269 ct
2858 4220 3073 4286 praeter
3095 4214 3174 4284 id,
3202 4215 3356 4285 quod
3386 4214 3751 4284 evangeliza~

2097 4307 2221 4358 tum
2243 4307 2333 4359 est
2356 4302 2668 4361 universali
2693 4303 2979 4369 ecclesiae,
2997 4304 3147 4374 quod
3175 4307 3358 4373 tenet,
3376 4304 3532 4374 quod
3551 4303 3747 4371 docet,

2100 4391 2286 4447 aliena
2308 4391 2570 4448 docendo
2590 4392 2979 4448 anathematis
2999 4391 3303 4464 apostolici
3329 4391 3752 4448 interminatio-

341 4487 506 4536 tores
534 4479 600 4511 ³η
633 4479 918 4547 veritatis,
963 4481 1429 4549 propugnatores
1461 4477 1864 4548 perversitatis
1893 4476 1982 4549 ³⁷⁸,
2013 4471 2068 4531 D
2099 4495 2225 4537 nem
2260 4495 2369 4536 non
2402 4485 2703 4550 verentur,
2738 4495 2982 4550 quorum
3016 4480 3122 4536 nisi
3158 4480 3506 4550 resipiscant
3541 4485 3752 4538 certus

342 4584 410 4625 ex
434 4568 630 4624 verbis
652 4566 805 4622 beati
831 4567 985 4622 Petri
1004 4565 1072 4598 ³⁷⁸
1091 4566 1345 4637 apostoli
1366 4567 1457 4621 cui
1485 4565 1883 4637 praajudicium
1909 4566 1986 4621 fe-

341 4661 548 4714 cerunt
585 4654 722 4725 quid
756 4660 1109 4711 mereantur.
1147 4654 1201 4709 Si
1235 4654 1381 4725 quis,
1416 4656 1515 4725 ait,
1551 4656 1723 4725 hunc,
1757 4654 1828 4710 ad
1863 4656 1984 4711 Cle-

341 4750 589 4800 mentem
616 4742 881 4812 loquens,
908 4742 1239 4809 contristat,
1276 4742 1566 4799 Christum
1594 4742 1690 4812 qui
1714 4742 1766 4797 ei
1790 4743 1984 4798 cathe-

342 4833 501 4888 dram
537 4829 781 4887 docendi
812 4829 1058 4886 tradidit
1090 4845 1201 4886 non
1235 4829 1464 4901 recipit,
1500 4834 1556 4885 et
1590 4834 1882 4901 tamquam
1916 4830 1985 4863 ³⁸0

342 4921 437 4990 qui
463 4920 758 4976 Christum
782 4934 890 4975 non
913 4918 1262 4990 susceperit,
1286 4933 1389 4974 nec
1411 4918 1631 4975 Domini
1656 4919 1893 4975 fratrem
1916 4918 1983 4953 ³⁸1

341 5010 676 5080 suscepisse
712 5008 1096 5078 judicabitur,
1131 5012 1191 5062 et
1225 5007 1354 5064 ideo
1395 5023 1501 5064 nec
1542 5008 1665 5078 ipse
1706 5008 1982 5079 suscipie-

340 5102 439 5153 tur
469 5098 524 5152 in
558 5113 736 5168 regno
765 5097 1070 5153 caelorum.
1101 5119 1126 5145 η
1165 5096 1272 5162 Qui
1303 5112 1479 5167 supra
1500 5094 1570 5129 ⁸⁸²
1591 5096 1662 5152 de
1688 5097 1983 5170 episcopis

342 5186 584 5256 loquens
611 5205 621 5238 :
653 5187 787 5255 Qui,
823 5184 1030 5255 inquit,
1059 5186 1354 5257 episcopos
1373 5186 1615 5255 acuant,
1640 5185 1753 5243 aut
1768 5200 1982 5244 ammo—

2096 4575 2188 4625 est
2224 4569 2517 4625 interitus.
2554 4569 2659 4636 Qui
2690 4569 2738 4624 si
2761 4569 3019 4625 dixerint
3044 4568 3433 4626 obediendum
3467 4570 3749 4640 potestati

2096 4657 2365 4727 quoniam
2399 4671 2514 4712 non
2536 4661 2625 4713 est
2651 4662 2913 4728 potestas
2937 4657 3044 4714 nisi
3070 4672 3101 4713 a
3123 4659 3261 4725 Deo,
3297 4662 3357 4713 et
3387 4657 3483 4727 qui
3515 4656 3748 4714 resistit

2098 4746 2372 4817 potestati
2396 4747 2495 4801 Dei
2521 4746 2873 4803 ordinationi
2897 4745 3139 4815 resistit,
3157 4746 3394 4802 audiant
3420 4746 3561 4816 quid
3584 4745 3736 4803 idem

2096 4835 2454 4906 Augustinus
2493 4834 2565 4890 ad
2602 4836 2708 4890 hec
2750 4834 3111 4906 respondens
3152 4834 3310 4892 dicat
3343 4854 3355 4889 :
3396 4858 3422 4883 ιι
3464 4834 3615 4901 Quid
3658 4835 3742 4890 in-

2095 4924 2239 4994 quit,
2267 4923 2488 4980 resistit
2513 4924 2813 4995 potestati,
2839 4924 2937 4979 Dei
2959 4922 3310 4980 ordinationi
3335 4922 3595 4988 resistit;
3633 4923 3739 4980 sed

2094 5012 2252 5083 quid,
2293 5012 2342 5068 si
2384 5011 2530 5068 illud
2564 5013 2788 5083 jubeat,
2829 5011 2980 5082 quod
3023 5027 3133 5068 non
3175 5013 3353 5069 debes
3396 5012 3616 5084 facere,
3652 5013 3750 5070 hic

2094 5115 2233 5156 sane
2274 5105 2622 5171 contempno
2666 5104 3037 5173 potestatem,
3076 5100 3331 5157 timendo
3361 5103 3745 5172 potestatem.

2095 5187 2421 5261 (Fol.109’.)
2444 5190 2610 5260 Ipsos
2631 5191 3015 5247 humanarum
3038 5188 3388 5260 dignitatum
3409 5188 3631 5258 gradus
3654 5188 3757 5245 ad-

1709 5357 1942 5413 VARIE
1986 5358 2386 5416 LECTIONES.

412 5484 730 5559 3757-iillicite
764 5485 1029 5559 ίίξζαιπινη·

340 5559 418 5618 tri
453 5557 725 5617 deletum.
806 5557 1150 5628 “ll-mquam
1180 5560 1451 5619 ueletiam.

1110 5486 1178 5520 ³⁷⁸
1202 5490 1278 5562 pe
1299 5489 1493 5557 gladio
1520 5492 1692 5562 tesca:
1711 5492 1861 5562 conj.
1894 5493 2085 5562 suppl.
2164 5490 2477 5562 377-atores
2510 5490 2781 5562 deletmu
2862 5489 3482 5562 8""perver-deletum.
3561 5492 3633 5528 ³⁷⁸
3653 5496 3759 5551 Pe-

1532 5506 1692 5547 ,e-ea'
1711 5506 1861 5562 conj.
1894 5506 2085 5576 suppl.
2164 5506 2477 5548 “umores
2510 5506 2781 5548 aeletu/m.

1532 5560 1597 5595 ³⁸1
1632 5562 1837 5621 ira-ea:
1865 5576 2016 5637 con].
2050 5563 2242 5636 suppl.
2321 5561 2540 5636 δ”-ραι
2574 5561 2846 5622 deletum.
2927 5561 2984 5596 ³³

2975 5561 3126 5623 a-ris
3157 5562 3426 5625 deletum.
