3950 6048
192 212 324 279 805

1447 162 2059 281 CHRONICONL—
2084 211 2238 278 LIB.
2273 214 2345 278 n.

3509 211 3627 277 306

194 357 392 410 verte.
420 351 475 407 Si
499 350 719 423 aliquid
753 350 992 422 jusserit
1040 359 1409 425 procurator,
1438 367 1625 409 nonne
1650 349 1860 407 fecien-
1890 347 1946 407 A
1977 349 2165 406 omnia
2218 350 2540 408 constituta
2601 356 2758 421 sunt,
2794 356 2852 407 et
2884 354 3087 407 contra
3148 350 3304 408 illius
3341 351 3615 408 beneficia

199 441 348 497 dum
406 443 532 497 est?
587 443 793 498 Tamen
827 443 875 497 si
908 447 1113 499 contra
1164 442 1574 514 proconsulem
1630 441 1856 509 jubeat,

194 546 315 584 non
352 530 549 601 utique
596 532 962 602 contempnis
999 535 1371 603 potestatem,
1407 531 1509 588 sed
1541 530 1713 599 eligis
1745 542 1859 582 ma-

186 615 314 683 jori
343 618 587 673 servire.
624 618 744 671 Non
778 618 909 672 hinc
943 618 1115 674 debet
1151 620 1335 674 minor
1368 616 1541 673 irasci
1578 618 1626 673 si
1676 614 1858 684 major

204 704 457 775 praelata
488 709 600 761 est.
630 708 874 761 Rursum
900 707 943 763 si
970 707 1190 778 aliquid
1218 706 1773 779 proconsuljubeat,
1800 708 1855 760 et

198 791 372 850 aliud
404 794 740 866 imperator,
767 796 1045 866 numquid
1071 796 1493 853 dubitaturillo
1518 798 1856 864 contempto

202 881 295 937 illi
331 898 461 939 esse
515 884 924 940 serviendum?
955 886 1104 955 Ergo
1134 886 1183 942 si
1234 886 1391 942 aliud
1426 886 1765 956 imperator,
1799 888 1857 937 et

198 971 370 1027 aliud
392 974 561 1043 Deus,
586 973 724 1044 quid
743 973 1061 1043 judicatis?
1079 974 1257 1045 Major
1284 981 1548 1046 potestas
1573 971 1859 1030 audienda

194 1065 318 1116 est.
351 1061 426 1116 Da
472 1061 716 1131 veniam,
763 1069 822 1118 tu
856 1078 1173 1131 carcerem,
1204 1064 1298 1119 ille
1330 1064 1651 1132 gehennam
1687 1061 1860 1116 mina-

208 1153 332 1203 tur.
373 1149 510 1205 llinc
540 1149 657 1219 jam
686 1150 787 1205 tibi
815 1153 1160 1207 assumenda
1187 1156 1272 1206 est
1301 1153 1443 1209 fides
1464 1154 1561 1207 tua
1586 1154 1857 1218 tanquam

196 1240 497 1305 secutum,
530 1236 584 1291 in
618 1252 733 1307 quo
764 1238 958 1308 possis
982 1238 1388 1307 Onmia'jacula
1434 1237 1644 1292 inimici
1670 1237 1849 1305 ignita

194 1323 569 1393 extinguere.
604 1346 633 1374 ι

284 1412 396 1467 ςθά
439 1413 688 1469 fortasse
721 1414 933 1469 domini
965 1419 1023 1470 et
1060 1416 1274 1471 utinam
1308 1417 1518 1470 fratres
1549 1416 1732 1469 nostri
1764 1412 1858 1467 de-

199 1506 369 1556 creta
404 1502 724 1573 apostolica
748 1508 808 1558 et
830 1504 1141 1560 canonicas
1166 1504 1497 1560 sanctiones
1522 1508 1619 1557 aut
1644 1518 1755 1557 non
1781 1500 1857 1556 lc-

206 1594 445 1660 gerant,
481 1595 577 1646 aut
629 1590 781 1647 lecta
814 1592 905 1648 vel
958 1592 1153 1648 audita
1189 1593 1359 1648 surda
1393 1608 1531 1647 aure
1567 1589 1857 1661 praeterie-

1974 454 2234 509 pugnare
2260 440 2529 497 videatur
2568 458 2595 496 a
2628 457 2743 512 quo
2779 441 3067 512 propriam
3102 446 3501 510 consequutus
3530 446 3622 498 est

1973 532 2345 599 potestatein.
2373 532 2493 585 Non
2520 546 2550 587 a
2569 526 2798 601 legibus
2824 529 3094 601 publicis,
3120 544 3232 585 non
3256 543 3286 583 a
3313 529 3621 599 potestati-

1972 617 2081 674 bus
2114 616 2317 688 seculi,
2355 618 2455 674 sed
2479 634 2508 675 a
2534 619 2908 690 pontificibus
2937 623 2997 674 et
3016 616 3419 675 sacerdotibus
3440 619 3622 674 omni-

1975 709 2182 775 potens
2214 708 2367 762 Deus
2390 707 2722 763 christiana:
2748 706 3050 775 religionis
3074 705 3326 762 clericos
3344 710 3403 762 et
3429 720 3621 762 sacer-

1973 793 2140 849 dotes
2164 794 2347 850 voluit
2379 795 2658 864 ordinari,
2684 798 2739 849 et
2772 786 3065 851 discuti'et
3092 794 3272 865 recipi
3305 794 3377 850 de
3418 809 3620 852 errore

1973 889 2322 939 remeantes.
2359 886 2749 954 Imperatores
2783 883 3087 940 christiani
3117 883 3371 939 subdere
3403 883 3617 940 debent

1972 973 2399 1041 exequntiones
2430 986 2568 1028 suas
2616 971 3041 1028 ecclesiasticis
3094 972 3450 1043 pl‘iDSlllibtlS
3505 987 3617 1028 non

1975 1061 2271 1129 praeferre.
2308 1062 2442 1129 llcc,
2472 1061 2657 1130 inquit
2691 1060 2978 1127 Gclasius,
3021 1060 3091 1115 de
3114 1060 3422 1131 privilegio
3444 1061 3618 1132 impe-

1976 1154 2231 1203 ratorum
2263 1154 2321 1203 ct
2356 1149 2607 1204 omnium
2642 1149 2719 1205 ait
2758 1154 2975 1205 sancta:
3008 1148 3106 1205 Dei
3136 1148 3401 1205 ecclesia}
3433 1164 3619 1206 sacer-

1971 1235 2192 1291 dotum.
2226 1261 2251 1286 υ

2044 1326 2359 1382 I’ossemus
2391 1332 2449 1382 ct
2482 1328 2551 1381 dc
2585 1326 2966 1384 sacramentis
2996 1325 3229 1396 injustis
3252 1326 3484 1383 minime
3516 1326 3617 1381 ob-

1973 1414 2277 1470 servandis
2310 1414 2548 1471 multam
2582 1414 2979 1485 exemplorum
3020 1415 3248 1485 COpiam
3280 1414 3349 1469 de
3380 1415 3618 1485 scriptis

1970 1509 2199 1572 patrum
2263 1504 2719 1559 orthodoxorum
2788 1502 3131 1573 Augustini,
3186 1503 3499 1559 Jberonimi
3558 1508 3617 1557 et

1973 1591 2153 1663 ipsius
2178 1594 2443 1647 Romamn
2466 1592 2817 1662 eloquentiae
2844 1591 3021 1661 fluvii,
3055 1592 3207 1646 beati
3234 1591 3451 1646 scilicet
3489 1594 3615 1646 Am-

202 1684 361 1745 rant,
398 1683 500 1735 aut
528 1679 676 1749 quod
719 1695 881 1750 mage
909 1681 1263 1737 credendum
1290 1687 1401 1750 est,
1433 1687 1488 1735 et
1515 1679 1774 1747 legerant
1798 1682 1852 1733 ct
1883 1700 1940 1762 Β
1973 1681 2175 1747 brosii,
2212 1681 2514 1745 deflorarc,
2570 1681 2721 1750 quod
2759 1696 2867 1735 non
2898 1695 3126 1753 semper
3176 1679 3450 1735 solvenda
3481 1684 3613 1735 sunt

204 1767 541 1835 audierant,
571 1774 630 1823 et
661 1768 812 1824 lecta
839 1770 928 1824 vel
954 1770 1148 1825 audita
1172 1771 1363 1825 tenaci
1394 1768 1682 1824 memoria)
1704 1784 1858 1823 com-

205 1856 575 1925 mendarant,
600 1856 701 1912 sed
726 1857 959 1913 domino
982 1874 1089 1914 suo
1116 1859 1451 1929 imperatori
1485 1856 1857 1925 lidelesadju-

206 1946 373 1999 tores
397 1948 455 1999 et
482 1950 896 2015 cooperatores
919 1946 1119 2001 haberi
1153 1946 1353 2002 volunt
1378 1948 1466 2001 cui
1487 1946 1853 2015 juraverunt,

204 2031 301 2087 cui
338 2047 445 2103 per
476 2048 679 2089 manus
724 2038 778 2089 et
813 2041 1173 2090 sacramenta
1225 2035 1535 2090 liominiuin
1574 2036 1850 2089 fecerunt.

208 2121 534 2176 Attendunt
570 2122 643 2176 hii
680 2123 774 2192 qui
828 2123 1156 2191 hujusmodi
1206 2128 1359 2187 sunt,
1396 2122 1532 2192 quid
1566 2123 1635 2177 de
1666 2135 1856 2177 sacra-

208 2208 425 2265 mentis
454 2209 862 2280 episcoporum
899 2210 1052 2265 dicat
1106 2211 1406 2265 Cornelius
1444 2226 1608 2281 papa.
1646 2212 1856 2265 Corne-

208 2296 323 2353 lius
354 2297 667 2369 cpiscopus
690 2299 833 2353 Rufo
864 2299 1167 2369 episcopo:
1192 2299 1855 2356 .S'acrameutumlzacte-

204 2401 327 2444 ηαδ
340 2384 451 2442 ³⁶⁴α
462 2388 711 2444 summis
721 2386 1124 2445 sacerdotibus
1137 2386 1855 2459 reiretiquisﬂdelibus“m

209 2476 379 2533 recta
400 2476 531 2547 ﬁde
559 2475 805 2533 minime
826 2477 1217 2547 cognorimus,
1251 2476 1854 2549 sedss‘sponteeosju-

202 2578 382 2623 rasse
392 2566 799 2636 comperimus.
813 2565 1350 2622 Sacramentumm
1368 2567 1561 2637 igitur
1572 2566 1867 2637 episcopis.

202 2653 505 2710 nescimus
516 2652 911 2722 obtatum,nec
921 2668 960 2710 a
975 2669 1276 2724 quoquam
1288 2652 1356 2686 ³⁸⁸
1366 2656 1501 2721 fieri
1514 2654 1696 2711 debet.
1718 2654 1855 2711 Pius

207 2756 449 2812 quoque
472 2756 619 2813 papa
651 2738 1177 2799 deminultimodis
1205 2742 1552 2812 juramcntis
1573 2743 1815 2814 loquens
1840 2762 1852 2797 :

211 2829 643 2901 Qui‘”,ait,per
654 2829 942 2902 capillum
953 2831 1065 2886 Dei
1080 2830 1173 2886 cel
1184 2845 1290 2901 cap
1298 2831 1795 2901 utjuraceritﬁw
1803 2834 1861 2889 ei

204 2918 332 2975 alio
342 2918 513 2974 modo
528 2916 896 2988 blasphemia
910 2919 1117 2976 contra
1137 2920 1323 2975 Deum
1335 2920 1640 2991 confessus
1652 2919 1856 2992 3“fue-

200 3007 380 3077 rit,-si
394 3012 479 3064 est
494 3020 570 3064 ea:
581 3006 997 3065 (ecclesiastico
1009 3006 1314 3077 ordinem,
1325 3009 1670 3079 deponatur,
1682 3010 1738 3067 si
1753 3009 1858 3066 lai-

202 3111 329 3166 cus,
354 3096 917 3155 anathematizetur.
935 3097 1082 3154 Etsi
1094 3097 1233 3169 quis
1242 3110 1357 3167 per
1368 3097 1678 3155 creaturas
1678 3099 1716 3169 j
1721 3113 1856 3156 ura-

200 3182 458 3250 cerit'“,
476 3186 797 3241 accerrime
808 3185 1161 3257 castigetur,
1177 3186 1236 3241 et
1234 3187 1271 3256 j
1276 3184 1424 3241 apta
1438 3186 1504 3243 id
1513 3187 1672 3258 quod
1682 3201 1854 3258 syno-

203 3274 318 3330 dus
338 3272 1181 3344 dijudicaoeritsustineatm.
1209 3276 1271 3330 Et
1292 3274 1595 3330 Cornelius
1629 3290 1774 3346 papa
1797 3276 1852 3331 in

201 3361 409 3417 eodem
426 3381 438 3416 :
455 3362 615 3432 Hec,
634 3361 714 3416 ait
727 3364 867 3419 sunt
878 3361 947 3394 ³⁹⁶
956 3363 1290 3419 sanctorum
1296 3363 1535 3433 patrum
1548 3364 1857 3431 instituta;

1883 3052 1933 3114 C

1972 1770 2252 1840 promissa
2305 1769 2516 1837 omnia,
2552 1774 2755 1824 contra
2817 1784 2917 1825 eos
2965 1769 3060 1838 qui
3115 1769 3313 1823 dicunt
3346 1767 3617 1823 obedien-

1969 1858 2101 1913 dum
2120 1858 2377 1927 regibus,
2399 1858 2848 1928 imperatoribus
2868 1857 3189 1913 etdominis
3205 1857 3475 1911 omnibus
3491 1855 3614 1925 qui-

1973 1947 2078 2001 bus
2096 1945 2355 2013 juratum
2379 1952 2485 2004 est.
2523 1945 2807 2015 quidlibet
2831 1946 3024 2015 faciat,
3069 1944 3355 2015 quidlibet
3379 1945 3613 2014 jubeat;

1969 2040 2028 2091 ct
2062 2036 2168 2091 hoc
2201 2034 2271 2090 ad
2308 2034 2692 2106 patrocinium
2728 2035 2813 2090 sui
2850 2035 3070 2091 erroris
3100 2035 3422 2102 assumunt,
3459 2022 3613 2102 quod

1970 2125 2022 2179 in
2044 2124 2199 2179 Pclri
2235 2122 2482 2194 cpistola
2518 2123 2771 2194 positum
2796 2127 2887 2178 est
2921 2141 2931 2175 :
2964 2124 3162 2181 .S'erri.
3185 2121 3414 2178 subditi
3437 2120 3616 2178 estote

1968 2216 2031 2271 in
2055 2214 2213 2269 omni
2264 2213 2468 2267 tiri/(ore
2497 2211 2775 2279 dominis,
2808 2226 2922 2268 ποθι
2970 2211 3203 2267 tantum
3231 2210 3395 2266 bouis
3417 2210 3478 2266 et
3500 2225 3615 2265 mo-

1966 2303 2152 2359 destis
2173 2302 2278 2359 sed
2294 2302 2471 2356 etiam
2491 2300 2737 2356 discetis
2762 2301 2999 2361 (IPetr.
3028 2316 3086 2369 ll,
3118 2300 3223 2367 18).
3248 2300 3469 2364 Quibus
3491 2298 3614 2352 bre-

1969 2391 2106 2447 vitci
2152 2390 2588 2462 respondemus,
2625 2388 2775 2457 quod
2810 2394 2865 2441 et
2901 2404 3006 2443 nos
3034 2387 3451 2455 subjectioncm
3481 2402 3615 2440 con-

1968 2483 2262 2551 petentem
2296 2476 2537 2533 discolis
2569 2490 2678 2532 non
2705 2490 3005 2546 negamus,
3033 2476 3134 2531 sed
3162 2474 3380 2531 discola
3409 2473 3612 2544 juben-

1967 2571 2125 2625 tibus
2157 2584 2264 2639 ιιορ
2299 2566 2618 2623 obedimus.
2649 2565 2791 2636 (Fol.
2829 2565 2974 2635 ΗΟ.)
3009 2564 3173 2631 Quod
3227 2578 3365 2620 vero
3397 2563 3613 2620 dicitur

1966 2658 2201 2715 inomni
2224 2657 2450 2725 timore,
2473 2654 2634 2710 illum
2658 2654 3036 2723 intelligimus
3055 2652 3322 2709 timorem
3349 2652 3420 2708 de
3441 2651 3610 2721 cujus

1969 2759 2303 2818 possessore
2332 2743 2548 2799 dicitur
2587 2762 2605 2797 :
2658 2743 2771 2808 Qui
2802 2742 2972 2800 timet
3014 2743 3221 2811 Deum,
3233 2742 3439 2814 faciet
3465 2740 3613 2798 bona

1969 2833 2177 2905 (Eccli.
2216 2849 2303 2902 xv,
2342 2831 2433 2902 l);
2460 2836 2552 2887 et:
2597 2831 2824 2888 Beatus
2850 2831 2958 2903 qui
2990 2830 3161 2888 timet
3178 2832 3514 2899 Dominum,
3548 2831 3616 2887 in

1964 2920 2270 2979 mandatis
2284 2923 2415 2993 ejus
2426 2920 2593 2991 cupit
2609 2921 2792 2978 nimis
2813 2919 2998 2990 (Psat.
3017 2934 3129 2989 exn,
3150 2921 3198 2988 l)
3217 2937 3231 2986 ;
3251 2922 3307 2976 et
3328 2937 3339 2973 :
3358 2919 3615 2976 Initium

1964 3010 2276 3083 sapientia
2298 3010 2475 3068 timor
2511 3009 2750 3065 Domini
2771 3008 2959 3073 (Psal.
2994 3023 3046 3078 x,
3082 3007 3188 3078 10).
3217 3010 3285 3063 Ει
3312 3006 3525 3064 Paulus
3558 3007 3610 3063 in

1966 3099 2213 3172 epistola
2248 3099 2321 3154 ad
2352 3098 2537 3154 Titum
2568 3116 2579 3149 :
2622 3096 2884 3153 Admone
2915 3096 3124 3167 inquit,
3155 3095 3296 3153 illos
3320 3097 3613 3168 principi-

1968 3188 2072 3246 bus
2095 3190 2151 3245 et
2158 3187 2555 3260 potestatibus
2575 3184 2837 3243 subditos
2857 3197 2982 3243 esse
3008 3185 3066 3241 et
3082 3184 3319 3242 obedire
3338 3185 3421 3241 ad
3445 3199 3613 3241 omne

1965 3291 2108 3348 opus
2166 3276 2373 3335 bonum
2424 3276 2565 3344 (Tit.
2596 3290 2679 3344 ιη,
2716 3275 2788 3345 1).
2852 3275 3032 3341 Quem
3064 3273 3254 3330 locum
3314 3273 3611 3330 disserens

1971 3367 2174 3422 beatus
2193 3364 2562 3421 iheronimus
2588 3363 2669 3418 ita
2683 3362 2975 3419 conclusit
3002 3363 3103 3421 :S’i
3117 3362 3328 3419 bonum
3348 3362 3615 3434 estquod

200 3465 337 3523 que:
354 3450 413 3508 si
434 3451 573 3523 quis
612 3451 681 3507 in
700 3465 920 3508 varium
941 3451 1193 3509 duxerit
1229 3451 1323 3509 cel
1339 3452 1857 3523 ciotarepmsum-
1953 3452 2238 3525 praecipit
2254 3452 2576 3524 imperator
2589 3452 2886 3526 etprceses,
2902 3450 3175 3523 jubentis
3196 3450 3613 3522 obsequereoo-

195 3540 398 3611 pserit
429 3538 519 3607 "7,
558 3538 748 3597 hostis
770 3540 860 3597 est
885 3541 1103 3597 animae
1130 3553 1269 3611 sure,
1294 3542 1443 3610 quia
1464 3555 1627 3597 nemo
1649 3541 1858 3599 contra

186 3627 543 3702 prophetas,
566 3641 731 3684 nemo
750 3627 818 3661 ³⁸⁸
839 3628 1047 3685 contra
1086 3629 1433 3699 apostolum,
1460 3643 1622 3686 nemo
1649 3630 1858 3687 contra

198 3716 585 3788 evangelicum
582 3714 1074 3789 facitmatiquid
1082 3716 1305 3788 absque
1301 3717 1854 3788 periculo.Audi3nt

203 3806 392 3876 igitur
437 3804 687 3861 ministri
720 3808 778 3861 et
830 3804 1156 3876 provisores
1187 3805 1586 3861 zecclesiarum
1618 3806 1714 3877 qui
1748 3808 1857 3863 llo-

203 3907 393 3949 manze
422 3892 693 3949 ecclesiae
744 3892 1143 3964 przejudicium
1205 3894 1488 3963 fecerunt,
1524 3895 1661 3965 quid
1696 3894 1857 3951 Gela-

201 3982 329 4037 sius
361 3995 507 4053 papa
551 3981 810 4037 decernit
862 3982 931 4037 de
991 3981 1296 4053 privilegio
1336 3982 1749 4055 imperatorum
1796 3988 1856 4039 et

203 4069 464 4125 omnium
496 4074 713 4125 sanctae
739 4070 835 4125 Dei
878 4069 1160 4127 aecclesiae
1193 4072 1581 4127 sacerdotum.
1613 4094 1637 4119 α
1664 4072 1739 4141 Si,
1776 4072 1857 4126 in.

201 4158 354 4228 quit,
407 4158 726 4229 imperator
773 4157 1102 4215 catholicus
1164 4165 1276 4227 est,
1312 4158 1469 4216 salva
1500 4174 1641 4231 pace
1675 4159 1857 4231 ipsius

204 4244 477 4315 dixerim,
506 4244 662 4302 filius
690 4250 803 4316 est,
838 4260 948 4301 non
973 4247 1188 4318 [πωευί
1218 4246 1505 4303 ecclesia).
1533 4248 1716 4304 Habet
1742 4248 1854 4319 pri-

200 4333 420 4404 vilegia
446 4333 759 4405 potestatis
790 4349 910 4391 suae
933 4349 1060 4405 quae
1093 4335 1573 4391 administrandis
1606 4335 1855 4408 publicis

205 4424 390 4479 rebus
416 4422 698 4478 divinitus
730 4426 1128 4493 consequutus
1156 4431 1267 4495 est,
1307 4429 1365 4481 et
1396 4425 1523 4494 ejus
1554 4407 1853 4483 beneficiis
1883 4407 1935 4467 D

204 4526 322 4568 non
348 4511 617 4582 ingratus
637 4515 839 4567 contra
872 4512 1316 4584 dispositionem
1337 4512 1596 4570 caelestis
1629 4514 1853 4571 ordinis

207 4599 390 4656 nichil
411 4604 672 4671 usurpet.
702 4599 784 4655 Ad
810 4602 1152 4657 sacerdotes
1176 4601 1327 4657 enim
1352 4603 1504 4657 Deus
1520 4602 1700 4659 voluit
1726 4618 1853 4673 quze

194 4688 479 4745 ecclesia)
510 4688 871 4760 disponenda
907 4694 1040 4747 sunt
1074 4690 1390 4761 pertinere,
1418 4702 1527 4747 non
1571 4692 1641 4747 ad
1672 4692 1850 4748 seculi

206 4781 558 4849 potestates,
585 4792 752 4848 quas,
778 4777 824 4834 si
852 4777 1053 4835 fideles
1074 4782 1228 4849 sunt,
1246 4779 1508 4835 ecclesiae
1533 4796 1653 4837 sua)
1686 4785 1740 4836 et
1768 4795 1856 4837 sa-

203 4866 556 4923 eerdotibus
582 4880 713 4923 esse
744 4866 926 4923 voluit
961 4867 1271 4936 subjectus.
1311 4868 1428 4923 Non
1463 4868 1573 4924 sibi
1596 4868 1853 4927 vindicet

204 4955 534 5027 imperator
562 4954 945 5027 alienumjus,
980 4960 1039 5011 et
1073 4956 1458 5013 ministerium
1485 4957 1637 5028 quod
1686 4958 1855 5014 alteri

205 5044 557 5117 deputatum
579 5047 693 5114 est,
719 5058 789 5100 ne
810 5048 1013 5102 contra
1035 5058 1164 5101 eum
1189 5045 1436 5117 abrupte
1463 5046 1664 5102 tendat
1685 5063 1714 5102 a
1741 5063 1855 5119 quo

1967 3542 2213 3600 luntati.
2250 3543 2327 3599 Si
2363 3555 2497 3597 vero
2516 3542 2743 3598 malum
2769 3541 2859 3597 est
2886 3541 2947 3596 et
2971 3540 3177 3598 contra
3209 3541 3398 3596 Deum
3426 3540 3607 3611 sapit,

1963 3631 2248 3703 responde
2274 3629 2438 3687 illud
2458 3630 2529 3686 de
2556 3628 2801 3687 Actibus
2828 3630 3227 3700 apostolorum
3260 3648 3272 3682 :
3308 3649 3336 3679 «
3362 3627 3613 3686 Obedire

1966 3720 2191 3792 oportet
2206 3721 2325 3776 Deo
2353 3721 2552 3791 magis
2581 3733 2764 3790 quam
2790 3717 3129 3776 hominibus
3160 3717 3305 3789 (Act.
3343 3733 3396 3787 v,
3430 3721 3609 3787 29);»

1966 3816 2025 3865 et
2052 3823 2229 3879 super
2250 3805 2556 3878 epistolam
2580 3806 2652 3862 ad
2665 3806 2851 3862 Titum
2879 3824 2891 3862 :
2922 3807 3103 3864 Servi
3121 3805 3351 3863 subditi
3372 3805 3500 3863 sint
3516 3804 3611 3861 cto-

1964 3898 2148 3954 minis
2166 3898 2294 3954 suis
2314 3894 2381 3951 in
2401 3894 2668 3952 omnibus
2688 3907 2821 3966 quae
2840 3909 2955 3951 non
2973 3895 3117 3952 sunt
3134 3894 3444 3951 contraria
3474 3895 3609 3961 Deo,

1965 3985 2097 4041 utsi
2116 3984 2389 4041 dominus
2410 3996 2480 4041 ea
2481 3981 2657 4054 jubet
2667 3996 2799 4053 qua
2809 3996 2923 4039 non
2936 3982 3345 4039 suntaa’oersa
3358 3982 3609 4051 scriptu-

1966 4075 2053 4130 ris
2064 4072 2310 4142 sanctis,
2326 4070 2689 4142 subjiciatur
2710 4071 2944 4128 domino
2954 4083 3195 4137 servus;
3204 4071 3259 4126 si
3270 4070 3467 4125 autem
3484 4084 3588 4125 con
3606 4098 3614 4107 -

1968 4161 2165 4219 traria
2177 4160 2471 4231 praecipit,
2494 4159 2692 4229 magis
2704 4157 3205 4229 obediatspiritus
3215 4172 3397 4228 quam
3408 4157 3611 4214 carnis

1966 4250 2220 4307 domino.
2253 4247 2470 4304 ltemin
2493 4246 2691 4302 eadem
2726 4245 2967 4317 pulchre
2992 4245 3283 4317 imperans
3314 4245 3501 4301 servis
3529 4247 3609 4301 uti

1969 4338 2242 4395 obediant
2274 4336 2539 4405 dominis,
2575 4334 2801 4391 addidit
2852 4354 2863 4388 :
2910 4335 3216 4405 umquam
3258 4334 3517 4398 Christo.
3552 4337 3614 4390 ut

1969 4427 2195 4484 scilicet
2226 4440 2334 4482 non
2368 4424 2568 4481 audiat
2597 4438 2803 4479 servus
2841 4422 2911 4479 ad
2937 4422 3262 4479 naturalem
3294 4422 3610 4491 dominum,

1968 4518 2013 4574 si
2045 4516 2340 4574 contraria
2376 4513 2685 4587 prmeeptis
2708 4512 2930 4568 Domini
2953 4511 3206 4568 voluerit
3231 4512 3538 4583 imperare.

2040 4609 2153 4662 llec
2187 4604 2365 4674 igitur
2391 4608 2591 4659 contra
2611 4600 2743 4658 illos
2770 4602 2867 4672 qui
2893 4600 3366 4659 adversusDeum
3393 4600 3610 4657 tumide

1967 4694 2153 4750 insani
2184 4691 2500 4764 desipiunt,
2527 4690 2622 4761 qui
2654 4689 2933 4759 clavigeri
2964 4690 3203 4745 aetherei
3228 4688 3504 4744 vicarium
3532 4688 3612 4741 «li-

1967 4784 2185 4839 vinitus
2216 4782 2487 4851 electum,
2523 4780 2594 4836 ab
2627 4778 2778 4835 omni
2801 4777 3608 4848 christianitatesusceptum,
3632 4788 3663 4811 ο

1968 4871 2280 4928 sanctitate
2312 4867 2777 4925 conversationis
2800 4866 3197 4938 perspicuum,
3225 4863 3615 4920 diuturnitate

1966 4959 2248 5031 temporis
2276 4958 2705 5026 confirmatum,
2749 4956 2883 5027 quia
2908 4954 3076 5012 viciis
3106 4954 3229 5010 suis
3266 4952 3617 5009 concinnare

1971 5065 2079 5106 non
2104 5048 2324 5118 vident,
2351 5046 2624 5117 dejicere,
2651 5060 2757 5117 pro
2781 5044 2964 5116 pudor
2982 5046 2994 5099 !
3014 5042 3206 5100 conati
3232 5046 3388 5111 sunt,
3417 5041 3619 5113 paucis

1573 5180 1808 5237 VARl/E
1850 5180 2249 5238 LECTIONES.

271 5292 341 5326 ³⁸⁸
374 5293 657 5350 hactenus
706 5290 979 5347 deletum.
1058 5290 1127 5323 ³⁸⁸
1159 5290 1429 5348 fidelibus
1482 5292 1756 5351 deletum.
1838 5295 1905 5329 ³⁸⁸
1938 5295 2043 5353 sed
2095 5293 2366 5350 deletum.
2447 5289 2513 5322 ³⁸⁷
2560 5293 2812 5347 mentum
2860 5289 3132 5348 deletum.
3212 5288 3281 5321 ⁸⁸⁸
3327 5302 3355 5343 a
3401 5303 3620 5358 quoqu-

200 5365 420 5421 (teteta.
502 5362 573 5396 ³⁸⁸
605 5362 676 5418 de
707 5361 979 5418 deletum.
1058 5360 1128 5393 ³⁹⁰
1166 5362 1273 5429 Qui
1317 5364 1589 5420 deletum.
1669 5364 1933 5423 m-verit
1965 5366 2237 5423 deletum.
2317 5363 2385 5397 ³η
2416 5363 2594 5417 Deum
2646 5361 2906 5415 confess-
2926 5360 3137 5418 deleta.
3217 5359 3286 5393 “3
3330 5360 3622 5415 ord-(lete-

206 5432 939 5564 amicirztjetgtgéletum.
1021 5431 1090 5466 ³⁸⁸
1121 5433 1614 5491 aestio-deletum.
1694 5435 1764 5469 ³³⁸
1792 5438 1927 5496 Ηωο
1970 5438 2051 5494 ait
2080 5436 2293 5493 deleta.
2374 5431 2441 5467 ³⁰⁷
2477 5432 3029 5502 praesum-deletum.
3110 5429 3179 5463 ³³⁸
3212 5446 3338 5487 nem
3369 5430 3621 5487 deletum
