3950 6048
293 171 411 235 30"!

1240 176 1613 246 HUGONIS
1656 179 2012 245 ABBATIS
2056 149 2737 271 FLAVI'NIACENSIS

3587 182 3707 250 808

293 313 446 371 dicta
472 312 608 374 sint.
649 313 903 384 Quorum
954 318 1202 374 conatus
1247 316 1501 375 nefarios
1533 320 1589 375 et
1616 315 1787 389 impia
1820 331 1936 374 mo-
1964 315 2019 377 Α
2052 313 2216 373 riret.
2243 314 2441 373 Nescit
2469 314 2619 373 enim
2646 314 2916 390 impietas
2939 314 3085 374 mala
3111 332 3238 389 quae
3258 316 3547 389 fecit,nisi
3572 334 3705 378 cum

294 401 491 461 limina
521 404 650 477 ipsa
682 405 936 463 destruit
960 405 1257 477 divinitas,
1285 422 1411 479 qum
1444 406 1600 478 regis
1622 407 1829 479 Egypti
1861 407 1937 463 si-

293 493 490 564 gniﬁci
516 494 650 552 dum
677 495 895 552 virtute
920 496 1014 551 Dei
1044 501 1268 567 patrata
1292 497 1413 553 suis
1434 496 1671 553 fallatiis
1695 495 1935 553 moliun-

298 587 396 638 tur
424 583 764 653 obscurare,
816 583 949 640 dum
984 584 1039 640 in
1072 585 1305 654 angelos
1338 585 1485 642 lucis
1514 600 1575 641 se
1627 586 1939 656 transﬁgu-

299 677 448 741 rant,
475 671 608 730 dum
639 673 889 746 speciem
924 674 1162 747 pictatis
1196 674 1564 746 praetendunt
1591 680 1646 730 et
1672 675 1797 745 ejus
1826 674 1939 731 vir-

299 766 483 818 tutem
510 764 818 834 abnegant,
853 763 1113 835 corrupti
1147 768 1204 818 et
1237 764 1694 834 aphominabiles
1724 764 1856 820 facti
1882 764 1937 819 in

298 852 657 909 vanitatibus
679 853 817 922 suis,
840 854 1393 924 sepalerzmtpateas
1418 854 1507 911 est
1516 855 1730 925 guttur
1744 866 1941 910 eorum

296 953 581 997 venenum
602 941 879 1011 aspiciam
917 941 1025 1000 sub
1059 941 1242 999 labiis
1263 956 1462 1000 eorum
1493 944 1680 1011 (Rom.
1719 957 1798 999 ιιι.
1827 942 1935 1013 13).

302 1030 382 1086 Ad
416 1028 689 1086 nichilum
740 1030 1045 1085 devenient
1098 1035 1388 1102 tamquam
1422 1047 1567 1103 aqua
1603 1033 1937 1100 decurrens,

299 1134 331 1189 q
341 1135 372 1174 u
381 1118 430 1174 ia
445 1132 551 1175 aea
564 1119 841 1189 aspiaam
850 1120 1143 1189 ruperant
1151 1121 1209 1176 et
1219 1120 1369 1177 telas
1381 1135 1617 1177 aranea
1629 1120 1949 1177 tea-tierunt

299 1208 445 1278 (Isa.
475 1224 583 1275 LIX,
621 1209 695 1279 5),
733 1208 943 1279 quibus
967 1209 1171 1265 melius
1197 1210 1385 1266 fuerat
1411 1210 1794 1278 malignorum
1828 1210 1942 1280 spi-

300 1297 516 1353 rituum
548 1296 790 1353 consilia
825 1313 933 1353 non
963 1298 1224 1368 recipere
1256 1305 1356 1355 aut
1380 1298 1528 1354 intra
1560 1299 1823 1355 cordium
1850 1314 1944 1370 pe-

298 1385 542 1442 netralia
591 1390 870 1457 concepta
923 1387 1303 1457 abscondere,
1340 1402 1450 1458 quo
1486 1388 1808 1458 ﬁgurantur
1842 1402 1944 1459 per

298 1476 565 1547 aSpidum
596 1491 725 1545 ova,
752 1490 919 1545 quam
975 1492 1079 1546 pro
1105 1476 1273 1545 hujus
1313 1478 1507 1533 mundi
1531 1477 1945 1548 concupiscen-

300 1566 379 1621 tia
414 1565 756 1636 temporalia
792 1564 1051 1635 quelibet
1095 1567 1346 1636 operari,
1402 1583 1504 1623 nec
1535 1567 1644 1623 sibi
1678 1582 1782 1622 nec
1813 1565 1942 1621 aliis

2052 420 2158 477 pro
2190 404 2407 462 eisdem
2442 405 2608 462 malis
2639 407 2863 477 ceperit
2884 407 2998 477 jam
3024 407 3233 479 puniri.
3264 407 3475 465 Omnes
3496 410 3698 477 etiam,

2048 495 2143 565 qui
2171 493 2577 565 eijuraverant
2604 496 3185 565 veljuraturLerant,
3214 511 3242 552 a
3275 496 3507 554 vinculo
3532 499 3698 570 jura-

2049 584 2224 639 menti
2259 589 2395 641 sunt
2424 583 2680 641 absoluti
2706 584 2943 640 licentia
2974 592 3035 641 et
3064 585 3417 642 auctoritate
3461 591 3709 658 aposto-

2050 671 2177 729 liem
2228 672 2542 729 libertatis.
2594 676 2711 728 lloc
2740 689 2847 730 cur
2893 678 2950 728 et
2986 674 3238 745 qualiter
3284 679 3478 731 actum
3511 676 3589 732 sit
3625 679 3701 731 ab

2052 763 2397 834 apostolico,
2419 756 2982 834 Agncsimperatrix,
3019 764 3403 836 matcripsius
3419 766 3699 833 Heinrici,

2051 850 2408 922 interrogata
2462 853 2832 924 reSpondeat.
2893 855 2974 909 Ita
3036 853 3185 908 enim
3236 853 3375 909 dicit
3429 854 3703 911 scribens

2052 938 2362 996 Altmanno
2394 941 2724 997 Pataviensi
2754 942 3031 1013 episeopo
3066 962 3076 996 :

2126 1050 2153 1081 «
2186 1032 2376 1098 Agnes
2394 1030 2493 1085 Dei
2530 1031 2718 1099 gratia
2745 1030 3027 1101 quidquid
3049 1034 3159 1101 est,
3195 1031 3503 1088 Altmanno
3533 1033 3711 1089 Pata-

2055 1117 2233 1173 viensi
2259 1118 2535 1190 episcopo
2569 1119 2813 1174 salutem
2843 1122 2899 1175 ct
2933 1119 3291 1175 carissimam
3325 1120 3707 1178 dilectionem

2055 1206 2137 1261 Me
2170 1207 2449 1278 sospitem
2486 1209 2598 1263 Deo
2631 1207 2943 1277 adjuvante
2976 1209 3315 1279 paternitati
3340 1215 3455 1266 tute
3478 1210 3712 1267 innote-

2056 1300 2203 1365 scat,
2247 1296 2345 1352 sed
2382 1297 2631 1351 maximo
2673 1297 2892 1353 aﬁicior
2924 1313 3174 1367 merere,
3205 1300 3357 1369 quod
3392 1300 3710 1357 maximum

2054 1384 2225 1439 video
2267 1385 2548 1441 :ecclesiae
2590 1384 2888 1441 imminere
2922 1386 3262 1458 periculum,
3291 1387 3410 1444 ﬁlio
3451 1403 3579 1443 meo
3622 1390 3714 1444 ui-

2058 1473 2232 1528 mimn
2257 1474 2455 1528 verbis
2471 1472 2786 1529 stultorum
2828 1474 3089 1530 credulo.
3109 1476 3183 1530 Ea
3205 1490 3333 1544 quae
3351 1475 3518 1531 modo
3534 1482 3705 1546 gesta

2059 1565 2193 1617 sunt
2220 1563 2271 1617 in
2302 1564 2550 1618 Romana
2598 1563 2841 1631 synodo,
2888 1563 3157 1633 quoniam
3192 1568 3251 1620 ut
3287 1564 3391 1619 tibi
3422 1566 3711 1620 referrem

297 1656 630 1724 profutura,
657 1654 788 1724 quia
817 1654 975 1709 nulla
1021 1655 1344 1711 stabilitate
1379 1656 1635 1726 fundata,
1672 1656 1822 1726 quod
1849 1671 1945 1711 ex-
1972 1668 2030 1731 Β
2062 1652 2370 1721 mandasti,
2408 1652 2671 1711 referam.
2694 1651 3136 1721 Legatiﬁliimei
3171 1653 3327 1722 regis
3343 1660 3627 1709 venerunt
3649 1655 3710 1708 in

302 1743 572 1814 primitur
606 1757 715 1813 per
736 1758 1077 1799 aranearum
1128 1745 1295 1801 telas.
1326 1747 1535 1801 Verum
1561 1746 1691 1815 quia
1727 1746 1837 1801 sibi
1864 1745 1947 1800 ni-

308 1832 483 1888 mium
533 1831 778 1903 creduli,
814 1837 871 1887 et
904 1832 1327 1903 scripturarum
1360 1835 1811 1892 auctoritatibus
1871 1835 1951 1890 in-

298 1920 543 1991 creduli,
599 1923 863 1978 fecerunt
895 1924 1044 1993 quod
1080 1938 1191 1977 non
1243 1926 1574 1995 oportebat,
1636 1927 1828 1982 evenit
1860 1928 1945 1983 eis

302 2011 451 2080 quod
478 2011 742 2065 docebat.
774 2010 913 2065 Nam‘
937 2012 1233 2082 sequitur:
1266 2012 1378 2076 Qui
1401 2014 1799 2071 eomederitab
1820 2016 1947 2074 oris

299 2112 499 2154 eorum
526 2099 833 2167 mcrietm',
862 2100 993 2170 quia
1020 2100 1114 2169 qui
1139 2115 1338 2154 eorum
1364 2101 1607 2157 consilia
1632 2105 1942 2174 receperit,

299 2188 473 2242 vitam
502 2188 556 2243 in
604 2203 663 2242 se
712 2188 915 2243 animm
939 2189 1208 2257 extingit.
1245 2190 1327 2245 Et
1353 2191 1513 2262 quod
1531 2192 1828 2249 conditam
1861 2194 1952 2251 est

299 2276 565 2346 erumpet
590 2277 651 2331 in
672 2277 965 2345 regulam,
1001 2277 1132 2346 quia
1169 2292 1270 2349 per
1293 2284 1562 2349 suscepta
1596 2284 1655 2334 et
1688 2281 1942 2338 enutrita

300 2363 628 2435 iniquitatis
659 2364 896 2421 consilia
932 2365 985 2419 in
1018 2381 1234 2436 corpus
1265 2368 1595 2423 antichristi
1630 2370 1941 2441 adcrescit,

300 2453 396 2522 qui
425 2468 525 2525 per
548 2452 856 2510 consilium
883 2453 1262 2523 malignitatis
1285 2471 1483 2512 eorum
1514 2459 1691 2514 corde
1727 2464 1943 2515 tectum

298 2542 368 2597 ad
404 2542 627 2612 plenam
684 2542 1049 2612 iniquitatem
1085 2545 1401 2615 enutritur,
1447 2545 1507 2600 ie
1542 2547 1753 2616 quibus
1786 2554 1944 2605 recte

302 2630 608 2699 subjicitur
642 2650 652 2683 :
684 2631 881 2701 Capiet
902 2632 1179 2701 aspidem
1207 2635 1503 2689 sacer-unt
1541 2635 1672 2696 (Job
1703 2653 1791 2705 xx,
1836 2641 1939 2707 16),

303 2718 434 2788 quia
485 2718 755 2773 videlicet
792 2718 1042 2774 latentes
1090 2721 1492 2789 suggestiones
1539 2723 1943 2781 inmuudorum

303 2805 615 2876 spirituum
645 2821 816 2876 prava
844 2806 1005 2878 prius
1025 2810 1399 2878 persuasione
1416 2817 1817 2882 susceperunt,
1841 2815 1943 2869 sed

301 2894 519 2951 occidit
551 2910 652 2950 eos
695 2894 810 2964 jam
838 2894 1029 2965 lingua
1063 2897 1296 2967 viperae,
1326 2899 1455 2969 quia
1484 2900 1638 2971 capti
1664 2901 1775 2956 leni
1811 2905 1944 2958 sub-

2060 1740 2437 1809 synodum,et
2471 1755 2664 1795 coram
2688 1740 2954 1796 omnibus
2979 1741 3248 1797 dixerunt
3282 1742 3611 1813 apostolico
3635 1760 3714 1797 ex

2060 1834 2225 1899 parte
2244 1829 2343 1884 ﬁlii
2368 1829 2496 1898 mei,
2515 1833 2578 1885 ut
2605 1833 2868 1898 surgeret
2895 1835 2949 1885 et
2973 1829 3295 1886 dimitteret
3313 1831 3506 1885 sedem
3531 1846 3678 1902 apes
3696 1861 3713 1870 -

2056 1917 2491 1988 tolicam,quam
2509 1933 2615 1973 non
2632 1918 2910 1973 cononice
2926 1918 3028 1973 sed
3046 1917 3241 1989 rapina
3260 1918 3706 1988 adeptusesset.

2059 2006 2163 2072 Qui
2187 2007 2384 2062 statim
2411 2007 2733 2062 aRomanis
2750 2006 2904 2077 capti
2922 2012 3077 2062 sunt.
3095 2007 3711 2077 Similiterarcbiepis-

2056 2096 2204 2166 c0pi,
2238 2096 2607 2164 Moguntinus
2640 2110 2959 2166 omnesque
3007 2096 3262 2166 episcopi
3309 2094 3466 2150 illius
3490 2097 3710 2166 partis,

2059 2184 2344 2240 miserunt
2385 2200 2485 2255 per
2523 2185 2755 2240 eosdem
2799 2183 3022 2253 legatos
3057 2184 3307 2251 litteras,
3331 2199 3392 2238 se
3430 2185 3715 2256 deinceps

2058 2275 2272 2331 nullam
2292 2274 2682 2331 obedientiam
2703 2274 3029 2329 exihituros
3046 2273 3395 2345 apostolico;
3429 2274 3535 2329 hoc
3552 2273 3711 2330 idem

2058 2365 2564 2436 Langobardorum
2585 2364 2839 2434 episcopi
2862 2362 3262 2434 jurejurando
3283 2363 3702 2418 decreverunt.

2058 2458 2249 2524 Quare
2265 2454 2457 2509 domin
2470 2469 2535 2508 us
2553 2468 2617 2525 pa
2631 2468 2695 2523 pa
2713 2468 2911 2508 omnes
2925 2452 3019 2523 qui
3035 2457 3243 2523 sponte
3257 2456 3707 2519 consenserunt,

2058 2544 2245 2600 ofﬁcio
2290 2547 2346 2598 et
2389 2541 2793 2597 communione
2840 2541 3108 2612 privavit,
3149 2542 3350 2611 eisque
3375 2542 3467 2611 qui
3514 2541 3711 2597 coacti

2057 2648 2357 2689 assensum
2388 2632 2789 2702 przcbuerunt,
2818 2645 3004 2700 usque
3024 2630 3093 2684 ad
3114 2630 3487 2685 festivitatem
3513 2630 3708 2685 sancti

2060 2723 2212 2777 Petri
2239 2720 2503 2775 inducias
2524 2719 2704 2784 dedit;
2724 2718 2900 2774 ﬁlium
2915 2734 3055 2774 vero
3071 2733 3255 2775 meum
3274 2732 3465 2787 regem
3486 2718 3559 2773 ob
3578 2717 3709 2773 hmo

2055 2816 2109 2865 et
2137 2808 2803 2881 quiaexeonununieatis
2828 2807 3238 2876 communicat,
3262 2813 3320 2862 et
3344 2806 3475 2877 quia
3494 2804 3564 2861 de
3579 2819 3707 2860 sce-

2060 2901 2280 2956 leribus
2302 2899 2424 2954 suis
2446 2896 2823 2968 penitentiam
2851 2912 3022 2964 agerc
3046 2901 3300 2965 recusat,
3330 2896 3485 2965 regia
3520 2894 3714 2964 digni-

306 2984 568 3054 reptione
600 2982 941 3053 dmmonum,
976 3000 1196 3041 veneno
1245 2987 1513 3044 violenta)
1545 2990 1946 3061 temptationis
1977 3024 2026 3088 Ο
2063 2996 2178 3045 tate
2213 2987 2457 3060 privavit
2493 2989 2545 3040 et
2600 2985 2986 3040 anathematis
3038 2985 3233 3054 gladio
3269 2983 3559 3056 percussit
3590 2998 3716 3038 om-

302 3072 527 3129 euecati
557 3076 716 3143 sunt,
739 3076 796 3128 et
821 3073 958 3144 quid
991 3074 1177 3129 dicam
1224 3076 1446 3131 enecati
1492 3080 1659 3131 sunt?
1702 3080 1822 3133 Jam
1858 3094 1945 3134 se-

303 3162 469 3234 pulti,
498 3161 614 3232 jam
648 3162 797 3218 mole
822 3162 1247 3233 desperationis
1283 3168 1644 3237 premuntur,
1675 3167 1789 3235 jam
1818 3183 1944 3239 pes-

303 3249 463 3307 simae
484 3250 930 3307 consuetudinis
948 3256 1006 3306 et
1031 3256 1327 3308 consuetae
1343 3268 1451 3323 neq
1463 3254 1617 3311 uitia}
1642 3270 1841 3312 earum
1870 3259 1945 3313 fe-

305 3345 429 3394 tore
455 3338 657 3394 ﬁdeles
675 3343 1014 3407 gravantur,
1044 3340 1395 3409 quatridiani
1430 3343 1579 3397 enim
1605 3347 1940 3415 suut(Joan.

303 3442 377 3499 xr,
413 3430 521 3496 39).
547 3429 788 3483 Jamnon
809 3430 1031 3483 tantum
1057 3443 1311 3493 sorores,
1339 3430 1536 3485 afﬁnes
1558 3436 1613 3485 et
1652 3439 1943 3503 parentes,

303 3516 401 3572 sed
444 3520 503 3571 et
534 3521 718 3571 mater
749 3516 992 3571 ecclesia
1049 3532 1175 3585 quae
1207 3516 1309 3572 eos
1361 3519 1669 3588 parturivit
1705 3526 1760 3576 et
1798 3521 1948 3577 lacte

307 3603 435 3660 ﬁdei
470 3604 734 3661 imbuens
789 3604 1089 3672 enutrivit,
1154 3605 1370 3660 utinam
1428 3622 1535 3661 non
1572 3608 1641 3663 ad
1676 3610 1948 3678 pabulum

307 3690 454 3761 ignis
482 3692 706 3761 aeterni,
751 3692 992 3747 fetorem
1027 3708 1225 3748 eortun
1278 3695 1554 3750 sustinet.
1593 3698 1700 3753 Sed
1746 3705 1951 3768 potens

304 3784 393 3835 est
419 3780 635 3835 Christi
665 3780 904 3836 dextera
933 3783 992 3835 et
1022 3780 1126 3835 hos
1158 3783 1467 3852 suscitare,
1494 3789 1547 3837 et
1578 3785 1746 3841 ﬁdem
1781 3787 1833 3843 in
1867 3789 1952 3844 eis

310 3868 527 3924 ﬁrmam
554 3867 975 3938 redintegrare,
1004 3885 1131 3940 qua)
1154 3860 1345 3940 potest
1371 3872 1440 3927 dc
1466 3872 1757 3944 lapidibus
1776 3877 1955 3932 susci-

309 3963 432 4012 tare
458 3956 607 4014 ﬁlios
632 3957 896 4014 Abrahm.
933 3959 1073 4027 (Fol.
1124 3958 1282 4030 HO'.)
1308 3961 1558 4026 Quorum
1595 3962 1955 4034 dampnatio-

308 4061 434 4101 nem
459 4046 590 4117 quia
609 4051 793 4101 mater
816 4045 1078 4102 :ecclesia
1096 4048 1325 4103 visceru
1337 4064 1384 4102 m
1402 4065 1505 4105 sue
1517 4066 1578 4105 ru
1593 4067 1638 4106 m
1660 4055 1716 4106 to
1728 4052 1953 4109 rsioues

305 4138 360 4190 et
395 4133 777 4206 parricidales
803 4150 1005 4190 manus
1027 4135 1315 4205 quondam
1357 4137 1604 4193 filiorum
1644 4155 1753 4195 non
1780 4142 1955 4196 susti-

309 4236 449 4279 nens
489 4222 691 4293 gemit,
717 4223 1015 4279 videamus
1042 4224 1157 4293 jam
1193 4224 1329 4293 quid
1355 4226 1575 4281 amicus
1597 4229 1792 4297 Sponsi
1827 4245 1955 4298 cge-

312 4311 406 4379 rit,
443 4311 731 4381 quomodo
764 4312 836 4367 ab
866 4326 1068 4367 eorum
1128 4314 1531 4369 communione
1564 4320 1621 4369 et
1650 4317 1956 4374 societatis

2061 3092 2277 3147 nesquc
2338 3075 2434 3145 qui
2483 3073 2593 3128 sibi
2648 3072 2989 3141 juravL-rant
3039 3073 3370 3142 juramento
3429 3071 3709 3128 absolvit.

2062 3166 2278 3220 Valete.
2317 3184 2343 3215 »

2134 3254 2279 3317 (Fel.
2318 3252 2462 3319 ill.)
2499 3252 2643 3306 Ecce
2691 3250 3079 3305 testimonium
3107 3249 3310 3305 matris
3342 3250 3412 3305 de
3435 3264 3721 3321 prmsum-

2066 3340 2611 3413 ptione,rebellionc
2627 3344 2683 3394 et
2703 3339 3011 3409 iniquitate
3029 3338 3435 3409 ﬁlii,metusde
3449 3339 3722 3410 periculo

2063 3429 2331 3485 ecclesiae
2375 3427 2716 3497 imminenti,
2743 3427 3066 3483 confutatio
3095 3430 3150 3481 et
3195 3425 3724 3497 exprobratioillo-

2065 3534 2188 3574 rum
2205 3532 2450 3587 quorum
2484 3516 2744 3572 factiosis
2771 3517 2891 3571 haec
2926 3521 3059 3571 sunt
3100 3516 3422 3572 machinata
3439 3521 3493 3572 et
3510 3519 3725 3571 attem-

2068 3605 2534 3678 ptataeonsiliis;
2562 3605 2785 3676 quidad
2820 3605 3136 3674 lueedieta,
3172 3604 3310 3675 quid
3346 3605 3719 3675 responsuri,

2068 3695 2204 3766 quid
2219 3694 2504 3764 objeeturi
2523 3696 2656 3749 sunt
2672 3692 2975 3748 catholica:
2991 3692 3177 3764 partis
3193 3692 3548 3748 adversarii?
3564 3693 3721 3749 Ecce

2062 3784 2176 3854 jam
2195 3798 2387 3853 regem
2404 3798 2593 3849 suum,
2615 3797 2782 3852 quem
2799 3796 2974 3853 super
2991 3780 3359 3837 altitudinem
3376 3781 3609 3837 nubium
3626 3796 3725 3837 ex-

2070 3872 2297 3941 tollere,
2333 3872 2503 3925 immo
2554 3886 2721 3941 quem
2772 3877 2972 3925 eontra
3002 3870 3301 3925 Dominum
3333 3873 3390 3924 et
3424 3869 3721 3927 Christum

2070 3962 2369 4030 insurgere
2395 3960 2737 4029 docuerunt,
2766 3958 2880 4027 jam
2905 3974 3012 4013 non
3051 3973 3242 4028 regem
3270 3958 3371 4014 sed
3405 3963 3717 4029 tyranrum

2070 4051 2355 4106 affectata)
2388 4049 2664 4120 superbia
2690 4048 3006 4119 potestatis
3037 4053 3446 4118 susceperunt.
3470 4049 3538 4103 Ut
3564 4052 3719 4105 enim

2070 4138 2146 4192 ait
2165 4123 2443 4193 Ysidorus
2459 4136 2513 4191 in
2530 4136 2679 4192 libro
2697 4135 3479 4206 Sentcntiarum,rexarecte
3490 4136 3723 4207 agendo

2066 4225 2310 4282 vocatas
2332 4225 2433 4281 est.
2453 4223 2507 4277 Si
2533 4223 2644 4294 pie,
2662 4222 2819 4293 justc
2839 4229 2894 4277 et
2917 4222 3385 4279 misericorditer
3408 4223 3577 4293 regit,
3604 4238 3725 4279 me-

2072 4314 2183 4369 rito
2228 4328 2325 4367 rex
2359 4311 2690 4382 appellatur
2744 4311 2797 4365 Si
2827 4311 2915 4367 his
2940 4311 3200 4367 caruerit
3224 4325 3331 4366 non
3368 4326 3469 4366 rex
3501 4310 3602 4367 sed
3632 4316 3728 4382 ty-

312 4398 764 4469 participatione
796 4398 948 4454 ﬁlios
969 4400 1355 4469 prohibuerit,
1384 4407 1679 4472 postremo
1704 4406 1955 4474 qualiter
1988 4397 2037 4455 D
2072 4416 2286 4457 rannus
2317 4404 2428 4456 est.
2456 4401 2521 4455 Et
2549 4404 2610 4455 ut
2636 4400 2783 4455 idem
2811 4399 3015 4455 scribit
3040 4401 3093 4453 in
3132 4399 3282 4455 libro
3310 4398 3726 4468 Etbimologia-

311 4486 421 4541 nisi
453 4486 807 4557 resipuerint
831 4486 1025 4556 gladio
1048 4489 1435 4545 anathematis
1460 4491 1738 4548 ultionem
1767 4495 1954 4551 noxiis

314 4573 710 4630 intentaverit.
738 4574 819 4629 Ac
843 4574 1027 4646 primo
1051 4576 1280 4645 quidem
1301 4578 1560 4646 signiferi
1582 4580 1768 4651 ipsius
1793 4586 1847 4636 et
1876 4584 1958 4638 in-

310 4662 568 4719 centoris
603 4661 885 4719 malorum
929 4663 1245 4720 feriendam
1270 4666 1551 4736 judicavit
1584 4669 1867 4725 maliciam
1901 4676 1957 4726 et

260 4748 287 4763 "
312 4750 397 4807 sic
432 4751 487 4807 in
520 4764 739 4823 corpus
774 4750 1054 4808 malorum
1104 4754 1421 4809 acuendam
1472 4755 1651 4824 gladii
1688 4757 1870 4812 limati
1902 4763 1960 4813 et

310 4840 603 4911 evaginati
638 4855 915 4898 mucrone
947 4841 1283 4899 vindictam.

383 4928 690 5007 Heinricus
714 4929 913 5000 igitur,
938 4932 1103 5001 cujus
1131 4937 1375 4987 mentem
1403 4937 1605 5004 torpor
1632 4934 1961 5007 iniquitatis

311 4996 764 5087 constrinxerat,
790 5032 965 5074 causa
987 5018 1375 5075 dissensionis
1391 5025 1447 5075 et
1464 4996 1832 5079 seminari-um
1851 5040 1964 5080 ma-

304 5102 456 5171 jitiw
479 5108 539 5159 et
558 5105 853 5175 nequitiae,
872 5105 926 5162 in
951 5107 1203 5162 Romana
1229 5108 1451 5178 synodo
1478 5125 1581 5180 pro
1606 5111 1729 5167 suis
1756 5113 1962 5183 iniqui-

252 5234 263 5239 -
311 5188 538 5247 tatibus
551 5204 581 5246 a
599 5191 937 5249 beatissimo
954 5210 1097 5265 papa
1112 5196 1650 5254 excommunicatus
1666 5214 1794 5255 cum
1811 5215 1965 5255 eozn-

312 5276 565 5350 plicibus
596 5278 720 5334 suis
743 5282 917 5350 atque
943 5281 1269 5340 fautoribus
1291 5288 1349 5338 et
1375 5299 1404 5339 a
1421 5299 1599 5355 regno
1614 5290 1707 5341 est
1731 5287 1960 5357 deposi-

313 5370 408 5422 tus
441 5364 628 5436 (Febr.
654 5368 764 5437 22),
792 5372 850 5424 ut
877 5369 999 5425 sola
1027 5371 1258 5427 vexatio
1284 5371 1645 5429 intellectum
1672 5376 1836 5431 daret
1864 5392 1961 5431 au-

314 5453 481 5523 ditui,
505 5457 561 5510 et
589 5469 831 5524 quorum
865 5456 1068 5513 oculos
1112 5458 1279 5530 culpa
1307 5460 1621 5532 clauserat,
1653 5478 1793 5533 pena
1829 5479 1960 5534 ape-

2071 4506 2195 4545 rum
2221 4508 2231 4542 :
2257 4486 2511 4559 Ant/qui
2539 4500 2737 4543 omnes
2766 4500 2934 4558 reges
2965 4487 3252 4557 tyrannos
3272 4486 3592 4554 eoeabant;
3618 4486 3729 4543 sed

2059 4578 2269 4650 postea
2280 4578 2386 4647 pie
2397 4575 2565 4646 jaste
2581 4575 2641 4631 et
2660 4575 3033 4631 misericordi
3040 4575 3391 4645 terregendo
3408 4574 3732 4644 regisszmt

2069 4680 2275 4722 aetnaea
2294 4662 2514 4734 adepti.
2530 4663 2885 4735 Impiecero,
2902 4664 3128 4733 injuste
3148 4666 3207 4719 et
3226 4662 3730 4734 cv'adeliterprin-

2071 4753 2410 4826 eipantibas
2424 4768 2537 4809 non
2549 4754 2712 4823 regis
2730 4752 2835 4809 sed
2847 4753 3227 4823 tyrannieum
3243 4753 3515 4825 aptatum
3529 4753 3730 4809 estno-

2072 4858 2218 4899 men.
2247 4840 2703 4911 Rexigiturjure
2723 4845 2964 4896 vocatur
2989 4841 3083 4911 qui
3110 4844 3226 4896 tam
3248 4857 3310 4898 se
3335 4841 3525 4913 ipsum
3553 4856 3726 4910 quam

2073 4938 2129 4988 et
2157 4931 2282 5002 subj
2304 4935 2451 4986 .ctos
2468 4931 2611 4985 bene
2632 4944 2835 4999 regere
2856 4930 3013 4985 novit
3034 4935 3088 4983 et
3112 4930 3364 4999 regendo
3390 4930 3726 5001 paciﬁcare,

2076 5022 2168 5093 qui
2196 5021 2417 5078 cultum
2432 5018 2606 5089 regia?
2623 5018 2925 5088 dignitatis
2940 5025 3156 5075 sanetae
3179 5018 3412 5089 subjicit
3431 5018 3727 5089 religioni,

2075 5113 2169 5183 qui
2197 5110 2378 5181 magis
2403 5110 2457 5164 in
2484 5108 2689 5164 timore
2716 5107 2937 5163 servire
2961 5108 3203 5163 Domino
3222 5123 3392 5179 quam
3418 5108 3471 5163 in
3497 5112 3731 5164 tumore

2076 5200 2407 5256 delectatur
2434 5195 2720 5252 dominari
2748 5196 2980 5268 populo,
3018 5196 3071 5251 in
3108 5211 3221 5266 quo
3254 5195 3466 5251 lenitas
3498 5196 3734 5251 iracun-

2075 5289 2225 5345 diam
2250 5286 2498 5356 mitigat,
2527 5289 2873 5355 potcstatem
2896 5284 3223 5355 benignitas
3246 5286 3434 5355 ornat,
3461 5282 3555 5354 qui
3579 5285 3694 5340 sub

2066 5375 2242 5445 jectis
2271 5373 2553 5432 salutaria
2585 5372 2876 5444 praecipit,
2912 5372 3007 5428 oui
3040 5388 3103 5428 se
3134 5372 3320 5443 magis
3362 5371 3725 5442 diligendum

2072 5479 2241 5535 quam
2275 5461 2641 5520 metuendam
2673 5460 2854 5532 cupit,
2889 5460 2985 5530 qui
3019 5460 3102 5516 sic
3138 5459 3424 5532 justitiam
3468 5464 3628 5516 tenet
3659 5465 3726 5516 ut
