3960 6052
243 180 364 253 309

1512 181 2010 249 CHRONICON.
2046 220 2121 233 -
2152 184 2306 250 LIB.
2339 188 2413 250 Il.

3528 188 3647 254 310

242 313 707 371 misericordiam
741 330 855 372 non
888 316 1198 389 relinquat,
1236 316 1331 388 qui
1365 332 1427 375 se
1463 334 1580 390 prre
1617 320 1887 377 omnibus
1915 319 1972 382 A
2000 321 2773 394 comburipotest,mundari
2802 338 2911 381 non
2929 326 3305 397 potest;quia
3324 325 3645 385 aurolocus

240 403 320 459 ita
348 409 569 461 sanctae
591 403 1175 463 eeclesizecatholicae
1192 407 1391 472 filium,
1409 409 1665 464 meminit
1684 411 1886 480 utejus

241 492 370 561 paci
403 496 580 563 atque
610 493 1029 563 tranquillitati
1074 510 1177 566 per
1224 496 1558 554 universum
1611 499 1885 554 mundum

237 594 411 636 suum
446 580 723 651 prodesse
755 582 925 638 faciat
962 583 1372 655 principatum.
1408 586 1706 651 Quomodo
1729 588 1883 643 enim

238 683 413 738 reges
442 669 701 725 serviunt
738 671 977 726 Domino
1008 673 1063 728 in
1096 673 1326 743 timore,
1360 674 1466 731 nisi
1497 690 1562 731 ea
1597 691 1724 746 quae
1755 690 1888 733 con-

235 766 331 814 tra
369 757 590 814 Domini
616 758 781 829 jussa
809 760 1021 817 fuerint
1047 762 1319 833 religiosa
1347 765 1665 820 severitate
1694 766 1888 836 prohi-

235 846 435 903 bendo
466 852 641 918 atque
670 849 980 920 plectendo
1001 851 1024 904 ?
1046 850 1232 907 Aliter
1262 852 1591 920 enimjuxta
1616 854 1888 923 Augusti-

236 949 377 991 num
408 936 591 992 servit
625 937 758 1007 quia
787 938 959 994 homo
989 945 1100 1007 est,
1133 940 1458 1011 aliterquia
1480 957 1581 997 rex
1604 947 1711 998 est.
1742 942 1886 1008 Quia

237 1024 414 1080 homo
434 1027 542 1094 est,
565 1026 746 1082 servit
771 1025 1019 1084 vivendo
1044 1028 1295 1085 ﬁdeliter
1321 1048 1332 1086 :
1359 1030 1492 1100 quia
1520 1045 1621 1085 rex
1640 1034 1752 1099 est,
1772 1046 1890 1087 ser-

236 1112 503 1183 vitleges
519 1113 675 1183 justa
701 1116 1179 1186 praicipieuteset
1198 1120 1490 1175 contraria
1510 1119 1889 1190 prohibentes

237 1202 615 1258 convenienti
647 1203 830 1273 vigori
863 1206 1192 1261 sanciendo.
1233 1210 1440 1264 Omnes
1472 1211 1629 1265 enim.
1658 1222 1772 1277 res,
1807 1210 1884 1263 ait

240 1291 354 1343 Leo
383 1305 524 1361 papa
547 1292 811 1347 scribens
837 1293 1157 1350 Pulcheriaa
1182 1302 1583 1368 angustiecap.
1609 1304 1689 1367 10,
1707 1298 1890 1354 aliter

235 1379 385 1436 tutae
395 1393 519 1437 esse
528 1394 645 1437 non
644 1385 915 1452 possunt,
923 1383 1045 1441 nisi
1059 1399 1093 1454 ᾳ
1104 1398 1191 1440 me
1202 1385 1285 1441 ad
1296 1386 1391 1441 (lic
1402 1387 1421 1441 i
1427 1401 1563 1442 nam
1575 1388 1830 1459 confessi
1834 1403 1888 1443 o-

232 1482 371 1524 nem
388 1469 708 1539 pertinent,
732 1472 789 1526 et
811 1473 985 1543 regia
1003 1472 1284 1543 potestas,
1307 1476 1365 1530 et
1382 1476 1690 1532 sacerdota
1701 1477 1777 1533 lis
1795 1476 1889 1531 de-

218 1557 816 1628 fcmlatauctoritas.
841 1560 895 1614 Si
920 1560 1098 1630 igitur
1121 1562 1441 1634 imperator
1465 1570 1561 1619 aut
1588 1565 1884 1633 cognoscit

236 1660 299 1700 se
323 1660 493 1701 ovem
516 1660 648 1703 esse
670 1649 867 1718 gregis
889 1648 1165 1706 dominici
1194 1669 1206 1715 ;
1230 1652 1277 1707 si
1305 1652 1455 1707 inter
1485 1668 1645 1708 sacra
1680 1653 1884 1709 altaris
1912 1683 1968 1745 Β

237 1750 371 1790 cum
397 1735 773 1792 veneratione
790 1755 853 1792 se
868 1738 1104 1808 subjicit
1128 1741 1392 1796 manibus
1415 1741 1787 1797 sacerdotum
1807 1760 1819 1805 ;
1836 1742 1881 1797 si

236 1824 428 1881 beata:
450 1824 738 1880 trinitatis
756 1826 978 1883 cultum
994 1829 1104 1884 ﬁde
1120 1830 1350 1899 quidem
1368 1846 1469 1887 sua
1492 1831 1592 1886 sed
1611 1831 1885 1887 sacerdos

237 1912 657 1983 przedicatione
674 1917 964 1983 servat;si
984 1934 1093 1972 non
1119 1922 1231 1972 tam
1256 1919 1537 1974 dominari
1563 1934 1624 1975 se
1651 1919 1881 1989 mundo,

234 2015 411 2071 quam
436 2000 720 2058 dominari
747 2004 855 2059 sibi
883 2005 1172 2061 Christum
1196 2007 1514 2075 gloriatur;
1542 2009 1587 2063 si
1617 2009 1885 2065 memine-

234 2088 313 2143 rit
348 2103 379 2143 a
415 2103 530 2159 quo
560 2091 748 2147 factus
777 2097 889 2161 est,
916 2098 970 2147 ct
998 2110 1110 2163 quo
1145 2094 1444 2165 invitatur,
1473 2103 1752 2166 quantum
1775 2098 1884 2152 sibi

236 2177 574 2248 praestitum
598 2179 694 2249 sit,
722 2184 778 2234 et
805 2182 1004 2251 quanti
1033 2183 1296 2239 beneﬁcii
1316 2186 1814 2251 Deodebitorest;
1837 2186 1883 2240 si

234 2266 584 2323 misericors
608 2269 820 2323 terrori
844 2272 1371 2335 mausuetud'nem,
1398 2274 1442 2328 si
1476 2278 1759 2343 temperat
1786 2290 1885 2345 spe

236 2355 456 2421 minas;
482 2355 533 2412 si
552 2370 784 2413 sursum
811 2372 1040 2429 semper
1066 2359 1306 2431 respicit
1326 2378 1340 2428 ;
1363 2362 1410 2417 si
1430 2363 1545 2416 Deo
1568 2362 1889 2418 misericor-

233 2443 391 2499 diam
405 2444 805 2514 generat;dieo
819 2462 947 2502 cum
961 2448 1218 2502 Iohanne
1233 2449 1450 2505 Crisost
1465 2450 1633 2505 homo
1657 2450 1886 2506 Christo

233 2537 583 2603 conregnat,
610 2534 782 2591 immo
805 2534 858 2590 in
894 2536 1107 2591 Christi
1131 2552 1309 2607 regno
1334 2553 1461 2607 quia
1485 2543 1617 2594 sunt
1640 2539 1885 2594 humana

233 2620 563 2692 dispensat.
582 2622 796 2693 Regale
810 2637 951 2693 ergo
969 2629 1061 2680 est
1078 2625 1461 2681 ministerium
1488 2627 1584 2682 Dei
1612 2626 1887 2697 pOpulum

238 2709 573 2777 gubernare
596 2714 653 2765 et
675 2710 728 2766 in
746 2710 972 2781 justitia
998 2719 1053 2767 et
1075 2712 1336 2783 equitate
1361 2728 1595 2783 regere;
1622 2714 1889 2770 defenso-

237 2811 363 2852 rem
389 2812 525 2854 esse
547 2799 953 2867 ecclesiarum,
971 2805 1222 2858 tutorem
1250 2803 1890 2874 pupillorumetvidua-

237 2900 390 2957 rum,
407 2886 663 2944 liberare
684 2904 997 2961 pauperem
1018 2906 1047 2946 a
1072 2896 1310 2961 potente
1329 2895 1383 2947 et
1412 2892 1747 2963 inopemeui
1775 2907 1886 2948 non

235 2979 333 3029 est
349 2974 586 3046 adjutor
603 2995 617 3044 ;
632 2981 836 3033 etcum
854 2979 1024 3034 beato
1041 2980 1150 3035 Job
1172 2980 1358 3035 molas
1381 2979 1559 3050 iniqui
1579 2984 1887 3036 conterere

236 3068 300 3119 et
332 3039 688 3121 dedentibus
718 3066 877 3124 illius
912 3069 1164 3139 praedam
1198 3070 1429 3125 auferre
1456 3039 1725 3141 {patrem
1758 3083 1887 3125 esse
1920 3039 1968 3101 Ο

240 3168 584 3225 pauperum,
609 3155 841 3212 oculum
872 3172 1160 3213 czecorum
1192 3162 1247 3213 et
1285 3158 1488 3230 pedem
1520 3158 1884 3214 claudorum.

235 3241 356 3297 Hec
389 3241 486 3312 qui
521 3243 747 3313 fecerit,
782 3244 943 3300 auris
976 3244 1220 3301 audiens
1254 3245 1617 3301 beatiﬁcabit
1646 3260 1800 3316 eum,
1828 3249 1886 3300 et

238 3329 297 3385 in
329 3344 403 3385 eo
431 3331 837 3389 consolabitur
866 3348 968 3388 cor
999 3334 1208 3390 viduae.

314 3421 538 3477 Invenit
572 3422 768 3493 itaque
798 3424 1084 3494 tyrannus
1117 3422 1209 3477 hic
1260 3422 1481 3478 foveam
1517 3421 1884 3492 dejectionis,

238 3511 377 3568 dum
411 3525 475 3567 se
510 3510 641 3582 plus
672 3525 823 3581 equo
857 3510 921 3581 [i.
956 3524 1001 3566 θ.
1039 3510 1227 3583 aequo]
1272 3509 1513 3567 sustulit
1548 3511 1603 3566 in
1637 3510 1888 3567 culmine

238 3599 592 3673 pompaticaa
625 3599 958 3671 potestatis.
995 3600 1131 3655 Nam
1184 3604 1246 3655 ut
1295 3599 1374 3654 ait
1415 3599 1757 3655 mitissimus
1791 3598 1889 3654 do-

236 3694 373 3746 ctor
405 3688 722 3759 Gregorius
759 3708 771 3742 :
803 3689 1103 3760 Apostata
1124 3687 1328 3758 angelo
1358 3687 1582 3744 similis
1613 3688 1884 3759 eiicitur,

237 3779 384 3835 dum
395 3778 565 3835 nomo
576 3777 803 3835 homini
814 3790 938 3834 esse
948 3776 1174 3835 similis
1188 3776 1561 3846 dedignatur.
1572 3778 1768 3847 Neque
1781 3777 1888 3833 hoc

240 3867 515 3924 dicentes
548 3867 949 3939 impugnamus
983 3866 1200 3936 regiam
1235 3865 1573 3937 potentiam,
1600 3881 1727 3936 quae
1767 3866 1890 3936 qui-

241 3957 376 4013 dem
398 3955 603 4011 ordine
621 3970 727 4012 suo
751 3956 898 4010 bona
917 3960 1030 4024 est,
1052 3954 1154 4010 sed
1187 3959 1357 4009 cauta
1383 3954 1643 4023 regentis
1668 3952 1887 4022 indiget

240 4044 385 4101 vita.
406 4047 561 4101 Bona
576 4049 691 4115 est,
708 4045 751 4100 si
781 4044 927 4100 sciat
952 4044 1083 4114 quis
1107 4058 1338 4099 sumere
1362 4058 1433 4097 ex
1458 4042 1554 4097 illa
1572 4043 1721 4112 quod
1739 4041 1893 4112 adju-

240 4138 363 4205 vat,
380 4146 720 4204 expugnare
735 4131 889 4203 quod
911 4135 1177 4203 temptat.
1197 4131 1637 4201 Semperautem
1653 4133 1739 4186 est
1757 4129 1892 4185 ami-

241 4236 314 4277 ca
330 4222 610 4293 potestati
626 4221 987 4292 impatientia
1003 4220 1123 4276 etei
1141 4219 1288 4275 male
1303 4220 1587 4290 subjectm
1601 4219 1774 4274 etiam
1794 4219 1893 4273 im-

244 4310 581 4382 perat,quia
608 4310 761 4381 quod
792 4310 915 4379 ipsa
945 4309 1146 4379 sentit,
1171 4313 1434 4381 potestas
1461 4308 1789 4378 exequitur.
1823 4308 1890 4363 Et

2000 415 2089 466 est
2104 411 2154 466 in
2172 426 2284 482 quo
2298 412 2642 483 conﬂatur,a
2661 428 2774 483 quo
2790 413 3056 484 quisquis
3072 416 3401 485 recesserit,
3418 418 3530 474 etsi
3559 418 3643 475 lu-

1998 506 2358 568 ceat,aurum
2390 506 2581 557 tamen
2621 517 2747 559 esse
2780 502 2972 573 desiit,
2990 517 3095 559 nec
3114 503 3386 562 clarescit
3421 506 3645 579 fulgore

2000 589 2593 662 pulchritudinis,nisi
2612 592 3119 662 redintegratuset
3135 594 3544 667 incorporatus
3556 613 3647 655 ec-

1999 678 2212 747 clesite,
2225 679 2315 736 hic
2332 679 2493 751 prius
2509 681 2720 736 arserit
2739 681 2793 737 in
2809 682 3035 739 ofﬁcina
3052 682 3445 754 caritatis,sed
3462 685 3647 744 noluit
3714 728 3719 733 -

1998 768 2273 823 Dominus
2287 782 2462 839 opera
2480 768 2550 823 im
2562 769 2806 840 piorum,
2833 774 2889 826 et
2916 770 3135 827 idcirco
3163 771 3386 829 inducit
3416 777 3644 831 noctem

1998 860 2452 912 etcontereutnr
2486 856 2818 929 (Jobxxxiv,
2844 858 2957 931 25).
2982 861 3043 915 In
3076 864 3245 916 nocte
3277 860 3429 917 enim
3463 862 3643 933 iniqui

1996 948 2402 1015 conteruntur,
2421 960 2549 1002 cum
2572 950 2944 1017 peccatorum
2973 948 3425 1019 praecedentium
3449 952 3646 1008 confu-

1999 1033 2161 1089 sione
2177 1034 2582 1105 dampnantur.
2595 1036 2756 1100 Quod
2774 1050 3068 1107 exponens
3083 1038 3289 1095 beatus
3308 1040 3639 1110 Gregorius:

2004 1144 2029 1169 ‹‹
2062 1123 2260 1191 Omne,
2280 1124 2377 1193 ait,
2401 1129 2703 1194 peccatum
2729 1125 2882 1194 quod
2906 1128 3097 1185 tamen
3122 1127 3307 1183 cicius
3327 1128 3641 1200 penitendo

2000 1228 2108 1266 non
2131 1212 2401 1281 tergitur,
2431 1218 2523 1268 aut
2553 1218 2856 1283 peccatum
2877 1218 2966 1269 est
2987 1219 3047 1270 et
3068 1230 3241 1272 causa
3267 1218 3513 1288 peccati,
3542 1223 3644 1274 aut

1999 1304 2300 1370 peccatum
2327 1305 2383 1355 et
2414 1316 2554 1371 pena
2592 1302 2831 1372 peccati.
2860 1304 3167 1361 Peccatum
3192 1305 3342 1360 enim
3368 1305 3521 1376 quod
3548 1321 3642 1377 pe-

2000 1388 2239 1445 nitentia
2292 1404 2401 1444 non
2437 1389 2627 1453 diluit,
2666 1389 2791 1460 ipso
2820 1405 2923 1445 suo
2958 1392 3212 1461 pondere
3237 1408 3367 1448 mox
3391 1394 3461 1449 ad
3484 1392 3639 1450 aliud

2000 1481 2298 1545 peccatum
2337 1477 2532 1532 trahit.
2571 1478 2730 1533 Unde
2764 1479 2828 1533 lit
2858 1482 2917 1533 ut
2954 1494 3064 1534 non
3110 1480 3295 1535 solum
3338 1483 3638 1552 peccatum

1999 1564 2098 1634 sit,
2121 1565 2221 1619 sed
2254 1570 2315 1620 et
2352 1573 2653 1637 peccatum
2677 1572 2737 1621 et
2769 1582 2945 1622 causa
2981 1569 3223 1638 peccati.
3256 1571 3337 1624 Ex
3359 1569 3459 1625 illo
3489 1570 3637 1626 enim

1997 1653 2149 1709 vicio
2178 1654 2349 1725 culpa
2381 1656 2747 1725 subsequens
2774 1655 2981 1725 oritur,
3014 1670 3087 1711 ex
3119 1672 3232 1726 quo
3285 1672 3446 1713 mens
3489 1674 3640 1716 caeca

1998 1742 2253 1811 ducitur,
2275 1746 2335 1798 ut
2361 1744 2527 1813 pejus
2547 1758 2616 1797 ex
2641 1742 2748 1799 alia
2776 1743 3006 1813 ligetur.
3028 1745 3133 1800 Sed
3162 1751 3461 1816 peccatum
3486 1748 3636 1818 quod

1997 1846 2068 1886 ex
2101 1836 2339 1902 peccato
2370 1832 2582 1901 oritur,
2610 1847 2720 1886 non
2742 1832 2858 1900 jam
2886 1837 3187 1904 peccatum
3214 1836 3635 1898 tantummodo.

1999 1920 2097 1975 sed
2135 1926 2433 1991 peccatum
2462 1923 2551 1975 est
2574 1924 2630 1975 et
2654 1935 2796 1992 pena
2824 1922 3072 1993 peccati,
3096 1923 3226 1992 quia
3247 1922 3640 1995 justojudicio

1997 2008 2366 2080 omnipotens
2398 2011 2549 2064 Dens
2579 2024 2680 2063 cor
2713 2010 3010 2079 peccantis
3042 2011 3368 2080 obnubilat,
3400 2016 3464 2067 ut
3496 2028 3640 2083 prae-

1996 2095 2259 2152 cedentis
2282 2097 2506 2167 peccati
2535 2096 2739 2152 merito
2757 2098 2931 2152 etiam
2951 2097 3007 2153 in
3022 2097 3358 2156 aliiscadat.
3381 2100 3544 2166 Quod
3562 2100 3639 2155 vi-

1997 2183 2213 2239 delicet
2242 2185 2436 2253 agitur
2468 2185 2741 2256 superius
2776 2184 3161 2256 dispositione
3184 2187 3470 2255 ordinata,
3498 2188 3639 2243 infe-

1998 2273 2120 2327 rius
2148 2273 2455 2342 iniquitate
2478 2274 2736 2339 confusa,
2756 2277 2817 2328 ut
2832 2273 2999 2343 culpa
3018 2275 3360 2344 praecedens
3374 2277 3448 2331 sit
3464 2291 3528 2332 ca
3539 2291 3638 2333 usa

1997 2361 2430 2431 subsequentis,
2456 2367 2515 2415 et
2540 2377 2768 2415 rursum
2804 2362 2974 2433 culpa
3004 2363 3370 2433 subsequens
3395 2364 3472 2418 sit
3494 2379 3636 2435 pena

1998 2450 2403 2521 praecedentis.
2439 2471 2464 2498 ι)
2504 2449 2668 2516 Quod
2698 2454 2888 2505 totum
2922 2449 2976 2505 in
3011 2448 3119 2507 hoc
3164 2450 3492 2520 iniquorum
3523 2466 3641 2507 om-

1998 2538 2153 2593 nium
2178 2538 2389 2609 capitis
2414 2539 2675 2594 membro
2692 2544 2749 2594 et
2775 2538 3160 2610 complicibus
3182 2539 3310 2609 ejus
3332 2540 3640 2598 advertere

1994 2640 2328 2697 possumus,
2364 2626 2460 2698 qui
2494 2626 2626 2698 quia
2660 2629 3309 2699 cognoscentesDeum,
3338 2632 3638 2700 peccatum

1998 2715 2290 2785 superbiae
2316 2714 2699 2785 intelligendo
2723 2714 3162 2785 commiserunt,
3188 2717 3390 2773 caecati
3417 2723 3551 2774 sunt
3571 2733 3639 2774 ne

1999 2803 2326 2874 intelligant
2375 2806 2524 2875 quod
2559 2805 2973 2871 committunt;
3006 2805 3207 2861 traditi
3242 2806 3295 2860 in
3330 2807 3638 2878 reprobum

1998 2907 2253 2962 sensum,
2275 2896 2337 2948 ut
2363 2897 2569 2963 putent
2601 2909 2661 2949 se
2694 2907 2864 2965 posse
2889 2892 3101 2949 divinae
3123 2894 3637 2966 auctoritatisjura

1998 2980 2351 3050 convellere,
2381 2981 2628 3037 traditas
2648 2983 2720 3037 ab
2753 2982 2880 3052 ipso
2911 2981 3152 3038 Domino
3181 2982 3512 3040 sanctiones
3546 2985 3643 3041 de-

1999 3072 2254 3137 struere,
2282 3068 2539 3124 inaudita
2577 3084 2604 3123 a
2639 3068 2872 3125 saeculis
2894 3068 2978 3124 uti
3002 3070 3476 3141 praesumptione,
3502 3071 3642 3127 divi-

1998 3173 2132 3214 num
2165 3156 2307 3213 illud
2339 3156 2617 3228 quidquid
2667 3162 2755 3213 est
2808 3160 3235 3213 sacramentum
3270 3159 3639 3231 prophanare

1997 3248 2341 3302 subvertere
2354 3249 2411 3302 et
2427 3245 2696 3315 dejicere.
2718 3247 2775 3301 In
2796 3246 3009 3317 quibus
3023 3245 3287 3317 profecto
3302 3246 3410 3303 hoc
3434 3247 3635 3317 igitur,

1999 3338 2057 3391 ut
2082 3333 2272 3405 culpis
2291 3333 2461 3405 culpa
2480 3333 2744 3405 feriatur,
2762 3334 3037 3405 quatinus
3050 3334 3335 3406 supplicia
3355 3334 3492 3391 flant
3509 3350 3641 3407 pec-

1997 3423 2272 3489 cantium,
2290 3422 2411 3495 ipsa
2438 3423 2790 3479 incrementa
2824 3422 3125 3478 viciorum.
3145 3422 3284 3479 Hinc
3308 3424 3380 3480 de
3400 3424 3639 3481 Domino

1998 3526 2099 3582 per
2146 3511 2502 3582 psalmistam
2545 3510 2792 3568 dicitur:
2818 3511 3225 3569 Immissiones
3242 3526 3357 3584 per
3396 3513 3641 3584 angelos

1996 3600 2199 3669 malos,
2224 3599 2387 3657 ciam
2391 3599 2556 3671 fecit
2570 3599 2794 3657 semita
2812 3601 2922 3657 ira
2939 3612 3061 3657 sua
3085 3600 3270 3670 (Psal.
3300 3616 3504 3670 Lxxvu,
3527 3603 3640 3671 49))

2000 3688 2183 3744 Corda
2215 3688 2367 3743 enim
2397 3702 2593 3744 eorum
2622 3687 2917 3759 prioribus
2940 3688 3166 3744 meritis
3195 3688 3532 3760 adgravata,
3554 3690 3642 3762 ju-

2000 3782 2091 3834 ste
2125 3776 2406 3849 permissa
2443 3780 2580 3833 sunt
2604 3776 3100 3847 subsequentibus
3122 3777 3504 3847 malignorum
3530 3779 3643 3849 spi-

1999 3867 2214 3922 rituum
2265 3865 2745 3938 persuasionibus
2796 3864 2935 3935 falli,
2972 3880 3100 3936 quae
3161 3867 3293 3922 dum
3352 3866 3524 3935 digne
3585 3866 3639 3921 in

2000 3954 2227 4025 culpam
2277 3955 2609 4025 trahuntur,
2645 3957 2843 4010 reatus
2890 3967 3088 4009 earum
3143 3955 3195 4008 in
3252 3969 3393 4025 pena
3442 3970 3640 4012 cumu-

2000 4043 2171 4099 latur.

2072 4130 2213 4202 (Fol.
2255 4130 2397 4199 ne.)
2426 4130 2705 4201 Separato
2727 4142 2868 4199 ergo
2890 4128 3158 4184 Heinrico
3182 4142 3209 4182 a
3235 4129 3639 4186 communione

2002 4219 2265 4291 corporis
2296 4216 2561 4274 ecclesiae
2591 4220 2647 4271 et
2682 4217 2839 4286 regia
2874 4215 3159 4285 dignitate
3206 4215 3451 4287 privato,
3485 4219 3638 4287 quod

2004 4324 2120 4365 sem
2132 4323 2233 4379 per
2255 4306 2543 4364 catholica
2565 4303 2829 4362 :ecclesia
2854 4305 3059 4360 tenuit.
3079 4305 3231 4376 quod
3255 4306 3326 4360 ab
3352 4305 3527 4363 inicio
3550 4319 3642 4362 ce-

243 4399 470 4455 utinam
488 4398 969 4471 potestasistaita
988 4412 1263 4469 perversa
1277 4398 1519 4468 egisset,
1544 4402 1603 4452 ut
1624 4396 1754 4453 aliis
1778 4410 1889 4452 non
1920 4393 1974 4454 D
2008 4403 2120 4468 pla:
2153 4394 2604 4454 Christianitatis
2636 4408 2817 4464 usque
2850 4393 2921 4450 ad
2951 4398 3319 4450 monstruosa
3346 4394 3469 4453 haec
3501 4400 3642 4452 tem-

244 4487 659 4560 propinasset;
679 4488 895 4543 utinam
929 4502 1086 4543 mors
1109 4485 1193 4541 illi
1215 4501 1316 4542 sua
1339 4485 1684 4555 suffecisset,
1702 4488 1759 4541 et
1779 4500 1890 4541 non

245 4576 566 4634 virulentis
597 4576 1073 4647 persuasionibus
1108 4577 1282 4631 etiam
1311 4574 1555 4631 aliorum
1590 4574 1766 4629 vitam
1800 4588 1895 4629 ne-

245 4667 870 4738 cassethsamtamen
883 4664 1010 4733 ejus
1022 4664 1472 4735 perversitatem
1487 4662 1733 4718 domnus
1747 4675 1895 4733 papa

248 4754 453 4813 studio
469 4758 651 4812 rectae
669 4753 1182 4824 emulationis,non
1199 4751 1324 4807 zelo
1338 4751 1556 4808 furoris
1572 4752 1896 4807 insectatus

248 4850 364 4902 est.
384 4842 671 4913 Sedjuxta
684 4844 713 4896 Ι
718 4841 971 4898 heremia
981 4856 1029 4895 m
1028 4842 1279 4914 frustra
1293 4855 1395 4897 con
1387 4840 1901 4913 ﬂacitconflator;

244 4933 516 4991 malicia
527 4933 687 4990 enim
696 4932 1016 5003 impiorum
1026 4943 1142 4986 non
1151 4928 1653 5000 suntconsumptce
1664 4930 1894 4999 (ἄρηγε,

249 5022 533 5093 29).Εοοθ
550 5021 705 5077 enim
728 5019 881 5090 ignis
910 5017 1528 5076 excommunicationis
1562 5016 1898 5089 apostolica)

249 5109 522 5167 exterius
534 5109 796 5166 conﬂans
812 5108 973 5165 durae
990 5106 1298 5164 inustionis
1320 5106 1579 5163 admovit
1602 5120 1822 5177 penam,
1840 5108 1897 5160 et

250 5205 450 5256 tamen
478 5198 703 5255 erroris
722 5212 832 5254 non
856 5195 1093 5254 excoxit
1109 5195 1357 5266 culpam.
1377 5192 1518 5265 (Fol.
1538 5194 1704 5264 ΜΓ.)
1721 5193 1901 5251 Adus-

253 5293 356 5346 tus
370 5293 465 5345 est
487 5287 619 5358 igne
642 5285 1052 5356 anathematis,
1068 5288 1412 5354 segregatus
1434 5289 1528 5339 est
1547 5296 1575 5337 a
1606 5282 1899 5339 consortio

252 5375 596 5435 christiana:
609 5373 1054 5445 communionis,
1073 5372 1174 5429 sed
1190 5371 1299 5428 nisi
1315 5370 1599 5428 redeatad
1619 5371 1897 5428 unitatem

255 5465 468 5523 matris
482 5463 768 5535 ecclesiae,
788 5478 816 5519 a
839 5478 954 5536 quo
985 5475 1189 5519 errore
1219 5460 1513 5517 scismatis
1542 5459 1895 5533 deviaverat,

2007 4502 2147 4558 pora
2179 4484 2391 4541 stabile
2422 4488 2477 4538 et
2513 4482 2909 4539 inconvulsum
2954 4482 3234 4555 perstitit,
3271 4483 3497 4541 scilicet
3528 4499 3641 4541 non

2005 4589 2134 4632 esse
2147 4570 2690 4630 communicandum
2710 4570 3243 4643 excommunicatis,
3262 4587 3292 4629 a
3317 4572 3644 4631 fautoribus

2005 4668 2063 4719 et
2096 4661 2477 4734 complicibus
2511 4660 2633 4716 suis
2657 4660 2890 4716 sibimet
2913 4659 3202 4717 similibus
3226 4661 3503 4719 violatum
3528 4664 3638 4731 est,

2006 4756 2066 4807 et
2095 4750 2396 4823 impletum
2429 4754 2522 4804 est
2554 4749 2709 4820 quod
2742 4749 2798 4803 in
2830 4747 3125 4804 Danihelis
3170 4748 3462 4804 volumine
3502 4749 3645 4805 scri-

2008 4844 2067 4915 [ῃ
2077 4854 2169 4895 um
2183 4839 2451 4909 est,quia
2462 4850 2699 4908 egressa
2713 4835 3014 4908 iniquitas
3028 4848 3067 4892 α
3077 4834 3412 4892 senioribus
3424 4835 3645 4906 etjudi-

2006 4927 2191 4997 cibus,
2215 4928 2324 4996 qui
2344 4925 2692 4982 ridebantur
2706 4937 2910 4996 regere
2912 4924 3205 4995 populum
3227 4924 3404 4988 (Dan.
3425 4937 3546 4991 xm,
3563 4927 3639 4991 δ).

2009 5016 2094 5070 Ilii
2125 5014 2274 5071 enim
2308 5015 2403 5084 qui
2438 5013 2707 5070 veritatis
2756 5012 3033 5069 dicuntur
3078 5025 3399 5083 praecones,
3435 5011 3650 5082 quibus

2007 5105 2231 5162 credita
2252 5107 2387 5160 sunt
2411 5102 2639 5174 eloquia
2664 5101 2764 5156 Dei
2791 5101 2862 5156 ad
2876 5098 3392 5169 evangelizandum
3408 5099 3644 5173 populo,

2009 5192 2325 5249 inauditam
2384 5189 2795 5248 contritionem
2860 5186 3142 5244 tecclesiae
3198 5186 3645 5257 adinvenerunt,

2008 5278 2485 5338 communicando
2518 5277 2638 5347 regi
2668 5275 2957 5333 scelerato
2990 5277 3048 5332 et
3081 5288 3186 5347 pro
3208 5274 3537 5332 sceleribus
3555 5290 3641 5332 ex-

1971 5368 1976 5373 ’
2005 5368 2452 5437 communicato,
2488 5370 2691 5423 contra
2725 5364 2959 5422 decreta
2994 5368 3326 5422 sanctorum
3360 5378 3646 5422 canonum

2007 5464 2065 5516 et
2101 5457 2369 5514 instituta
2390 5458 2619 5527 patrum
2644 5452 3120 5527 praeedentium,
3141 5461 3198 5511 et
3218 5468 3332 5510 non
3357 5452 3654 5510 abstinen-
