3950 6048
301 254 427 349 sit

1271 259 1640 326 HUGONIS
1681 259 2033 323 ABBATIS
2074 209 2757 325 FLAVINIACENSIS

3600 267 3720 331 312

317 389 448 481 dum
490 390 773 463 docendo,
808 396 864 449 et
917 392 1016 451 tali
1067 409 1128 452 se
1180 396 1645 469 praeeipitatione
1692 394 1957 465 voragini

2070 409 2295 481 justitia
2313 409 2566 467 caruerit
2587 424 2616 465 a
2632 407 2852 465 sanctis
2869 408 3135 481 patribus
3148 403 3323 464 etiam
3340 408 3716 468 latrocinium

314 480 503 538 eidem
522 481 939 553 immergendo,
960 499 1069 540 non
1094 484 1494 555 intelligentes
1518 486 1673 557 quod
1699 485 1796 556 qui
1821 502 1849 541 a
1873 502 1960 543 ca-

317 571 456 641 pite,
482 570 536 626 id
569 576 658 627 est
689 586 719 628 a
753 573 893 628 sede
928 574 1080 629 beati
1115 575 1291 644 Petri,
1313 575 1829 632 excommunicatis
1862 576 1959 631 ad-

315 659 588 716 haarendo
622 660 1213 733 dissenserint,juxta
1240 665 1570 720 sanctiones
1602 667 1834 736 patrum
1868 680 1958 719 or-

316 747 703 805 thodoxorum
738 750 859 820 pari
902 767 1029 806 cum
1064 751 1149 805 eis
1182 752 1593 823 dampnatione
1644 758 1956 809 teneantur

316 836 795 907 adstricti,juxta
839 839 979 896 illud
1019 840 1212 895 Niccni
1253 841 1523 897 concilii:
1565 843 1798 908 Quodsi
1820 844 1957 914 quis

317 926 386 982 de
402 927 706 998 episcopis,
719 929 1094 998 presbiteris,
1113 929 1461 988 diueouibus
1483 945 1587 988 seu
1607 932 1867 1002 quilibet
1884 947 1958 988 ea:

316 1015 467 1070 clero
514 1016 898 1086 deprehensus
914 1017 1125 1088 fuerit
1151 1020 1677 1077 exeommuuicatis
1708 1036 1956 1077 commu-

315 1102 536 1171 nicare,
562 1103 745 1159 etiam
765 1105 876 1161 iste
894 1119 1154 1175 comment
1165 1108 1297 1162 ioue
1325 1108 1618 1177 privetur,
1647 1109 1954 1179 tamquam

313 1191 421 1259 qui
446 1191 719 1263 regulum:
750 1194 1067 1266 confundit
1095 1196 1405 1266 (ecclesia;
1441 1197 1675 1251 Fabiani
1724 1213 1954 1267 quoque

312 1294 437 1349 cap.
475 1283 498 1333 -1
541 1298 552 1332 :
592 1280 756 1344 Quod
794 1282 1014 1353 siquis
1062 1296 1195 1339 eum
1243 1286 1745 1342 exeoiiziizznzieaio
1793 1301 1955 1343 aver-

314 1367 483 1424 tendo
511 1368 757 1439 regulas
795 1372 1049 1427 seienier
1095 1372 1303 1428 saltim
1350 1372 1415 1429 in
1459 1374 1624 1428 domo
1673 1374 1955 1446 loquutus

295 1457 503 1527 fuerit
527 1457 623 1513 cel
647 1460 929 1528 orm-erit,
955 1460 1061 1516 ille
1090 1465 1490 1519 communione
1505 1464 1819 1534 privetur;
1840 1480 1953 1521 non

313 1552 651 1603 reverentes
684 1546 827 1603 illud
859 1550 1165 1618 Augustini
1199 1550 1331 1620 quia
1377 1554 1657 1624 quisquis
1688 1568 1725 1609 (ι
1757 1554 1953 1610 eat/io-

315 1633 436 1690 lica
448 1634 655 1705 fuerit
679 1638 996 1705 separatus
1030 1638 1314 1709 (ecclesia,
1346 1641 1638 1709 quautam:
1682 1641 1955 1699 laudabi-

2073 507 2162 559 cst
2194 502 2570 574 appellatum.
2601 500 2694 557 Ait
2718 499 2931 571 quippe
2958 498 3168 554 beatus
3186 499 3625 568 Augustinusin
3650 500 3719 556 li-

2072 593 2177 648 bro
2210 595 2417 661 quarto
2450 592 2526 646 De
2566 589 2807 645 civitate
2845 588 2980 644 Dei:
3008 590 3206 645 Bonus
3224 589 3279 645 si
3299 590 3545 654 serviat,
3567 590 3722 649 liber

2070 682 2395 750 est;malus
2417 681 2597 736 etiam
2614 680 2667 736 si
2684 678 2907 749 regnet,
2923 692 3130 735 servus
3147 678 3251 735 est.
3270 680 3336 733 Et
3355 679 3563 736 beatus
3587 684 3721 736 Am-

2071 771 2302 826 brosius
2321 790 2332 824 :
2349 770 2597 838 Misera,
2617 768 2715 837 ait,
2732 768 2994 825 servitus
3013 768 3104 822 est
3118 766 3645 838 serrirepeeeatis,
3663 771 3723 826 et

2065 861 2284 917 servile
2313 860 2404 918 est
2427 872 2593 915 omne
2606 857 2937 929 peceatum,
2959 855 3147 912 libera
3165 857 3624 914 estiunoeentia.
3644 860 3713 914 Et

2070 949 2275 1006 beatus
2290 948 2573 1017 Augustin
2587 947 2715 1002 usin
2734 945 2934 1001 codem
2952 945 3100 1000 libro
3127 948 3252 1016 post
3281 960 3462 1016 pauca
3483 965 3494 999 :
3512 948 3722 1003 Remo-

2068 1039 2148 1107 ta,
2168 1038 2265 1105 ait,
2268 1037 2545 1109 justitiu,
2561 1035 3077 1107 quidsuutregnu,
3097 1032 3457 1104 nisimaguu
3477 1035 3721 1093 latroei~

2066 1128 2366 1199 nia?quia
2385 1126 2444 1181 et
2464 1124 2785 1181 latrocinia
2809 1123 2963 1194 quid
2980 1124 3125 1180 sunt
3140 1123 3265 1180 nisi
3280 1136 3677 1195 pravaregua
3698 1126 3722 1177 ?

2068 1216 2238 1278 (Fol.1
2256 1215 2380 1286 12⁷.)
2398 1216 2594 1270 Manus
2610 1218 2664 1268 ct
2682 1214 2806 1284 ipsa
2823 1213 3116 1268 hominum
3133 1212 3497 1284 est,imperio
3511 1213 3723 1283 princi-

2069 1306 2157 1377 pis
2180 1305 2422 1373 regitur,
2442 1306 2613 1373 pacto
2638 1302 2941 1358 societatis
2976 1300 3342 1369 astringitur,
3362 1301 3561 1372 placiti
3588 1302 3721 1372 lege

2069 1395 2261 1464 przeda
2280 1392 2579 1448 dividitur.
2599 1393 2715 1446 Hoc
2734 1390 2945 1446 malum
2962 1390 3008 1446 si
3026 1390 3079 1444 in
3097 1392 3322 1446 tantum
3348 1390 3719 1460 perditorum

2066 1483 2359 1538 hominum
2376 1481 2714 1538 accessibus
2727 1481 2975 1548 crescat,
2997 1482 3128 1534 utet
3147 1479 3269 1534 loca
3284 1479 3716 1547 teucat,sedem

2067 1572 2409 1639 constituat,
2425 1570 2698 1625 civitates
2719 1572 2987 1639 occupet,
3017 1567 3265 1640 populos
3282 1568 3576 1636 subjuget,
3598 1569 3719 1622 evi-

2071 1660 2307 1716 dentius
2334 1660 2494 1729 regni
2529 1674 2734 1715 nomen
2760 1658 3021 1714 assumit.
3049 1656 3210 1724 Quod
3243 1656 3418 1712 etiam
3444 1658 3500 1711 in
3538 1658 3720 1713 mani-

316 1723 455 1779 liter
483 1737 544 1779 se
572 1726 767 1780 cicere
794 1725 1113 1796 existimet,
1150 1728 1254 1784 hoc.
1300 1729 1421 1785 solo
1462 1730 1679 1787 scelere
1724 1732 1884 1802 quod
1917 1746 1953 1787 (ι
1985 1752 1989 1812 ς

2074 1751 2223 1806 festo
2253 1723 2501 1817 confert,
2528 1764 2639 1805 non
2673 1749 2905 1818 dempta
2938 1723 3253 1818 cupiditas,
3282 1747 3381 1802 sed
3416 1746 3613 1801 addita
3636 1746 3719 1800 in-

316 1810 547 1867 C’ln'isii
592 1813 847 1869 cerimte
879 1813 1215 1883 disiunctus
1259 1819 1362 1887 est,
1392 1832 1510 1875 non
1554 1818 1732 1876 liabet
1776 1822 1841 1876 in
1893 1833 1955 1877 se

313 1899 522 1969 ritum,
557 1900 649 1957 set
674 1902 773 1957 ira
812 1902 922 1957 Dei
951 1904 1151 1959 manet
1172 1918 1349 1975 super
1377 1920 1524 1961 eum.

388 1989 500 2043 llec
532 1988 711 2058 igitur
741 1994 832 2045 est
867 1991 1115 2047 licinrici
1142 1994 1427 2063 quondam
1458 1996 1610 2065 regis
1636 1996 1951 2067 depositio,

312 2074 436 2131 lucc
468 2079 557 2131 est
591 2077 773 2148 ipsius
807 2079 1030 2148 tyranni
1061 2081 1610 2154 l‘autorumqucejus
1631 2100 1956 2141 excommu-

314 2164 549 2220 nicatio.
589 2167 654 2219 Et
700 2167 829 2235 quia
879 2169 1191 2223 secundum
1246 2170 1397 2226 dicta
1448 2173 1789 2243 prOphetica
1842 2190 1951 2230 non

314 2258 438 2307 erat
476 2257 632 2323 virga
668 2256 760 2309 Dei
785 2257 854 2311 ad
878 2258 1300 2314 correctionem
1326 2276 1502 2332 super
1529 2262 1657 2317 illos
1683 2262 1814 2325 (Job
1839 2280 1948 2334 xxx,

313 2344 389 2411 9),
425 2342 792 2413 dirigebatur
824 2345 875 2399 in
908 2361 1076 2402 manu
1108 2363 1306 2404 eorum
1349 2350 1536 2421 dolus,
1571 2353 1722 2409 sicut
1773 2359 1829 2411 et
1882 2357 1952 2411 de

312 2430 506 2501 capite
530 2432 782 2487 omnium
809 2434 1103 2504 scriptura
1132 2442 1385 2493 testatur
1406 2441 1917 2515 quiafacietetprr
1934 2475 1956 2486 ο

309 2518 650 2589 sperabitur
672 2523 852 2583 (Βαη.
872 2537 988 2592 vm,
1012 2528 1119 2590 1&2).
1145 2526 1248 2590 Qui
1277 2532 1492 2597 quanto
1516 2530 1764 2601 amplius
1787 2533 1952 2590 malis

312 2606 706 2671 adhiereb‘ant.
747 2613 907 2665 tanto
958 2611 1144 2668 minus
1190 2615 1592 2685 intelligebant
1648 2621 1794 2675 bona
1824 2637 1950 2691 qua!

314 2695 654 2763 perdebant.
674 2697 793 2751 Lux
815 2698 965 2752 enim
990 2701 1257 2759 veritatis
1273 2720 1384 2773 quo
1401 2707 1594 2762 habita
1613 2709 1946 2779 negligitur,

310 2797 379 2835 eo
396 2783 686 2852 permittit
715 2786 861 2841 Deus
886 2792 946 2842 ut
971 2803 1073 2844 nec
1098 2791 1305 2847 amissa
1334 2796 1685 2863 requiratur,
1705 2803 1759 2853 et
1786 2801 1948 2870 pravi

312 2870 525 2940 quique
554 2875 714 2927 tanto
738 2888 798 2928 se
826 2874 976 2929 inani
1013 2876 1212 2932 Ῐὶὒίίίίὶἶ
1252 2882 1561 2951 extollunt,
1595 2891 1801 2954 manto
1840 2905 1951 2945 ma-

308 2957 398 3025 gis
414 2958 485 3015 ad
501 2959 699 3029 pejora
713 2962 1543 3037 convalescunt,quemadmod
1557 2989 1645 3028 um
1663 2976 1948 3047 scriptum

304 3050 389 3101 est
416 3065 427 3100 :
458 3048 738 3105 I’eeeaior
758 3065 889 3107 cum
909 3055 1141 3111 venerit
1166 3057 1230 3112 iu
1240 3060 1614 3130 profundum
1633 3064 1946 3129 malorum,

304 3136 886 3208 coutenqmeNProo.
923 3157 1078 3213 xvm,
1115 3150 1191 3212 3).
1228 3148 1525 3204 Perversm
1554 3151 1703 3207 enim
1736 3156 1948 3210 mentis

303 3228 393 3279 est
410 3225 664 3294 gaudere
682 3227 735 3281 in
750 3227 1316 3302 iniquitatibusquas
1331 3236 1468 3292 tlere
1488 3239 1789 3295 debuerat.
1808 3245 1947 3299 Nam

306 3312 472 3367 bonae
504 3315 715 3369 utentis
746 3320 835 3370 est
869 3318 1082 3374 vulnus
1108 3322 1326 3376 sentire
1357 3328 1597 3394 peccati.
1623 3329 1727 3394 Qui
1756 3336 1945 3387 autem

307 3400 565 3468 gaudent
583 3401 648 3456 ad
695 3404 939 3475 scelera,
961 3407 1194 3463 trahunt
1212 3424 1357 3479 quos
1370 3413 1562 3468 valent
1578 3417 1647 3471 ad
1675 3420 1948 3487 perditio-

305 3502 433 3579 nem
464 3503 647 3560 suam,
682 3496 739 3546 et
773 3494 881 3549 sub
910 3496 1169 3565 peccatis
1198 3513 1348 3569 esse,
1386 3503 1474 3556 vel
1524 3504 1713 3575 culpis
1742 3508 1946 3579 culpas

303 3575 538 3646 addere,
559 3579 807 3636 credunt
832 3597 894 3637 se
918 3583 1200 3640 virtutum
1226 3589 1520 3657 opulentia
1539 3575 1855 3665 cumulare,
1876 3597 1945 3652 de

303 3663 515 3734 quibus
550 3668 694 3721 bene
728 3684 831 3740 per
864 3672 1201 3741 prophetam
1234 3677 1471 3747 dicitur,
1497 3682 1651 3749 quod
1674 3698 1803 3739 esse
1837 3663 1946 3741 sub

301 3754 571 3809 sensibus
604 3756 846 3813 delicias
877 3759 1155 3830 deputant
1194 3764 1324 3827 (Job
1357 3782 1484 3838 xxx,
1519 3773 1599 3839 7),
1635 3772 1767 3841 quia
1812 3774 1943 3829 inde

301 3856 635 3911 perversam
654 3850 901 3901 mentem
917 3847 986 3903 ad
1005 3851 1211 3916 gaudia
1229 3854 1559 3927 sublevant,
1581 3860 1731 3915 unde
1746 3862 1943 3931 spinas

301 3935 670 3999 peccatorum
701 3939 954 4003 portant.
977 3938 1545 4012 Contempncntcs‘“0
1567 3948 1716 4003 enim
1746 3952 1939 4021 Deum,

300 4018 529 4075 minimc
557 4020 646 4076 hic
674 4022 934 4079 sentiunt
960 4033 1239 4095 quantum
1274 4031 1351 4085 sit
1386 4034 1516 4088 mali
1555 4036 1706 4106 quod
1741 4018 1942 4107 agunt.

297 4106 523 4162 llianerc
546 4110 654 4164 sub
677 4111 944 4167 sentibus
970 4114 1210 4172 delicias
1235 4118 1535 4188 deputant,
1557 4125 1687 4193 quia
1714 4106 1940 4183 etidura

295 4197 351 4248 et
387 4197 694 4265 praesentis
727 4199 859 4255 vita}
892 4216 1087 4257 amore
1124 4206 1395 4278 tolerant,
1424 4215 1481 4264 et
1508 4215 1694 4268 tamen
1731 4216 1940 4272 ali‘eetu

296 4282 486 4340 nimias
517 4286 860 4356 cupiditatis
893 4290 1156 4361 obligati,
1191 4294 1449 4352 laborem
1495 4300 1751 4367 ejusdem
1799 4304 1941 4359 tole-

298 4372 502 4427 rantiae
534 4373 893 4445 voluptatem
934 4384 1161 4448 putant.

2073 1838 2325 1910 punitas.
2356 1838 2684 1893 Cocrccnda
2723 1837 2900 1906 igitur
2933 1836 3062 1906 quis
3096 1838 3266 1905 neget
3288 1835 3638 1890 latrocinia?
3662 1835 3715 1889 Si

2073 1932 2291 1983 remota
2320 1927 2549 1995 jnstitia
2582 1926 2755 1982 nichil
2789 1925 2950 1980 aliud
2982 1928 3113 1981 sunt
3151 1939 3325 1993 regna
3367 1924 3475 1979 nisi
3510 1938 3715 1993 magna

2070 2015 2394 2081 latrocinia,
2423 2019 2479 2069 et
2502 2028 2704 2071 manus
2732 2015 2850 2085 ipsa
2873 2012 3345 2068 latrocinantium
3370 2012 3607 2067 videtur
3632 2028 3721 2066 re-

2067 2104 2122 2173 gi
2158 2103 2321 2174 quasi
2357 2103 2601 2173 imperio
2636 2102 2913 2173 principis
2946 2101 3318 2171 praesndentis
3352 2100 3422 2156 ad
3457 2100 3721 2161 scelera;

2067 2208 2205 2261 ergo
2233 2192 2598 2249 coercendus
2624 2197 2713 2246 est
2736 2190 3205 2245 latrocinantium
3232 2189 3525 2259 princeps,
3552 2204 3719 2244 coer-

2065 2282 2245 2337 cenda
2282 2281 2403 2351 ipsa
2440 2279 2765 2349 latrocinia,
2816 2281 2879 2333 ut
2911 2278 3226 2333 accedente
3253 2276 3483 2347 jnstitia
3523 2276 3720 2347 dispo-

2066 2374 2278 2424 nantur
2311 2383 2621 2436 regnorum
2650 2367 2776 2437 jura
2811 2372 2869 2422 et
2901 2372 3139 2421 cessent
3170 2366 3497 2421 latrocinia.
3522 2365 3633 2421 Sed
3657 2368 3714 2421 et

2065 2456 2343 2527 numquid
2369 2471 2536 2525 reges
2549 2455 2777 2526 excepti
2794 2459 2951 2525 sunt,
2969 2454 3199 2525 quando
3220 2455 3342 2526 ipse
3366 2456 3486 2509 Rex
3514 2469 3716 2523 regum

2065 2544 2455 2615 dedisciplina
2478 2543 2896 2599 :ccclesiastica
2918 2542 3183 2611 agensait
3208 2542 3455 2614 principi
3480 2546 3717 2612 aposto-

2065 2630 2270 2688 lorum:
2294 2631 2704 2701 Quodcumque
2716 2631 3190 2703 ligueerissuper
3201 2630 3715 2701 terrameritliga—

2066 2721 2187 2775 tum
2209 2721 2267 2775 ei
2283 2720 2347 2776 in
2369 2720 2529 2777 eeelis
2556 2720 2796 2785 (Matth.
2825 2736 2935 2787 xw,
2968 2724 3074 2789 19),
3102 2724 3161 2774 et
3186 2719 3432 2788 reliqua.
3458 2720 3715 2774 Verean-

2066 2814 2160 2864 tur
2191 2824 2331 2873 ergo
2362 2814 2416 2862 ct
2440 2825 2609 2877 reges
2635 2808 2815 2863 abhis
2841 2807 3007 2877 ligari
3032 2808 3087 2862 in
3115 2807 3292 2864 terris
3313 2822 3557 2877 quorum
3582 2822 3713 2863 sen-

2066 2897 2305 2952 tentiam
2330 2899 2480 2953 Deus
2500 2897 2803 2953 conﬁrmat
2832 2897 2884 2951 in
2902 2896 3085 2953 caelis.
3104 2896 3465 2951 Meminerint
3491 2911 3554 2951 se
3573 2911 3711 2952 esse

2064 3002 2173 3040 non
2208 3001 2382 3057 supra
2416 2985 2742 3041 zecclesiam
2774 2985 2871 3041 sed
2900 2986 3049 3042 intra
3074 2984 3417 3054 accelesiam,
3443 2985 3487 3039 si
3514 2990 3708 3041 tamen

2063 3090 2173 3129 non
2193 3090 2262 3128 ex
2286 3091 2354 3130 eo
2376 3075 2524 3145 quod
2554 3090 2720 3143 reges
2745 3075 3093 3130 dicunturin
3108 3075 3397 3143 gurgitem
3424 3073 3708 3130 viciorum

2064 3169 2162 3217 aut
2196 3163 2251 3218 in
2282 3163 2644 3233 tyrannidem
2668 3164 3048 3233 el’i‘renantur,
3076 3162 3176 3218 sed
3201 3177 3273 3218 ex
3291 3178 3359 3218 eo
3381 3162 3531 3233 quod
3554 3162 3711 3218 chri-

2063 3252 2235 3306 stiani
2270 3251 2641 3322 appellantur
2674 3266 2775 3322 per
2804 3252 2939 3307 vita;
2971 3252 3288 3322 puritatem
3317 3255 3376 3306 et
3407 3251 3708 3319 regnantis

2063 3340 2563 3395 mansuetudinem
2600 3340 2891 3397 Christum
2927 3340 3258 3405 imitantur;
3286 3354 3452 3410 quem
3475 3339 3704 3409 utique,

2060 3428 2209 3482 sicut
2241 3427 2319 3481 ait
2355 3429 2560 3483 beatus
2594 3429 2971 3497 Augustinus,
2998 3442 3114 3485 non
3141 3428 3435 3499 sequitur,
3455 3429 3563 3497 qui
3586 3442 3708 3484 non

2057 3517 2375 3573 seeuudum
2403 3531 2602 3572 rerum
2621 3518 2808 3588 fidem
2837 3518 2896 3573 ei
2923 3517 3279 3575 catholicam
3318 3516 3708 3588 disciplinam

2058 3605 2429 3662 Christianus
2456 3607 2719 3663 coeat-ur.
2743 3606 2797 3660 Si
2831 3621 2968 3661 vero
2991 3608 3416 3662 subsannantes
3440 3620 3545 3661 nos
3569 3620 3707 3661 con-

2058 3694 2254 3749 traria)
2290 3694 2470 3765 partis
2501 3695 2817 3751 adversarii
2863 3695 3240 3765 requisierint
3288 3695 3552 3765 quisnam
3581 3693 3706 3764 cpi-

2058 3795 2366 3852 scoporum
2405 3796 2571 3849 reges
2591 3782 2979 3853 redarguerit,
3006 3781 3244 3838 audiant
3268 3782 3405 3851 quid
3428 3797 3572 3853 papa
3600 3783 3703 3837 Ge-

2057 3868 2237 3925 lasius
2280 3870 2432 3926 dicat
2484 3871 2539 3925 in
2586 3870 2835 3941 epistola
2885 3885 3054 3941 quam
3110 3870 3347 3942 scripsit
3397 3869 3702 3927 Dardaniae

2056 3958 2390 4029 episcopis:
2432 3983 2456 4006 α
2488 3960 2730 4027 Nathan,
2782 3959 2989 4030 inquit,
3034 3960 3315 4031 propheta
3362 3958 3545 4031 palam
3600 3975 3702 4029 pu-

2058 4045 2325 4117 bliceque
2358 4047 2412 4101 in
2448 4047 2592 4102 faeie
2628 4047 2748 4116 regi
2780 4047 2957 4102 David
2988 4051 3044 4103 et
3077 4047 3449 4104 commissum
3482 4046 3701 4103 denun—

2056 4134 2230 4188 ciavit
2264 4150 2542 4205 errorem,
2569 4140 2626 4191 et
2652 4136 2838 4207 ipsum
2872 4137 3237 4193 commisisse
3269 4150 3380 4191 non
3404 4135 3612 4205 tacuit,
3637 4139 3697 4190 et

2055 4223 2418 4279 confessione
2432 4228 2760 4279 correctum
2776 4223 3484 4295 consequenterabsolvit.
3509 4222 3696 4279 Beata;

2056 4311 2346 4367 memoria:
2373 4312 2714 4368 Ambrosius
2746 4312 3190 4368 Mediolanensis
3216 4312 3482 4368 ecclesiae
3506 4327 3699 4368 sacer-

2055 4399 2160 4454 dos
2191 4399 2464 4469 majorem
2509 4401 2892 4458 Theodosium
2942 4403 3350 4473 imperatorem
3384 4417 3413 4456 a
3446 4417 3699 4458 commu-

370 4459 716 4562 Ῑῗῇιξιοιξίὺυε
748 4462 927 4530 igitur
960 4468 1187 4562 iyl'fllllli
1242 4472 1491 4530 llciurici
1529 4476 1652 4547 ipsa
1686 4479 1812 4547 ejus
1842 4481 1939 4535 de-
1970 4479 2022 4537 D
2054 4488 2224 4543 nione
2250 4459 3139 4562 publicepalamqucsuspeu'dit,
3160 4495 3333 4561 atque
3349 4491 3418 4547 ad
3437 4490 3698 4561 peniten-

296 4544 516 4616 positio
535 4552 591 4601 et
612 4553 1136 4610 cxcommunieatio
1162 4572 1328 4613 versa
1353 4568 1443 4615 est
1469 4562 1522 4616 in
1547 4544 1855 4637 canticum,
1880 4574 1939 4624 et

296 4632 542 4690 domnus
563 4650 708 4706 papa
731 4638 917 4695 factus
935 4646 1027 4696 est
1054 4642 1167 4699 illis
1193 4644 1245 4700 in
1268 4652 1657 4717 proverbium.
1678 4655 1781 4720 Qui
1807 4632 1935 4713 eum

296 4722 563 4778 audirent
589 4728 1149 4786 excommunicatum
1174 4749 1388 4805 regem,
1410 4755 1527 4809 pra:
1555 4742 1936 4802 admiratione

295 4824 358 4865 se
384 4810 545 4882 ipsos
568 4827 676 4868 non
699 4816 1029 4888 capiebant,
1050 4820 1408 4892 impossibile
1434 4826 1541 4882 hoc
1566 4847 1691 4885 esse
1713 4833 1937 4901 procla-

294 4900 547 4969 mabant,
572 4916 601 4956 a
639 4903 840 4959 seculo
863 4904 1185 4964 inauditum
1213 4915 1696 4981 pronunciabant.
1718 4900 1934 4978 Audia-

294 5001 588 5081 muscrgo
619 4995 679 5046 et
709 5007 813 5049 nos
844 4996 915 5049 ab
943 4996 1028 5050 eis
1060 4997 1203 5053 illud
1240 5006 1459 5058 tantum
1486 5017 1931 5081 sacramentum,

294 5074 449 5143 quod
470 5081 568 5131 aut
592 5092 784 5147 regem
814 5083 1028 5152 corrigi
1056 5088 1385 5160 prohibeat,
1413 5096 1508 5147 aut
1535 5074 1932 5156 contumacem

294 5163 571 5219 canonice
604 5168 791 5222 notari
823 5185 934 5226 non
965 5176 1315 5232 consentiat.
1363 5179 1507 5246 Quid
1543 5183 1932 5244 inverecunde

295 5249 484 5305 servis
517 5252 613 5308 Dei
643 5263 943 5324 opponunt
978 5263 1139 5330 regni
1174 5266 1385 5323 fastum
1408 5274 1430 5325 ?
1455 5269 1615 5335 Quod
1650 5274 1850 5344 utique
1881 5277 1927 5330 si

2055 4576 2189 4631 tiam
2226 4577 2448 4647 redegit
2482 4579 2696 4648 regiam
2754 4584 3125 4650 potestatem.
3163 4581 3351 4636 Beata)
3403 4579 3694 4635 memoriae

2052 4679 2197 4734 papa
2234 4667 2341 4720 Leo
2372 4666 2779 4736 imperatorem
2819 4668 3487 4739 l‘heodosiumjuniorem
3513 4667 3697 4739 Ephe-

2051 4752 2191 4809 sinzc
2224 4754 2425 4823 synodi
2460 4755 2766 4811 latrocinio
2792 4755 2973 4811 libere
2995 4756 3260 4825 coarguit
3286 4756 3691 4812 excedentem.

2050 4842 2274 4901 Sancta;-
2309 4844 2600 4899 memorite
2633 4859 2779 4915 papa
2810 4844 3079 4914 lIylarius
3110 4844 3477 4901 Anthemium
3516 4845 3694 4916 impe-

2050 4933 2322 4999 ratorem,
2354 4947 2483 4987 cum
2516 4931 2820 4988 Filotheus
2861 4933 3306 4989 Maccdonianus
3352 4933 3478 5002 ejus
3531 4932 3694 4987 fami-

2048 5016 2239 5072 liarita
2253 5023 2307 5074 te
2329 5020 2601 5076 suffultus
2620 5019 3378 5078 diversarumconciliabula
3395 5024 3690 5077 sectarum

2047 5103 2101 5158 in
2137 5105 2337 5160 urbem
2390 5106 2565 5162 vellet
2618 5107 2917 5179 inducere,
2966 5109 3116 5179 apud
3169 5110 3400 5165 beatum
3452 5111 3689 5164 Petrum

2045 5192 2373 5262 apostolum
2398 5194 2583 5265 palam
2609 5209 2678 5250 ne
2700 5195 2753 5251 id
2781 5195 2944 5251 ﬁeret
2969 5196 3126 5253 clara
3148 5212 3288 5252 voce
3312 5196 3687 5265 constrinxit,

2045 5279 2097 5333 in
2130 5285 2357 5337 tantum
2389 5288 2447 5339 ut
2483 5298 2592 5339 non
2632 5298 2697 5339 ea
2740 5283 3009 5339 facienda
3061 5300 3189 5341 cum
3241 5284 3692 5357 interpositione

1658 5444 1889 5499 VARIAS
1932 5446 2329 5506 LECTIONES.

360 5525 429 5559 ⁴⁰⁰
458 5527 787 5599 Contepnen
801 5534 885 5586 tes
912 5546 960 5589 e.
