3960 6052
140 232 272 295 318

1396 236 1894 303 CHRONICON.
1930 276 2006 289 —-
2035 241 2192 311 LIB.
2239 249 2312 315 ΙΙ.

3444 249 3559 314 814

141 369 508 428 sacramenti
543 368 693 429 idem
761 374 1132 445 promitteret
1194 374 1531 449 imperator.
1580 374 1805 430 Sanctae
1837 372 1892 437 A
1920 377 2222 451 Pippinum
2257 384 2312 442 in
2336 385 2556 444 honore
2579 387 2740 458 regni
2766 384 3067 444 sublimari
3086 383 3413 444 constituit.
3440 387 3564 443 Ste-

144 461 453 518 inemorize
479 476 709 534 quoque
739 462 1091 535 Simplicius,
1126 468 1184 521 et
1234 470 1364 537 post
1421 481 1549 522 cum
1591 470 1806 522 sanctae

147 550 457 605 memon-Le
491 566 637 623 papa
674 552 827 607 Felix
862 569 970 609 non
1005 554 1187 610 solum
1234 555 1581 612 Basiliscum
1616 559 1808 627 tyran-

148 651 315 708 num,
342 640 447 694 sed
483 641 655 696 etiam
694 642 1102 713 imperatorem
1145 646 1429 702 Zenonem
1465 644 1805 716 prohisdcm

150 724 303 796 ipsis
317 729 664 786 excessibus
685 732 1039 788 auctoritate
1064 732 1247 789 libera
1264 735 1461 805 sepius
1477 734 1809 804 increpasse

151 824 510 873 noscuntur.
548 819 820 889 flectique
843 821 1149 892 potuisset,
1177 823 1283 878 nisi
1329 823 1809 894 Constantinpo-

150 905 627 979 litauiprzesulis
656 909 1418 983 accendereturinstinctis,
1475 914 1569 984 qui
1632 916 1809 986 parti-

147 1010 300 1066 ceps
322 1002 585 1053 externae
609 999 1030 1055 communionis
1062 1002 1328 1072 effectus,
1390 1003 1726 1059 necessario
1753 1003 1806 1058 in

150 1084 317 1155 quod
352 1085 640 1142 inciderat
668 1086 785 1158 jam
812 1089 1299 1160 fovebat,malcns
1315 1092 1364 1146 vi
1396 1107 1513 1149 suae
1539 1093 1810 1164 prmvari-

151 1174 415 1230 cationis
445 1175 758 1247 obsistere,
795 1192 965 1248 quam
997 1180 1292 1235 curandus
1328 1180 1398 1236 ad
1432 1181 1687 1237 salubria
1722 1197 1810 1236 re-

152 1263 537 1335 meare,sicut
563 1266 684 1337 ipse
709 1281 899 1323 rerum
926 1269 1195 1339 probavit
1213 1275 1475 1326 eventus.
1500 1270 1640 1337 (Fel.
1662 1274 1808 1343 H3.)

152 1354 391 1410 Sancta:
415 1370 643 1425 quoque
674 1356 964 1414 memorim
998 1360 1371 1416 Innocentius
1413 1376 1559 1431 papa
1598 1361 1810 1417 Archa-

152 1442 319 1498 dium
344 1443 779 1516 imperatorem,
813 1447 946 1517 quia
980 1449 1273 1504 consensit
1301 1455 1362 1504 ut
1422 1456 1661 1506 sanctus
1717 1453 1809 1506 Jo-

152 1531 386 1588 banues
413 1534 800 1592 (Irisostomus
837 1536 1185 1593 dezeeclesia
1213 1538 1550 1609 pelleretur,
1582 1554 1809 1595 excom-

158 1620 503 1677 municavit.
532 1622 671 1691 (Fel.
704 1624 865 1695 112⁸.)
898 1626 1043 1679 Ecce
1076 1641 1261 1696 nuper
1287 1627 1535 1683 Onorico
1568 1629 1808 1684 Wanda-

1922 469 2146 538 phanus
2178 489 2405 547 quoque
2440 478 2729 533 Romanus
2762 476 3044 549 pontifex,
3080 491 3394 532 successor
3414 476 3559 545 ejus,

1920 560 2183 617 eumdem
2215 564 2519 635 Pippinum
2554 566 2605 621 in
2642 580 2816 635 regno
2845 564 3180 633 constituit,
3243 569 3303 619 ct
3361 579 3562 620 omnes

1920 647 2307 721 Franeigenas
2340 668 2368 709 a
2396 654 2726 723 juramento
2753 654 3053 710 lldelitatis
3076 653 3347 709 absolvit.
3386 652 3559 721 (Ama.

1920 737 2093 794 Fuld.
2132 756 2180 794 a.
2215 743 2363 811 834.)
2396 743 2720 798 Ludovicus
2752 742 2925 797 etiam
2958 744 3096 798 Pius
3160 743 3476 812 imperator
3508 742 3563 795 in

1922 826 2220 884 Elisatiam
2255 832 2574 901 profectus,
2611 832 3060 888 occurrentibus
3089 832 3139 886 ei
3200 830 3279 886 ibi
3296 829 3567 886 liliissuis

1922 930 2050 971 cum
2086 918 2365 988 Gregorio
2397 922 2465 975 IV
2488 922 2743 976 Romano
2769 920 3062 991 pontifice,
3091 919 3313 992 judicio
3342 921 3567 991 episco-

1924 1022 2125 1077 porum
2150 1022 2306 1064 arma
2329 1008 2620 1080 deposuit,
2656 1014 2711 1064 ct
2738 1009 2809 1065 ad
2842 1009 3223 1080 penitentiam
3285 1009 3563 1079 agendam

1919 1084 2227 1166 aliquanto
2254 1103 2513 1168 tempore
2537 1097 2799 1168 privatus
2829 1102 2925 1153 aut
2946 1097 3097 1154 sicut
3122 1097 3372 1167 ingestis
3395 1099 3566 1153 Fran-

1923 1199 2120 1241 corum
2137 1185 2352 1254 legitur
2375 1185 2637 1242 inclusus
2651 1184 2964 1241 vietitavit.
2989 1184 3191 1255 (Ibid.,
3208 1200 3257 1241 a.
3276 1185 3562 1256 863,sqq.)

1922 1273 2095 1342 Legat
2123 1274 2295 1329 etiam
2328 1274 2382 1328 in
2415 1273 2613 1329 eodem
2647 1273 2939 1330 volumine
2970 1274 3065 1344 qui
3098 1273 3253 1329 scire
3286 1273 3559 1342 voluerit,

1924 1360 2059 1431 quid
2094 1376 2123 1417 a
2154 1363 2326 1418 beato
2358 1361 2633 1418 Nicholao
2658 1376 2805 1433 papa
2831 1361 3456 1418 adversusLotharium
3479 1376 3564 1418 rc-

1920 1465 2047 1518 gem
2071 1455 2128 1505 et
2160 1450 2456 1522 conplices
2506 1452 2879 1520 fautoresque
2918 1449 3044 1519 ejus
3072 1456 3265 1506 actum
3322 1450 3395 1505 sit
3461 1466 3563 1522 pro

1919 1538 2223 1608 Tietbcrga
2260 1540 2453 1610 regina
2493 1539 2816 1610 repudiata,
2852 1542 2909 1593 et
2943 1538 3211 1594 Waldrad
3242 1554 3273 1593 a
3296 1537 3562 1595 adultera

1923 1628 2388 1683 subintrodm-ta.
2428 1630 2651 1684 Sanctze
2677 1627 2967 1682 memoria)
3000 1642 3231 1696 quoque
3246 1630 3563 1683 Germanus

157 1708 349 1765 lorum
371 1710 491 1778 regi
514 1712 598 1765 vir
614 1727 854 1782 magnus
868 1718 923 1768 et
941 1715 1500 1784 egregiussacerdos
1516 1718 1806 1786 Eugenius
1838 1739 1890 1796 B
1924 1716 2274 1772 Parisiorum
2295 1717 2608 1787 episcopus
2633 1716 2965 1772 Aribertuin
2993 1731 3208 1784 regem,
3237 1716 3367 1785 quia
3386 1731 3565 1771 uxore

158 1798 641 1868 Carthaginiensis
668 1802 984 1872 episcOpus
1020 1804 1303 1874 multique
1327 1822 1453 1861 eum
1486 1808 1691 1862 eodem
1716 1824 1806 1862 ca-

156 1886 365 1942 tholici
415 1888 751 1944 sacerdotes
809 1895 1147 1946 constanter
1207 1894 1487 1949 restitere
1534 1896 1804 1966 sevienti,

157 1982 493 2047 cunctaque
521 1983 779 2034 extrema
809 1980 1147 2047 tolerantes,
1168 1982 1454 2052 hodieque
1492 2000 1805 2055 persequu-

158 2064 393 2119 toribus
430 2066 706 2123 resistere
733 2083 841 2123 non
866 2069 1161 2125 omittunt.
1193 2072 1332 2141 (Fel.
1360 2076 1501 2138 H3.)
1540 2074 1807 2142 Nosque-

156 2168 271 2221 que
305 2154 571 2209 Odoacro
606 2156 855 2211 barbaro
883 2157 1144 2212 heretico
1170 2174 1409 2228 regnum
1466 2160 1643 2216 italiae
1665 2165 1805 2216 tunc

158 2242 410 2309 tenenti,
438 2258 564 2297 cum
597 2243 788 2315 aliqua
815 2261 923 2301 non
960 2246 1218 2303 facienda
1257 2248 1628 2319 praeciperet,
1692 2253 1807 2307 Deo

159 2335 486 2399 priestante
517 2331 851 2390 nullatenus
890 2335 1157 2405 paruisse
1213 2337 1581 2395 manifestum
1634 2346 1741 2394 est.
1778 2361 1804 2392 ››

155 2420 275 2474 llec
303 2419 591 2477 Gelasius.
626 2422 930 2493 Reliquum
973 2428 1081 2494 est,
1144 2429 1207 2482 ut
1265 2431 1319 2481 et
1378 2442 1483 2483 nos
1542 2428 1806 2500 exempla

155 2509 548 2576 querentibus
583 2511 911 2567 testimonia
943 2513 1027 2567 rei
1059 2516 1113 2568 ct
1148 2516 1391 2585 tempori
1448 2532 1704 2586 congrua
1736 2534 1809 2573 ex

158 2598 422 2656 decretis
455 2602 754 2659 canonicis
783 2609 844 2659 et
872 2603 1187 2677 scripturis
1210 2609 1520 2663 autenticis
1549 2610 1807 2679 profera-

160 2704 310 2758 mus,
346 2694 408 2744 ct
435 2689 489 2744 in
524 2690 691 2747 domo
722 2693 839 2757 Dei,
876 2694 923 2749 si
972 2710 1177 2750 aurum
1226 2701 1529 2765 argentum
1582 2696 1806 2768 lapides

161 2778 481 2846 prae-tiosos
512 2795 623 2835 non
662 2796 992 2853 possumus,
1015 2783 1222 2839 saltem
1248 2784 1377 2854 quia
1393 2785 1476 2841 sic
1508 2786 1805 2843 nobiscum

158 2866 307 2922 bene
338 2868 554 2939 agitur,
590 2870 678 2925 vel
702 2870 853 2941 pilos
877 2886 1187 2943 caprarum
1211 2873 1537 2931 offeramus.
1566 2878 1638 2931 Ut
1669 2892 1807 2945 ergo

154 2954 463 3025 aliquanto
510 2959 817 3030 superiora
878 2967 1234 3032 repetamus,
1280 2964 1466 3019 beatae
1513 2965 1805 3020 memoriae

159 3044 451 3101 Fabianus
506 3060 650 3117 papa
704 3048 1028 3121 Philippum
1085 3050 1496 3122 imperatorem
1558 3053 1803 3123 primum

155 3133 415 3189 omnium
445 3134 858 3206 imperatorum
909 3139 1312 3207 christianum,
1338 3156 1466 3195 cum
1523 3139 1803 3196 voluisset

158 3220 210 3275 in
248 3222 631 3292 paschalibus
657 3226 820 3282 festis
851 3227 1280 3283 communicare
1314 3228 1560 3284 vivifieis
1616 3229 1807 3285 miste-

157 3308 280 3373 riis,
323 3310 478 3366 inter
514 3312 843 3383 penitentes
875 3320 1030 3371 stare
1066 3316 1576 3387 praecepit,quoad
1603 3316 1807 3387 culpas

155 3412 187 3466 q
199 3414 284 3453 uze
300 3398 374 3453 de
387 3415 459 3454 eo
475 3400 738 3471 plurimae
756 3403 988 3459 fereban
1001 3407 1225 3474 tur,per
1240 3404 1576 3474 penitentia)
1596 3403 1808 3459 lamen-

157 3490 211 3540 ta
229 3485 487 3543 dilucret
512 3505 526 3554 ;
549 3490 700 3560 quod
724 3494 781 3545 et
799 3490 1279 3560 religiosissimus
1301 3492 1567 3564 princeps
1581 3498 1809 3562 gratan-

161 3573 199 3627 ti
223 3574 422 3631 animo
454 3578 732 3649 suscepit.
758 3579 934 3648 Cujus
959 3578 1274 3648 humilitas,
1295 3580 1485 3649 utjam
1511 3579 1647 3635 alibi
1665 3581 1807 3636 dixi-

160 3678 305 3733 mus,
341 3666 511 3720 tanto
542 3666 869 3723 mordacius
901 3672 1184 3723 tumorem
1221 3684 1423 3737 regum
1475 3674 1805 3724 nostrorum

162 3749 411 3822 impetit,
448 3760 666 3823 quanto
697 3756 1030 3825 religiosius
1065 3756 1161 3812 ille
1222 3756 1585 3827 disciplinam
1608 3757 1808 3813 mccle-

160 3840 462 3896 siasticam
480 3842 534 3897 in
552 3848 665 3898 tam
692 3860 819 3900 rara
836 3845 1175 3915 recentique
1222 3847 1290 3901 ch
1302 3830 1808 3903 ristianitatc'sus-

160 3929 337 4000 cepit,
358 3945 529 4000 quam
551 3932 626 3985 hii
648 3932 699 3986 in
715 3932 831 4001 jam
855 3940 1076 3990 matura
1098 3938 1155 3989 et
1181 3934 1424 3989 dilatata
1486 3950 1586 3990 nec
1605 3935 1805 3990 audire

160 4018 555 4074 consentiunt.
578 4021 790 4077 Beatus
806 4022 1471 4079 Ambrosiusmaximum
1490 4021 1560 4077 im
1574 4028 1801 4093 perato-

161 4120 277 4160 rem
304 4121 333 4161 a
364 4110 768 4165 communione
802 4110 1154 4180 segregavit,
1190 4111 1507 4167 admonens
1532 4116 1595 4167 ut
1640 4111 1803 4168 effusi

161 4195 465 4263 sanguinis
497 4195 712 4253 domini
745 4200 831 4254 sui
852 4199 1461 4270 penitentiamageret.
1482 4200 1803 4269 Eugenium

159 4296 392 4353 quoque
414 4285 826 4356 imperatorem
850 4287 980 4357 quia
1006 4288 1075 4343 de
1093 4288 1407 4359 repetenda
1431 4303 1528 4344 ara
1544 4288 1805 4345 victoria)

160 4387 221 4427 se
256 4373 571 4443 sacrilegio
596 4376 849 4446 miscuit,
878 4376 1385 4433 idemAmbrosius
1421 4392 1656 4433 munera
1681 4378 1805 4447 ejus

1837 3098 1886 3161 C

1922 1804 2179 1873 legitima
2215 1805 2494 1860 derelicta
2521 1807 2665 1860 duas
2696 1804 2805 1859 sibi
2840 1804 2890 1858 in
2921 1802 3566 1871 matrimoniumjunxe—

1923 1897 2030 1955 rat,
2068 1893 2589 1948 excommunicavit
2624 1910 2635 1957 ;
2673 1892 2768 1962 qui
2801 1892 2934 1962 quia
2969 1896 3277 1947 correctus
3309 1906 3417 1946 non
3453 1895 3563 1957 est,

1917 1982 2135 2051 judicio
2166 1982 2262 2037 Dei
2289 1997 2605 2053 percussus
2637 1984 2901 2037 mortuus
2932 1986 3041 2035 est.
3094 1980 3403 2035 Nieeforus
3428 1996 3567 2050 quo-

1921 2088 2032 2142 que
2051 2072 2377 2142 patriarcha
2395 2069 3203 2139 Constantinopolitanus,vir
3220 2068 3563 2137 catholicus,

1921 2161 2290 2216 considerata
2310 2159 2653 2214 dilllcnltate
2670 2164 2725 2212 et
2744 2158 3076 2213 incursione
3096 2157 3474 2212 barbarorum
3492 2157 3568 2211 in-

1922 2249 2236 2318 tolerabili,
2271 2247 2609 2305 Michaelem
2636 2248 3064 2319 imperatorem,
3092 2247 3223 2317 quia
3254 2246 3566 2317 aliquoties

1920 2354 2272 2409 congressus
2305 2354 2435 2395 cum
2472 2338 2739 2393 barbaris
2765 2338 2890 2392 sine
2939 2336 3236 2406 triumpho
3294 2349 3567 2391 reversus

1924 2429 2096 2485 fuerit
2128 2432 2185 2482 et
2222 2426 2529 2496 inglorius,
2564 2425 2856 2497 deposuit,
2892 2431 2949 2479 et
2979 2438 3088 2479 una
3111 2440 3240 2480 cum
3284 2423 3562 2494 Procopia

1923 2522 2169 2586 augusta
2211 2514 2485 2584 natisque
2503 2514 2627 2569 suis
2644 2513 2966 2569 monastico
2982 2512 3170 2568 induit
3203 2511 3559 2567 indumento.

1922 2606 2061 2676 (Fel.
2098 2604 2255 2676 113’.)
2277 2606 2341 2659 Et
2360 2609 2424 2660 ut
2440 2601 2880 2658 innumerabilia
2918 2600 3462 2672 przrttermittamus
3487 2604 3566 2655 tc-

1921 2694 2418 2764 stimonia,dicant
2436 2692 2530 2763 qui
2551 2689 3234 2760 regesabzerelesiastica
3251 2688 3559 2759 disciplina

1919 2788 1976 2838 et
2002 2799 2103 2854 per
2135 2783 2241 2837 hoc
2268 2797 2295 2836 a
2330 2784 2444 2836 Deo
2476 2781 2679 2836 volunt
2706 2779 2981 2847 alienare,
3018 2778 3282 2834 utrumin
3316 2777 3566 2833 omnidi-

1919 2872 2178 2927 vinarum
2213 2870 2642 2941 Scripturarum
2678 2868 2849 2937 serie,
2879 2867 2932 2921 in
2955 2867 3165 2937 quibus
3198 2866 3561 2921 diversarum

1917 2962 2204 3017 sociarum
2226 2958 2467 3014 heretici
2485 2960 2760 3028 leguntur
2776 2955 3071 3027 dampnati
3091 2955 3284 3025 fuisse,
3314 2955 3561 3026 impera-

1921 3055 2080 3105 tores
2101 3048 2411 3106 videantur
2443 3046 2699 3117 excepti;
2715 3045 2876 3101 verbi
2902 3044 3088 3113 gratia
3105 3049 3310 3099 etcum
3335 3042 3561 3098 Arriani

1919 3138 2326 3208 dampnantur,
2412 3134 2787 3191 Constantius
2819 3134 3155 3204 imperator,
3180 3138 3281 3189 aut
3310 3132 3558 3200 Walcns,

1919 3229 2019 3281 aut
2049 3225 2261 3295 aliquis
2291 3239 2491 3294 regum
2513 3223 2758 3278 Arriano
2781 3238 2941 3278 came
2959 3219 3563 3291 sordentumcxcipia-

1921 3318 2017 3369 tur
2044 3315 2066 3368 ?
2090 3314 2198 3369 Sed
2216 3314 2331 3384 jam
2363 3314 2486 3383 ipse
2507 3311 2753 3367 domnus
2776 3325 2943 3381 papa,
2961 3309 3056 3379 qui
3076 3310 3309 3364 meubra
3328 3307 3561 3379 putrida

1920 3406 1980 3457 et
2012 3407 2272 3458 emortua
2306 3398 3198 3472 przeciditabunitalecorporis,
3228 3397 3564 3469 porrigatet

1920 3490 2201 3547 ohtendat
2220 3496 2425 3545 contra
2442 3489 2829 3559 obloquentes
2853 3486 3353 3543 etsubsannautes
3366 3490 3424 3541 et
3450 3500 3562 3541 ma-

1920 3581 2134 3637 ledicta
2190 3579 2476 3650 jacientes
2508 3579 2756 3650 elipeum
2813 3575 3184 3633 defensionis.
3241 3575 3331 3630 Ait
3366 3575 3561 3645 itaque

1920 3668 2183 3725 scribens
2218 3668 2487 3723 fidelibus
2510 3667 2564 3722 in
2596 3665 3085 3723 Theutouieorum
3120 3678 3295 3732 regno
3315 3678 3562 3720 commo-

1920 3756 2187 3812 rantibus
2219 3758 2371 3812 etde
2403 3754 3004 3812 excommunicatione
3040 3753 3194 3823 regis
3247 3751 3564 3807 dubitanti-

1922 3847 2066 3901 bus:

1992 3953 2018 3983 «
2054 3934 2371 4003 Gregorius
2427 3933 2574 4003 (166)
2636 3933 2967 4003 episcopus.
3017 3944 3223 3985 servus
3262 3945 3559 3986 servorum

1918 4023 2037 4091 Dei,
2073 4023 2339 4078 omnibus
2371 4022 2685 4093 episcopis,
2704 4021 2971 4089 ducibus,
2993 4018 3307 4074 comitibus
3326 4018 3563 4074 ceteris-

1919 4126 2030 4182 que
2054 4111 2324 4167 lldelibus
2341 4110 2393 4165 in
2416 4125 2593 4179 regno
2618 4108 3143 4164 Thcuthonicorum
3184 4106 3558 4162 christianum

1920 4200 2088 4255 ﬁdem
2122 4197 2500 4268 diligentibus
2530 4196 2774 4253 salutem
2808 4201 2867 4251 et
2900 4195 3278 4266 apostolicam
3330 4191 3562 4248 benedi-

1917 4289 2188 4346 ctionem.
2218 4287 2558 4357 Audivimus
2592 4284 2869 4355 quosdam
2897 4284 3046 4338 inter
3070 4298 3171 4338 vos
3230 4282 3300 4337 de
3330 4296 3559 4336 excom-

1918 4375 2305 4434 municatione
2340 4390 2509 4444 quam
2560 4374 2612 4427 in
2667 4388 2859 4442 regem
2910 4372 3150 4427 fecimus
3196 4370 3553 4437 dubitare,»

159 4462 382 4531 sprevit
412 4465 564 4519 etab
586 4445 1068 4521 zecclcsiaeuniet
1089 4465 1546 4536 complicesejus
1566 4445 1800 4537 abjeeit.
1833 4445 1887 4507 D
1918 4470 2029 4521 etc.
2063 4466 2082 4535 (
2131 4464 2270 4520 Vide
2298 4464 2456 4522 inter
2481 4462 2649 4535 epist.
2688 4462 2964 4534 Gregorii
3004 4461 3134 4530 VII,
3198 4458 3561 4530 Patrologice

160 4551 389 4607 Sancte
421 4553 713 4608 memori-J3
745 4567 974 4624 quoque
1008 4569 1153 4625 papa
1190 4554 1502 4623 Gregorius
1523 4555 1596 4609 IlI
1622 4569 1808 4610 remo-

161 4639 236 4693 vit
268 4641 532 4709 Romam,
567 4645 627 4697 et
655 4641 899 4712 Italiam,
934 4645 992 4698 et
1024 4642 1212 4699 omnia
1248 4647 1361 4698 tam
1415 4642 1497 4698 rei
1557 4643 1804 4714 publica:

159 4742 329 4797 quam
364 4729 801 4787 {ecclesiasticae
828 4731 960 4799 jura
991 4731 1044 4786 in
1089 4731 1385 4803 Hesperiis
1438 4731 1702 4802 partibus
1735 4731 1805 4786 ab

159 4817 494 4873 obedientia
514 4818 718 4873 Leonis
739 4818 1179 4890 imperatoriset
1208 4807 1432 4890 imperii
1458 4819 1565 4875 sub
1584 4835 1652 4874 eo
1673 4836 1804 4875 cou-

159 4905 377 4961 stituti.
414 4907 708 4962 Iohannes
740 4908 1063 4977 etiam,non
1084 4923 1229 4979 papa
1250 4907 1677 4979 autepiscopus
1703 4908 1805 4964 sed

160 4994 479 5050 monachus
492 4999 548 5051 et
567 4995 1499 5066 presbiterDamaseenus,doctor
1523 4998 1801 5067 Optimus,

157 5084 407 5138 eundem
433 5083 676 5138 Leonem
697 5098 826 5139 cum
860 5084 1116 5140 Orientis
1136 5084 1429 5156 episcopis
1452 5085 1804 5141 anathemati

162 5170 449 5226 subdidit.
488 5172 677 5227 Beatze
703 5172 995 5228 memoriae
1023 5171 1334 5228 Zacharias
1376 5187 1523 5244 papa
1566 5172 1812 5229 llilderi-

160 5273 288 5313 cum
324 5258 592 5315 ultimum
626 5260 696 5315 de
727 5260 911 5331 stirpe
946 5260 1405 5330 Merovingorum
1462 5274 1812 5330 regemare-

159 5361 270 5414 gno
299 5347 602 5419 deposuit,
633 5354 690 5404 et
728 5349 783 5404 in
814 5348 1231 5405 monasterium
1264 5348 1716 5421 detrudijussit,
1753 5355 1812 5406 et

1920 4560 2054 4611 tom.
2091 4554 2389 4624 CXLVIII).

1990 4641 2237 4713 Scripsit
2268 4645 2323 4696 et
2359 4641 2525 4697 aliam
2560 4638 2891 4711 epistolam,
2930 4636 3553 4705 intuitudiscretionis,

1922 4730 2159 4803 pietatis
2203 4734 2261 4786 et
2322 4728 2739 4785 misericordia:
2791 4728 3101 4783 dulcedine
3152 4726 3397 4797 plenam,
3452 4740 3556 4795 pro

1920 4816 2397 4875 reconciliatione
2428 4816 2808 4888 quorumdam
2844 4822 2943 4881 ;ut
2977 4816 3024 4870 si
3058 4814 3153 4885 qui
3184 4814 3253 4868 ad
3282 4815 3454 4868 Deum
3475 4828 3558 4867 re-

1921 4906 2066 4963 verti
2127 4906 2467 4977 volui<sent,
2522 4905 2807 4960 haberent
2870 4906 3131 4975 paratum
3185 4916 3302 4972 przc
3370 4899 3558 4955 oculis

1923 4995 2404 5051 inedieamentmn
2423 4993 2942 5061 reconciliationis,
2955 5007 3021 5047 ne
3036 4990 3211 5046 alicui
3228 4987 3557 5059 egritudine

1922 5088 2221 5156 przevento
2248 5082 2503 5152 obesset,
2532 5082 2682 5151 quod
2709 5081 2779 5138 ad
2812 5080 3008 5137 sedem
3059 5078 3438 5149 apostolicam
3469 5093 3560 5134 oc-

1922 5185 2161 5229 currere
2185 5186 2295 5227 non
2331 5175 2573 5242 posset;
2630 5174 2783 5225 etut
2837 5166 2991 5223 nulla
3040 5168 3356 5223 haberetur
3409 5181 3562 5223 eom-

1925 5260 2213 5317 munionis
2244 5259 2497 5317 societas
2520 5274 2647 5315 eum
2667 5255 3182 5313 excommunicatis
3219 5274 3230 5310 :

1997 5367 2025 5400 «
2074 5347 2388 5418 Gregorius
2439 5347 2771 5417 episcopus,
2823 5360 3030 5402 servus
3082 5360 3379 5402 servorum
3438 5344 3557 5405 Dei,

229 5544 379 5613 (166)
408 5542 616 5599 Exstat
644 5547 704 5599 et
735 5543 787 5599 in
820 5542 1022 5605 codice
1056 5542 1309 5600 Udalriei
1348 5546 1442 5599 146
1464 5546 1695 5619 etapud
1731 5458 1802 5602 BI:

1927 5460 2209 5615 Fedcnsem
2240 5557 2290 5598 c.
2325 5545 2411 5598 78.
2450 5541 2513 5597 Κ.
