3960 6052
355 116 472 184 815

1313 132 1684 204 HUGONIS
1723 136 2082 204 ABBATIS
2123 83 2804 216 FLAVINIACENSIS

3637 139 3756 219 816

353 255 702 360 omnibus
725 261 966 360 Chr-isto.
989 265 1292 360 fratribus,
1317 270 1630 360 episcopis,
1657 273 1992 345 abbatibus,
2023 274 2081 337 A
2118 293 2186 336 na
2221 285 2312 338 est
2363 284 2582 354 synodo
2641 284 2966 360 depositus.
3030 285 3418 360 responderit,
3463 289 3752 360 quomodo

357 347 1134 422 saeerdotibus,ducibuset
1175 357 1538 431 principibus
1579 367 1754 432 atque
1802 363 1999 420 militi-

360 433 490 504 bus,
527 437 910 510 omnibusque
937 443 1338 504 christianiam
1370 449 1536 505 ﬁdem
1571 455 1630 504 et
1665 451 1816 507 beati
1841 452 1999 508 Petri

359 520 636 611 honorem
671 542 872 586 revera
906 532 1287 603 diligentibus
1331 537 1384 593 in
1448 540 1704 595 Romano
1757 539 2000 611 imperio

367 609 786 689 habitantibus,
819 619 1062 678 salutem
1097 628 1155 678 et
1204 625 1586 695 apostolicam
1647 609 2001 686 benedictio-

361 714 507 790 nem.
531 703 758 763 Gratias
781 709 1400 786 agimusomnipotenti
1457 717 1596 787 Deo,
1647 721 1806 774 »etc.
1858 719 2004 790 (Ea:-

355 786 481 846 διαί
506 792 774 864 Regiam
797 795 895 852 lib.
923 813 999 870 ιν,
1033 815 1086 855 n.
1141 803 1218 874 1.)

431 878 544 936 Hec
567 881 746 952 igitur
780 901 884 957 pro
906 888 1385 948 reconciliatione
1409 893 1564 962 regis
1578 897 1638 950 et
1663 893 1906 954 aliorum
1929 897 2000 953 ab

359 967 605 1026 ecclesia
629 971 1015 1032 alienatorum
1051 977 1180 1050 pius
1193 980 1547 1051 paterdabat
1573 983 1846 1040 mandata
1870 984 2003 1041 {ide-

361 1055 514 1115 libus
550 1077 564 1126 ;
599 1061 690 1117 cui
727 1067 944 1121 tamtus
973 1064 1041 1099 ⁴⁰¹
1068 1067 1252 1124 inerat
1283 1070 1532 1141 justitia)
1587 1073 1882 1145 Splendor,
1936 1078 1994 1129 ut

359 1159 518 1203 suam
552 1154 934 1222 postponeret
958 1155 1223 1228 salutem,
1253 1161 1994 1229 quomatriecelesiteanti-

360 1247 526 1306 quam
562 1237 834 1297 redderet
853 1243 1202 1302 libertatem.
1223 1249 1342 1303 Non
1367 1249 1660 1306 cnimeum
1686 1251 1997 1308 movebant

357 1323 567 1383 salutis
589 1329 847 1399 pericula
891 1348 995 1404 pro
1038 1335 1266 1405 justitia
1335 1345 1611 1410 suscepta
1673 1339 1764 1396 vel
1817 1342 1999 1397 susci-

358 1410 585 1484 pienda.
623 1417 764 1486 (Fol.
803 1422 944 1492 116).
979 1423 1058 1478 lta
1076 1423 1227 1480 enim
1259 1426 1508 1482 animum
1535 1443 1698 1500 suum
1729 1428 1999 1486 informa-

357 1507 542 1590 verat,
581 1510 641 1560 ut
673 1521 859 1578 neque
892 1510 1148 1583 divitias,
1185 1529 1372 1586 neque
1429 1516 1782 1589 voluptates,
1809 1533 1996 1590 neque

359 1589 610 1689 honores
643 1594 697 1650 in
722 1598 988 1656 maximis
1019 1603 1426 1674 constitueret,
1473 1620 1660 1676 neque
1685 1607 1742 1662 in
1765 1607 1854 1664 his
1877 1589 1998 1664 stu-
2027 1629 2079 1689 Β

359 1677 515 1735 dium
551 1697 716 1740 suum
749 1701 917 1744 omne
947 1695 1300 1763 contereret,
1330 1693 1468 1764 quin
1500 1695 1700 1766 potius
1723 1695 1866 1752 illud
1898 1695 1998 1752 de-

357 1781 558 1862 corum
590 1775 647 1826 et
682 1772 984 1832 honestum
1015 1779 1090 1835 ita
1127 1780 1235 1836 sibi
1263 1787 1670 1862 proposuerat,
1700 1789 1782 1840 -ut
1834 1785 1998 1856 quid-

361 1854 498 1924 quid
521 1858 571 1912 ei
605 1861 918 1920 accidisset
951 1881 1063 1936 quo
1090 1869 1270 1939 l‘rangi
1293 1854 1552 1928 homines
1583 1871 1795 1944 solent,
1834 1854 1998 1944 quasi

361 1949 633 2018 superior
655 1966 764 2008 non
795 1954 1062 2011 sentiret.
1093 1957 1390 2016 Sollicitus
1421 1961 1592 2016 etiam
1654 1967 1804 2032 erat,
1831 1961 1996 2038 juxta

362 2036 594 2094 beatum
630 2042 1016 2113 Ambrosium,
1051 2059 1122 2100 ne
1153 2047 1290 2116 quid
1319 2053 1542 2106 temere
1565 2055 1662 2106 aut
1703 2036 2000 2107 incuriose

361 2133 584 2200 ageret,
617 2144 687 2186 ex
711 2146 826 2202 quo
873 2133 1233 2204 probabilem
1291 2152 1402 2193 non
1459 2143 1659 2209 posset
1719 2139 2000 2195 rationem

364 2217 628 2274 reddere.
663 2220 1058 2278 Pretendcbat
1087 2225 1276 2282 animo
1302 2230 1365 2282 ut
1404 2227 1588 2284 bonus
1639 2226 2000 2299 speculator,

365 2309 423 2361 ut
457 2307 756 2378 appetitus
777 2309 987 2368 rationi
1014 2312 1138 2383 lege
1193 2319 1415 2372 naturae
1467 2315 1762 2386 subditus,
1816 2330 2004 2388 neque

365 2399 1058 2466 praacurreretrationem
1075 2403 1580 2473 nequedesercret
1614 2419 1716 2469 ;ne
1750 2419 2008 2476 praecur-

364 2484 545 2541 rendo
577 2487 917 2556 pertubarct
947 2504 1073 2546 eam
1107 2494 1283 2562 atque
1313 2491 1676 2561 excluderet,
1729 2497 1788 2550 et
1843 2495 2006 2551 dese-

365 2572 547 2644 rendo
578 2574 946 2632 destitueret.
982 2578 1191 2635 Verum
1221 2579 1476 2636 Ileinrici
1521 2581 1829 2652 pertubata
1845 2597 2006 2639 mens

365 2660 554 2717 effuso
587 2663 874 2735 appetitu,
903 2669 1195 2738 tamquam
1241 2669 1484 2726 eﬂ‘erato
1545 2669 1764 2741 impetu
1812 2670 2006 2728 frenos

369 2749 615 2807 rationis
629 2765 738 2808 non
761 2754 1146 2826 suscipiebat,
1163 2771 1270 2814 nec
1284 2759 1577 2815 sentiebat.
1593 2759 1807 2829 aurigae
1823 2759 2009 2817 mode-

367 2837 607 2908 ramina,
643 2837 892 2912 ideoque
927 2843 1205 2901 ﬂeetinon
1234 2849 1484 2918 poterat.
1511 2848 1628 2904 Nec
1645 2847 1886 2904 deerant
1908 2848 2006 2918 qui

368 2926 574 2984 missas
606 2943 770 3001 papa}
792 2931 1074 3002 epistolas
1101 2933 1152 2989 ei
1171 2934 1648 3006 referebant,sed
1663 2950 1792 3007 quae
1817 2937 2006 2993 facere

367 3015 754 3089 despiciebat,
771 3019 944 3076 etiam
969 3021 1118 3078 seire
1132 3024 1603 3095 contempnebat,
1621 3038 1694 3080 ex
1728 3024 1796 3058 ⁴⁰²
1813 3025 2006 3082 verbis

367 3111 557 3162 tamen
591 3107 830 3179 pietatis
855 3109 1250 3168 meditabatur
1278 3126 1498 3168 venena
1519 3111 1872 3184 iniquitatis,
1906 3117 2008 3170 Ar-

366 3195 628 3264 rogantis
659 3196 809 3253 enim
843 3203 937 3254 est
987 3199 1286 3272 proprium
1342 3199 1412 3256 de
1464 3201 1588 3258 suis
1646 3201 1811 3260 malis
1859 3203 2007 3260 bona

367 3283 663 3354 estimarc,
681 3285 753 3341 de
779 3286 984 3344 alienis
999 3287 1168 3344 bonis
1189 3289 1334 3345 bona
1352 3290 1596 3360 sentire,
1611 3296 1671 3346 et
1690 3291 1854 3348 bona;
1871 3306 2009 3364 pon-

368 3372 477 3430 dus
493 3372 740 3430 actionis
773 3380 1004 3432 vertere
1036 3376 1091 3432 in
1115 3377 1399 3434 maculam
1422 3378 1700 3436 criminis.
1745 3379 1886 3437 Dum
1921 3396 2010 3436 er-

366 3476 440 3530 go
470 3475 541 3517 ex
568 3462 1063 3522 condescensione
1093 3469 1150 3522 et
1179 3467 1583 3538 compassione
1601 3469 1870 3527 caritatis
1897 3483 2011 3526 me-

371 3549 661 3608 ditaretur
693 3565 850 3608 arma
885 3553 1115 3624 furoris,
1150 3553 1452 3612 audiamus
1483 3557 1772 3627 quomodo
1821 3558 2010 3629 patris

372 3638 554 3696 nostri
586 3639 774 3696 virilis
802 3641 1049 3713 animus,
1084 3643 1300 3700 astutia
1353 3645 1647 3716 serpentis
1695 3651 1753 3702 et
1793 3647 2013 3703 colum-

373 3727 504 3783 bina
537 3727 913 3800 simplicitate
944 3731 1243 3803 praeditus,
1281 3731 1438 3788 velut
1473 3732 1544 3789 de
1588 3735 1826 3804 specula
1853 3750 2008 3792 men-

374 3815 453 3871 tis
483 3815 839 3887 cogitatione
873 3818 1110 3891 provida
1142 3820 1472 3877 obviaverit
1519 3823 1831 3880 conatibus
1883 3824 2012 3894 ejus

375 3903 607 3976 iniquis.
643 3907 740 3985 ᾼίι
767 3907 963 3979 itaque
1013 3907 1278 3966 scribens
1311 3908 1579 3966 fidelibus
1637 3909 1857 3969 eisdem
1891 3914 2016 3985 qui-

375 3993 483 4052 bus
509 3999 566 4050 et
599 4011 774 4066 supra
811 4015 824 4050 :

447 4103 474 4134 ‹‹
533 4084 848 4155 Gregorius
902 4084 1237 4158 episcopus,
1279 4101 1484 4144 servus
1535 4103 1840 4146 servorum
1892 4089 2014 4168 Dei,

371 4170 592 4228 eisdem
625 4173 892 4230 omnibus
919 4173 1167 4231 salutem
1191 4179 1247 4231 et
1291 4176 1696 4248 apostolicam
1746 4177 2018 4236 benedic-

377 4259 614 4318 tionem.
649 4263 964 4334 Postquam
1027 4263 1382 4320 fraternitati
1437 4269 1652 4322 vestras
1707 4267 2018 4338 epistolam

379 4346 852 4419 direximus,etc.
887 4349 1064 4421 (Vide
1091 4351 1250 4410 inter
1278 4352 1556 4424 epistolas
1589 4352 1904 4428 Gregorii).

453 4437 572 4493 Non
598 4437 830 4494 mireris
845 4453 974 4496 eum
993 4453 1184 4510 regem
1201 4441 1484 4496 nominari
1504 4441 1641 4498 licet
1657 4442 2014 4516 depositum,

378 4537 508 4580 cum
539 4527 598 4579 et
631 4526 842 4582 mortui
870 4525 1120 4598 pristino
1154 4528 1525 4585 nominentur
1564 4531 1876 4588 vocabulo.
1931 4532 2021 4589 Sic

384 4617 868 4684 quoquesanctus
897 4614 1208 4684 Gregorius
1237 4615 1576 4688 episcopum
1619 4617 2024 4677 inrevocabili-

2038 2979 2089 3044 C

2113 373 2236 428 tota
2269 371 2544 444 Spiritum
2578 381 2840 432 sanetum
2877 381 3066 432 mente
3123 377 3458 448 coneipiens
3488 377 3754 436 intonue-

2115 459 2191 514 rit
2223 461 2620 520 subinl‘eratur
2643 464 2761 535 (t‘ol.
2803 463 2938 538 ιιθί
2969 484 2979 518 :

2185 568 2212 599 «
2247 551 2562 620 Gregorius
2615 553 2948 624 cpiscopus,
3007 569 3215 610 servus
3262 569 3566 612 servorum
3631 557 3750 625 Dei,

2115 638 2384 694 omnibus
2412 640 2506 711 qui
2531 641 2770 713 cupiunt
2790 641 3156 698 annumerari
3185 643 3336 699 inter
3357 657 3494 700 oves
3517 645 3754 713 Christi,

2115 741 2258 798 quas
2291 729 2463 800 beato
2492 731 2667 786 Petro
2695 731 3264 802 commisit,salutem
3282 738 3340 788 et
3371 733 3754 806 apostolicam

2113 815 2597 876 benedictionem.
2649 819 2933 890 Audistis,
2983 819 3198 877 fratres
3254 821 3384 891 mei,
3437 836 3643 880 novam
3692 827 3752 879 et

2112 903 2430 1048 inbauditam
2462 909 2974 980 praesumptionem
3001 929 3027 961 »
3051 915 3166 966 etc.
3204 911 3458 976 (Exstat
3481 911 3754 984 Registri

2112 993 2158 1050 li
2201 1037 2212 1049 .
2246 1009 2326 1050 Ill.
2357 1010 2416 1050 η.
2445 997 2519 1050 6).

2136 995 2212 1052 ib.
2246 1009 2326 1066 Ill,
2357 1010 2416 1052 η.
2445 997 2519 1068 6).

2183 1120 2324 1190 (F01.
2352 1121 2517 1194 116’.)
2551 1124 2712 1180 Anno
2736 1123 2808 1179 ab
2831 1122 2943 1179 inc.
2975 1124 3132 1180 Dom.
3174 1126 3307 1180 1078
3361 1123 3680 1182 indictione
3707 1133 3752 1183 1.

2109 1210 2488 1282 pontificatus
2518 1210 2644 1282 ejus
2675 1225 2825 1268 anno
2858 1216 2908 1281 5,
2941 1225 3138 1268 mense
3165 1211 3392 1284 Martio,
3440 1215 3756 1284 Gregorius

2110 1314 2255 1372 papa
2277 1301 2390 1371 νη,
2428 1301 2698 1357 Romanae
2745 1297 2965 1371 synodo
3015 1299 3424 1372 episc0porum
3483 1306 3756 1360 cenctum

2111 1388 2452 1462 praesidens,
2478 1387 2625 1445 dixit
2650 1395 2781 1460 post
2807 1389 3036 1460 aliqua:
3069 1389 3489 1448 Ordinationea
3509 1390 3758 1448 illorum

2109 1479 2218 1552 qui
2247 1477 2320 1534 ab
2349 1477 2878 1536 excommmticatis
2898 1477 3043 1534 sunt
3077 1477 3364 1548 ordinati,
3413 1480 3758 1537 sanctorum

2111 1567 2686 1638 Patr'zimsequeutcs
2718 1566 3001 1638 vestigia,
3044 1571 3158 1622 etc.
3197 1565 3373 1636 (Vide
3434 1569 3502 1626 in
3540 1567 3758 1640 Grego-

2107 1657 2202 1713 rio
2245 1656 2376 1726 VII,
2412 1657 2558 1714 Acta
2587 1655 2802 1728 synodi
2831 1657 3115 1712 Romana
3141 1663 3207 1726 ι.)

2182 1779 2324 1848 (Fol.
2361 1777 2502 1851 116’)
2538 1779 2703 1851 (Acta
2731 1779 2940 1837 consil.
2973 1781 3156 1851 1079.)
3219 1781 3380 1836 Anno
3439 1781 3512 1836 ab
3568 1780 3757 1836 incar—

2112 1869 2347 1924 natione
2381 1869 2601 1924 Domini
2636 1873 2792 1937 1078,
2822 1881 3018 1924 mense
3068 1867 3382 1924 Februario
3438 1867 3757 1926 indictione

2112 1963 2164 2026 Q,
2191 1957 2568 2028 pontiﬁcatus
2598 1955 2790 2012 domui
2825 1971 2984 2028 papae
3016 1955 3276 2026 Gregorii
3317 1957 3433 2028 VII,
3487 1971 3635 2012 anno
3699 1961 3754 2024 6,

2113 2051 2497 2103 eonvocatum
2512 2049 2603 2101 est
2619 2044 2929 2102 concilium
2945 2059 3017 2101 ex
3038 2045 3290 2100 diversis
3311 2045 3578 2116 partibus
3595 2045 3762 2101 orbis

2115 2139 2172 2190 et
2206 2134 2474 2190 omnibus
2498 2135 2552 2189 in
2577 2132 2828 2190 ecclesia
2862 2132 3186 2189 Salvatoris
3220 2134 3412 2190 Romae
3447 2148 3763 2203 congrega-

2121 2223 2212 2294 tis,
2243 2224 2480 2281 babitus
2512 2227 2600 2280 cst
2632 2237 2822 2280 sermo
2854 2221 2926 2278 de
2953 2236 3199 2294 corpore
3225 2225 3281 2278 et
3325 2223 3604 2294 sanguine
3653 2225 3763 2280 Do-

2118 2313 2256 2369 mini
2291 2311 2458 2384 (167).
2490 2311 2731 2368 Maxima
2764 2311 3050 2382 siquidem
3085 2325 3222 2383 pars
3245 2325 3450 2383 panem
3477 2315 3534 2369 et
3564 2312 3763 2369 vinum

2119 2417 2224 2474 per
2257 2414 2442 2458 sacrae
2465 2399 2750 2457 orationis
2779 2401 2956 2456 verba
2987 2401 3044 2456 et
3076 2399 3403 2456 sacerdotis
3459 2413 3766 2457 consecra-

2121 2491 2336 2548 tionem
2350 2489 2570 2562 Spiritu
2585 2493 2790 2546 sancto
2805 2487 3182 2545 invisibiliter
3196 2493 3477 2560 operante
3493 2489 3763 2546 converti

2118 2579 2592 2638 substantialiter
2624 2579 2678 2634 in
2711 2576 3292 2650 corpusdominieum
3323 2577 3478 2649 quod
3511 2577 3568 2634 in
3584 2593 3766 2635 cruce

2122 2666 2417 2742 pependit,
2443 2671 2502 2723 et
2537 2665 2591 2722 in
2626 2665 2966 2736 sanguinem
2983 2664 3168 2736 quide
3189 2664 3316 2735 ejus
3347 2664 3533 2721 latere
3570 2665 3760 2734 ﬂuxit,

2121 2757 2423 2815 asserebat
2457 2775 2468 2810 :
2505 2755 2738 2827 quidam
2764 2769 2902 2811 vero
2933 2753 3199 2811 caecitate
3247 2753 3419 2810 nimia
3476 2753 3760 2826 perculsi,

2120 2847 2363 2917 ﬁguram
2390 2844 2620 2902 tantum
2655 2843 3020 2900 astruebant.
3055 2843 3263 2900 Verum
3306 2843 3405 2900 ubi
3455 2856 3550 2900 res
3602 2843 3766 2915 cepit

2121 2937 2232 3006 agi,
2271 2933 2608 3006 priusquam
2633 2931 2806 2989 tertia
2822 2931 2915 2988 die
2933 2934 3168 2988 ventum
3205 2931 3352 2988 foret
3383 2932 3439 2988 in
3453 2931 3758 3004 synodum.

2121 3024 2318 3081 deﬁcit
2347 3027 2553 3080 contra
2586 3021 2895 3078 veritatem
2928 3019 3035 3076 niti
3071 3034 3206 3092 pars
3239 3019 3443 3077 altera.
3502 3019 3764 3090 Denique

2119 3112 2523 3184 Berengarius,
2555 3111 2728 3182 hujus
2771 3109 2992 3166 erroris
3045 3108 3342 3179 magister,
3395 3110 3532 3182 post
3584 3107 3761 3179 longo

2119 3207 2383 3274 tempore
2415 3197 2865 3270 dogmatizatam
2899 3196 3260 3269 impietatem
3290 3210 3526 3254 errasse
3572 3211 3636 3254 se
3669 3211 3768 3254 co-

2120 3305 2240 3348 ram
2299 3288 2546 3348 concilio
2605 3288 2933 3358 confessus,
2994 3286 3219 3342 veniam
3281 3284 3632 3358 postulatam
3693 3302 3770 3343 ex

2121 3377 2444 3453 apostolica
2459 3376 2768 3434 clementia
2793 3375 3025 3446 meruit,
3052 3373 3390 3446 iuravitque
3443 3374 3528 3432 sic
3558 3393 3570 3430 :
3602 3375 3769 3446 «Ego

2121 3467 2506 3538 Berengarius
2537 3464 2715 3523 corde
2743 3465 2920 3522 credo
2942 3469 3001 3520 et
3033 3477 3138 3522 ore
3190 3464 3498 3534 confiteor,
3562 3477 3770 3534 panem

2119 3559 2177 3615 et
2208 3557 2404 3615 vinum
2439 3569 2566 3627 quae
2601 3554 2655 3609 in
2681 3553 2853 3610 altari
2893 3555 3214 3624 ponuntur,
3269 3565 3371 3624 per
3423 3551 3769 3623 mysterium

2121 3661 2305 3705 sacrae
2333 3643 2618 3701 orationis
2647 3646 2706 3699 et
2739 3642 2918 3698 verba
2949 3639 3138 3697 nostri
3197 3639 3606 3712 Redemptoris
3634 3640 3775 3696 sub-

2123 3733 2481 3793 stantialiter
2510 3729 2773 3788 converti
2807 3729 2863 3786 iu
2894 3743 3089 3786 veram
3114 3731 3170 3786 et
3209 3727 3500 3800 propriam
3516 3741 3583 3784 ac
3630 3727 3776 3783 vivi-

2125 3821 2444 3880 ﬁeatricem
2475 3833 2709 3877 carnem
2739 3822 2800 3874 et
2831 3816 3169 3888 sanguinem
3195 3815 3773 3872 domininostriJesu

2127 3909 2440 3981 Christi,et
2464 3911 2595 3980 post
2623 3906 3122 3964 consecrationem
3157 3917 3289 3961 esse
3322 3919 3524 3962 verum
3555 3918 3777 3976 corpus

2128 3999 2364 4071 Christi,
2401 3997 2555 4070 quod
2583 4000 2780 4052 natum
2814 3999 2874 4050 et
2897 3993 2968 4050 de
3007 3991 3260 4062 Virgine:
3326 3996 3383 4048 et
3444 4007 3548 4064 pro
3582 3992 3778 4050 salute

2131 4087 2325 4146 mundi
2359 4087 2617 4143 oblatum
2653 4084 2705 4138 in
2721 4096 2896 4140 cruce
2919 4078 3220 4153 pependit,
3253 4083 3310 4134 et
3344 4077 3498 4150 quod
3515 4081 3682 4136 sedet
3703 4081 3780 4137 ad

2129 4178 2428 4234 dexteram
2457 4172 2678 4238 Patris;
2713 4175 2772 4226 et
2805 4184 3001 4227 verum
3035 4166 3375 4239 sanguinem
3432 4167 3649 4225 Christi
3677 4170 3777 4240 qui

2132 4265 2202 4323 de
2240 4265 2367 4335 ejus
2395 4263 2579 4319 latere
2612 4262 2774 4317 fusus
2800 4261 2915 4328 est,
2947 4271 3058 4314 non
3084 4259 3310 4312 tantum
3335 4269 3438 4328 per
3465 4255 3692 4327 signum
3717 4262 3779 4314 et

2050 4331 2101 4392 D
2133 4331 2410 4412 virtutem
2443 4347 2812 4418 sacramenti,
2843 4347 2945 4404 sed
2981 4346 3036 4402 in
3061 4343 3428 4418 preprietate
3461 4349 3685 4404 natura
3717 4351 3782 4402 et

2133 4443 2358 4500 unitate
2383 4437 2750 4508 substantiae,
2787 4436 2944 4494 Sicut
2973 4435 3028 4491 in
3062 4436 3173 4491 hoc
3207 4433 3370 4490 brevi
3415 4432 3776 4505 continetur.

2133 4536 2190 4589 et
2237 4545 2344 4602 ego
2367 4527 2480 4599 legi
2511 4531 2568 4584 et
2602 4540 2709 4604 vos
2729 4523 3182 4596 intelligitis,sic
3203 4522 3384 4580 credo
3411 4539 3423 4576 :
3452 4535 3556 4579 nec
3571 4527 3780 4579 contra

2137 4622 2284 4678 hanc
2315 4616 2484 4674 fidem
2510 4614 2758 4672 ulterius
2790 4613 3035 4670 docebo.
3071 4610 3162 4668 Sic
3193 4625 3281 4666 me
3314 4611 3468 4668 Deus
3521 4608 3778 4680 adjuvet,

380 4704 472 4756 ter
487 4700 817 4774 depositum
833 4708 1116 4775 usurpato
1131 4704 2029 4778 nomineepiscopicensebatno-
2135 4714 2194 4768 et
2223 4710 2349 4765 haec
2370 4705 2745 4762 sacrosancta
2777 4699 3096 4771 evangelia.
3131 4701 3284 4756 Tunc
3322 4697 3570 4756 domnus
3630 4711 3781 4770 papa

384 4789 614 4862 minari,
629 4792 723 4849 cui
740 4799 930 4850 tamen
945 4791 1120 4850 nichil
1135 4792 1414 4866 depositae
1429 4793 1732 4864 dignitatis
1748 4796 2027 4854 restitue-

386 4892 446 4934 re
463 4878 714 4938 volebat.
735 4881 880 4949 Quid
895 4881 1070 4938 etiam
1088 4883 1295 4940 beatus
1308 4896 1453 4954 papa
1471 4883 1539 4940 ad
1564 4882 1912 4954 legationem
1961 4885 2028 4941 il-

387 4964 494 5022 lam
511 4969 666 5039 regis
679 4984 738 5026 se
758 4970 989 5027 minime
1003 4971 1282 5042 regentis,
1292 4986 1398 5043 pro
1411 4985 1520 5042 qua
1537 4976 1592 5028 et
1606 4971 1712 5028 iam
1756 4973 1811 5028 in
1829 4975 2030 5030 Roma-

2139 4793 2418 4871 praacepit
2451 4790 2802 4862 Berengario
2836 4787 3191 4847 auctoritate
3229 4785 3576 4858 apostolica,
3613 4788 3674 4842 ut
3709 4785 3783 4842 de

2138 4898 2386 4958 corpore
2406 4885 2464 4938 et
2489 4879 2769 4950 sanguine
2789 4876 3014 4934 Domini
3039 4889 3350 4946 numquam
3376 4873 3626 4932 ulterius
3649 4889 3780 4932 eum

2143 4973 2338 5045 aliquo
2367 4969 2674 5042 diaputare
2692 4965 2783 5023 vel
2815 4966 3024 5023 docere
3061 4965 3466 5037 praesumeret,
3536 4968 3782 5036 excepta

1741 5114 1978 5172 νΑΒυΕ
2018 5112 2416 5173 LECTIONES.

456 5238 522 5272 ιω
554 5239 644 5299 δια
671 5255 718 5300 c.
756 5242 822 5276 ⁴⁰²
855 5243 910 5300 ἱη
939 5257 1126 5316 supra
1149 5244 1340 5316 posito
1371 5243 1462 5300 vel
1489 5257 1563 5300 ex
1593 5245 1714 5300 coci.

1975 5353 2018 5406 N
2025 5350 2196 5408 011E.

457 5455 608 5528 (167)
640 5457 783 5515 Acta
800 5453 1030 5513 concilii
1059 5454 1211 5529 apud
1231 5454 1432 5525 Mansi,
1462 5455 1576 5526 XX,
1607 5458 1730 5512 523.
