3960 6052
178 182 337 288 811

1442 227 1934 295 CHRONIGON.
1970 266 2047 280 -
2075 233 2235 298 LIB.
2282 232 2354 299 II.

3477 227 3595 295 318

179 358 714 421 00080⁸1011οωοὧ
743 364 812 422 ad
848 364 1014 422 ﬁdem
1045 380 1168 435 eos,
1201 365 1296 437 qui
1330 380 1432 438 per
1462 365 1589 435 ejus
1619 365 1831 422 doctri-
1860 366 1913 427 A
1945 366 2030 423 sui
2064 370 2351 442 propositi
2384 369 2615 427 tramite
2650 368 2872 426 animus
2903 373 3040 426 tuus
3070 366 3326 424 revocari
3364 369 3579 440 potest.

183 467 314 507 nam
346 453 419 507 ab
450 468 513 507 ea
558 459 942 511 recesserant.

253 538 375 596 (Fel
444 542 584 609 H7.)
620 544 735 598 IIoc
766 558 912 599 anno
952 543 1095 599 obiit
1128 543 1456 600 Grimuldus
1488 543 1669 599 abbas
1703 558 1829 600 san-

176 628 260 684 cti
294 628 514 699 Vitoni,
558 630 689 686 dum
731 646 759 687 a
793 633 967 688 Roma
1008 633 1441 703 regrederetur,
1476 638 1532 691 et
1563 634 1832 704 sepultus

176 721 267 771 est
312 718 560 775 Mantua)
592 718 643 774 in
675 722 937 777 zecelesia
982 722 1165 778 sancti
1213 724 1453 779 Andreae
1485 724 1734 794 apostoli
1771 726 1831 779 14

182 805 471 863 Kalendas
516 808 671 877 Julii,
721 826 851 864 cuin
896 810 1009 878 jam
1063 811 1243 882 ipsam
1296 812 1603 869 ecclesiam
1654 813 1831 869 tertio

177 910 333 950 anno
383 902 609 965 regeret
664 897 908 953 domnus
958 898 1243 955 Rodulfus
1289 901 1486 965 abbas,
1541 902 1664 972 ipso
1710 900 1831 956 Gri-

178 982 376 1039 moldo
407 984 477 1039 de
510 984 851 1056 praelatione
883 987 1134 1043 0111101110
1173 992 1476 1044 excusato.
1509 990 1646 1045 Erat
1677 990 1830 1045 enim

176 1070 469 1143 simplicis
502 1079 744 1130 0010110.

252 1160 374 1216 1100
405 1161 577 1217 etiam
609 1177 779 1232 anno,
804 1164 899 1234 qui
932 1170 1059 1220 erat
1084 1166 1153 1219 ab
1181 1164 1575 1221 incarnatione
1608 1166 1828 1221 Domini

182 1250 349 1318 1078,
375 1250 627 1320 regimen
658 1252 1016 1322 praelationis
1038 1255 1187 1324 apud
1215 1256 1412 1309 (11811111
1439 1255 1535 1310 Dei
1562 1255 1833 1323 Siguinus

174 1338 470 1407 quondam
505 1340 902 1408 Lugdunensis
924 1343 1262 1413 canonicus,
1290 1344 1579 1399 natalibus
1612 1343 1827 1413 clarus,

175 1440 408 1482 morum
453 1428 744 1497 probitate
783 1444 1085 1499 coruscus,
1120 1446 1271 1487 nunc
1316 1432 1466 1487 felici
1504 1434 1710 1487 beatus
1739 1446 1833 1486 cx-

171 1529 351 1570 cessu
381 1513 467 1569 “’3.
506 1515 619 1571 Sub
653 1531 766 1585 quo
793 1518 1099 1574 ordinatus
1124 1526 1215 1575 081
1248 1521 1428 1577 abbas
1456 1520 1831 1577 Fraxinensis

174 1603 329 1673 (I68)
361 1604 624 1660 0001081111
653 1606 894 1663 Ρο01108
916 1622 944 1662 0
969 1607 1199 1665 domino
1226 1624 1369 1681 papa
1396 1611 1694 1678 Gregorio,
1734 1610 1828 1681 qui

1946 461 2259 530 PrOpterea
2290 465 2552 517 metuens
2586 475 2654 516 110
2689 460 2741 514 10
2778 458 2941 529 pejus
2974 456 3279 527 proﬁciant
3313 470 3377 512 ea
3408 451 3584 511 etiam

1944 562 2071 619 qua:
2107 550 2249 605 bona
2286 550 2577 619 videntur,
2612 549 2814 604 melius
2846 547 3015 603 nobis
3045 547 3231 601 visum
3262 548 3352 602 est
3378 548 3592 601 01001-

1941 652 2064 693 sum
2107 653 2272 694 suum
2325 646 2564 710 peragat
2608 641 2769 695 1101110
2811 637 3153 693 intentionis
3198 641 3310 692 1010
3354 634 3583 699 fluvius,

1943 742 2109 796 quam
2140 735 2337 783 contra
2382 729 2653 798 impetum
2697 743 2939 783 currens
2979 731 3261 796 perpetua
3306 723 3579 779 ariditate

1942 816 2308 888 dampuetur.
2355 817 2737 874 Tolerabilius
2777 821 2867 872 est
2912 815 3063 871 enim
3095 819 3157 871 ut
3199 820 3257 871 tu
3302 812 3466 871 solus
3501 826 3594 883 pc-

1943 920 2088 975 reas,
2117 921 2285 976 quam
2311 910 2501 963 tecum
2526 905 2747 978 pariter
2771 905 2921 962 sicut
2947 905 3230 959 hactenus
3253 916 3454 959 omnes
3480 899 3585 956 tibi

1942 995 2285 1051 commissos
2318 995 2371 1050 in
2399 995 2706 1051 discrimen
2743 993 3018 1049 adducas.
3057 992 3164 1048 Sed
3198 997 3387 1047 tamen
3418 989 3592 1047 conﬁ-

1943 1083 2153 1153 dimus,
2207 1083 2338 1155 quia
2389 1085 2606 1141 tribuet
2649 1084 2755 1139 tibi
2802 1083 3079 1139 Dominus
3125 1080 3442 1139 secundum
3493 1090 3596 1135 cor

1943 1176 2127 1239 tuum,
2163 1188 2331 1243 quem
2366 1189 2477 1229 non
2512 1173 2728 1229 invenit
2761 1173 3028 1227 idoneum
3060 1170 3129 1226 ad
3161 1169 3414 1238 regimen
3450 1167 3593 1223 alio-

1941 1276 2069 1318 rum
2094 1263 2410 1318 secundum
2436 1277 2537 1317 eor
2558 1278 2743 1318 suum.
2778 1261 2831 1315 Si
2858 1261 3053 1330 itaque
3078 1258 3187 1314 alia
3213 1257 3302 1314 via
3329 1257 3460 1329 plus
3484 1257 3588 1313 tibi

1945 1352 2153 1423 placet,
2192 1358 2391 1407 nostra
2427 1351 2656 1407 licentia
2691 1351 2915 1420 depone
2950 1348 3253 1417 sarcinam,
3289 1361 3458 1416 quam
3491 1345 3592 1401 im-

1945 1440 2139 1512 posuit
2173 1442 2277 1496 tibi
2315 1440 2435 1496 sola
2470 1441 2594 1495 sine
2626 1440 2873 1493 caritate
2908 1436 3249 1506 necessitas,
3284 1440 3343 1490 et
3374 1434 3593 1491 sanctis

1943 1531 2308 1587 orationibus
2343 1530 2458 1586 tuis
2491 1528 2695 1598 adjuva
2723 1544 2809 1583 me
2836 1529 2887 1581 in
2914 1527 3023 1581 alia
3050 1525 3175 1580 navi
3202 1525 3586 1579 laborantem.

1945 1620 2143 1675 Saluto
2174 1634 2279 1690 per
2315 1624 2368 1674 te
2402 1619 2671 1673 domuum
2718 1617 3157 1685 Lugdunensem
3200 1612 3590 1683 archiepisco-

174 1696 312 1761 post
346 1692 570 1763 aliquot
604 1708 783 1751 annos
810 1695 1186 1753 iufcstatione
1222 1700 1467 1754 ir‘einrici
1503 1701 1643 1756 dicti
1677 1701 1828 1769 regis

1961 1724 2098 1777 1010,
2125 1708 2169 1764 si
2196 1713 2386 1763 tamen
2418 1706 2784 1763 rationabilis
2818 1704 3137 1760 necessitas
3162 1718 3189 1756 a
3218 1701 3399 1757 totius
3431 1699 3591 1756 orbis

174 1782 481 1837 abbaeiam
525 1782 766 1851 dimisit,
810 1785 1037 1853 quesita
1082 1801 1111 1840 0
1153 1788 1363 1842 domno
1413 1789 1684 1844 Anselmo
1731 1791 1831 1845 [111-

170 1871 339 1926 00081
372 1871 651 1942 episcopo
689 1872 937 1944 licentia,
965 1879 1023 1930 et
1046 1883 1283 1946 optcmta
1321 1894 1420 1947 per
1456 1878 1577 1933 11100
1613 1881 1785 1934 verba
1816 1900 1826 1933 :

173 1984 197 2007 σι
235 1961 301 2015 Ρ.
340 1960 723 2017 dilectissimo
766 1963 819 2017 in
866 1964 1093 2019 Christo
1142 1966 1440 2035 conl‘ratri,
1480 1970 1540 2022 A.
1576 1969 1828 2025 omnium

170 2049 583 2118 episcoporum
634 2050 923 2121 1111010108,
968 2052 1214 2108 salutem
1260 2054 1312 2109 in
1359 2057 1607 2112 Christo.
1654 2060 1830 2113 Tanto

171 2136 585 2205 diligentiores
629 2154 734 2194 1108
765 2144 824 2194 01
854 2140 1232 2199 sollicitiores
1266 2160 1367 2199 vos
1400 2161 1534 2213 erga
1581 2148 1827 2202 salutem

171 2226 388 2280 01111010
422 2230 536 2282 1010
566 2242 698 2282 esse
731 2229 1021 2300 convenit,
1066 2237 1283 2300 quanto
1319 2234 1498 2303 magis
1530 2235 1599 2289 de
1634 2244 1828 2291 nostra

171 2314 430 2370 caritate
479 2316 818 2372 fraternitas
864 2322 958 2373 tua
1000 2319 1273 2387 conﬁdit;
1323 2337 1413 2392 ne,
1460 2322 1611 2393 quod
1655 2325 1825 2395 absit,

172 2406 384 2461 nostra
423 2405 774 2475 negligentia
815 2411 1081 2464 sanetum
1115 2409 1389 2466 desiderii
1425 2412 1507 2467 tui
1544 2414 1829 2470 fervorem

172 2493 502 2563 extinguat,
543 2499 602 2549 et
635 2495 974 2566 sanguinem
1016 2502 1175 2554 tuum
1213 2500 1267 2554 in
1301 2500 1574 2557 districto
1614 2518 1720 2559 suo
1745 2505 1832 2574 ju-

174 2580 339 2637 dicio
368 2588 739 2654 omnipotens
776 2585 1054 2642 Dominus
1084 2587 1155 2640 de
1190 2603 1355 2643 manu
1391 2604 1511 2645 mea
1548 2591 1826 2661 requirat.

174 2671 415 2726 Credidi
462 2672 655 2728 domui
708 2674 940 2730 abbatis
986 2678 1043 2730 01
1097 2683 1313 2732 sanch
1358 2681 1833 2747 congregationis

173 2759 341 2815 00810
372 2761 491 2831 Dei,
526 2777 748 2818 necnon
786 2764 1134 2820 venerabilis
1164 2766 1348 2836 patris
1382 2768 1570 2823 nostri
1601 2770 1664 2824 Η.
1694 2770 1836 2839 Lug-

174 2848 461 2906 dunensis
499 2850 926 2923 archiepiscOpi
971 2853 1383 2924 obedientiam,
1429 2871 1558 2911 cum
1603 2858 1835 2912 benedi-

172 2938 373 2993 ctione
406 2939 729 3010 apostolica
766 2940 1087 2997 beatissimi
1122 2944 1303 3013 patris
1337 2945 1522 3000 nostri
1555 2947 1615 3000 G.
1652 2947 1835 3002 omni-

174 3028 349 3082 nibus
382 3028 797 3098 iniquitatibus
828 3032 1103 3101 majorem
1137 3046 1290 3102 esse,
1315 3037 1506 3089 etnon
1544 3034 1729 3091 solum
1762 3038 1831 3091 ad

173 3116 594 3185 detergendam
617 3133 845 3173 omnem
873 3119 1152 3175 maculam
1180 3120 1505 3190 iniquarum
1528 3124 1835 3192 cogitatio-

174 3220 335 3274 num,
368 3219 571 3261 verum
605 3205 781 3262 etiam
806 3207 876 3262 ad
900 3207 1341 3277 promerendam
1376 3210 1633 3280 requiem
1666 3218 1834 3269 mter-

175 3308 304 3349 uam
338 3308 511 3364 posse
535 3295 820 3365 sufﬁcere,
848 3296 958 3351 nisi
987 3301 1047 3352 tu
1071 3311 1183 3352 non
1208 3297 1503 3354 credendo
1535 3298 1832 3369 indignum

173 3382 466 3452 eﬁlceres,
486 3388 546 3438 01
567 3384 814 3452 gratiam
839 3385 936 3440 Dei
962 3385 1015 3439 111
1042 3401 1286 3441 vacuum
1313 3388 1625 3459 reciperes.
1655 3390 1833 3447 Omne

172 3472 328 3526 enim
363 3470 519 3542 quod
552 3487 662 3527 non
693 3476 787 3528 est
816 3488 887 3527 ex
920 3472 1051 3542 ﬁde,
1086 3479 1383 3545 peccatum
1414 3480 1527 3547 est,
1567 3478 1645 3533 ita
1682 3484 1741 3534 ut
1777 3480 1831 3535 in

174 3560 265 3616 bis
294 3559 473 3616 etiam
500 3559 595 3630 qui
617 3560 855 3616 tradere
887 3561 1160 3617 videntur
1189 3578 1435 3635 corpora
1460 3581 1560 3621 sua
1590 3574 1833 3638 propter

174 3649 354 3704 Deum
385 3647 460 3704 ad
491 3648 799 3719 supplicia,
845 3664 999 3705 mors
1039 3654 1341 3722 operetur,
1377 3669 1485 3709 non
1534 3654 1674 3724 vita,
1720 3672 1832 3711 vnn

172 3752 245 3792 ex
284 3752 390 3793 sua
440 3737 756 3793 diffidentia
810 3739 1232 3809 quodammodo
1282 3742 1667 3814 omnipotenti
1717 3746 1833 3800 Deo

175 3825 585 3883 difﬁcultatem
630 3827 968 3896 perficiendi
1001 3828 1248 3901 ingerat,
1285 3831 1380 3900 qui
1413 3846 1609 3888 omnes
1640 3834 1835 3889 salvos

174 3914 301 3970 ﬁeri
334 3913 656 3985 desiderat,
680 3914 834 3971 sicut
859 3916 982 3987 ipse
1008 3917 1061 3971 in
1086 3918 1395 3987 Evangelio
1424 3920 1565 3976 dicit
1593 3940 1603 3974 :
1643 3944 1667 3970 ‹‹
1690 3922 1835 3978 Cali-

174 4019 301 4058 cem
324 4018 513 4059 meum
538 4003 772 4075 bibetis,
792 4005 997 4061 sedere
1018 4010 1211 4061 autem
1232 4008 1300 4063 ad
1323 4008 1623 4065 dexteram
1648 4026 1832 4067 meam

178 4091 267 4147 vel
300 4090 376 4147 ad
409 4090 729 4160 sinistram,
766 4107 877 4149 non
917 4097 1005 4150 est
1040 4109 1225 4150 meum
1258 4094 1396 4152 dare
1427 4098 1614 4153 vobis.
1649 4121 1675 4148 »
1712 4101 1833 4156 Tibi

177 4181 376 4251 itaque
409 4179 730 4250 obedienti,
758 4181 863 4237 tibi
891 4182 1134 4238 ﬁrmiter
1166 4184 1450 4257 credenti,
1480 4186 1583 4242 tibi
1609 4203 1833 4245 omnem

176 4283 341 4339 spem
387 4274 545 4325 tuam
588 4268 643 4323 in
686 4269 906 4326 virtute
949 4275 1167 4329 sanctas
1207 4271 1477 4330 ecclesiae
1522 4274 1833 4332 collocanti

182 4359 469 4428 promissa
512 4364 605 4414 est
647 4359 835 4429 venia,
877 4359 985 4414 tibi
1027 4376 1164 4418 vero
1213 4362 1366 4418 aliud
1417 4365 1632 4435 agenti,
1677 4365 1833 4423 aliud

179 4446 501 4519 simulanti,
528 4446 683 4503 nulla
708 4447 1063 4519 relinquitur
1093 4450 1324 4521 fiducia,
1352 4452 1398 4507 si
1424 4467 1639 4524 corpus
1672 4459 1831 4510 tuum

180 4536 503 4592 tradideris
526 4536 604 4591 ita
641 4538 700 4592 ut
726 4536 947 4593 ardeat.
985 4538 1108 4594 Scis
1141 4538 1272 4610 quia
1303 4540 1604 4599 multoties
1633 4543 1686 4597 in
1722 4543 1832 4600 ﬁde

184 4627 304 4682 mea
348 4627 408 4680 te
451 4623 707 4694 suscepi,
751 4624 857 4680 hac
899 4629 1087 4689 tamen
1127 4626 1486 4697 condicione,
1534 4633 1592 4685 ut
1635 4646 1832 4687 curam

185 4712 487 4785 regiminis
540 4712 643 4768 tibi
692 4713 1006 4784 injunctam
1056 4729 1185 4769 cum
1237 4716 1389 4772 omni
1443 4716 1832 4776 sollicitudine

183 4804 476 4870 exiberes,
521 4816 625 4861 nec
668 4800 916 4858 ulterius
958 4801 1161 4861 anima:
1207 4806 1344 4869 tuae,
1390 4806 1539 4862 81001
1585 4812 1644 4862 tu
1687 4808 1832 4864 male

182 4891 489 4957 credebas,
532 4890 859 4953 custodiam
898 4891 1190 4948 commissi
1223 4892 1329 4948 tibi
1358 4896 1555 4964 gregis
1586 4898 1836 4953 necessi-

186 4980 411 5036 tatibus
460 4993 861 5049 prmponeres;
914 4995 1022 5035 non
1072 4995 1199 5051 quae
1234 4984 1331 5037 tua
1366 4988 1520 5054 sunt,
1557 4985 1658 5041 sed
1707 5002 1835 5056 quae

182 5068 432 5124 aliorum
476 5066 831 5123 attenderes.
879 5068 988 5123 Sed
1033 5072 1091 5124 ut
1125 5069 1311 5141 video,
1355 5066 1511 5128 1101Ιο
1553 5074 1776 5131 ratione
1807 5092 1835 5133 a

1946 1798 2340 1853 internecione
2378 1801 2636 1852 excusat.
2676 1794 2728 1848 Si
2761 1794 2909 1848 enim
2953 1798 3054 1847 aut
3093 1791 3319 1859 timore,
3360 1792 3459 1845 aut
3501 1804 3595 1843 ne-

1941 1886 2246 1955 gligentia,
2284 1890 2379 1941 aut
2423 1884 2638 1955 quietis
2682 1883 2865 1937 noxim
2909 1896 3103 1935 amore
3145 1884 3387 1934 matrem
3430 1891 3591 1933 suam

1944 1975 2202 2041 visitare,
2236 1980 2295 2029 01
2330 1975 2580 2029 1111011110
2615 1972 2683 2026 de
2719 1987 2885 2025 manu
2924 1969 3128 2024 mortis
3169 1967 3419 2035 distulit,
3456 1976 3592 2021 reus

1941 2063 2050 2116 erit
2080 2062 2320 2131 judicio,
2366 2062 2473 2116 nisi
2519 2062 2642 2115 sine
2682 2075 2839 2114 1110111
2884 2056 3080 2112 venire
3122 2061 3180 2111 01
3224 2056 3275 2109 10
3320 2053 3591 2110 omnibus

1942 2149 2207 2204 auxiliari
2251 2148 2564 2204 studuerit.
2600 2171 2624 2195 n

2015 2238 2156 2305 (Fel.
2199 2237 2360 2307 117’.)
2404 2239 2726 2293 Destinavit
2768 2242 2961 2294 autem
3002 2236 3280 2306 prazfatus
3324 2245 3470 2303 papa
3515 2228 3585 2287 ad

1941 2327 2267 2384 visitandos
2301 2331 2356 2383 et
2400 2327 2873 2383 corroborandos
2903 2323 3242 2381 Christianae
3281 2320 3415 2377 ﬁdei
3456 2334 3589 2391 pro-

1942 2423 2298 2488 pugnatores
2322 2417 2387 2471 ad
2417 2431 2655 2485 regnum
2688 2414 3173 2470 Teuthonicorum
3205 2408 3586 2472 descendere,

1943 2507 2177 2576 quodet
2209 2508 2279 2561 ab
2316 2506 2430 2561 illis
2462 2506 2655 2562 missis
2686 2506 2755 2561 ad
2792 2519 2976 2559 meum
3012 2501 3258 2568 nunciis,
3294 2497 3586 2569 quesitum

1943 2600 2088 2661 erat,
2132 2598 2191 2650 ut
2235 2595 2290 2649 in
2330 2610 2434 2651 sua
2480 2595 2786 2666 0110800110
2840 2593 3022 2660 magis
3067 2589 3365 2658 magisque
3414 2585 3590 2642 mani-

1946 2683 2260 2739 festaretur
2286 2683 2531 2753 justitiae
2561 2683 2780 2751 regula,
2818 2680 3082 2736 scribens
3104 2678 3173 2734 ad
3199 2690 3399 2733 omnes
3434 2674 3588 2731 beati

1944 2771 2099 2827 Petri
2135 2772 2560 2827 111101081011100
2591 2771 2806 2826 verba:
2893 2842 2897 2846 _

2020 2880 2045 2911 «
2093 2862 2406 2930 Gregorius
2453 2863 2600 2931 (169)
2643 2859 2978 2930 episcopus,
3034 2872 3238 2913 servus
3285 2869 3587 2911 servorum

1948 2949 2065 3017 Dei,
2101 2951 2370 3005 omnibus
2400 2948 2873 3020 archiepiscopis,
2908 2945 3219 3019 0111800018,
3255 2942 3586 3011 abbatibus,

1945 3036 2210 3107 ducibus,
2234 3038 2685 3103 marchionihus,
2705 3035 3017 3092 comitibus
3039 3033 3422 3107 omnibusque
3441 3031 3592 3087 chri-

1947 3128 2191 3185 stianam
2217 3133 2274 3183 et
2302 3127 2452 3184 beati
2476 3127 2630 3181 Petri
2658 3125 2824 3180 ﬁdem
2850 3128 2904 3179 et
2932 3122 3256 3179 doctrinam
3279 3119 3589 3176 defenden—

1944 3218 2101 3272 tibus
2136 3223 2191 3271 et
2223 3215 2697 3281 observantibus,
2743 3214 2797 3268 in
2837 3212 2987 3269 omni
3031 3224 3206 3280 regno
3244 3207 3592 3264 Theuthoni-

1942 3321 2141 3361 eorum
2173 3304 2596 3371 habitantibus,
2624 3302 2871 3358 salutem
2896 3306 2954 3357 et
2979 3316 3082 3373 per
3105 3301 3409 3354 beatorum
3431 3296 3588 3353 Petri

1943 3398 2001 3448 et
2033 3393 2194 3449 Pauli
2230 3393 2693 3448 benedictionem
2733 3390 2984 3447 omnium
3020 3390 3394 3459 peccatorum
3428 3386 3595 3441 abso-

1944 3480 2243 3538 lutionem.
2271 3483 2388 3551 Ego
2418 3481 2856 3552 qualiscumque
2885 3477 3164 3534 sacerdos
3192 3472 3591 3548 apostolorum

1945 3570 2245 3641 principis,
2284 3593 2307 3619 »
2342 3575 2455 3626 010.

2015 3658 2223 3730 (1076.)
2257 3658 2461 3715 Plures
2494 3659 2689 3728 itaque
2724 3656 2979 3725 illorum,
3016 3669 3161 3725 quos
3194 3653 3247 3708 in
3280 3648 3589 3724 apostolici

1944 3747 2306 3820 depositione
2338 3748 2665 3819 desipuisse
2691 3746 2963 3815 diximus,
2984 3743 3217 3814 Cognito
3246 3747 3489 3815 peccato
3512 3739 3595 3795 in—

1942 3837 2312 3906 obedientize,
2356 3837 2673 3908 penitentia
2709 3835 2889 3903 ducti,
2922 3834 2991 3889 ad
3025 3835 3201 3889 Deum
3233 3836 3366 3904 post
3397 3833 3590 3887 errata

1945 3927 2164 3982 reversi
2191 3932 2345 3996 sunt,
2383 3926 2644 3982 levantes
2667 3925 2735 3980 ad
2761 3928 2939 3979 Deum
2966 3923 3168 3978 faciem
3190 3920 3406 3990 cordis,
3428 3936 3457 3975 a
3480 3934 3592 3990 quo

1912 4013 1916 4017 “
1946 4019 2317 4071 recesserant
2347 4014 2767 4070 consentiendo
2798 4011 3114 4083 iniquitati.
3145 4008 3503 4080 Replebatur
3526 4022 3592 4063 os

1944 4117 2146 4159 eorum
2190 4101 2711 4169 increpationibus,
2755 4102 2810 4159 et
2853 4100 2987 4154 dum
3028 4102 3231 4153 contra
3274 4111 3337 4151 se
3379 4094 3591 4150 subtile

1940 4190 2262 4260 judicantis
2311 4190 2409 4245 Dei
2466 4203 2705 4245 examen
2766 4185 3329 4257 contemplabantur,
3391 4180 3595 4252 culpas

1949 4294 2086 4335 81108
2119 4279 2391 4336 lamentis
2436 4278 2911 4348 insequebantur,
2947 4288 3128 4344 seque
3166 4269 3480 4343 penitendo
3514 4268 3593 4324 in-

1947 4370 2265 4440 crepabunt
2290 4367 2493 4438 quales
2516 4368 2766 4434 fuerant,
2795 4379 2984 4421 amara
3001 4377 3064 4419 se
3082 4360 3416 4435 penitentize
3440 4358 3594 4416 inve-

1866 4433 1916 4491 D
1947 4433 2143 4513 ctione
2177 4433 2619 4527 persequentes.
2656 4433 2981 4510 Penitentis
3003 4433 3154 4509 enim
3177 4453 3269 4507 est
3292 4447 3591 4522 preprium

1949 4551 2085 4602 tunc
2105 4546 2309 4617 culpas
2333 4544 2632 4616 plangere,
2660 4560 2788 4600 cum
2812 4543 2949 4614 quid
2973 4542 3155 4612 egerit
3181 4539 3424 4610 coaperit
3460 4550 3597 4608 pen-

1946 4649 2096 4704 sare,
2122 4639 2177 4689 et
2216 4639 2352 4690 tunc
2384 4633 2662 4690 subtilius
2694 4647 2959 4704 pensare,
2994 4647 3124 4687 cum
3156 4626 3470 4686 sollicitius
3500 4640 3595 4680 ce-

1946 4723 2100 4792 perit
2146 4722 2441 4794 plangere.
2499 4722 2582 4776 IIii
2633 4736 2774 4790 ergo
2824 4719 3190 4776 absolutione
3241 4715 3485 4786 quaesita
3524 4717 3595 4775 ,et

1945 4813 2204 4881 obtenta,
2231 4810 2537 4868 consilium
2559 4810 2843 4865 dederunt
2870 4810 3010 4878 regi,
3036 4814 3095 4863 ut
3119 4806 3269 4862 sicut
3292 4803 3402 4873 ipsi
3426 4806 3595 4858 erant

1947 4899 2225 4967 absoluti,
2248 4899 2322 4955 ita
2340 4905 2398 4955 et
2414 4898 2537 4969 ipse
2560 4898 2822 4953 studeret
2844 4895 3066 4952 absolvi
3086 4892 3336 4949 vinculis
3359 4889 3594 4945 anathe-

1948 4988 2149 5053 matis;
2183 4987 2543 5057 adjicientes,
2578 4986 2709 5057 quia
2743 4986 2786 5041 si
2813 5000 2996 5040 anuus
3028 4981 3403 5039 clauderetur
3432 4980 3596 5032 ante-

1951 5094 2117 5149 quam
2139 5075 2565 5145 absolveretur,
2582 5074 2733 5130 omni
2754 5088 2950 5128 eorum
2974 5070 3214 5128 servitio
3237 5068 3591 5141 privaretur,

1550 5199 1787 5256 VARI.E
1828 5203 2121 5260 LECTION
2126 5204 2225 5258 ES.

256 5288 325 5322 ⁴⁰³
357 5288 629 5360 Suscepit
660 5289 883 5360 supple.

1776 5386 1997 5443 NOTIE.

258 5466 409 5538 (168)
440 5466 698 5538 Eraipet.

258 5536 408 5607 (169⁷)
452 5536 690 5608 Legitur
720 5541 780 5593 et
810 5536 865 5591 in
900 5537 1304 5596 Bernriedensi
1339 5554 1389 5597 c.
1422 5545 1511 5612 83,
1546 5547 1602 5600 et
1638 5544 1693 5601 in
1723 5545 1925 5605 codice
1960 5546 2213 5605 Udalrici
2252 5549 2365 5602 146.
2403 5545 2789 5619 (Patrologice
2820 5552 2953 5602 tom.
3004 5545 3309 5616 CXLVIII.)
