3960 6052
354 220 471 286 319

1305 224 1672 294 HUGONIS
1713 224 2066 291 ABBATIS
2107 224 2800 292 FLAVINIACENSIS

3640 222 3760 286 320

354 361 415 415 et
437 357 686 432 amplius
707 376 811 433 pro
833 375 967 433 rege
986 377 1100 419 non
1121 362 1456 434 haberetur,
1479 363 1611 433 quia
1636 363 1689 419 in
1714 377 1838 433 ejus
1856 377 2006 420 com-
2034 360 2091 424 A
2121 361 2439 434 desperati,
2475 361 2691 433 absque
2733 358 2926 417 domni
2970 372 3130 430 papa)
3173 354 3421 415 consilio
3454 357 3760 429 elegerunt

356 449 626 506 munione
658 450 749 505 vel
784 451 1024 507 servitio
1056 453 1202 509 certi
1233 456 1400 508 erant
1432 453 1502 508 de
1537 451 1857 506 imminenti
1888 450 2009 506 ani—

357 553 459 593 une
512 539 791 608 periculo.
835 542 943 596 Sed
987 542 1081 612 qui
1128 542 1447 597 foeditatem
1492 558 1610 596 suze
1652 540 2009 595 infirmitatis

357 626 734 683 considerare
757 629 1112 699 negligebat,
1136 630 1235 686 sed
1256 646 1360 700 per
1381 629 1653 684 elationis
1681 630 1888 685 fastum
1917 644 2010 699 po-

360 716 559 769 tentiaa
583 732 700 772 sua»
723 718 967 785 gloriam
1002 718 1363 788 attendebat,
1392 717 1542 773 unde
1568 717 1674 773 sibi
1699 716 2010 786 gloriosior

356 803 687 875 videbatur,
725 806 857 861 inde
888 806 1299 876 descendebat,
1334 809 1394 861 et
1426 806 1578 863 unde
1602 821 1665 862 se
1687 805 2008 875 gloriosum

350 889 673 963 judicabat,
710 893 842 949 inde
875 894 929 949 in
960 894 1069 949 ima
1103 894 1366 951 deterius
1397 895 1730 950 corruebat.
1764 896 1833 950 Ut
1857 893 2008 950 enim

356 979 434 1033 ait
463 980 610 1035 idem
638 982 759 1052 ipse
783 982 1088 1038 Ileinricus
1112 983 1167 1036 in
1193 982 1437 1053 epistola
1463 983 1734 1039 Romanis
1757 982 2006 1047 directa,

358 1068 452 1121 ubi
486 1083 616 1124 cum
648 1070 832 1126 omnia
870 1070 1146 1126 falsitatis
1174 1076 1233 1126 et
1257 1071 1541 1126 mendacii
1575 1071 1743 1142 plena
1780 1070 1917 1134 sint,
1954 1070 2007 1125 in

359 1155 466 1211 hoc
500 1172 612 1212 uno
643 1150 878 1213 veritati
906 1158 1041 1215 licet
1062 1159 1265 1215 nolens
1292 1160 1451 1229 favit,
1481 1161 1590 1215 sub
1622 1160 1815 1230 specie
1848 1159 2011 1214 timo-

358 1244 437 1299 ris
469 1244 668 1314 divini,
708 1262 815 1302 non
848 1248 898 1301 in
936 1248 1184 1303 veritate
1213 1248 1519 1303 catholica:
1555 1248 1714 1318 pacis
1741 1247 2010 1303 consiliis

360 1332 586 1389 illorum
640 1335 1021 1406 adquiescere
1066 1352 1127 1392 sc
1170 1337 1354 1392 ﬁnxit.
1411 1336 1549 1406 (F01.
1603 1340 1750 1405 H8.)
1798 1338 2008 1392 Verum

358 1436 493 1488 nos,
552 1424 764 1492 quibus
818 1426 1087 1481 Christus
1150 1426 1315 1495 fides,
1376 1425 1646 1480 Christus
1700 1424 2007 1494 refugium,

359 1510 626 1567 Christus
653 1518 742 1567 est
775 1512 1069 1583 solatium,
1102 1514 1302 1569 nenias
1334 1514 1461 1582 ejus
1495 1513 1781 1569 diabolico
1814 1514 1887 1568 ab
1909 1526 2009 1568 ore

359 1603 644 1669 ruetatas,
692 1600 1019 1671 iniquitatis
1066 1603 1288 1658 calamo
1338 1602 1612 1671 dictatas,
1656 1601 2010 1657 confusionis

2120 449 2227 505 sibi
2261 450 2567 508 Rodulfum
2601 450 2804 505 ducem
2838 449 2890 503 in
2926 439 3139 517 regem.

2192 539 2476 595 Rodulfus
2518 538 2697 607 igitur
2745 537 3085 592 festinanter
3130 535 3303 591 misso
3347 536 3575 604 nuncin,
3621 536 3764 592 indi-

2118 628 2270 683 cavit
2296 643 2355 682 se
2381 627 2610 697 quidem
2639 630 2904 681 coactum
2940 624 3098 694 regni
3133 623 3526 693 gubernacula
3563 638 3759 680 susce-

2120 717 2295 787 pisse,
2339 722 2531 771 tameu
2566 732 2625 771 se
2662 720 2923 786 paratum
2969 714 3178 768 domno
3217 728 3377 783 papa:
3409 713 3461 767 in
3494 713 3765 769 omnibus

2118 805 2377 861 obedire.
2406 806 2475 860 Et
2498 805 2761 860 eumdem
2788 818 3016 874 semper
3044 801 3391 873 promittens
3413 816 3759 873 sermonem,

2119 892 2327 961 adjecit
2360 893 2556 962 etiam,
2592 892 2710 947 ﬁlio
2743 907 2847 947 suo
2880 891 3017 946 dato
3050 890 3254 946 obside
3286 890 3541 961 itemque
3575 889 3766 948 ﬁdelis

2119 981 2209 1037 sui
2251 980 2418 1037 ducis
2463 980 2717 1037 Bertaldi
2768 979 2905 1048 filio,
2950 978 3105 1049 quod
3151 978 3529 1050 promittebat
3573 992 3765 1035 saera-

2119 1073 2314 1125 mento
2347 1070 2596 1125 firmare.
2630 1071 2856 1124 Interea
2880 1068 3053 1123 etiam
3078 1067 3381 1123 Heinricus
3411 1065 3764 1138 precabatur

2118 1172 2271 1228 eum,
2332 1163 2391 1214 ut
2450 1163 2653 1213 contra
2719 1156 3025 1213 Rodulfum
3083 1170 3212 1211 eum
3272 1155 3595 1225 adjuvaret.
3661 1156 3763 1211 Cui

2120 1246 2366 1303 domnus
2405 1262 2553 1317 papa
2598 1246 2903 1318 rcSpoudit
2930 1260 2993 1300 se
3026 1244 3278 1300 libenter
3320 1244 3608 1300 facturum
3668 1259 3765 1299 au-

2121 1334 2241 1389 dita
2273 1336 2580 1405 utriusque
2617 1335 2799 1406 partis
2833 1333 3080 1403 ratione,
3109 1337 3169 1388 ut
3202 1333 3373 1388 seirel
3412 1333 3504 1388 cui
3532 1332 3763 1403 justitia

2121 1424 2302 1492 magis
2337 1425 2576 1480 faveret.
2605 1426 2783 1490 Quam
2812 1422 3246 1493 responsionem
3270 1422 3622 1493 contempsit
3649 1421 3768 1476 ina-

2122 1511 2176 1565 ni
2212 1511 2404 1569 elatus
2436 1528 2687 1582 rumore,
2721 1517 2934 1583 putans
2963 1525 3093 1565 eum
3119 1509 3241 1565 suis
3264 1524 3324 1566 se
3346 1510 3569 1566 viribus
3593 1525 3765 1581 posse

2124 1598 2453 1656 devincere.
2480 1603 2636 1656 Meus
2664 1601 2816 1656 enim
2848 1600 2974 1671 ejus
3006 1613 3118 1669 quo
3149 1598 3497 1670 procellosis
3529 1604 3764 1654 actuum

357 1689 683 1743 atramento
725 1689 1007 1759 signatas,
1049 1705 1079 1744 a
1114 1691 1387 1746 memoria
1433 1692 1711 1745 bonorum
1756 1689 2007 1745 omnium
2038 1717 2093 1777 Β
2125 1689 2381 1745 motibus
2435 1690 2859 1755 concitabatur,
2914 1703 2983 1741 eo
3035 1688 3105 1742 ab
3156 1687 3402 1743 internae
3462 1687 3768 1759 sapientiae

359 1774 736 1847 repellentes,
791 1778 927 1847 quid
970 1779 1176 1847 egerit,
1224 1779 1511 1848 quomodo
1557 1778 2007 1847 absolutionem,

357 1867 637 1931 quantum
670 1865 738 1919 ad
772 1867 1086 1922 exterioris
1118 1867 1367 1922 hominis
1410 1868 1827 1935 habitudinem,
1864 1866 2011 1937 Opti'

359 1951 572 2019 nueril,
603 1968 733 2007 cum
759 1969 922 2009 sacra
961 1955 1252 2025 scriptura
1286 1957 1559 2023 testetur,
1597 1954 1729 2023 quia
1756 1953 1853 2023 qui
1881 1954 2012 2008 ficte

358 2038 535 2093 Deum
591 2047 862 2111 querunt,
913 2058 1221 2112 numquam
1274 2043 1532 2098 invenire
1583 2045 1900 2109 merentur,
1944 2055 2013 2095 cx

360 2127 554 2183 verbis
584 2130 772 2199 patris
806 2131 988 2186 nostri
1024 2145 1162 2201 sepe
1196 2131 1299 2185 fari
1333 2131 1654 2187 audiamus.

435 2239 460 2263 α
495 2217 809 2286 Gregorius
829 2219 1162 2290 episcopus,
1189 2233 1397 2275 servus
1422 2233 1723 2273 servorum
1753 2218 1870 2288 Dei,
1898 2234 2015 2273 em-

362 2304 533 2361 nibus
566 2305 1046 2377 archiepiscopis,
1075 2307 1673 2379 episcopis,ducibus,
1704 2306 2019 2362 comitibus

357 2392 689 2464 ceterisque
714 2395 1077 2465 principibus
1100 2410 1261 2465 regni
1296 2396 1820 2451 'l‘heutlionicormn
1855 2395 2016 2450 Chri-

364 2481 611 2537 stianam
653 2482 823 2538 fidem
867 2483 1335 2553 defendentibus,
1370 2482 1617 2539 salutem
1649 2490 1709 2539 et
1742 2482 2018 2555 apostoli-

357 2584 481 2625 cam
544 2570 1028 2627 benedictionem.
1092 2572 1371 2637 Quoniam
1431 2587 1536 2642 pro
1592 2586 1789 2627 amore
1845 2571 2018 2642 justi-

362 2658 477 2721 tiae,
525 2681 549 2707 ν
603 2663 714 2714 etc.
788 2659 931 2716 Vide
982 2662 1139 2716 inter
1195 2661 1478 2731 epistolas
1535 2660 1813 2731 Gregorii
1885 2661 2014 2721 VII,

362 2747 704 2818 Patrolog.,
738 2751 782 2801 t.
818 2749 1090 2803 CXLVIII.

438 2836 599 2900 Quod
635 2840 1062 2892 sacramentum
1095 2851 1265 2906 quam
1300 2852 1501 2908 parum
1537 2851 1639 2891 rex
1670 2836 2011 2906 attenderit,

367 2922 489 2978 haec
528 2923 773 2995 epistola
810 2928 968 2980 notat
1006 2944 1017 2977 :

440 3036 464 3061 ιι
499 3012 816 3081 Gregorius
847 3012 1181 3084 episcopus,
1218 3027 1425 3069 servus
1457 3027 1755 3070 servorum
1786 3013 1905 3083 Dei,
1932 3013 2015 3068 di-

366 3100 702 3157 lectissimis
733 3100 788 3158 in
820 3072 1068 3156 Cliristol
1105 3072 1388 3157 fratribus
1426 3104 1482 3156 et
1525 3100 1679 3171 filiis,
1729 3072 2014 3172 arcliiepi-
2046 3072 2094 3134 Ο

365 3190 577 3261 scopis,
619 3190 930 3261 episcopis,
964 3190 1233 3257 ducibus,
1278 3188 1619 3259 comitibus,
1664 3189 2013 3260 cwterisque

364 3278 747 3349 principibus,
784 3294 912 3333 cum
939 3278 1091 3333 omni
1126 3277 1338 3349 populo
1371 3277 1533 3347 regni
1568 3278 2011 3335 Teutonicorum

365 3366 749 3423 Christianam
810 3366 978 3422 fidem
1029 3371 1087 3421 et
1140 3365 1480 3435 religionem
1540 3367 2009 3435 defendentibus,

365 3453 611 3510 salutem
634 3457 692 3508 et
716 3453 1093 3526 apostolicam
1126 3454 1609 3510 benedictionem.

441 3563 466 3590 «
500 3542 660 3598 Sicut
693 3542 744 3597 in
780 3542 1076 3614 prioribus
1114 3541 1332 3598 litteris
1358 3546 1414 3597 ct
1448 3542 1776 3611 legatorum
1816 3541 2012 3597 verbis

365 3629 529 3684 vobis
560 3629 1037 3699 significavimus,
1070 3652 1097 3678 ι»
1133 3635 1243 3685 etc.
1293 3630 1432 3686 Vide
1452 3628 1620 3699 ibid.,
1656 3644 1709 3685 n.
1745 3635 1831 3686 33.
2005 3687 2019 3697 ,

433 3718 540 3783 Qui
570 3723 761 3775 autem
797 3718 1011 3774 fuerint
1031 3718 1107 3773 hii
1131 3716 1325 3774 domui
1350 3733 1512 3789 papae
1536 3718 1709 3788 legati
1743 3720 1914 3791 (I70),
1941 3734 2015 3775 ex

363 3807 557 3861 verbis
588 3806 741 3875 regis
773 3806 1122 3878 accepimus,
1155 3807 1464 3863 Paduanus
1495 3807 1726 3863 scilicet
1757 3812 1813 3863 et
1848 3808 2015 3864 Alba-

364 3908 473 3949 nus
519 3894 774 3966 episcopi
821 3896 990 3965 (171),
1026 3909 1055 3951 a
1090 3895 1301 3966 quibus
1352 3894 1526 3951 etiam
1562 3895 1618 3949 in
1666 3895 2014 3967 Wizeburge

362 3982 618 4050 synodus
647 3986 736 4039 est
772 3983 990 4040 habita.
1033 3985 1174 4053 Regi
1216 3984 1412 4055 itaque
1447 3984 1688 4055 praefato
1721 3985 2012 4056 Ileinrico,

366 4075 427 4126 ut
464 4070 516 4126 in
555 4072 749 4129 verbis
780 4073 973 4130 domni
1011 4088 1171 4145 papae
1214 4073 1490 4143 colligere
1529 4088 1851 4144 possumus,
1888 4075 2013 4131 sola

363 4165 456 4216 est
493 4161 918 4218 communionis
956 4163 1143 4232 gratia
1186 4163 1413 4219 reddita
1455 4164 1623 4234 (I72),
1674 4178 1786 4218 non
1819 4166 2014 4219 tamen

362 4264 541 4318 regno
581 4251 917 4319 restitutus,
963 4266 1069 4307 nec
1110 4251 1364 4307 fidelitas
1402 4252 1655 4308 omnium
1689 4253 1784 4323 qui
1826 4253 1878 4308 ei
1922 4254 2012 4309 vel

354 4335 694 4405 juraverant
744 4338 835 4394 vel
875 4338 1127 4409 juraturi
1180 4343 1370 4407 erant,
1411 4342 1473 4395 ut
1514 4338 1624 4394 sibi
1675 4346 2013 4396 servaretur

361 4432 718 4497 praeceptum
758 4431 867 4483 est.
920 4428 1067 4498 (Act.
1108 4429 1291 4499 conc.)
1344 4428 1503 4493 Quod
1546 4428 1676 4484 ideo
1719 4423 2009 4487 retentum
2039 4423 2094 4487 D

362 4518 473 4583 est,
512 4518 571 4568 ut
607 4514 758 4570 inter
798 4530 929 4570 eum
960 4521 1020 4573 et
1052 4516 1346 4587 principes
1390 4517 1867 4590 ultramoutanos,
1911 4521 2008 4591 qui

361 4601 413 4656 ei
455 4615 630 4659 causa
667 4601 952 4671 jussionis
996 4604 1336 4675 apostolicae
1383 4605 1744 4673 restiterant,
1782 4606 2010 4676 justitia

366 4692 528 4748 fieret
560 4690 651 4747 vel
688 4706 797 4762 pax
829 4696 1302 4763 componeretur,
1337 4692 1484 4749 sicut
1528 4694 1652 4765 ipse
1677 4694 2010 4764 juramento

365 4796 467 4851 per
498 4780 645 4837 duos
677 4780 984 4851 episcopos
1018 4780 1387 4851 promiserat.
1422 4782 1565 4850 (Fol.
1604 4782 1767 4854 119’.)
1801 4786 2010 4842 Verum

365 4869 629 4938 przedicti
654 4868 911 4941 episcopi
933 4874 991 4923 et
1013 4868 1306 4941 principes
1338 4869 1753 4927 ultramoutani
1777 4874 2011 4929 audien-

363 4961 454 5013 tes
476 4956 635 5014 illum
660 4974 769 5014 non
796 4971 1032 5013 servare
1065 4957 1216 5028 quod
1252 4959 1623 5029 promiserat,
1660 4961 1825 5029 quasi
1850 4961 1920 5017 de
1942 4976 2011 5018 eo

2126 1776 2320 1845 quiete
2352 1782 2528 1848 atque
2560 1777 2883 1833 stabilitate
2926 1775 3390 1845 disjungcbatur.
3437 1774 3578 1841 Quia
3613 1775 3765 1830 enim

2127 1864 2411 1920 maliciam
2446 1866 2680 1933 tegebat
2706 1866 2760 1920 in
2787 1865 2985 1933 corde,
3018 1878 3118 1919 ore
3146 1867 3339 1919 autem
3374 1862 3764 1919 blandimenta

2124 1954 2417 2024 cxibcbat,
2439 1955 2571 2025 quia
2590 1954 2977 2023 cogitationes
3001 1968 3133 2009 suas
3155 1951 3499 2023 duplicitate
3523 1951 3769 2008 obnubi-

2126 2039 2302 2112 labat,
2338 2042 2470 2112 quia
2497 2043 2770 2114 puritatis
2793 2041 2967 2097 verba
2990 2040 3150 2111 quasi
3190 2041 3517 2096 fatuitatem
3543 2039 3769 2108 judica-

2127 2130 2244 2199 bat,
2261 2138 2320 2186 et
2338 2132 2462 2187 vias
2484 2132 2778 2203 simplices
2802 2130 3147 2186 innocentiae
3172 2129 3522 2197 declinabat,
3551 2128 3768 2185 idcirco

2116 2219 2870 2290 'sapientimtranquillitate
2893 2218 3110 2290 perfrui
3131 2232 3490 2288 nequaquam
3513 2223 3763 2289 poterat.

2196 2308 2379 2378 Igitur
2410 2310 2656 2366 domnus
2690 2324 2835 2381 papa
2882 2308 3037 2379 quod
3069 2311 3327 2378 coeperat
3365 2311 3422 2363 ut
3457 2307 3769 2379 perficeret

2126 2398 2472 2454 omnimodis
2515 2397 2876 2466 intendebat,
2925 2410 3176 2466 querens
3211 2396 3483 2452 ducatum
3515 2394 3771 2465 qualiter

2126 2484 2196 2539 ad
2228 2485 2753 2542 Theutbonicorum
2789 2497 3026 2553 regnum
3060 2481 3361 2551 transiret,
3396 2486 3452 2537 et
3485 2495 3554 2538 eo
3585 2482 3772 2552 magis

2128 2573 2495 2643 anxiabatur,
2521 2588 2634 2644 quo
2666 2572 2848 2642 magis
2880 2571 3042 2641 regni
3080 2575 3273 2627 status
3303 2572 3670 2627 turbabatur.
3708 2570 3770 2626 Ei

2130 2662 2400 2733 quoniam
2436 2662 2637 2718 fideles
2670 2660 2769 2716 illo
2800 2660 3027 2731 legatos
3052 2660 3445 2717 destinaverat
3480 2660 3576 2729 qui
3610 2664 3772 2714 voto-

2129 2766 2253 2808 rqu
2286 2750 2413 2820 ejus
2445 2766 2555 2806 non
2588 2765 2795 2820 segnes
2820 2754 3217 2819 exequutores
3246 2752 3464 2819 essent,
3501 2747 3653 2804 misit
3681 2748 3770 2803 eis

2128 2840 2416 2910 speciales
2448 2854 2550 2911 pro
2582 2840 2689 2896 hoc
2719 2838 2961 2908 negocio
2992 2837 3241 2907 litteras,
3280 2837 3547 2893 scribens
3578 2836 3663 2893 eis
3695 2836 3770 2891 ab

2129 2928 2291 2983 Italia
2326 2948 2338 2983 :

2201 3037 2227 3069 α
2269 3017 2582 3088 Gregorius
2630 3017 2961 3089 episcopus,
3016 3030 3223 3073 servus
3282 3029 3582 3071 servorum
3644 3014 3767 3084 Dei,

2124 3106 2420 3162 Bernardo
2443 3110 2660 3164 sancta)
2690 3107 2958 3161 Romanae
2989 3104 3254 3161 ecclesia:
3285 3104 3528 3161 diacono
3550 3107 3608 3159 et
3632 3104 3770 3158 Ber—

2123 3194 2305 3250 nardo
2344 3192 2689 3251 Massiliensi
2734 3193 2951 3263 abbati,
3001 3193 3245 3249 salutem
3282 3196 3341 3247 et
3381 3189 3762 3263 apostolicam

2125 3283 2606 3339 benedictionem.
2638 3281 3009 3337 I-‘raternitati
3036 3286 3248 3337 vestra:
3272 3283 3471 3337 notum
3495 3293 3627 3336 esse
3650 3293 3764 3335 non

2123 3371 2489 3442 ambigimus,
2523 3391 2551 3423 ι)
2592 3376 2705 3427 etc.
2739 3371 2907 3443 (173).

2194 3462 2336 3515 Item
2370 3459 2442 3515 ad
2474 3458 2733 3529 reliquos
2762 3457 2981 3513 ﬁdeles.

2198 3571 2223 3597 ιι
2257 3548 2574 3619 Gregorius
2605 3547 2943 3619 episc0pus,
2969 3560 3175 3602 servus
3204 3561 3508 3603 servorum
3531 3545 3650 3615 Dei,
3679 3560 3771 3601 ar-

2124 3637 2533 3709 chiepiscOpis,
2568 3636 2878 3708 episcopis,
2915 3634 3185 3704 ducibus,
3217 3635 3531 3691 comitibus
3555 3639 3613 3691 et
3645 3634 3773 3690 uni-

2125 3728 2314 3783 versis
2366 3724 2581 3781 Christi
2631 3724 2903 3780 fidelibus
2932 3722 2987 3777 in
3019 3738 3198 3793 regno
3241 3723 3769 3780 Theuthonirorum

2125 3814 2607 3884 consistentibus,
2643 3813 2888 3870 salutem
2911 3817 2971 3867 et
2999 3811 3379 3883 apostolicam
3412 3811 3774 3869 benedictio-

2126 3916 2274 3957 nem.
2326 3903 2533 3957 Notum
2582 3899 2750 3955 vobis
2783 3899 2905 3954 fieri
2937 3897 3228 3969 volumus,
3281 3898 3490 3954 fratres
3536 3897 3773 3954 karissi-

2127 3990 2221 4059 mi,
2254 4012 2281 4039 ι)
2318 3994 2431 4046 etc.
2468 3990 2639 4060 (174).

2199 4079 2426 4134 Interea
2476 4076 2801 4145 Heinricus,
2844 4076 2975 4145 quia
3016 4074 3308 4131 affectatis
3357 4073 3775 4143 iniquitatibus

2124 4159 2253 4229 ejus
2271 4159 2636 4228 subsequens
2656 4156 2882 4211 favebat
2903 4154 3167 4225 effectus,
3187 4153 3356 4222 bella,
3374 4151 3570 4222 cedes,
3589 4153 3779 4209 homi-

2125 4238 2275 4294 cidia
2299 4253 2404 4309 per
2425 4251 2488 4293 se
2512 4249 2764 4305 suosque
2787 4238 3129 4305 perpetrare
3153 4248 3264 4290 non
3289 4231 3637 4302 desistebat,
3671 4247 3778 4289 aec-

2124 4317 2436 4374 clesiarum
2451 4315 2908 4393 destructionem
2922 4318 2980 4369 et
2996 4313 3167 4371 ovilis
3181 4312 3453 4369 dominici
3470 4312 3751 4384 perturba
3765 4345 3783 4353 -

2125 4399 2342 4454 tionem
2362 4396 2593 4465 siciens,
2619 4399 2883 4466 pastores
2898 4394 2969 4449 ab
2984 4395 3253 4451 :ecclesia
3278 4393 3572 4464 abigebat,
3598 4393 3776 4465 lupos

2126 4478 2198 4533 ad
2228 4478 2402 4534 ovilia
2434 4474 2958 4538 subintroducens;
2992 4479 3048 4530 et
3076 4474 3474 4547 prosperitate
3495 4489 3595 4530 sua
3620 4471 3778 4528 deci-

2125 4558 2419 4629 piebatur,
2448 4556 2577 4627 quia
2604 4554 2968 4625 dirigebatur
2988 4554 3042 4611 in
3070 4570 3238 4610 manu
3264 4554 3391 4624 ejus
3415 4552 3601 4609 dolus.
3628 4552 3773 4618 Quia

2124 4638 2275 4695 enim
2298 4637 2434 4693 vita:
2458 4636 2605 4692 viam
2630 4635 2910 4691 deserens
2936 4635 2988 4689 in
3017 4638 3388 4706 peccatorum
3412 4647 3474 4688 se
3496 4632 3776 4688 tenebras

2126 4718 2442 4787 dejecerat,
2483 4715 2759 4783 voragine
2803 4714 3134 4783 iniquitatis
3176 4712 3500 4780 demersus,
3536 4716 3596 4766 et
3625 4710 3774 4767 mole

2128 4812 2319 4870 pravae
2361 4793 2805 4851 consuetudinis
2834 4793 3100 4862 obrutus,
3150 4793 3402 4863 reprobo
3447 4790 3639 4847 sensui
3680 4795 3773 4845 est

2122 4878 2396 4944 traditus,
2442 4878 2506 4932 ut
2544 4873 2801 4929 nesciret
2850 4888 3095 4943 pensare
3141 4872 3285 4928 mala
3328 4887 3455 4943 quae
3500 4870 3771 4938 faciebat,

2125 4960 2221 5031 qui
2258 4957 2477 5014 utinam
2503 4956 2635 5011 vitae
2662 4953 2870 5009 itinera
2896 4966 3023 5023 qua:
3048 4952 3235 5009 noluit
3257 4967 3361 5023 per
3384 4948 3772 5007 innocentiam

1956 5112 2176 5169 NOTAE.

437 5220 586 5291 (170)
623 5221 878 5291 [fuerunt
908 5220 1277 5278 Bernhardus
1308 5221 1587 5280 diaconus
1615 5224 1929 5283 cardinalis
1959 5229 2016 5282 et

366 5289 739 5415 Igigrglzardus
805 5291 985 5347 abbas
1051 5292 1467 5360 Massiliensis;
1526 5294 1660 5350 vide
1720 5297 1869 5365 Reg.
1931 5312 2015 5367 νι,

442 5402 455 5429 ,
566 5400 577 5415 .

445 5430 593 5501 (171)
636 5429 893 5501 Hianno
932 5431 1161 5489 demum
1193 5439 1331 5490 1079
1368 5435 1437 5491 ad
1481 5435 1815 5494 Heinricum
1859 5437 2019 5494 missi

376 5505 533 5557 sunt.
576 5500 878 5558 Bertholdi
914 5503 1056 5559 Ann.
1100 5520 1153 5576 p.
1188 5508 1309 5561 318.

2201 5218 2524 5295 (172))9οια
2552 5216 3239 5295 est-:possitnqgoinoere
3258 5231 3331 5273 ex
3354 5215 3515 5274 Actis
3539 5217 3773 5274 concilii

2130 5290 2371 5351 Romani
2404 5306 2454 5346 a.
2492 5295 2649 5348 1080.
2694 5290 2871 5346 Mausi
2904 5290 3014 5355 XX,
3047 5291 3168 5343 534.

2206 5366 2353 5437 (173)
2377 5361 2953 5437 pat_a_Carp_ine_taaII
2983 5357 3322 5437 I“(_al._.{u_n_ii,
3360 5356 3476 5414 ind.
3512 5362 3601 5428 15,
3633 5357 3773 5428 Reg.

2134 5429 2224 5505 IV,
2258 5429 2345 5492 23.
2377 5434 2439 5488 K.
2477 5429 2862 5505 (Ραινόιοθίω
2897 5435 2939 5505 t.
2976 5429 3279 5505 CXLVIII.)

2204 5501 2354 5577 (174)
2392 5501 2535 5563 Data
2568 5507 2633 5562 ut
2664 5501 2862 5576 supra.
2898 5501 3153 5573 Registr.
3187 5515 3262 5571 Iv,
3296 5503 3381 5557 24.
