3960 6052
202 227 315 292 321

1473 229 1972 297 CHRONIGON.
2003 263 2089 280 -—
2112 223 2268 296 LIB.
2314 231 2390 297 ΙΙ.

3498 231 3626 306 322

204 371 436 424 teneret
493 367 686 424 saltim
738 383 840 440 per
889 367 1308 441 pmnitentiam.
1345 369 1490 440 (Act.
1527 373 1710 442 conc.)
1753 369 1855 426 llic
1886 366 1942 427 A
1973 367 2306 440 siapublice
2324 370 3134 443 precidentes,quodomnino
3158 375 3394 431 veritati
3417 376 3624 432 adver-

200 456 404 526 itaque
418 461 624 513 contra
639 457 952 513 Rodull‘um
973 461 1080 513 terl
1095 457 1149 514 io
1163 473 1537 530 congressus,
1550 463 1856 530 postquam

201 545 496 616 persensit
526 560 590 601 se
619 547 773 616 quod
807 551 1148 618 speraverat
1185 562 1295 603 non
1345 563 1519 618 posse
1553 561 1855 618 peragere,

198 635 352 690 duos
379 627 693 706 episcopos
725 635 796 691 de
827 637 1240 692 consentaneis
1266 636 1407 707 suis,
1434 637 1855 693 Virdunensem

197 727 258 777 et
290 722 800 793 Obseburgensem
825 723 894 756 ‘°‘
916 726 1152 781 Romam
1189 725 1348 782 misit
1380 723 1584 798 (1078),
1609 731 1670 782 et
1701 725 1860 781 dom-

198 825 336 872 uum
373 826 578 882 papam
609 812 660 866 in
697 811 920 883 synodo
953 817 1015 869 ut
1063 813 1114 869 ei
1151 813 1442 882 justitiam
1496 815 1715 870 faceret
1754 829 1858 885 per

195 914 303 956 eos
337 900 566 969 rogavit
589 918 604 966 ;
627 900 782 971 quod
815 905 874 956 et
905 901 1100 958 nuncii
1133 901 1382 974 Rodulﬁ,
1411 902 1506 974 qui
1533 907 1858 972 praesentes

195 987 469 1054 aderant,
497 988 622 1044 fieri
656 989 1060 1046 laudaverunt.
1088 990 1230 1062 (Fol.
1258 991 1407 1062 121.)
1439 992 1732 1048 Statutum
1765 996 1857 1046 est

197 1077 404 1146 itaque
436 1080 492 1132 in
520 1077 720 1133 eadem
749 1079 992 1149 synodo,
1017 1079 1072 1134 in
1110 1080 1379 1150 partibus
1407 1079 1858 1136 ultramontanis

195 1164 329 1220 ﬁeri
363 1165 742 1238 colloquium,
778 1165 932 1223 sicut
962 1183 1035 1224 ex
1074 1169 1270 1225 verbis
1315 1168 1510 1224 domui
1545 1183 1706 1240 papae
1741 1168 1857 1241 ple-

195 1253 336 1310 nius
367 1254 617 1324 quilibet
649 1261 843 1327 potest
876 1257 1185 1313 advertere
1219 1277 1232 1312 :

271 1362 301 1393 α
336 1343 656 1413 Gregorius
713 1345 1044 1416 episcopus,
1107 1360 1315 1402 servus
1374 1361 1674 1403 servorum
1733 1347 1852 1414 Dei,

193 1430 686 1504 archiepiscopis,
703 1433 972 1505 ducibus,
993 1434 1379 1506 principibus,
1397 1435 1852 1506 marcbionibus,

193 1519 587 1590 Omnibusque
647 1521 962 1592 majoribus
1017 1529 1192 1594 atque
1240 1523 1562 1580 minoribus
1593 1524 1645 1578 in
1675 1525 1857 1579 Theu-

192 1608 440 1664 thouico
462 1623 644 1679 regno
666 1610 1028 1680 constitutis,
1044 1613 1313 1683 exceptis
1341 1611 1430 1668 bis
1452 1611 1548 1682 qui
1573 1612 1852 1668 canonica

191 1698 1114 1771 excommunicationetenentur,
1131 1699 1375 1758 salutem
1392 1705 1448 1754 et
1473 1700 1853 1772 apostolicam
1885 1723 1938 1783 Β

194 1785 692 1843 benedictionem.
721 1789 928 1844 Notum
961 1789 1129 1845 vobis
1163 1789 1287 1845 fieri
1318 1789 1606 1860 volumus,
1640 1789 1854 1845 fratres

205 1873 526 1946 karissimi,
563 1897 588 1922 η
623 1880 740 1932 etc.
774 1877 942 1950 (175).

274 1962 419 2034 (Fol.
456 1963 622 2038 121’.)
645 1965 799 2022 Misit
818 1966 996 2021 etiam
1020 1981 1125 2038 pro
1157 1967 1264 2023 hoc
1297 1967 1540 2036 negocio
1572 1967 1855 2038 speciales

198 2050 434 2108 litteras
476 2053 804 2111 Trevirensi
839 2055 1302 2128 archiepiscopo,
1343 2071 1489 2126 quas
1534 2055 1628 2111 hic
1677 2056 1852 2112 etiam

195 2140 558 2197 subnectere
580 2157 694 2199 non
719 2143 971 2214 pigebit:
994 2168 1019 2192 α
1043 2145 1360 2215 Gregorius
1382 2145 1854 2216 episcopus,ser-

196 2244 308 2283 vus
337 2244 645 2286 servorum
675 2232 799 2302 Dei,
826 2232 1010 2288 Udoni
1041 2233 1370 2290 Trevirensi
1397 2233 1680 2306 episcopo
1702 2233 1854 2289 salu-

198 2324 316 2370 tem
358 2323 420 2372 et
463 2318 839 2390 apostolicam
890 2320 1373 2378 benedictionem.
1411 2323 1632 2390 Quanta
1685 2321 1854 2378 nobis

193 2403 560 2478 sollicitudo,
596 2428 624 2461 ››
661 2413 776 2465 etc.
812 2409 980 2481 (176).

267 2493 398 2549 Udo
431 2493 612 2565 igitur
641 2497 978 2554 Treviorum
1011 2499 1494 2570 archiepiscopus
1524 2514 1636 2554 non
1669 2497 1852 2555 multo

197 2587 333 2652 post
365 2581 534 2640 beato
565 2585 677 2641 line
708 2586 950 2656 quievit,
984 2592 1045 2642 et
1073 2587 1122 2642 si
1163 2587 1464 2657 negocium
1509 2585 1850 2658 apostolicae

195 2669 509 2740 legationis
557 2673 954 2732 intermissum
1005 2679 1118 2731 est.
1155 2675 1543 2742 Quamobrem
1603 2677 1850 2732 domnus

197 2773 346 2830 papa
380 2776 484 2832 pro
511 2761 622 2818 hoc
651 2762 852 2819 eodem
888 2764 1124 2834 negotio
1155 2765 1497 2835 exequenda
1529 2765 1674 2822 alios
1698 2764 1851 2833 lega-

193 2854 292 2904 tos
323 2849 560 2906 mittere
592 2851 820 2922 statuit,
857 2853 1122 2910 scribens
1169 2851 1442 2911 fidelibus
1491 2853 1760 2910 omnibus
1793 2853 1848 2908 in

194 2935 307 2992 hec
340 2939 517 2995 verba
551 2940 696 3011 (177)
729 2959 741 2994 :

270 3027 457 3096 (1079,
493 3028 694 3100 Febr.)
719 3047 747 3079 «
781 3029 1096 3099 Gregorius
1123 3030 1458 3102 episcopus,
1488 3044 1696 3086 servus
1728 3045 1850 3086 ser-

195 3129 407 3170 verum
457 3115 578 3184 Dei,
610 3117 876 3173 omnibus
923 3118 1401 3191 archiepisc0pis,
1436 3118 1748 3190 episc0pis,
1792 3117 1847 3172 in

194 3203 556 3259 Theutonico
581 3203 651 3237 ⁴⁰⁸
672 3219 850 3274 regno
873 3207 1372 3264 commorantibus
1403 3206 1492 3278 ‘0‘,
1526 3207 1575 3263 si
1607 3207 1848 3288 obedire

194 3289 517 3362 voluerint,
555 3292 800 3349 salutem
832 3299 890 3350 et
923 3295 1306 3367 apostolicam
1360 3293 1843 3351 benedictionem.

195 3380 483 3446 Quoniam
512 3395 584 3437 ex
615 3381 716 3437 lite
745 3388 802 3439 et
835 3383 1223 3455 dissensione,
1259 3405 1287 3437 ››
1319 3388 1433 3440 etc.

267 3470 600 3526 Secundum
634 3485 773 3540 ergo
807 3471 975 3528 fidem
1006 3471 1297 3529 dictorum
1325 3472 1486 3527 missi
1511 3477 1648 3528 sunt
1671 3473 1848 3540 legati

191 3573 221 3613 a
259 3559 450 3614 latere
493 3559 652 3615 sedis
700 3559 1060 3631 apostolicae,
1096 3560 1166 3616 de
1216 3562 1428 3632 quibus
1475 3575 1605 3617 cum
1658 3560 1849 3632 aliqua

189 3646 442 3702 sinistra
501 3647 884 3719 referrentur,
919 3649 1164 3706 domnus
1216 3665 1358 3722 papa
1406 3651 1510 3706 bas
1558 3649 1646 3705 cis
1696 3649 1852 3704 misit

189 3733 436 3790 litteras
468 3735 618 3807 (178)
646 3738 718 3792 ab
751 3737 896 3794 urbe
925 3739 1122 3794 Roma.

267 3840 299 3873 α
336 3823 654 3894 Gregorius
682 3825 1020 3898 episcopus,
1049 3841 1258 3883 servus
1281 3840 1583 3882 servorum
1613 3826 1734 3896 Dei,
1769 3825 1852 3880 di-

189 3911 372 3968 lectis
405 3913 462 3968 in
499 3913 730 3970 Christo
789 3915 1072 3972 fratribus
1129 3920 1189 3972 et
1245 3915 1632 3986 coepiscopis,
1675 3917 1850 3971 Petro

193 4000 514 4058 Albanensi
532 4005 594 4058 et
615 4002 886 4060 Odelrico
907 4003 1257 4074 Pataviensi,
1276 4003 1526 4060 salutem
1539 4008 1597 4059 et
1621 4009 1852 4076 aposto-

194 4087 372 4145 licam
429 4091 910 4149 benedictionem.
964 4093 1110 4150 Sunt
1167 4093 1352 4165 multi,
1389 4093 1603 4164 quibus
1657 4097 1848 4149 tamen

196 4192 314 4233 non
345 4179 664 4250 credimus,
698 4202 723 4230 ιι
760 4185 870 4238 etc.

271 4267 374 4323 His
404 4268 665 4340 acceptis
693 4270 932 4341 litteris,
969 4271 1104 4342 quia
1133 4270 1398 4342 corrupti
1449 4271 1790 4328 muneribus
1818 4285 1849 4327 a

197 4357 494 4412 sententia
509 4344 567 4412 el.
587 4359 1205 4430 propositogravitatis
1225 4358 1564 4431 apostolica
1586 4359 1852 4417 deviave-

1881 3077 1931 3142 C

1971 458 2235 522 sabatur,
2270 473 2576 530 episcopos
2627 475 2858 532 quoque
2896 461 3250 518 simoniacos
3277 463 3621 520 confirman-

1973 550 2079 611 tes,
2098 547 2194 616 qui
2213 548 2518 604 manifeste
2545 549 2926 607 lleinricianis
2939 551 3297 608 communica
3309 554 3444 608 bant
3461 572 3472 606 :
3489 568 3618 609 cum

1970 634 2172 691 ﬁdeles
2203 637 2286 692 rei
2319 637 2567 694 veritate
2601 638 2790 695 minus
2820 639 3082 710 inspecta
3119 655 3148 696 a
3177 641 3317 698 sede
3347 642 3455 697 hoc
3487 656 3622 713 apo-

1967 722 2172 779 stolica
2205 724 2283 780 ita
2325 727 2690 796 processisse
2738 727 3050 784 crederent
3081 734 3140 782 et
3170 727 3528 800 dubitarent,
3561 735 3617 786 ct

1967 826 2162 869 sermo
2189 813 2565 870 titubationis
2597 813 2830 871 illorum
2865 815 2936 871 ad
2983 831 3158 873 aures
3205 817 3394 888 patris
3437 819 3619 874 nostri

1969 902 2242 972 venisset,
2277 903 2508 960 litteras
2535 904 2620 960 eis
2653 905 2828 975 misit,
2856 906 2916 960 in
2950 905 3163 976 quibus
3191 913 3248 962 et
3283 908 3438 977 quod
3469 907 3618 964 male

1968 993 2160 1046 actum
2220 992 2406 1048 fuerat
2465 993 2864 1064 reprehendit,
2915 1009 3147 1064 quoque
3199 1009 3261 1051 se
3309 995 3617 1064 ignorante

1970 1077 2183 1134 factum
2215 1085 2374 1136 esset
2405 1080 2662 1151 edocuit,
2689 1085 2745 1136 et
2778 1085 2838 1137 ut
2863 1081 2919 1138 in
2946 1081 3058 1136 ﬁde
3081 1087 3239 1138 recta
3268 1083 3616 1140 inconcussa

1967 1180 2068 1237 spe
2120 1173 2590 1237 perseverarent,
2623 1169 2926 1224 evidenter
2978 1170 3312 1241 ammonuit,
3351 1171 3618 1228 scribens

1967 1255 2056 1310 eis
2087 1255 2142 1309 in
2176 1255 2298 1312 hzec
2327 1255 2504 1312 verba
2539 1277 2551 1311 :
3110 1296 3112 1298 τ
3480 1247 3490 1253 ’

2042 1363 2068 1394 ‹‹
2103 1345 2418 1414 Gregorius
2451 1345 2784 1417 episcopus,
2807 1361 3014 1404 servus
3037 1363 3334 1406 servorum
3359 1349 3481 1420 Dei,
3503 1365 3619 1406 om-

1969 1432 2140 1488 nibus
2171 1431 2444 1490 ﬁdelibus
2475 1435 2662 1489 sancti
2695 1435 2852 1490 Petri
2887 1435 2940 1490 in
2991 1437 3388 1493 Theuthonico
3437 1452 3615 1507 regno

1967 1521 2470 1577 commorantibus
2501 1521 2746 1578 salutem
2771 1527 2828 1578 et
2854 1522 3236 1593 apostolicam
3261 1524 3617 1582 benedictio-

1968 1623 2116 1664 nem.
2153 1609 2421 1664 Pervenit
2455 1609 2526 1665 ad
2560 1625 2667 1666 nos
2699 1611 2853 1680 quod
2886 1609 3116 1680 quidam
3141 1625 3213 1666 ex
3235 1612 3403 1668 vobis
3427 1612 3498 1669 de
3521 1628 3619 1670 no-

1969 1697 2058 1752 bis
2077 1696 2367 1767 dubitant,
2392 1703 2683 1769 tamquam
2708 1699 2764 1753 in
2787 1698 3032 1754 instanti
3059 1700 3228 1756 modo
3251 1701 3615 1758 necessitate

1968 1800 2112 1842 usus
2143 1785 2248 1840 sim
2280 1785 2530 1843 seculari
2565 1785 2825 1856 levitate,
2858 1809 2885 1836 υ
2913 1791 3026 1844 etc.
3063 1788 3233 1859 (179).

2039 1873 2402 1943 Colloquium
2426 1875 2622 1946 itaque
2649 1875 2791 1932 illud
2817 1875 3072 1946 qualiter
3093 1875 3237 1932 vela
3263 1877 3474 1946 quibus
3495 1893 3619 1950 per-

1967 1963 2126 2018 sonis
2157 1963 2332 2018 fuerit
2361 1963 2722 2034 impeditum,
2760 1964 2814 2018 in
2846 1963 3046 2020 verbis
3081 1965 3605 2036 prtecellentissimi

1967 2051 2153 2122 patris
2185 2053 2367 2109 nostri
2399 2057 2629 2109 constat
2660 2053 3110 2124 apertum.Quia
3128 2054 3279 2110 enim
3310 2055 3616 2112 Heinricus

1965 2141 2195 2211 abjecto
2221 2140 2360 2210 jugo
2393 2142 2764 2211 obedientiae,
2802 2141 2992 2213 ipsum
3037 2141 3390 2213 colloquium
3443 2143 3618 2215 impe-

1965 2229 2199 2300 diendo,
2253 2231 2910 2286 excommunicationem
2971 2231 3315 2288 intentatam
3363 2248 3474 2289 non
3524 2242 3618 2298 est

1967 2317 2195 2375 veritus
2227 2317 2549 2388 incurrere,
2587 2333 2690 2388 pro
2729 2319 2836 2388 bis,
2873 2319 3124 2390 inquam,
3163 2323 3220 2375 et
3271 2320 3402 2376 aliis
3453 2322 3616 2378 innu-

1965 2405 2348 2463 merabilibus
2369 2406 2554 2477 malis,
2581 2407 2928 2476 homicidiis,
2956 2408 3254 2478 perjuriis,
3282 2409 3611 2482 adulteriis,

1966 2494 2466 2566 fornicationibus,
2503 2495 2784 2565 symonia,
2815 2495 3216 2552 aacclesiarum
3252 2511 3482 2567 quoque
3514 2499 3616 2554 de-

1964 2583 2290 2639 structione
2321 2598 2434 2640 non
2466 2583 2716 2654 minima,
2751 2584 2807 2639 in
2838 2585 3091 2640 Romana
3122 2585 3343 2655 synodo
3375 2587 3612 2642 anathe-

1963 2672 2276 2728 matizatus
2291 2677 2453 2728 estet
2471 2672 2842 2744 dampnatus,
2858 2678 2916 2728 et
2932 2689 2963 2729 a
2979 2688 3155 2744 regno
3177 2675 3614 2746 inrecuperabi-

1962 2759 2096 2816 liter
2129 2761 2436 2833 depositus
2469 2763 2650 2833 (1080,
2675 2762 2838 2818 Mart.
2865 2762 2940 2833 7).
2967 2762 3147 2828 Quam
3180 2763 3307 2832 ejus
3337 2763 3611 2836 dampna-

1960 2849 2178 2904 tionem
2213 2849 2304 2906 hic
2333 2851 2685 2906 subnectere
2722 2850 2954 2920 dignum
2991 2850 3385 2921 judicavimus
3420 2873 3431 2907 :

2035 2936 2357 3008 (Fol.123’.)
2379 2960 2405 2988 «
2428 2939 2602 2995 Beate
2624 2940 2796 2994 Petre
2821 2938 3092 3010 princeps
3116 2940 3538 3012 apostolorum,
3555 2945 3612 2997 et

1962 3033 2046 3096 tu,
2082 3027 2251 3082 beate
2279 3027 2457 3084 Paule
2487 3027 2695 3084 doctor
2724 3027 3006 3096 gentium,
3040 3028 3376 3099 dignamini,
3405 3045 3608 3100 queso,

1960 3129 2134 3171 aures
2167 3119 2395 3171 vestras
2444 3115 2515 3172 ad
2567 3130 2654 3171 me
2705 3115 3006 3184 inclinare,
3039 3130 3246 3185 meque
3291 3115 3613 3174 clementer

1959 3204 2258 3260 exaudire.
2283 3205 2428 3271 Quia
2452 3204 2720 3261 veritatis
2745 3205 2893 3260 estis
2922 3203 3172 3276 apostoli
3205 3210 3264 3260 et
3296 3211 3608 3278 amatores,

1960 3292 2230 3362 adjuvate
2255 3295 2313 3348 ut
2341 3293 2643 3348 veritatem
2669 3293 2854 3348 dicam
2877 3293 3065 3361 vobis,
3082 3293 3236 3348 omni
3258 3299 3479 3350 remota
3508 3293 3609 3350 fal-

1961 3381 2157 3452 sitate,
2191 3397 2362 3452 quam
2402 3381 2636 3441 omnino
2683 3381 3090 3448 detestamini;
3121 3385 3186 3437 ut
3231 3382 3442 3437 fratres
3498 3381 3611 3438 mei

1961 3469 2099 3524 mihi
2133 3469 2340 3525 melius
2371 3469 2772 3541 adquiescant,
2815 3474 2877 3525 et
2925 3471 3115 3525 sciant
3147 3475 3206 3525 et
3259 3469 3610 3543 intelligant,

1961 3559 2097 3629 quia
2129 3574 2200 3614 ex
2231 3562 2428 3614 vestra
2461 3557 2674 3615 fiducia
2707 3563 2845 3630 post
2900 3560 3075 3614 Deum
3109 3564 3169 3614 et
3201 3562 3444 3614 matrem
3489 3560 3615 3629 ejus

1962 3661 2193 3716 semper
2221 3646 2512 3716 Virginem
2544 3646 2777 3702 Mariam
2813 3647 3010 3718 pravis
3038 3651 3098 3702 et
3128 3645 3344 3718 iniquis
3375 3647 3612 3719 resisto,

1961 3734 2178 3790 vestris
2202 3737 2394 3790 autem
2417 3733 2688 3790 ﬁdelibus
2713 3734 2992 3790 auxilium
3017 3739 3254 3805 praesto.
3281 3735 3396 3791 Vos
3421 3738 3613 3792 autem

1961 3822 2146 3892 scitis,
2166 3823 2300 3892 quia
2325 3837 2435 3878 non
2461 3823 2712 3879 libenter
2731 3822 2800 3879 ad
2822 3838 3054 3880 sacrum
3079 3823 3342 3880 ordinem
3368 3825 3610 3895 accessi,

1959 3917 2016 3969 et
2053 3911 2272 3968 invitus
2300 3911 2454 3968 ultra
2485 3917 2714 3968 montes
2744 3927 2874 3969 cum
2900 3912 3132 3968 domino
3157 3927 3283 3968 meo
3303 3927 3454 3984 papa
3478 3913 3614 3969 Gre-

1958 4001 2126 4070 gorio
2161 3999 2294 4070 abii,
2318 3999 2420 4055 sed
2454 3999 2638 4068 magis
2668 3999 2885 4056 invitus
2905 4015 3036 4056 cum
3055 3999 3288 4056 domino
3317 4015 3442 4056 meo
3469 4013 3613 4072 papa

1961 4090 2146 4145 Leone
2169 4088 2239 4144 ad
2262 4092 2517 4144 vestram
2541 4087 2851 4158 specialem
2875 4087 3202 4144 aacclesiam
3227 4087 3394 4158 redii,
3421 4088 3478 4144 in
3499 4103 3609 4158 qua

1962 4182 2277 4246 utcumque
2298 4175 2465 4231 vobis
2489 4175 2794 4231 deservivi.
2812 4175 3028 4232 Deinde
3052 4174 3221 4231 valde
3243 4174 3463 4232 invitus
3481 4191 3612 4232 cum

1961 4265 2146 4322 multo
2177 4264 2380 4322 dolore
2409 4268 2470 4319 et
2498 4264 2722 4334 gemitu
2752 4269 2813 4320 et
2844 4263 3083 4335 planctu
3107 4263 3163 4318 in
3183 4263 3393 4321 throno
3411 4268 3613 4320 vestro

1961 4353 2130 4410 valde
2159 4353 2433 4423 indignus
2465 4367 2591 4408 sum
2623 4351 2974 4409 collocatus.
2998 4354 3115 4409 Hec
3143 4351 3274 4409 ideo
3295 4352 3448 4424 dico,
3477 4353 3612 4424 quia

197 4449 361 4515 runt,
395 4443 555 4502 aliud
583 4461 755 4517 quam
787 4448 940 4519 quod
973 4449 1060 4504 eis
1091 4449 1424 4520 impositum
1461 4450 1647 4504 fuerat
1681 4462 1852 4518 agen-
1880 4432 1932 4492 D
1963 4458 2075 4500 non
2103 4456 2212 4512 ego
2242 4457 2368 4511 vos,
2401 4441 2504 4498 sed
2536 4455 2642 4498 vos
2671 4441 2938 4512 elegistis
2971 4455 3080 4511 me,
3115 4447 3174 4498 et
3202 4441 3614 4512 gravissimum

197 4538 309 4603 tes,
346 4534 679 4591 Heinricum
712 4535 984 4594 videlicet
1019 4537 1076 4592 in
1105 4551 1346 4608 regnum
1379 4537 1764 4594 reformantes
1791 4540 1852 4592 et

198 4620 513 4680 Rodulfum
539 4637 911 4695 pervasorem
933 4630 993 4682 et
1015 4625 1340 4684 invasorem
1359 4625 1546 4697 regni,
1563 4626 1635 4682 ab
1648 4623 1851 4683 aaccle-

1961 4530 2190 4603 pondus
2215 4529 2482 4588 ecclesiae
2511 4532 2727 4588 vestras
2760 4544 2940 4603 super
2971 4545 3062 4587 Ine
3085 4529 3459 4604 posuistis;et
3479 4531 3613 4604 quia

1964 4634 2143 4692 super
2170 4623 2423 4676 montem
2453 4617 2750 4676 excelsum
2784 4633 2872 4676 me
2899 4617 3161 4687 iussistis
3193 4619 3532 4691 ascendere,
3556 4623 3615 4676 et

1563 4759 1799 4815 VARUE
1840 4755 2240 4814 LECTIONES.

265 4869 462 4950 “ui-ta
486 4885 536 4928 c.
567 4869 638 4904 ⁴⁰⁵
666 4875 843 4950 atque
875 4871 934 4928 in
967 4873 1252 4950 Saxonico
1290 4873 1526 4950 addunt
1574 4876 1728 4932 Ann.
1780 4877 1944 4950 (Sam.
2007 4871 2070 4928 et
2118 4869 2322 4950 Pquh
2352 4869 2664 4950 ξθνρινὶᾳὰε
2705 4867 2776 4901 ⁴⁰⁶
2819 4865 3616 4950 omnibusque'pr'i‘ncipibus

194 4941 552 5013 cunctisque
582 4937 902 5014 majoribus
933 4948 996 4999 et
1025 4943 1342 5002 minoribus
1367 4945 1464 5016 qui
1497 4959 1611 5002 non
1661 4949 1794 5003 sunt
1842 4941 2325 5002 excommunicati
2373 4939 2598 4998 habent
2623 4940 2774 4998 Ann.
2802 4940 2957 4997 Sam.
2993 4939 3056 4996 et
3079 4937 3270 4996 Pauli
3293 4937 3609 4997 Bernried.

1793 5074 2017 5132 NOTE.

270 5170 597 5245 (175)_Da_ta
623 5171 819 5245 Romae
847 5187 936 5245 _vII_
958 5173 1038 5229 Id.
1074 5173 1284 5244 Martii,
1317 5173 1435 5229 ind.
1485 5179 1536 5244 1,
1589 5174 1847 5245 Registr.

203 5256 255 5312 τ,
284 5239 381 5296 ’15.
403 5239 631 5312 Paulus
661 5243 960 5301 Bernried.
993 5247 1115 5300 100.

269 5311 827 5394 (176).Da_t.a_Romae
856 5330 936 5372 vn
966 5315 1101 5374 ldus
1141 5315 1350 5388 Martii,
1386 5314 1504 5372 ind.
1538 5320 1588 5372 1.
1619 5315 1762 5372 Vide
1796 5315 1850 5370 in

205 5383 488 5454 Gregorio
526 5385 644 5440 VII.

269 5454 674 5531 (177)_Exstat_
689 5458 935 5531 etgapud
957 5457 1227 5531 annalist.
1255 5461 1386 5516 Sax.
1407 5463 1466 5517 et
1489 5456 1650 5518 Paul.
1679 5458 1855 5516 Bern-

201 5524 487 5584 rie'd.105
528 5524 913 5601 (Ραινοιοάδω
938 5533 982 5587 t.
1017 5529 1319 5608 CXLVIII.)

2061 5170 2278 5298 1782aln
2311 5169 2580 5240 Registro
2611 5166 3046 5250 desiderantur,
3071 5168 3133 5223 Κ.
3168 5167 3310 5226 Vide
3337 5165 3620 5254 Gregorii

2061 5242 2148 5298 sto
2217 5255 2247 5298 ,ς
2276 5240 2455 5298 actm
2472 5239 2821 5298 ποριεῖν-ψη
2837 5239 3128 5298 vagante:
3150 5238 3540 5298 (Palrologuc
3565 5244 3609 5296 t.

2061 5171 2278 5298 1782aln
2311 5171 2580 5240 Registro
2611 5171 3046 5250 desiderantur,
3071 5171 3133 5223 Κ.
3168 5171 3310 5226 Vide
3337 5171 3609 5254 quam,

1963 5171 2455 5369 ﬁliani)th
2472 5239 2821 5312 Remtrm
2837 5239 3128 5312 ναθαπτθε
3150 5238 3540 5311 (Ραίνοιοθιω
3565 5244 3609 5296 t.

2036 5311 2356 5455 (1%)135Lta
2383 5381 2594 5455 ,Bomte
2623 5380 2896 5439 Kalendis
2941 5379 3239 5454 Octobris,
3271 5379 3388 5438 ind.
3423 5385 3474 5454 3,
3509 5383 3615 5440 Re-

1961 5453 2134 5524 giStr.
2163 5453 2262 5526 vn,
2293 5458 2346 5511 3.
2381 5453 2442 5509 Κ.
