3950 6048
378 267 494 330 3‘23

1338 264 1708 331 iIUGONIS
1751 264 2107 328 ABRATIS
2150 258 2829 329 FLAVINIACENSIS

3392 218 3432 249 δ

3675 266 3801 330 824

377 410 630 466 clamare
653 414 706 463 et
737 408 1090 464 annnnciarc
1111 408 1329 480 populo
1354 407 1451 463 Dei
1476 407 1694 463 Scelera
1722 420 1945 474 eorum,
1972 410 2030 457 et
2063 403 2114 460 A
2148 407 2532 471 statueretur,
2562 409 2662 459 aut
2685 405 2775 460 cui
2796 405 3023 474 justitia
3063 407 3281 462 faveret
3315 407 3565 478 amplius
3586 422 3805 476 cogno-

381 498 515 556 iiliis
529 498 797 553 ecclesiw
821 502 1062 569 peccata
1080 511 1299 565 eorum,
1320 497 1575 551 membra
1592 493 1807 549 diaboli
1826 499 2029 547 contra

381 601 468 642 me
518 590 823 656 coeperunt
877 586 1200 655 insurgere,
1252 589 1310 640 et
1352 600 1533 653 usque
1581 583 1651 637 ad
1698 581 2030 652 sanguinem

384 678 883 747 przesumpserunt
917 674 970 728 in
1012 689 1099 729 me
1148 687 1348 727 manus
1399 671 1656 741 injicere.
1703 670 2036 725 Astiterunt

384 777 551 832 reges
583 767 754 819 terrae
786 766 843 817 et
879 762 1169 832 principes
1201 759 1497 815 seculares
1517 764 1572 814 et
1600 757 2029 814 {ecclesiastici

379 851 553 907 aulici
585 851 758 906 etiam
798 855 856 904 et
885 849 1158 919 vulgares
1202 851 1599 903 convenerunt
1637 847 1690 900 in
1729 863 1900 902 unum
1939 847 2038 901 ad-

376 953 583 995 versus
614 939 929 1007 Dominum,
963 943 1020 991 et
1054 936 1337 991 adversus
1366 952 1471 991 vos
1503 936 1760 991 christos
1791 936 1920 1005 ejus
1954 936 2038 990 di'

373 1035 577 1083 centes
610 1046 621 1080 :
654 1028 1089 1096 Disrumpamus
1124 1025 1351 1080 vincula
1385 1040 1610 1094 eorum,
1660 1028 1718 1079 et
1770 1024 2038 1095 projicia-

374 1133 499 1174 mus
528 1134 556 1174 a
592 1118 987 1187 nobisjngum
1026 1117 1304 1187 ipsorum.
1341 1138 1365 1164 ››
1425 1119 1493 1170 Et
1551 1122 1613 1170 ut
1664 1130 1752 1170 inc
1806 1116 2037 1170 omnino

376 1211 562 1261 morte
593 1205 683 1261 vel
713 1204 890 1260 exilio
918 1206 1360 1269 confunderent,
1399 1204 1603 1260 multis
1640 1205 1831 1260 modis
1862 1205 1915 1258 in
1950 1220 2036 1259 me

373 1295 564 1350 conati
595 1298 728 1350 sunt
764 1294 1087 1362 insurgere.
1132 1295 1289 1347 inter
1321 1308 1466 1362 quos
1499 1292 1843 1363 Specialiter
1872 1295 2037 1348 llein-

373 1385 533 1439 ricus
549 1399 716 1453 quem
736 1382 937 1438 dicunt
955 1397 1170 1451 regem,
1190 1382 1441 1437 Ilcinrici
1466 1382 1839 1452 imperatoris
1860 1382 2031 1468 tilias,

377 1477 583 1527 contra
616 1474 870 1525 vestram
904 1468 1237 1525 calcancum
1270 1469 1456 1524 erexit
1488 1470 1835 1535 ωυυιρείθιη,
1874 1473 1959 1526 fac
1976 1476 2032 1525 ta

374 1576 505 1617 cum
540 1558 740 1613 multis
771 1558 1066 1629 episcopis
1100 1558 1549 1613 ultramontanis
1575 1564 1632 1613 et
1660 1558 1879 1614 Italicis
1901 1574 2036 1614 eon-

376 1648 718 1720 spiratione,
742 1646 1013 1702 adnitens
1047 1662 1133 1701 me
1164 1645 1490 1715 dejiciendo
1524 1662 1647 1701 eam
1684 1647 1793 1701 sibi
1830 1648 2025 1717 subju-

376 1750 537 1806 gare.
557 1735 733 1805 Cujus
758 1734 1046 1806 superbiae
1068 1739 1259 1789 vestra
1280 1735 1856 1795 restititauctoritas.
1880 1752 2038 1800 eum_
2064 1760 2118 1820 Β

375 1839 486 1896 quo
510 1832 707 1880 vestra
734 1824 1024 1879 destruxit
1053 1827 1338 1894 potestas.
1358 1824 1757 1888 Quiconfusus
1775 1832 1829 1880 et
1849 1826 2037 1882 humi-

376 1913 571 1981 liatus,
600 1911 669 1967 ad
708 1928 794 1966 me
830 1912 886 1965 in
920 1911 1374 1980 Langobardiam
1395 1912 1574 1979 venit,
1599 1913 2030 1969 absolutionem

374 2004 447 2059 ab
478 2000 1079 2057 excommunicatione
1130 2000 1398 2071 qucsivit.
1436 2002 1614 2066 Quem
1666 2018 1774 2069 ego
1828 2003 2031 2059 videns

376 2088 765 2157 humiliatum,
802 2090 1001 2145 multis
1031 2090 1101 2144 ab
1131 2104 1198 2144 co
1232 2090 1721 2159 promiSsionihns
1770 2093 2033 2162 acceptis

375 2179 445 2235 de
478 2178 613 2234 vitae
648 2193 770 2234 suae
806 2178 1229 2241 mclioratione,
1269 2178 1444 2232 solam
1481 2180 1529 2232 ei
1562 2181 2028 2235 communionem

376 2267 600 2323 reddidi
629 2286 643 2333 ;
677 2282 790 2321 non
826 2273 1015 2321 tamen
1048 2282 1175 2321 eum
1205 2267 1255 2319 in
1284 2282 1479 2335 regno,
1504 2282 1530 2321 a
1562 2269 1750 2336 quoin
1782 2270 2026 2325 Etomana

374 2356 596 2426 synodo
659 2355 1064 2426 deposucram,
1114 2355 1485 2421 rcstauravi;
1536 2372 1634 2410 nec
1689 2355 2026 2412 fidelitatem

373 2444 626 2501 omnium
660 2444 756 2515 qui
787 2443 838 2498 ei
864 2443 1211 2514 juraverunt
1238 2444 1323 2499 vel
1345 2443 1596 2512 juraturi
1629 2452 1815 2511 ei'ant,
1850 2460 1879 2500 a
1914 2461 2026 2515 quo

369 2547 569 2589 omnes
600 2532 655 2587 in
686 2533 887 2589 eadem
922 2531 1143 2602 synodo
1175 2532 1418 2601 absolvi,
1445 2537 1507 2587 nt
1542 2533 1651 2587 sibi
1685 2540 2027 2589 servaretur

377 2622 646 2694 praecepi.
675 2622 739 2675 Et
769 2620 898 2675 ideo
928 2620 1035 2674 hec
1070 2620 1313 2689 detinui,
1344 2626 1404 2675 ut
1439 2621 1590 2675 inter
1620 2637 1749 2676 eum
1783 2629 1841 2677 et
1872 2623 2028 2692 prin-

371 2710 533 2780 cipes
557 2708 1041 2773 ultramontanos,
1063 2708 1158 2779 qui
1185 2708 1432 2764 (icansa
1457 2714 1512 2763 et
1537 2710 1820 2778 jussionis
1843 2711 2027 2766 eccle-

372 2800 474 2854 siae
510 2802 723 2853 vestra}
771 2796 1136 2863 restiterant,
1168 2796 1456 2863 justitiam
1512 2798 1761 2853 facerem
1815 2798 1897 2853 “’7.
1936 2800 2026 2853 vel

377 2901 573 2960 pacem
607 2899 1036 2956 componerem,
1073 2884 1222 2939 sicut
1255 2892 1313 2939 et
1350 2885 1468 2955 ipse
1522 2886 1826 2942 lleinricus
1872 2886 2029 2955 jura-

376 2979 571 3032 mento
604 2987 707 3046 per
739 2972 885 3029 duos
916 2972 1227 3044 episcopos
1262 2972 1397 3027 mihi
1451 2973 1735 3044 promisit.
1772 2976 2026 3030 Predieti

375 3069 568 3121 autem
591 3063 853 3136 episcopi
870 3060 1242 3133 etprincipes
1267 3062 1704 3123 ultramontani.
1724 3064 2028 3120 audientes

377 3151 539 3208 illum
574 3166 687 3207 non
708 3164 946 3207 servare
971 3150 1120 3219 quod
1146 3149 1519 3219 promiserat,
1539 3151 1698 3220 quasi
1726 3150 2028 3221 desperati

371 3242 441 3297 de
474 3256 563 3310 eo,
590 3240 758 3296 vobis
792 3239 1065 3307 testibus,
1092 3237 1400 3307 elegerunt
1436 3238 1545 3293 sibi
1582 3239 1892 3294 Itodulfum
1928 3240 2032 3294 (ln-

371 3344 494 3385 cem
529 3330 585 3383 in
616 3343 830 3396 regem.
864 3327 969 3392 Qui
1007 3342 1104 3380 rex
1139 3326 1422 3381 Rodull‘us
1457 3328 1803 3382 festinanter
1837 3330 1907 3383 ad
1941 3345 2029 3384 me

371 3416 550 3472 misso
584 3416 815 3481 nuncio,
842 3414 1123 3469 indicavit
1154 3430 1213 3469 se
1245 3420 1511 3470 coactum
1549 3416 1707 3483 regni
1742 3418 2030 3484 guberna-

372 3503 503 3561 cula
539 3504 891 3575 suscepisse,
918 3508 1105 3559 tamen
1140 3518 1200 3557 se
1236 3508 1504 3573 paratum
1541 3504 1673 3557 mihi
1700 3506 1888 3561 modis
1914 3522 2029 3561 om-

371 3593 544 3650 nibus
575 3592 836 3649 obedire.
866 3593 932 3646 Et
958 3606 1027 3647 ex
1052 3606 1120 3645 eo
1148 3593 1412 3661 tempore
1436 3592 1700 3647 eumdem
1726 3592 1861 3647 mihi
1885 3609 2031 3649 scm-

374 3697 477 3754 per
509 3681 665 3737 misit
701 3695 1060 3745 sermonem;
1087 3680 1370 3748 adjiciens
1393 3681 1590 3749 etiam,
1622 3682 1737 3735 lilio
1763 3698 1866 3738 suo
1891 3684 2027 3739 dato

367 3770 573 3828 obside
588 3769 852 3826 etfidelis
866 3769 953 3824 sui
982 3768 1147 3824 ducis
1177 3768 1449 3837 Bertaldi,
1470 3769 1622 3838 quod
1645 3771 2028 3840 promittebat

368 3864 739 3918 sacramento
759 3859 1006 3914 firmare.
1029 3859 1258 3913 Interea
1280 3857 1583 3913 lleinricus
1604 3859 1762 3929 cepit
1788 3875 1875 3913 me
1903 3876 2029 3931 pre-

366 3949 509 4022 cari,
539 3954 605 4007 ut
634 3947 797 4005 illum
827 3953 1029 4003 contra
1066 3946 1409 4018 priedictum
1441 3946 1755 4003 Rodnlfuin
1792 3950 2027 4019 adjuva-

366 4054 506 4097 rem.
528 4038 629 4096 Cui
648 4037 945 4109 respondi,
965 4052 1053 4092 me
1079 4036 1333 4092 libenter
1362 4037 1570 4106 facere,
1590 4037 1788 4092 audita
1815 4038 2028 4098 utrius.

370 4144 483 4201 que
516 4127 704 4201 partis
754 4126 1002 4197 ratione,
1035 4130 1099 4181 ut
1148 4125 1357 4182 scirem
1406 4125 1497 4179 cui
1551 4124 1782 4193 justitia
1845 4128 2026 4197 magis

363 4218 606 4275 faveret.
637 4216 739 4273 [lle
773 4232 910 4273 vero
932 4221 1145 4288 putans
1167 4230 1296 4272 eum
1320 4216 1442 4271 suis
1469 4215 1690 4272 viribus
1723 4231 1895 4287 posse
1929 4218 2025 4273 de-

363 4307 622 4377 vincere,
640 4320 823 4361 meam
847 4304 1202 4375 contempsit
1226 4304 1681 4375 responsionem.
1702 4305 1843 4375 (Pol.
1874 4307 2021 4378 1'24.)

364 4395 678 4466 Postquam
708 4397 901 4450 autem
937 4393 1231 4465 persensit
1262 4407 1325 4448 se
1360 4407 1473 4448 non
1506 4407 1680 4463 posse
1711 4393 1863 4449 sicut
1895 4409 2022 4465 spe-

2146 497 2413 546 sceretur
2440 491 2525 544 ⁴⁰⁸.
2560 493 2629 547 Et
2663 494 2793 563 quia
2828 495 3102 564 putabam
3138 496 3291 564 quod
3343 496 3615 565 injustior
3656 511 3806 566 pars

2146 579 2501 649 colloquium
2536 581 2715 636 nollct
2746 582 2867 636 fieri
2896 582 2989 637 ubi
3009 582 3240 651 jnstitia
3269 583 3459 639 locum
3487 600 3653 639 suum
3674 599 3807 638 scr-

2146 672 2331 735 varet,
2368 670 2862 725 excommunicavi
2893 675 2949 725 et
2981 672 3349 728 anathemate
3393 672 3643 742 obligavi
3678 688 3805 727 om-

2150 769 2252 810 nes
2288 770 2569 827 personas
2603 757 2723 812 sive
2759 759 2934 826 regis,
2973 759 3095 813 sive
3130 760 3317 829 ducis,
3354 761 3476 815 sive
3508 760 3802 831 episcopi,

2149 848 2250 899 aut
2280 845 2526 914 alicujus
2556 846 2803 901 hominis
2837 847 2932 917 qui
2962 848 3315 917 colloquium
3348 850 3541 919 aliquo
3566 849 3807 919 ingenio

2150 934 2461 1003 impediret
2491 950 2560 989 ne
2589 936 2771 989 fieret.
2792 936 3102 991 Predictus
3122 942 3312 992 autem
3340 937 3644 991 lleinricus
3668 953 3803 991 cum

2151 1023 2269 1077 suis
2293 1024 2622 1079 fautoribus
2645 1039 2755 1078 non
2782 1024 2989 1079 timens
3014 1025 3333 1094 perieulum
3362 1026 3802 1090 inobedientize,

2149 1111 2303 1181 quod
2333 1117 2420 1166 est
2456 1113 2651 1169 scelus
2683 1112 2988 1177 idolatrim,
3024 1114 3379 1184 colloquium
3428 1114 3806 1185 impediendo

2148 1202 2805 1258 excommunicationem
2841 1202 3106 1271 incurrit,
3142 1209 3197 1257 ct
3234 1219 3295 1257 se
3339 1204 3526 1274 ipsum
3561 1204 3808 1259 anathe-

2150 1288 2319 1342 matis
2353 1289 2584 1345 vinculo
2616 1290 2935 1359 obligavit;
2958 1306 3338 1361 magnamque
3364 1291 3807 1347 multitudinem

2147 1375 2595 1431 Christianorum
2632 1377 2802 1433 morti
2834 1378 3005 1445 tradi,
3042 1384 3100 1434 et
3128 1379 3413 1434 ecclesias
3449 1379 3585 1434 fecit
3629 1378 3813 1433 dissi-

2148 1464 2293 1534 pari,
2329 1470 2385 1519 ct
2419 1479 2564 1534 pene
2592 1470 2779 1521 totum
2812 1467 3334 1525 Theuthonieorum
3370 1482 3609 1537 regnum
3634 1467 3811 1523 deso-

2151 1552 2351 1607 lationi
2383 1554 2563 1609 dedit.
2602 1554 2973 1626 Quapropter
3020 1557 3321 1613 confidens
3371 1557 3440 1612 de
3483 1556 3713 1626 judicio
3748 1564 3805 1610 et

2152 1642 2551 1697 misericordia
2590 1644 2704 1707 Dei,
2741 1645 2985 1714 ejusque
3022 1645 3295 1715 piissimm
3327 1646 3531 1703 matris
3568 1660 3809 1716 semper

2150 1730 2402 1799 Virginis
2425 1732 2635 1799 Mariae,
2654 1737 2845 1787 vestra
2875 1734 3055 1789 fultus
3077 1735 3430 1790 auctoritate
3457 1750 3598 1805 sepe
3623 1734 3813 1790 nomi-

2151 1824 2347 1874 natum
2384 1820 2736 1891 lleinricum,
2774 1837 2942 1892 quem
2987 1824 3185 1879 dicunt
3237 1839 3450 1893 regem,
3482 1837 3809 1894 omnesque

2153 1910 2409 1964 fautores
2432 1909 2576 1979 ejus,
2604 1911 3186 1967 excommunicationi
3212 1912 3477 1981 subjicio,
3504 1918 3561 1967 et
3589 1912 3807 1968 iterum

2148 2012 2386 2063 regnum
2419 1999 2942 2055 'l‘hcuthonicorum
2969 2005 3028 2055 et
3058 2002 3241 2055 Italize
3271 2018 3339 2056 ex
3371 2002 3807 2072 omnipotentis

2149 2087 2242 2140 hei
2278 2092 2442 2157 parte
2464 2092 2522 2141 ct
2548 2092 2740 2143 vestra
2778 2089 3135 2145 interdicens
3168 2092 3241 2153 ei,
3278 2106 3503 2145 omnem
3542 2095 3810 2160 potesta-

2145 2180 2257 2229 tem
2285 2181 2343 2229 et
2366 2176 2707 2245 dignitatem
2734 2193 2947 2247 regiam
2976 2178 3056 2232 illi
3085 2179 3245 2248 tollo,
3264 2184 3317 2233 et
3346 2186 3406 2235 ut
3432 2178 3627 2235 nullus
3650 2180 3809 2233 chri-

2144 2264 2370 2319 stianus
2402 2265 2453 2320 ei
2488 2266 2642 2321 sicut
2679 2267 2798 2336 regi
2834 2268 3068 2322 obediat
3103 2268 3387 2323 interdico
3410 2268 3495 2322 ‘0’.
3542 2269 3676 2338 ipse
3711 2283 3809 2323 au-

2144 2357 2256 2407 tem
2292 2353 2597 2409 lleinricus
2620 2369 2749 2410 cum
2780 2355 2899 2411 suis
2926 2356 3251 2412 fautoribus
3278 2357 3329 2411 in
3350 2356 3502 2412 omni
3528 2371 3809 2425 congres-

2142 2440 2301 2495 sione
2331 2441 2463 2495 belli
2492 2442 2683 2497 nullas
2706 2444 2882 2509 vires,
2912 2444 3244 2515 nullamque
3273 2445 3466 2501 invita
3493 2459 3595 2500 sua
3625 2445 3812 2501 vieto-

2144 2530 2285 2584 riam
2321 2532 2611 2601 cptincat.
2653 2534 2721 2587 ιτί
2755 2538 2948 2588 autem
3001 2534 3284 2589 Rodult‘us
3333 2548 3571 2603 regnum
3624 2536 3811 2589 Then-

2141 2619 2509 2674 thonicorum
2545 2626 2709 2689 regat
2768 2627 2825 2675 et
2873 2621 3167 2691 defendat,
3204 2637 3371 2691 quem
3421 2622 3805 2681 Tlieuthonici

2140 2706 2441 2775 elegerunt
2475 2708 2581 2761 sibi
2613 2709 2665 2761 in
2702 2724 2917 2777 regem,
2959 2710 3027 2765 ad
3063 2715 3316 2765 vestram
3350 2710 3703 2765 fidelitatem
3731 2726 3801 2766 ex

2142 2800 2307 2866 parte
2341 2802 2534 2850 vestra
2568 2796 2739 2867 dono,
2774 2798 2995 2867 largior
3016 2803 3074 2853 et
3100 2799 3378 2865 concedo,
3410 2799 3805 2869 omnibusque

2142 2884 2247 2939 sibi
2285 2885 2538 2940 fideliter
2589 2886 3008 2943 adhcrcntibus
3056 2888 3489 2943 absolutionem
3541 2889 3803 2944 omnium

2142 2978 2518 3043 peccatorum
2544 2980 2918 3045 vestramque
2952 2976 3415 3033 benedictionem
3449 2976 3503 3031 in
3534 2977 3644 3033 hac
3681 2977 3803 3032 vita

2142 3063 2267 3117 etin
2288 3064 2500 3131 futura,
2519 3066 2713 3118 vestra
2742 3063 2925 3119 fretus
2946 3064 3178 3133 ﬁducia,
3198 3066 3437 3135 largior.
3461 3065 3625 3122 Sicut
3652 3066 3805 3120 enim

2142 3151 2445 3207 Iicinricus
2481 3167 2582 3222 pro
2614 3166 2716 3206 sua
2749 3153 3023 3222 superbia
3056 3159 3113 3209 ct
3145 3154 3537 3210 inobedientia
3562 3161 3627 3209 et
3650 3155 3808 3210 falsi-

2143 3246 2307 3295 tatea
2327 3240 2486 3309 regni
2519 3240 2982 3310 dignitatejustc
3008 3243 3302 3313 abjicitnr,
3323 3244 3399 3298 ita
3426 3243 3807 3301 Rodulfus‘“

2143 3347 2245 3402 pro
2280 3346 2381 3384 sua
2414 3330 2767 3399 humilitate,
2798 3331 3127 3387 obedientia
3152 3338 3211 3387 et
3234 3332 3507 3401 veritate,
3533 3337 3802 3403 potestas

2140 3422 2197 3475 et
2223 3416 2479 3487 dignitas
2494 3419 2653 3489 regni
2673 3420 3034 3475 conceditur.
3085 3420 3253 3490 Agite
3276 3435 3448 3491 nunc,
3473 3435 3682 3492 queso,
3709 3437 3803 3493 pa-

2142 3511 2263 3562 tres
2314 3513 2371 3561 et
2420 3508 2715 3578 principes
2764 3508 3141 3580 sanctissimi,
3197 3514 3259 3565 ut
3306 3511 3494 3565 omnis
3542 3512 3800 3567 mundus

2142 3595 2431 3663 intelligat
2463 3600 2520 3650 et
2550 3601 2886 3666 cognoscat,
2925 3598 3058 3667 quia
3091 3598 3140 3653 si
3177 3598 3426 3668 potestis
3458 3598 3511 3653 in
3547 3599 3706 3654 cmlo
3738 3598 3803 3653 li-

2140 3698 2277 3752 gare
2306 3688 2365 3737 ct
2397 3682 2649 3753 solvere,
2682 3683 2931 3753 potestis
2980 3684 3032 3737 in
3080 3688 3236 3739 terra
3294 3699 3486 3755 regna,
3524 3685 3794 3756 imperia,

2143 3772 2528 3843 principatus,
2564 3772 2833 3840 ducatus,
2871 3773 3177 3844 marehias,
3212 3775 3545 3843 comitatus,
3580 3778 3644 3828 et
3679 3789 3798 3829 om-

2142 3860 2296 3916 nium
2333 3859 2623 3915 hominum
2658 3855 3065 3931 possessiones
3098 3877 3203 3933 pro
3236 3861 3461 3917 meritis
3491 3861 3709 3918 tollere
3737 3868 3796 3918 et

2141 3949 2487 4005 concedere.
2540 3950 2651 4004 Vos
2712 3949 3166 4020 patriarchatus,
3223 3950 3788 4022 archiepiscopatus,

2142 4038 2446 4109 primatus,
2471 4037 2847 4109 episcopatus
2870 4039 3206 4109 frequenter
3231 4039 3454 4095 tulistis
3501 4041 3703 4110 pravis
3733 4045 3789 4095 et

2141 4126 2410 4197 indignis,
2444 4130 2503 4181 et
2536 4126 2825 4196 religiosis
2872 4126 3013 4182 viris
3050 4127 3317 4184 dedistis.
3353 4128 3410 4182 Si
3439 4128 3588 4183 enim
3620 4129 3790 4200 spiri-

2141 4215 2321 4271 tualia
2342 4214 2641 4284 judicatis,
2672 4215 2807 4286 quid
2834 4215 2903 4271 de
2929 4216 3297 4273 secularibus
3329 4216 3621 4287 potestis?
3645 4219 3713 4273 Et
3740 4217 3787 4273 si

2136 4302 2374 4373 angelos
2419 4302 2786 4360 dominantes
2815 4305 3082 4361 omnibus
3101 4306 3374 4376 superbis
3398 4292 3785 4378 principibus,

2136 4391 2275 4463 quid
2305 4391 2375 4446 de
2406 4390 2637 4448 illorum
2671 4392 2860 4449 servis
2888 4394 3077 4450 facere
3127 4395 3381 4465 potestis
3408 4394 3431 4448 ?
3462 4393 3785 4450 Addiscant

366 4482 517 4539 ravit
566 4495 761 4551 agere,
816 4481 931 4537 duo
981 4480 1244 4552 episcopi
1292 4496 1364 4535 ex
1411 4481 1825 4537 consentaneis
1876 4482 2015 4553 suis,
2050 4476 2103 4536 D
2134 4495 2284 4536 nunc
2319 4493 2487 4549 reges
2520 4485 2695 4537 terra:
2723 4484 2782 4536 et
2814 4496 3013 4538 omnes
3036 4482 3217 4538 seculi
3243 4481 3557 4553 principes,
3579 4482 3785 4552 (juanti

362 4570 500 4627 Vird
514 4569 749 4627 unensis
778 4568 1002 4625 scilicet
1030 4569 1405 4639 Teodericus,
1440 4573 1497 4625 et
1531 4570 2013 4643 Obseburgensis,

365 4661 600 4717 Romam
624 4662 930 4728 venerunt,
951 4662 1008 4713 et
1034 4657 1089 4712 in
1115 4657 1340 4728 synodo
1366 4672 1437 4713 ex
1459 4662 1626 4728 parte
1650 4657 1901 4715 Heinrici
1928 4674 2017 4715 me

365 4753 429 4808 ut
459 4749 512 4807 ei
538 4748 831 4819 justitiam
864 4748 1109 4804 facerem
1144 4751 1516 4816 rogaverunt,
1555 4747 1708 4817 quod
1734 4751 1791 4802 et
1819 4749 2013 4805 nuncii

362 4837 593 4896 Rodulti
632 4836 757 4893 fieri
789 4835 1196 4892 laudaverunt.
1231 4833 1497 4890 Tamdem
1548 4834 1843 4905 aspirante
1874 4836 2010 4905 Deo,

361 4929 516 4985 sicut
547 4925 748 4997 credo,
782 4924 963 4983 statui
1018 4924 1071 4979 in
1120 4923 1321 4980 eadem
1368 4924 1607 4994 synodo,
1644 4923 1699 4979 in
1746 4925 2013 4995 partibus

366 5013 819 5073 ultramontanis
877 5014 999 5071 fieri
1059 5011 1435 5083 colloquium,
1472 5018 1533 5069 ut
1591 5011 1709 5069 illic
1759 5017 1856 5069 aut
1903 5026 2013 5085 pax

2132 4585 2236 4625 vos
2264 4568 2430 4638 estis,
2467 4568 2605 4638 quid
2639 4570 2912 4641 potestis,
2947 4581 3007 4625 et
3058 4571 3301 4626 timeant
3352 4570 3784 4641 parvipendere

2124 4657 2445 4727 jussionem
2477 4652 2748 4714 eeclesiaa'
2775 4664 3007 4729 vestris,
3034 4661 3089 4713 et
3125 4659 3181 4714 in
3208 4659 3488 4731 przedicto
3511 4658 3783 4715 Heinrico

2130 4750 2247 4803 tam
2268 4746 2387 4802 cito
2399 4746 2682 4816 judicium
2695 4751 2954 4803 vestrum
2968 4752 3255 4817 exercete,
3276 4753 3552 4804 utomnes
3566 4748 3781 4811 sciant,

2129 4835 2259 4905 quia
2288 4850 2398 4891 non
2424 4835 2690 4905 fortuitu,
2709 4834 2811 4891 sed
2830 4840 3021 4891 vestra
3049 4841 3343 4907 potestate
3366 4835 3536 4891 cadet
3561 4842 3619 4891 et
3642 4850 3780 4892 eon-

2130 4922 2427 4994 fundetur,
2451 4923 2669 4979 utinam
2692 4923 2763 4979 ad
2788 4923 3203 4995 penitentiam!
3232 4929 3292 4981 ut
3315 4924 3556 4997 spiritus
3580 4923 3779 4982 salvus

2129 5011 2208 5068 sit
2240 5012 2295 5067 in
2325 5010 2419 5067 die
2450 5012 2691 5068 Domini.
2724 5012 2867 5067 Data
2898 5012 3092 5069 Romae
3123 5014 3263 5069 Non.
3301 5012 3508 5069 Martii.
3541 5035 3565 5061 »ι

1726 5144 1961 5200 VARUS
2003 5143 2400 5201 LECTIONES.

433 5270 501 5305 ⁴⁰⁷
532 5271 722 5329 facere
752 5286 799 5330 ο.
834 5272 905 5307 ⁴⁰⁸
935 5273 1053 5342 Ego
1085 5272 1257 5342 enim,
1289 5271 1443 5328 sicut
1471 5285 1573 5327 vos
1605 5270 1742 5327 mihi
1774 5275 1957 5327 testes
1985 5270 2152 5341 estis,

2188 5276 2397 5345 patres
2443 5275 2501 5326 ct
2548 5270 2786 5345 domini,
2821 5287 3004 5345 usque
3049 5272 3221 5329 hodie
3276 5272 3493 5330 nullam
3546 5277 3772 5345 partem

366 5316 622 5425 ῳερόέιῖ
619 5316 662 5425 ἦ
658 5316 1055 5425 adjuvare-:13;
1062 5316 1176 5425 ζεῖ
1179 5316 1236 5398 iii
1243 5316 1373 5425 ζειᾙῖ
1382 5316 1447 5414 ἷὶι
1454 5316 1574 5425 ξζῖιῖ
1586 5316 1885 5425 θίξεξὶὶςίιζεῖξ
1895 5316 2152 5425 aegide}?
2178 5316 2256 5399 iii”
2266 5316 2432 5401 Ἇὲῑίε
2445 5316 2702 5424 “cantas
2710 5316 2928 5423 ᾖαῆἓῖ
2936 5316 3221 5425 Ξὶζῖῦξᾷζ
3241 5316 3309 5401 εἴ
3322 5316 3493 5425 ᾇὲἧ
3509 5316 3775 5425 fidis};

360 5412 857 5486 Bm‘miedensom
883 5419 1017 5482 107;
1047 5414 1263 5473 desunt
1286 5416 1353 5472 in
1381 5412 1575 5486 codice
1609 5413 1882 5486 Udalrici
1908 5416 2033 5486 150.
2057 5412 2126 5445 ⁴⁰⁹
2157 5428 2472 5485 omnesque
2500 5415 2603 5486 qui
2635 5414 2686 5486 ei
2714 5412 3061 5484 juraverunt
3088 5412 3481 5486 autjurabant
3504 5416 3577 5473 de
3607 5415 3771 5486 regni

364 5484 777 5558 dominatione,
812 5500 843 5542 a
868 5485 1181 5558 juramenti
1213 5485 1599 5558 promissione
1631 5483 1889 5541 absolvo.
1925 5484 2071 5542 Acta
2102 5497 2256 5542 conc.
2291 5497 2347 5542 α.
2378 5483 2540 5542 '1080'
2560 5491 2615 5544 et
2655 5483 2832 5545 Paul.
2894 5483 3219 5547 Bemm'edf
3272 5488 3334 5546 et
3376 5488 3496 5548 cod.
3552 5483 3767 5546 Uda'lr.

362 5559 400 5622 ι.
442 5558 479 5619 ἶ.
512 5556 583 5592 ⁴¹⁰
609 5557 705 5617 ita
739 5570 808 5617 ο..
