3950 6048
72 221 178 284 825

1305 221 1805 290 CHRONICON.
1840 263 1916 273 —
1946 226 2107 292 LIB.
2140 230 2214 291 II.

3352 237 3469 301 826

132 355 273 425 (Fel.
308 352 471 425 124’.)
496 356 734 411 Preerat
763 361 899 412 tunc
922 357 1202 427 temporis
1220 357 1393 429 (179')
1408 358 1713 416 Medioma-

1868 377 2170 449 eligiosum
2204 382 2411 448 virum,
2447 384 2517 439 de
2545 384 2714 455 cujus
2746 385 2855 441 fide
2887 391 2944 440 et
2995 388 3469 455 magnanimitate

73 445 271 499 tricum
306 444 439 499 urbi
473 444 563 500 vir
591 443 884 514 egregius,
910 447 968 499 et
992 444 1145 500 inter
1166 445 1497 517 praecipuos
1516 448 1715 503 catho-

72 535 185 587 licze
209 532 344 588 fidei
371 537 846 604 prepuguatores
872 548 1136 602 magnum
1155 535 1472 605 patientiae,
1490 534 1723 606 religio-

76 620 495 691 nisetjustitiae
510 620 1197 689 documentum,domnus
1214 623 1723 694 llerimannusepi-

80 725 309 781 scopus,
348 708 691 766 Leodiensis
723 708 1006 765 aecclesize
1040 709 1216 781 filius,
1272 711 1380 781 piae
1428 712 1724 768 memoriae

82 798 463 853 Adalberonis
482 797 742 869 episcopi
768 798 1071 855 Mettensis
1085 813 1393 856 successor
1407 815 1436 857 a
1454 802 1567 857 Deo
1582 816 1726 871 prae-

82 885 407 942 ilestinatus
440 891 500 941 et
528 885 816 952 donatus;
850 886 946 956 qui
991 887 1043 941 in
1092 888 1354 958 primevo
1401 888 1728 958 juventutis

88 976 237 1043 ﬂore,
258 974 629 1046 temporibus
645 976 906 1031 Annonis
929 976 1280 1032 venerabilis
1298 977 1729 1034 Coloniensium

88 1063 529 1134 archiepiscopi,
566 1062 782 1119 tutoris
814 1067 872 1119 et
903 1063 1293 1120 moderatoris
1313 1066 1496 1135 regni,
1528 1065 1731 1136 palatii

90 1152 464 1222 frequentiam
496 1156 773 1223 nanctus,
795 1152 954 1222 regis
980 1151 1142 1208 illius
1164 1169 1313 1224 pene
1339 1155 1613 1211 universa
1635 1169 1735 1210 no-

92 1247 273 1306 verat;
309 1241 365 1295 in
397 1245 627 1297 tantum
649 1246 713 1297 ut
734 1242 912 1297 etiam
930 1246 1063 1297 ante
1080 1244 1734 1315 perceptamepiscopa-

97 1334 175 1383 tus
201 1329 452 1398 gratiam
480 1344 585 1401 pro
615 1328 743 1399 ejus
776 1328 1087 1385 insolentia
1120 1345 1150 1386 a
1186 1331 1363 1388 curia:
1397 1346 1460 1386 se
1486 1331 1734 1403 plerum-

98 1433 189 1487 quc
215 1418 725 1474 administratione
760 1418 1159 1490 subtraheret,
1186 1424 1251 1487 et
1276 1421 1459 1489 magis
1484 1420 1734 1490 eligeret

102 1509 457 1577 contemptus
472 1520 605 1561 esse
625 1505 1036 1562 mediocritate
1049 1520 1172 1576 sua,
1202 1521 1371 1577 quam
1389 1521 1458 1561 ex
1476 1507 1736 1577 inquina-

100 1593 235 1649 tione
257 1594 567 1650 societatis
593 1593 971 1650 factiosorum
995 1609 1237 1665 sperare
1261 1595 1479 1665 majora
1516 1614 1528 1651 :
1556 1594 1735 1650 maxi-

1829 467 2170 537 confideret,
2194 471 2546 527 absolveret.
2570 476 2643 527 At
2666 472 2763 527 ille
2786 473 2969 528 vicem
2993 473 3344 532 obedientize
3370 476 3471 532 im-

1832 570 2051 626 ponens
2083 558 2279 614 abbati
2315 560 2678 617 Divionensis
2699 562 2969 631 coenobii,
2996 562 3213 619 Mettim
3235 577 3363 621 eum
3392 565 3475 622 di-

1835 645 2004 715 rexit,
2044 660 2073 700 a
2104 661 2217 716 quo
2252 649 2560 706 absolutus
2591 655 2678 706 est
2714 651 2839 721 ipsa
2868 650 3067 720 vigilia
3114 652 3327 708 natalis
3368 654 3477 710 Do-

1836 747 1994 789 mlnl.

1912 823 2049 895 (F01.
2078 826 2225 897 125.)
2245 828 2382 883 Cum
2406 842 2545 897 ergo
2571 829 2711 883 totis
2734 828 3005 884 medullis
3026 829 3479 887 cordisadhere-

1838 915 1929 966 ret
1961 916 2270 986 praeceptis
2301 916 2659 987 apostolicis,
2691 922 2749 973 ct
2780 932 2811 972 e
2843 919 3140 974 contrario
3185 919 3373 975 omnia
3423 920 3476 977 ei

1841 999 2157 1059 intentaret
2187 1004 2430 1061 adversa
2464 1005 2785 1074 indignatio
2818 1006 2997 1077 regia,
3024 1010 3080 1062 et
3126 1006 3302 1063 fallax
3342 1009 3479 1065 adu-

1843 1088 2084 1146 lantium
2116 1093 2169 1147 ei
2201 1092 2417 1164 lingua,
2449 1095 2928 1164 conquerentium
2950 1110 3062 1149 non
3088 1110 3258 1166 posse
3281 1102 3482 1153 aucto«

1843 1177 2077 1233 ritatem
2108 1188 2324 1237 sanctae
2356 1183 2627 1238 Romanae
2646 1181 2931 1239 aacclesiae
2953 1198 3145 1253 regem
3171 1184 3482 1255 imperato-

1847 1265 1926 1321 ris
1955 1266 2134 1323 filium
2169 1282 2199 1324 a
2240 1272 2355 1325 Deo
2401 1270 2653 1328 electum
2699 1276 2758 1326 et
2805 1272 3167 1343 honoratum,
3221 1279 3480 1329 sanctam

1847 1355 1999 1411 illam
2033 1358 2208 1426 regiw
2243 1360 2564 1429 majestatis
2595 1360 2937 1429 dignitatem
2987 1375 3017 1416 a
3064 1361 3279 1418 seculis
3308 1362 3482 1420 hono-

1846 1451 2030 1500 ratam
2061 1446 2376 1519 deponere,
2408 1453 2463 1504 et
2498 1464 2527 1504 a
2560 1450 2782 1519 gremio
2832 1451 3035 1505 matris
3080 1450 3345 1507 ecclesiae
3395 1466 3484 1508 se-

1843 1549 2110 1605 gregare,
2145 1541 2204 1591 et
2235 1551 2510 1594 concessa
2546 1538 2777 1610 privare
2824 1542 3141 1609 potestate,
3195 1555 3325 1596 cum
3372 1554 3482 1597 non

1845 1630 2003 1679 esset
2032 1629 2300 1695 potestas
2329 1626 2436 1682 nisi
2471 1642 2500 1683 a
2536 1629 2669 1698 Deo,
2706 1642 2833 1698 quae
2865 1632 3058 1684 autem
3089 1634 3225 1685 sunt
3268 1644 3296 1683 a
3345 1630 3480 1698 Deo,

103 1696 330 1787 lycum?!“
363 1682 605 1787 “deret.
624 1683 929 1787 1).”;me
964 1684 1301 1787 revereqdm
1335 1684 1735 1787 mergoriayi'
1760 1712 1816 1774 B
1844 1682 2110 1769 ordinata
2128 1719 2293 1770 sunt:
2312 1715 2524 1771 etillea
2543 1682 2681 1772 sede
2695 1682 3021 1787 apostolica
3036 1721 3242 1773 contra
3265 1682 3484 1773 rabiem

99 1785 206 1827 rum
236 1773 538 1828 Annonem
575 1771 775 1827 dolere
810 1777 871 1827 et
900 1787 1135 1842 gemere
1186 1773 1478 1843 frequenti
1519 1772 1735 1829 contri-

94 1859 251 1930 tione,
284 1858 618 1917 desolatum
648 1862 758 1917 sub
804 1860 907 1916 tali
956 1861 1223 1934 principe
1273 1867 1492 1919 statum
1543 1861 1734 1932 regni,

94 1949 446 2006 incurvatum
473 1949 571 2019 jus
589 1950 843 2021 imperii,
860 1951 1183 2007 contritum
1199 1965 1380 2008 cornu
1398 1950 1661 2021 dominii,
1679 1951 1733 2006 in

93 2054 195 2109 quo
206 2044 363 2096 esset
377 2039 465 2095 sol
478 2054 508 2095 a
524 2054 660 2111 spes
677 2038 1029 2110 dejectionis
1051 2040 1518 2110 aecclesiasticai,
1534 2043 1594 2097 et
1607 2054 1738 2110 pcr-

93 2128 340 2184 turbatio
355 2129 866 2201 paciscatholicze,
889 2129 1157 2186 confusio
1169 2134 1230 2186 et
1254 2130 1483 2200 horror,
1510 2128 1738 2185 vanitas

96 2221 149 2269 et
169 2216 471 2287 contritio,
497 2222 559 2273 et
576 2217 767 2273 omnia
791 2218 1177 2288 pessumdans
1197 2217 1734 2289 superba,lubrica,

97 2315 251 2372 vana,
282 2302 629 2360 inconstans
658 2308 834 2374 atque
867 2303 1158 2361 immunda
1200 2303 1578 2377 prrsumptio.
1630 2302 1738 2358 Ubi

97 2404 224 2445 vero
245 2390 634 2462 episcopatus
658 2391 906 2448 officium
931 2392 1181 2464 adeptus
1195 2400 1306 2463 est,
1324 2393 1470 2449 satis
1486 2391 1735 2464 penituit

100 2479 160 2533 de
176 2493 344 2535 manu
364 2480 525 2550 regis
541 2479 703 2537 illius
718 2480 1593 2553 investiturampontificatusse
1617 2495 1742 2536 sns-

101 2567 337 2640 cepisse,
374 2568 525 2625 adeo
562 2575 622 2626 ut
653 2570 830 2626 etiam
862 2570 1194 2641 impositam
1228 2570 1591 2642 praelationis
1624 2583 1746 2625 sar-

107 2656 284 2713 cinam
313 2656 506 2714 libens
529 2658 819 2729 rejecerit,
846 2658 1048 2715 volens
1070 2658 1428 2731 deposuerit,
1450 2662 1574 2714 toto
1598 2672 1658 2715 se
1673 2658 1744 2714 ab

103 2762 162 2803 ea
183 2748 315 2805 nisu
337 2748 735 2818 excusaverit,
758 2747 804 2803 si
832 2762 1133 2804 assensum
1156 2747 1537 2819 praestitisset
1554 2750 1748 2804 aucto-

105 2838 238 2891 ritas
268 2837 513 2893 Romani
546 2837 862 2909 pontificis,
895 2837 1045 2908 apud
1072 2852 1237 2908 quem
1270 2851 1378 2908 pro
1399 2836 1744 2893 excessibus

106 2924 243 2991 suis,
269 2925 327 2979 id
349 2931 443 2981 est
466 2927 699 2983 incaute
717 2930 996 2998 usurpata
1011 2927 1211 2982 eadem
1230 2926 1600 2996 investitura,
1617 2939 1743 2995 quze

103 3018 184 3069 est
224 3018 439 3070 contra
482 3014 750 3070 instituta
797 3014 1098 3086 canonica,
1143 3014 1373 3086 culpam
1420 3013 1589 3069 fateri
1633 3027 1744 3069 non

98 3102 362 3174 erubuit,
395 3102 659 3173 satisque
689 3103 843 3159 cavit
875 3103 930 3157 in
959 3106 1260 3174 posterum
1289 3118 1317 3159 a
1341 3100 1748 3159 communione

103 3194 227 3260 ejus
251 3197 313 3247 et
340 3193 633 3248 fautorum
657 3191 803 3262 ejus,
836 3195 1080 3263 propter
1099 3192 1254 3262 quod
1277 3197 1335 3247 et
1359 3195 1521 3246 tanta
1541 3204 1748 3261 passus

104 3284 210 3350 est,
237 3284 303 3339 ut
327 3284 385 3335 et
407 3280 478 3336 de
494 3279 595 3335 illo
611 3280 829 3336 dictum
857 3280 1042 3353 possit
1065 3279 1253 3336 videri
1281 3282 1437 3351 :Ego
1451 3279 1754 3337 ostendam

106 3369 203 3425 illi
229 3368 470 3439 quanta
498 3369 1032 3440 oporteateumpro
1047 3369 1283 3425 nomine
1299 3381 1424 3424 meo
1440 3368 1580 3441 pati
1605 3366 1750 3432 (Act.

110 3472 181 3526 ix,
218 3456 327 3527 16).
365 3456 426 3511 In
460 3455 645 3527 primo
676 3470 817 3511 sane
846 3470 1168 3526 congressu
1215 3471 1423 3527 passus
1467 3459 1557 3511 est
1605 3455 1757 3525 quod

111 3545 214 3601 fuit
248 3544 523 3615 hominis,
559 3549 623 3600 ut
646 3543 901 3601 disceret
916 3545 1033 3616 jam
1058 3545 1115 3599 in
1139 3544 1419 3614 secundo,
1447 3544 1543 3615 qui
1566 3543 1617 3599 ei
1652 3544 1760 3600 fuit

105 3634 263 3703 jugis
292 3637 355 3689 et
388 3638 729 3704 perpetuus,
763 3633 832 3689 de
862 3635 980 3689 Deo
1014 3648 1370 3704 praesumere
1402 3647 1514 3689 non
1556 3633 1627 3688 de
1675 3646 1756 3687 se.

114 3722 338 3793 Lapsus
367 3726 463 3777 est
490 3721 642 3776 enim
677 3726 740 3777 ut
771 3723 960 3793 homo,
998 3721 1278 3778 titubavit
1310 3724 1370 3777 ut
1400 3722 1592 3791 homo,
1628 3720 1764 3791 quia

115 3817 493 3891 pmsumpsit
524 3824 584 3875 ut
615 3818 804 3875 homo.
842 3819 950 3875 Sed
975 3821 1318 3876 evacuatum
1338 3818 1561 3889 estjam
1584 3819 1639 3874 in
1663 3817 1764 3873 illo

114 3907 457 3965 scandalum
488 3907 812 3978 obprobrii,
849 3907 981 3978 quia
1002 3908 1060 3962 in
1085 3907 1345 3964 bonitate
1369 3908 1503 3965 vita:
1526 3922 1647 3964 suae
1671 3907 1767 3962 ab-

118 3998 345 4054 scisum
375 3999 469 4052 est
498 3996 653 4067 quod
685 3997 1142 4053 conturbaverat
1177 3996 1335 4052 illum
1363 4000 1456 4059 ;et
1479 4010 1582 4068 per
1606 3996 1766 4052 illum

118 4089 309 4142 bonos
338 4098 563 4151 omnes,
593 4090 654 4141 et
678 4085 1043 4142 obscuritate
1068 4088 1408 4142 rarescente
1431 4084 1649 4141 reluxit
1672 4098 1769 4140 au-

120 4189 274 4245 rum,
312 4173 556 4230 invaluit
587 4174 752 4231 color
779 4173 1054 4246 Optimus,
1091 4173 1455 4247 resplenduit
1490 4174 1546 4229 in
1575 4172 1770 4229 diade-

121 4267 279 4320 mate
312 4261 467 4331 regis
494 4263 684 4318 eterni
715 4262 865 4333 lapis
896 4263 1235 4319 sanctuarii.
1268 4264 1371 4319 llic
1395 4262 1577 4334 igitur
1608 4262 1664 4317 in
1688 4261 1770 4334 ip-

119 4367 191 4407 so
220 4350 415 4423 primo
447 4364 553 4407 suo
584 4350 875 4421 ingressu,
926 4350 1264 4423 apostolicae
1313 4351 1594 4408 doctrinae
1640 4364 1773 4407 exe-

1844 1801 2263 1860 oblatrantium
2295 1806 2618 1861 curationis
2666 1811 2973 1878 expeteret
3020 1807 3369 1877 antidotum,
3423 1812 3483 1863 ut

1845 1903 1982 1959 erga
1996 1905 2198 1947 eorum
2215 1892 2468 1963 impetus
2492 1893 2731 1964 scriptis
2746 1893 3087 1965 apostolicis
3101 1895 3268 1965 quasi
3282 1896 3487 1967 clypeo

1845 1977 2204 2036 defensionis
2234 1981 2578 2052 muniretur,
2610 1983 2755 2037 hanc
2787 1983 2839 2037 ei
2870 1984 2942 2037 ab
2976 1985 3120 2039 urbe
3144 1983 3490 2040 mitissimus

1847 2068 2748 2141 doctormisit(1081)epistolam
2776 2086 2878 2143 per
2892 2070 3203 2127 Rodultum
3218 2072 3488 2128 abbatem

1848 2156 2231 2214 Virdunensis
2260 2159 2620 2229 monasterii,
2655 2159 2734 2215 ita
2755 2160 3209 2216 auctoritatibus
3232 2160 3490 2232 Scriptu-

1847 2260 2042 2301 rarum
2077 2246 2402 2303 divinarum
2440 2248 2715 2303 munitam
2752 2254 2927 2319 atque
2960 2249 3232 2303 refertam
3275 2247 3494 2304 doctri-

1850 2347 2055 2403 naeque
2088 2334 2428 2405 apostolica:
2461 2335 2581 2392 sale
2607 2336 2920 2406 conditam,
2958 2341 3019 2391 ut
3051 2337 3156 2392 hec
3189 2336 3309 2393 sola
3340 2337 3495 2393 sulti-

1850 2420 1966 2476 ciat
2002 2421 2273 2477 fidelibus
2305 2422 2373 2478 ad
2408 2423 2820 2479 confutandam
2846 2424 3313 2480 adversariorum
3339 2424 3495 2496 inep-

1829 2512 1969 2578 tam
2002 2509 2313 2566 stultitiam
2341 2530 2352 2566 :

1926 2618 1952 2685 (
1959 2616 2073 2672 Fol.
2093 2618 2240 2688 125.)
2258 2619 2608 2688 «Gregorius
2621 2619 2955 2693 episcopus,
2974 2634 3181 2675 servus
3196 2633 3497 2675 servorum

1853 2704 1973 2775 Dei,
2009 2705 2224 2763 dilecto
2253 2707 2309 2762 in
2343 2708 2577 2763 Christo
2608 2708 2774 2763 fratri
2808 2707 2874 2739 ω
2907 2708 3173 2765 Mettensi
3195 2708 3495 2779 episcopo,

1855 2792 2106 2849 salutem
2138 2800 2197 2849 et
2246 2796 2627 2866 apostolicam
2677 2796 3157 2852 benedictionem.
3214 2795 3374 2862 Quod
3428 2796 3499 2851 ad

1858 2883 2238 2955 perferendos
2264 2884 2497 2941 labores
2515 2891 2573 2940 et
2596 2885 2855 2956 pericula
2881 2900 2986 2956 pro
3001 2885 3333 2941 defensione
3350 2884 3499 2940 veri-

1856 2971 1999 3027 tatis
2032 2976 2090 3026 te
2124 2977 2388 3043 paratum
2420 2973 2821 3043 intelligimus,
2857 2973 3033 3029 divini
3066 2972 3324 3029 muneris
3374 2987 3501 3029 esse

1780 3068 1828 3128 Ο
1860 3072 1971 3113 non
2005 3058 2362 3130 dubitamus,
2393 3082 2420 3112 »
2452 3066 2562 3117 etc.
2598 3059 2766 3131 (180).

1934 3165 2073 3237 (F01.
2102 3166 2249 3238 128.)
2272 3168 2425 3223 Hanc
2448 3168 2624 3237 igitur
2641 3166 2946 3237 epistolam
2971 3165 3504 3237 Mettensis‘episco-

1861 3270 1972 3327 pus
1988 3257 2334 3328 suscipiens,
2357 3255 2666 3327 plurimum
2683 3256 3148 3311 confortatuscst
3172 3254 3225 3309 in
3242 3253 3506 3311 Domino.-

1863 3345 2074 3401 Verum
2100 3359 2203 3401 nos
2221 3345 2331 3400 hac
2364 3344 2611 3400 decursa
2644 3345 2713 3400 ad
2744 3342 3002 3400 historiae
3025 3342 3286 3399 ordinem
3306 3342 3507 3398 redea-

1867 3449 2011 3490 mus.
2104 3446 2109 3453 ’

1938 3543 2045 3598 Ubi
2079 3541 2151 3597 ad
2183 3556 2356 3599 aures
2380 3540 2631 3597 Heinrici
2656 3541 2813 3611 regis
2835 3543 2895 3596 et
2921 3540 3211 3596 fautorum
3234 3538 3362 3610 ejus
3382 3551 3516 3594 ana-

1871 3631 2125 3687 themata
2162 3631 2394 3687 domino
2424 3646 2573 3702 papa
2608 3631 2821 3686 factum
2857 3628 3181 3701 personuit,
3215 3626 3513 3684 infremuit

1871 3726 2174 3792 tyrannus,
2212 3721 2590 3777 factiosorum
2615 3719 2901 3790 strepitus
2926 3718 2980 3773 in
3009 3717 3163 3773 beati
3188 3716 3517 3773 Petrivica-

1876 3809 2023 3866 rium
2055 3825 2280 3879 magum
2313 3824 2445 3865 eum
2478 3822 2610 3865 esse
2640 3813 2696 3864 et
2733 3808 3133 3879 impostorem,
3163 3805 3512 3874 hereticum,

1876 3898 2241 3967 homicidam,
2274 3898 2670 3965 fornicarium,
2702 3900 2760 3952 ct
2790 3896 2837 3952 si
2863 3896 3001 3966 quid
3026 3895 3184 3951 aliud
3208 3901 3517 3952 aversatur

1878 4002 2034 4043 sanae
2067 3986 2369 4043 doctrinae.
2402 3987 2521 4041 Non
2553 3985 2767 4040 debere
2796 3999 3013 4053 regem,
3049 3983 3422 4054 imperatoris
3462 3983 3522 4036 li-

1878 4076 2038 4145 lium,
2076 4075 2171 4146 qui
2202 4089 2314 4130 non
2344 4073 2471 4129 sine
2501 4086 2677 4128 causa
2697 4071 2952 4142 gladium
2976 4075 3263 4142 portaret,
3291 4071 3387 4140 qui
3411 4071 3523 4126 Ro-

1881 4178 2063 4222 mana
2096 4165 2181 4220 rei
2210 4162 2461 4235 publica)
2492 4160 2778 4233 patricius
2811 4164 2973 4216 tutor
3003 4164 3063 4215 et
3092 4159 3368 4215 defensor
3389 4172 3523 4215 esse

1885 4254 2147 4325 deberet,
2167 4256 2391 4308 tantam
2413 4251 2533 4323 pati
2560 4254 2780 4306 sanctae
2802 4249 2901 4304 Dei
2923 4248 3205 4305 wCCIGSi£B
3219 4246 3525 4305 conculca-

1886 4345 2124 4414 tionem,
2156 4347 2219 4399 ut
2242 4342 2415 4397 homo
2436 4338 2693 4397 omnium
2716 4337 3051 4411 peripsima,
3078 4352 3184 4410 pro
3204 4337 3328 4395 suis
3347 4336 3527 4395 scele-

121 4421 348 4509 quutor
372 4437 583 4508 factus,
610 4452 740 4493 cum
761 4421 1133 4508 postmodum
1149 4438 1634 4496 communicasset
1650 4436 1770 4509 regi
1801 4421 1855 4483 D
1886 4436 2050 4492 ribus
2075 4433 2233 4503 juste
2266 4428 2609 4502 puniendus,
2635 4432 2692 4484 et
2717 4427 2926 4484 merito
2951 4427 3023 4483 ab
3045 4424 3308 4484 aecclesia
3330 4430 3530 4484 extur-

120 4526 423 4587 scelerato
445 4530 508 4583 et
532 4542 636 4598 pro
657 4526 984 4584 sceleribus
999 4529 1523 4599 excommunicato,
1549 4543 1581 4585 a
1603 4528 1773 4599 cujus

122 4630 216 4687 se,
252 4621 318 4673 ut
367 4616 587 4672 dictum
632 4620 726 4673 est
767 4616 883 4687 jam
931 4630 1036 4688 per
1084 4616 1446 4687 aliquantum
1492 4618 1777 4690 temporis

121 4706 539 4765 communione
571 4705 983 4777 suspendarat,
1012 4705 1201 4764 doluit
1225 4711 1286 4763 ut
1314 4707 1691 4778 praediximus
1714 4721 1776 4764 se

124 4795 445 4869 deceptum
470 4814 486 4864 ;
506 4795 847 4866 viribusque
870 4796 1207 4868 resumptis,
1235 4810 1264 4852 a
1285 4795 1496 4853 domno
1520 4811 1667 4868 papa
1683 4797 1779 4853 ab-

125 4885 490 4943 solutionem
514 4884 768 4956 quesivit
789 4885 990 4942 errati.
1017 4884 1313 4952 Quietiam
1332 4885 1609 4957 praecepti
1626 4886 1780 4942 dom-

127 4990 202 5032 no
236 4973 435 5031 Diensi
466 4974 770 5046 episcopo,
805 4978 865 5030 ut
890 4988 1021 5031 eum
1046 4964 1172 5031 vice
1201 4989 1302 5032 sua
1322 4978 1423 5031 aut
1444 4988 1549 5046 per
1571 4988 1654 5046 se,
1681 4978 1777 5031 aut

127 5064 173 5119 si
211 5063 425 5120 timore
455 5062 613 5133 regis
640 5067 948 5120 vereretur
978 5061 1079 5118 illo
1099 5062 1372 5131 transire,
1406 5076 1509 5136 per
1530 5062 1780 5133 aliquem

1889 4521 2137 4592 bandus,
2169 4532 2452 4576 summam
2490 4516 2647 4573 illam
2682 4516 2826 4587 regii
2876 4515 3127 4572 nominis
3166 4515 3529 4587 majestatem

1887 4611 2254 4684 inpugnaret.
2277 4606 2643 4664 Maledictum
2670 4607 2889 4662 frustra
2914 4603 3226 4677 prolatum,
3244 4604 3301 4659 in
3321 4617 3472 4673 eum,
3499 4615 3531 4657 a

1889 4717 2003 4774 quo
2035 4701 2427 4773 processerat,
2462 4694 2922 4767 retorquendam
2952 4698 3018 4751 ut
3048 4693 3146 4765 qui
3170 4692 3403 4749 domino
3424 4703 3531 4746 suo

1888 4795 1949 4849 et
1978 4791 2103 4861 regi
2134 4790 2354 4846 foveam
2389 4787 2701 4858 paraverat
2734 4782 3183 4853 maledictionis,
3216 4795 3286 4838 eo
3314 4777 3532 4836 inmuni

1891 4882 2249 4948 remanente,
2284 4876 2404 4947 ille,
2438 4876 2532 4946 qui
2562 4879 2738 4946 caput
2761 4880 2820 4930 et
2840 4886 3017 4931 causa
3042 4871 3176 4928 mali
3199 4874 3347 4941 erat,
3372 4868 3533 4942 prior

1892 4969 2177 5028 incideret
2210 4966 2265 5023 in
2295 4980 2442 5022 eam.
2480 4967 2617 5022 Cum
2651 4965 2706 5019 in
2744 4964 2853 5019 hoc
2902 4961 3089 5018 omnis
3138 4964 3536 5032 perstreperet

1894 5060 2044 5130 aula,
2076 5057 2379 5114 decretum
2400 5058 2489 5111 est
2509 5051 2800 5110 communi
2824 5049 3096 5121 consilio,
3122 5054 3191 5106 ut
3212 5046 3308 5105 ille
3327 5046 3425 5120 qui
3449 5060 3537 5104 re-

1509 5178 1743 5236 VARLE
1784 5175 2180 5237 LECTIONES.

201 5266 274 5301 ιιι
306 5266 657 5325 Herimanno
693 5265 1102 5340 supplendum.

1730 5365 1951 5423 NOTE.

234 5481 389 5554 179')
423 5479 584 5538 Obiit
621 5493 685 5554 τι.⁸
708 5484 850 5539 1090

209 5482 259 5629 ξι
269 5553 362 5625 80)
385 5552 592 5610 Exstat
617 5550 676 5609 in
697 5550 850 5623 Rege

234 5546 592 5625 180)'Exstat
617 5546 971 5625 in‘Regesto,
996 5550 1099 5611 lib.
1125 5566 1246 5627 xm,
1270 5554 1473 5627 θι›.;21,
1497 5556 1558 5610 et
1580 5552 1637 5611 in
1659 5554 1790 5615 cod.

1904 5476 2161 5538 Udalrici
2191 5491 2247 5533 ιι.
2290 5476 2415 5543 156,
2452 5470 2605 5543 apud
2633 5467 2811 5543 Eclgb.
2842 5467 2936 5543 S_S_.
2967 5468 3037 5541 ΙΙ,
3069 5470 3174 5526 158
3216 5480 3343 5541 sqq.
3396 5468 3547 5540 Αρο.

1904 5549 2188 5625 graphum
2219 5547 2332 5606 hoc
2356 5539 2423 5606 γ.
2459 5539 2542 5601 Cl.
2579 5539 2810 5601 Urlictis
2842 5539 3143 5600 debemus.
