3950 6048
434 204 545 265 327

1402 199 1774 265 HUGONIS
1820 195 2172 261 ABBATIS
2218 196 2894 266 FLAVINIACENSIS

3733 217 3852 279 328

433 341 742 397 verendam
776 356 805 396 a
840 334 1054 395 seculis
1084 337 1300 405 regiam
1334 337 1698 406 majestatem
1730 338 1800 392 ab
1841 333 2086 391 ecclesia
2119 337 2168 395 Α
2204 333 2489 401 omnibus,
2528 335 2603 391 ita
2643 342 2703 393 ut
2746 339 3149 405 Virdunensis,
3204 359 3373 414 quem
3421 346 3566 404 clam
3618 351 3853 406 absces-

430 436 725 487 cxtorrem
758 427 1271 501 pronunciaverat,
1306 427 1376 480 ab
1412 427 1694 482 10001081εο
1727 438 1970 496 corpore
2005 438 2089 477 se-

431 524 799 587 gregaretur,
826 518 886 571 et
900 517 1169 571 Romanae
1182 514 1464 569 zecclesiae
1489 515 1766 585 pontifex,
1787 512 1883 583 qui
1911 524 2087 580 supra

433 621 633 662 omnes
664 611 776 673 est,
811 606 883 659 ab
916 604 1005 657 his
1040 603 1136 672 qui
1168 602 1218 657 ei
1247 603 1490 657 subesse
1516 603 1829 670 debebant,
1863 613 2091 654 excom-

437 694 812 750 municationi
837 691 1338 760 adjudicatusest.
1371 690 1512 757 (F01.
1549 690 1706 755 l'Zs’.)
1733 690 1776 744 Ο
1802 687 2087 744 dementia

437 780 951 852 imcomparabilis,
972 781 1131 834 furor
1148 777 1749 845 inedicibilis,insania
1770 774 2086 831 mirabilis!

343 910 345 914 ι
437 871 598 939 Quis,
628 884 786 939 rogo,
829 868 1266 938 imperatorum,
1323 866 1452 936 quis
1504 882 1701 935 regum
1752 866 1821 920 ad
1872 867 2089 919 tantam

435 957 707 1029 prosilire
737 970 912 1011 ausus
943 959 1033 1009 est
1070 958 1403 1024 protervam
1437 953 1727 1008 insaniam
1759 953 2091 1007 insanamve

433 1045 788 1119 proterviam
821 1048 882 1099 ut
928 1041 1204 1109 clavigeri
1259 1042 1522 1096 caelestis
1571 1041 1873 1109 vicarium,
1925 1039 2093 1107 cujus

412 1140 629 1205 .lingua
661 1132 845 1188 clavis
880 1131 1011 1186 coeli
1048 1135 1159 1199 est,
1198 1131 1478 1185 canonice
1510 1130 1783 1197 electum,
1819 1131 1890 1183 ab
1941 1131 2093 1183 omni

428 1222 870 1285 christianitate
907 1223 1272 1289 susceptum,
1310 1221 1455 1273 bene
1478 1218 1789 1284 viventem,
1813 1220 1973 1272 recta
1997 1216 2096 1273 do-

429 1318 680 1381 centem,
735 1312 807 1365 ab
853 1307 1107 1363 ecclesia
1160 1306 1531 1362 alienandum
1582 1303 2096 1377 pronunciavcrit?

436 1404 774 1461 Conventus
797 1398 886 1453 1110
911 1395 1063 1466 apud
1089 1395 1348 1450 Ulterius
1368 1394 1694 1463 Trajectum
1719 1394 1954 1450 habitus
1981 1398 2090 1471 est,

438 1493 533 1550 ubi
571 1492 775 1545 contra
808 1488 986 1541 Deum
1019 1487 1078 1538 ct
1110 1484 1407 1539 Dominum
1439 1484 1801 1554 disputatum
1824 1488 1934 1537 est.
1961 1482 2092 1536 Dies

439 1585 567 1637 erat
590 1575 840 1643 sabbati,
865 1578 919 1628 et
947 1587 1189 1643 vespere
1208 1574 1442 1627 sabbati
1464 1573 1583 1643 ipsa
1602 1577 1771 1627 nocte
1788 1570 2090 1626 dominicae

439 1668 554 1725 diei
585 1665 1015 1729 illuscesccnte,
1049 1660 1103 1715 in
1138 1660 1390 1716 concilio
1415 1660 1851 1728 malignantium
1875 1658 2091 1714 consti-
2119 1696 2171 1755 B

431 1761 624 1812 tutum
660 1756 748 1808 est
781 1755 837 1805 et
869 1749 1256 1804 deliberatum
1294 1752 1353 1804 ut
1387 1749 1439 1803 in
1472 1748 1729 1804 crastino
1758 1748 1827 1803 ad
1880 1747 2089 1801 missas

430 1844 486 1899 in
519 1840 772 1897 omnium
807 1836 1099 1893 audientia
1135 1851 1279 1908 papa
1307 1836 1933 1905 cxcommunicaretur,
1955 1835 2088 1904 quia

430 1945 606 1988 ausus
642 1929 850 1984 fuisset
886 1941 1081 1994 regem
1117 1931 1173 1980 et
1197 1925 1487 1980 dominum
1513 1939 1679 1980 suum
1700 1924 2090 1980 excommuni-

430 2033 563 2074 care
595 2035 610 2083 ;
639 2017 856 2087 justam
892 2016 1035 2069 hanc
1066 2028 1197 2068 esse
1227 2013 1599 2079 sententiam,
1636 2017 1699 2067 ut
1731 2013 1785 2066 in
1819 2027 1932 2082 quo
1962 2027 2088 2082 pec-

429 2110 691 2173 caverat,
727 2104 1055 2175 puniretur.
1091 2100 1305 2155 Adcrat
1343 2101 1395 2154 in
1427 2115 1710 2156 concessu
1740 2099 1841 2155 illo
1892 2100 2085 2169 iniqua

427 2193 759 2262 gerentiqu
793 2189 1176 2245 Virduuensis
1205 2188 1595 2243 Theodericus
1617 2192 1677 2241 et
1699 2188 1840 2242 Pibo
1863 2186 2087 2242 Tullen-

430 2282 532 2349 sis,
568 2284 623 2336 et
656 2280 856 2350 plures
888 2278 1005 2344 alii,
1045 2277 1140 2347 qui
1173 2277 1284 2332 0181
1318 2277 1589 2331 favebant
1614 2275 1789 2344 regiis
1809 2275 2081 2345 ncgociis,

428 2371 536 2425 hoc
551 2374 765 2435 tamen,
785 2368 917 2438 quia
938 2371 1272 2421 sanctorum
1291 2369 1521 2435 patrum
1538 2364 2085 2419 obviabatdccretis

426 2460 483 2512 et
509 2454 917 2513 sanctionibus
937 2453 1298 2523 repugnabat
1319 2452 1639 2523 canonicis,
1656 2451 1910 2505 aversati
1927 2455 2080 2505 sunt.

431 2528 500 2583 Et
532 2526 764 2598 quidem
796 2522 1053 2581 Tullensi
1086 2525 1142 2579 id
1175 2523 1344 2578 0111011
1380 2522 1711 2592 impositum
1746 2537 1774 2575 a
1798 2537 1934 2590 rege
1955 2523 2082 2591 fuit,

426 2629 496 2671 00
521 2613 678 2683 quod
702 2616 863 2668 esset
883 2610 1096 2666 mentis
1121 2610 1340 2664 timidte
1363 2613 1421 2663 01
1443 2609 2081 2675 inultteiiiconstantia),

435 2706 497 2758 ut
532 2702 836 2770 negocium
870 2699 923 2755 id
957 2702 1352 2767 exequeretur
1377 2715 1390 2763 ;
1415 2697 1513 2751 scd
1540 2697 1635 2751 ille
1662 2696 1794 2751 dum
1820 2698 2083 2767 pavetad

433 2788 662 2858 singula
695 2803 803 2843 nec
835 2790 1008 2843 audet
1044 2787 1237 2855 reniti,
1275 2791 1447 2841 noctu
1471 2800 1600 2841 cum
1626 2785 1971 2841 Virdunensi
1998 2800 2085 2840 38-

434 2876 686 2947 sumptis
718 2875 890 2932 sociis
922 2875 1069 2943 l‘uga)
1104 2890 1163 2930 se
1185 2874 1374 2929 credit
1398 2872 1644 2928 consilio
1671 2892 1683 2939 ;
1709 2874 2084 2943 quamobrem

431 2970 489 3020 et
524 2944 583 3019 in
613 2964 933 3021 crastinum
966 2962 1266 3032 aliquanto
1299 2960 1584 3017 morosius
1613 2959 1959 3030 prolongata
1992 2970 2083 3015 081
2152 2944 2163 2961 λ

2201 421 2349 476 81880
2380 424 2730 495 notavimus,
2769 429 2896 482 urbi
2928 444 3047 485 suae
3094 434 3587 504 appropinquans.
3641 451 3854 494 exeun-

2203 509 2362 565 tibus
2392 511 2500 565 sibi
2552 514 2778 571 obviam
2837 516 3073 573 clericis
3124 520 3244 576 suis
3292 538 3419 577 cum
3470 526 3748 580 crucibus
3796 535 3851 582 et

2200 598 2408 665 cereis,
2459 606 2518 654 ut
2567 603 2742 658 moris
2791 610 2899 675 est,
2958 610 3385 677 processionem
3439 612 3623 683 palam
3677 616 3856 671 inter-

2202 685 2438 756 dixerit,
2472 694 2530 743 et
2563 694 3124 750 excommunicatum
3158 713 3221 752 se
3254 699 3385 767 quia
3410 701 3478 755 ad
3505 701 3702 757 horam
3730 719 3857 759 ees-

2204 775 2379 829 sisset
2416 780 2911 851 pronunciaverit,
2948 784 3208 855 satisque
3244 790 3377 843 tunc
3426 789 3745 858 penituerit
3801 794 3852 846 in

2202 866 2801 924 excommunicationc
2836 870 3047 926 domini
3081 889 3246 943 papzc
3279 889 3341 929 se
3392 876 3655 933 factiosis
3700 896 3856 935 com-

2205 952 2566 1019 municasse;
2604 956 2678 1010 ita
2715 964 2778 1013 ut
2812 959 2997 1030 palam
3050 966 3502 1031 protestaretur,
3559 967 3690 1036 quia
3745 970 3852 1024 nisi

2206 1039 2398 1096 divina
2434 1042 2514 1096 illi
2560 1047 2954 1116 prospexisset
3008 1050 3410 1107 misericordia
3460 1060 3520 1108 01
3573 1057 3853 1113 bonorum

2206 1127 2462 1184 virorum
2497 1134 2704 1203 oratio,
2745 1150 2945 1205 penam
2977 1152 3147 1208 quam
3182 1139 3505 1198 Willelmus
3538 1159 3856 1216 perpessus

2206 1221 2353 1306 erat,
2390 1218 2515 1288 ipse
2551 1223 2918 1291 pertulisset.
2955 1226 3339 1291 Quamobrem
3373 1232 3546 1287 etiam
3581 1251 3744 1306 papa:
3776 1238 3859 1293 di-

2209 1305 2399 1361 missis
2432 1310 2675 1375 nunciis,
2704 1313 2913 1367 abbate
2938 1314 3211 1370 videlicet
3231 1318 3477 1375 11003110
3500 1336 3627 1376 cum
3650 1305 3856 1396 Sociis,

2204 1410 2333 1448 cum
2394 1413 2452 1449 se
2482 1399 2713 1455 omnino
2748 1416 2852 1470 pro
2884 1404 3283 1459 communione
3317 1406 3412 1460 illa
3464 1416 3858 1469 excommuni-

2204 1489 2396 1539 catum
2430 1487 2762 1557 aﬂirmaret,
2797 1494 2853 1545 ct
2885 1492 2958 1546 ob
2992 1492 3048 1546 id
3080 1494 3151 1548 ab
3192 1494 3379 1550 officio
3426 1508 3743 1566 cessasset,
3803 1504 3855 1558 in

2204 1588 2370 1628 manu
2422 1574 2548 1643 ejus
2600 1592 2701 1647 per
2749 1577 2978 1637 litteras
3029 1580 3177 1654 (184)
3230 1583 3436 1639 stolam
3489 1587 3751 1645 reddidit
3799 1598 3853 1646 et

2204 1660 2455 1718 anulum.
2492 1666 2719 1721 Etcum
2771 1682 2834 1722 sc
2881 1668 2964 1723 sic
3016 1669 3137 1740 ipse
3187 1672 3549 1744 dampnaret,
3605 1681 3852 1747 parebat

2202 1754 2390 1806 tamen
2424 1754 2566 1822 regi.
2604 1755 2733 1824 quia
2769 1756 2873 1811 hec
2905 1763 3032 1813 erat
3082 1759 3220 1816 hora
3273 1761 3422 1831 ejus,
3474 1769 3529 1819 et
3586 1771 3856 1836 potestas

2204 1841 2597 1896 tenebrarum.
2634 1844 2772 1898 Nam
2806 1844 3189 1902 inveteratam
3222 1850 3348 1919 ejus
3381 1852 3689 1923 3131101331,
3720 1871 3853 1926 qua:

2200 1928 2615 2000 obduraverat,
2654 1947 2765 1987 non
2806 1934 3148 2003 frangebant
3182 1938 3500 2005 miracula;
3550 1949 3612 1997 ut
3662 1944 3858 2000 incre-

2202 2022 2392 2072 menta
2460 2019 2738 2075 viciorum
2800 2029 3071 2091 parerent
3119 2025 3169 2079 ei
3223 2027 3397 2082 etiam
3450 2030 3854 2088 abditamenta

2201 2092 2643 2146 tormentorum.
2685 2096 2697 2141 t
2733 2096 2841 2147 nde
2875 2100 2934 2148 et
2982 2094 3279 2166 impletum
3330 2105 3420 2153 cst
3470 2101 3522 2153 in
3572 2118 3640 2157 eo
3692 2107 3853 2173 quod

2200 2177 2481 2247 scriptum
2516 2184 2608 2233 est
2644 2198 2654 2232 :
2684 2180 2876 2236 Multo
2907 2181 3107 2240 labore
3149 2186 3431 2242 sudatum
3480 2191 3583 2255 est,
3634 2191 3697 2245 et
3734 2206 3853 2247 72022

2197 2266 2393 2321 exivit
2417 2266 2487 2320 de
2498 2280 2558 2320 eo
2571 2269 2762 2323 nimia
2773 2268 2985 2340 rubigo
3000 2272 3059 2341 ej
3064 2285 3130 2327 us
3142 2286 3359 2343 meper
3370 2274 3583 2345 ignem.
3604 2280 3851 2345 (Ecce/4.

2199 2367 2345 2422 xxrv,
2384 2358 2496 2419 1‘2.)
2530 2355 2684 2423 Ignis
2719 2357 2868 2412 enim
2920 2358 2969 2412 ei
3023 2361 3425 2417 tribulationis
3472 2365 3858 2421 circumstre-

2200 2444 2393 2512 pebat,
2430 2442 2525 2511 qui
2556 2442 2836 2499 viciorum
2872 2446 3196 2516 rubiginem
3230 2457 3549 2520 purgaret;
3584 2454 3689 2507 sed
3743 2470 3854 2509 nee

2198 2546 2300 2601 per
2333 2531 2518 2599 ignem
2552 2533 2874 2602 rubiginem
2908 2535 3119 2603 amisit,
3162 2538 3259 2607 qui
3312 2554 3415 2596 nec
3466 2555 3570 2611 per
3618 2543 3855 2612 ﬂagella

2196 2624 2501 2699 correctus
2532 2626 2643 2701 est,
2676 2621 2811 2701 quia
2848 2623 3070 2680 malicia
3103 2626 3229 2695 ejus
3261 2642 3289 2681 a
3341 2630 3661 2686 conflatore
3713 2645 3856 2686 con-

2197 2698 2343 2745 sumi
2376 2707 2486 2746 non
2525 2698 2735 2761 potuit.

2267 2778 2407 2845 (Fol.
2444 2781 2607 2849 129‘.)
2643 2784 2805 2838 Anno
2836 2783 3256 2841 incarnationis
3280 2792 3436 2851 1087,
3460 2789 3607 2845 obiit
3629 2790 3856 2847 Willel-

2197 2881 2323 2923 mus
2355 2868 2670 2937 Anglorum
2706 2886 2825 2927 rex.

2268 2958 2447 3028 (1080,
2485 2959 2610 3014 001.
2650 2965 2758 3030 15.)
2794 2963 2955 3017 Α330
2987 2962 3167 3031 igitur
3196 2965 3267 3020 ab
3300 2965 3703 3023 incarnatione
3736 2971 3850 3024 Do-

424 3052 642 3122 negotii
691 3051 863 3122 hujus
908 3050 1224 3120 exequutio
1292 3050 1461 3120 (18l).
1512 3049 1683 3104 Solus
1761 3048 2082 3104 Willelmus
2113 3048 2163 3112 C
2196 3046 2330 3100 mini
2359 3052 2515 3115 1070,
2554 3048 2766 3104 factum
2799 3054 2886 3104 cst
2916 3050 3175 3121 praelium
3208 3053 3264 3107 in
3298 3054 3563 3125 Saxonis,
3619 3057 3673 3111 in
3729 3073 3853 3127 quu

425 3140 816 3210 Trajectensis
848 3140 1119 3196 inventus
1148 3141 1259 3207 est,
1297 3137 1392 3207 qui
1427 3137 1561 3193 dum
1608 3138 1941 3193 hesternam
1991 3153 2085 3192 ru-

424 3233 546 3285 0101
581 3228 903 3299 crapulam,
935 3227 1131 3298 posuit
1164 3227 1219 3280 in
1254 3226 1462 3281 cmlum
1496 3242 1563 3281 os
1588 3241 1776 3293 suum,
1803 3229 1859 3280 et
1888 3225 2079 3294 lingua

410 3317 554 3386 'cjus
588 3318 643 3371 in
679 3316 974 3372 dominum
1009 3318 1064 3370 et
1092 3315 1434 3383 magistrum
1456 3328 1625 3369 suum
1650 3314 2080 3370 inaledictionis

425 3403 948 3474 intorsitjaculum
981 3405 1148 3474 (182).
1185 3402 1291 3457 Sed
1328 3418 1438 3457 non
1480 3402 1711 3471 inpune.
1763 3403 1898 3457 Nam
1949 3418 2078 3458 cum

425 3492 535 3548 hoc
568 3493 725 3548 inter
756 3507 918 3549 sacra
954 3492 1262 3547 missarum
1292 3490 1615 3561 peregisset
1650 3490 1993 3561 solempuia,
2021 3497 2076 3546 et

423 3584 664 3653 peracto
692 3581 915 3638 scelere
939 3580 1111 3637 datus
1136 3580 1197 3635 in
1214 3579 1529 3650 reprobum
1547 3593 1777 3635 sensum
1792 3579 1861 3635 ad
1876 3580 2076 3636 eadem

424 3670 820 3742 perexplenda
845 3670 1272 3738 accingeretur,
1302 3682 1370 3722 ne
1396 3667 1484 3724 vel
1510 3668 1561 3723 in
1590 3668 1695 3723 hoc
1719 3682 1748 3723 a
1771 3669 2079 3739 ,131110310-

421 3759 634 3815 ditoris
664 3759 963 3814 consortio
994 3761 1051 3812 et
1086 3757 1296 3811 merito
1318 3762 1713 3827 separarctur,
1740 3757 1835 3812 ubi
1861 3771 2078 3827 corpus

425 3848 795 3917 dominicum,
829 3848 883 3901 in
914 3846 1069 3917 quod
1100 3850 1469 3917 peccaverat,
1506 3846 1652 3901 male
1675 3846 1783 3901 sibi
1806 3846 2079 3903 conscius

426 3938 679 4007 sumpsit
712 3936 859 3994 ultio
888 3935 1084 3992 divina
1110 3934 1481 3990 manifestata
1505 3938 1617 3990 est.
1645 3936 1967 3993 Percussus
1988 3941 2079 3993 est

425 4025 577 4081 enim
610 4040 640 4081 a
674 4027 792 4082 Deo
825 4024 993 4097 plaga
1025 4023 1357 4094 insanabili,
1394 4023 1472 4079 ita
1504 4028 1565 4080 ut
1598 4039 1728 4080 cum
1752 4024 1996 4081 horrore
2019 4031 2074 4081 01

423 4119 666 4186 stupore
689 4114 942 4169 mirabili
966 4114 1243 4170 clamaret
1273 4131 1285 4168 :
1308 4114 1499 4169 Ardea
1517 4122 1536 4169 ,ι
1561 4113 1739 4169 ardeo
1760 4124 1780 4170 ,ι
1805 4114 1938 4184 quia
1953 4129 2079 4169 cor-

420 4218 532 4276 pus
564 4204 720 4275 quod
753 4204 1031 4273 viviﬁcat,
1068 4201 1394 4259 incendium
1424 4201 1505 4257 illi
1526 4216 1871 4273 poenamque
1894 4203 2078 4274 parie-

419 4294 541 4363 bat,
580 4294 736 4363 quod
764 4297 1067 4349 exarserat
1100 4292 1157 4346 in
1184 4306 1253 4347 eo
1282 4290 1433 4348 sicut
1462 4290 1609 4361 ignis
1650 4290 1705 4345 in
1757 4291 1959 4361 spinis,
2016 4297 2073 4348 ut

2196 3134 2478 3190 Rodulfus
2512 3151 2612 3191 rex
2643 3137 2877 3207 cecidit,
2908 3143 2967 3193 et
2998 3140 3303 3196 Heinricus
3344 3143 3617 3211 fugiendo
3648 3146 3849 3202 victus

2193 3228 2303 3279 est.
2343 3226 2457 3279 Hoc
2491 3227 2694 3281 eodem
2728 3241 2877 3282 anno
2911 3228 3061 3283 facta
3086 3234 3218 3285 sunt
3243 3232 3502 3287 tonitrua
3525 3238 3585 3287 et
3608 3233 3847 3304 fulgura

2195 3312 2248 3366 in
2281 3313 2574 3384 Januario,
2609 3319 2669 3370 et
2716 3314 2850 3371 luna
2902 3316 3063 3385 nigra
3115 3322 3170 3372 01
3223 3320 3667 3388 sanguinolenta
3716 3323 3844 3379 visa

2192 3409 2277 3460 est
2311 3408 2342 3457 3
2370 3404 2492 3459 Kal.
2522 3404 2684 3458 Febr.
2719 3406 2787 3460 Et
2808 3406 3074 3474 sequenti
3099 3420 3248 3461 anno
3279 3409 3604 3463 Witbertus
3629 3410 3845 3467 invasit

2192 3493 2388 3548 sedem
2413 3493 2813 3564 apostolicam,
2840 3510 2868 3549 a
2894 3494 3222 3565 dampnatis
3244 3498 3846 3555 etexcommunicatis

2193 3582 2402 3651 suique
2434 3581 2726 3636 similibus
2762 3581 2815 3635 iu
2849 3582 3258 3653 apostaticum,
3297 3599 3406 3639 non
3452 3586 3844 3656 apostolicum

2191 3669 2434 3726 electus.
2488 3674 2664 3742 (Legg
2714 3686 2772 3741 ll,
2822 3672 2934 3741 51.)
2988 3670 3126 3736 Quae
3175 3672 3533 3743 conspiratio
3585 3675 3839 3744 primum

2192 3764 2344 3816 tacta
2369 3763 2462 3814 est
2482 3760 2632 3830 apud
2659 3759 2931 3829 Brixiam,
2958 3759 3850 3833 ubicongregatialiquiepisco-

2192 3864 2396 3922 porum
2431 3849 2503 3903 de
2554 3848 2826 3918 sinagoga
2871 3853 3108 3918 8313331,
3166 3848 3364 3904 traditi
3416 3849 3472 3903 in
3524 3852 3843 3922 reprobum

2190 3952 2447 4006 sensum,
2482 3943 2684 3993 contra
2720 3936 2909 4006 fidem,
2947 3951 3075 4007 quae
3105 3944 3196 3992 est
3247 3938 3541 3995 confessio
3573 3941 3757 4009 Petri,
3780 3950 3839 3996 et

2190 4030 2448 4082 sanctam
2482 4025 2677 4081 sedem
2711 4025 2835 4094 ejus
2864 4025 3175 4081 Romanam
3205 4024 3526 4083 mcelesiam
3560 4028 3758 4098 turpia
3781 4034 3841 4085 et

2188 4113 2433 4170 nefanda
2465 4114 2772 4184 jacientes,
2807 4114 2877 4170 ad
2929 4112 3351 4185 plenitudinem
3402 4114 3842 4187 dampnationis

2188 4219 2307 4260 suae
2354 4202 2660 4272 elegerunt
2710 4203 3057 4260 Witbertum
3115 4203 3539 4275 heresiarcham
3590 4205 3662 4262 de
3711 4208 3842 4263 suis

2189 4291 2500 4361 similibus,
2529 4296 2619 4347 est
2655 4292 2964 4363 chperata
3000 4293 3271 4364 superbia
3302 4295 3685 4366 apostolicum
3705 4311 3840 4352 eum

421 4381 729 4438 manifesta
762 4380 819 4437 id
853 4395 920 4436 eo
952 4381 1119 4436 110101
1152 4380 1301 4437 ultio
1330 4380 1572 4436 Domini.
1605 4381 1719 4435 Nec
1750 4380 1949 4437 datum
1988 4384 2074 4436 est
2104 4404 2159 4468 Ι)
2191 4386 2491 4451 vocantes,
2529 4385 2881 4452 apostatam,
2915 4396 3028 4436 non
3063 4382 3443 4452 apostolicum
3494 4384 3840 4442 effecerunt.

424 4467 508 4524 illi
540 4474 772 4541 tempus
802 4475 867 4525 ut
890 4469 1201 4540 peniteret,
1230 4469 1330 4526 sed
1356 4483 1488 4524 mox
1513 4474 1576 4524 ut
1599 4469 1784 4526 sensit
1806 4469 1995 4538 ignem
2019 4469 2074 4524 in

422 4571 485 4614 se
516 4562 907 4628 grassantem,
943 4558 996 4612 in
1034 4557 1170 4614 sede
1191 4573 1439 4629 corpore
1469 4558 1769 4629 reclinato,
1795 4557 1931 4614 dum
1962 4558 2077 4614 cla-

422 4650 641 4703 masset
673 4648 944 4705 :Sancta
972 4647 1221 4705 Maria!
1253 4648 1522 4705 miseram
1554 4648 1731 4705 vitam
1756 4648 2074 4705 miserabili

418 4739 610 4792 morte
631 4734 813 4792 finivit
841 4737 1012 4810 (183).
1040 4737 1119 4792 De
1139 4751 1252 4808 quo
1265 4740 1488 4793 certum
1501 4739 1614 4807 est,
1634 4737 1767 4806 quia
1780 4736 2074 4794 nobisista

419 4826 585 4897 vidit,
623 4826 790 4883 nobis
823 4827 932 4883 hoc
965 4830 1352 4882 monstratum
1397 4831 1505 4895 est,
1558 4830 1621 4881 ut
1665 4826 1944 4897 prodesse
1995 4828 2077 4883 in-

417 4914 640 4986 ciperet
667 4916 835 4974 nobis
851 4931 996 4989 pena
1019 4916 1165 4987 ejus.
1194 4914 1441 4972 Grandis
1460 4913 1594 4972 hinc
1623 4915 1866 4973 inolevit
1883 4920 2077 4975 terror

2189 4472 2295 4539 Qui
2331 4470 2551 4527 idcirco
2578 4470 2834 4526 omnium
2859 4469 3115 4527 fidelium
3137 4471 3272 4527 odio
3295 4472 3524 4541 dignior
3543 4479 3655 4542 est,
3697 4474 3837 4544 quia

2188 4574 2318 4616 cum
2348 4574 2379 4615 a
2411 4558 2795 4630 principibus,
2831 4558 3101 4614 lleinrico
3135 4558 3367 4614 scilicet
3398 4573 3547 4629 rege.
3565 4559 3840 4631 deposito

2186 4651 2244 4701 et
2296 4646 2530 4703 caeteris
2580 4645 2752 4715 hujus
2820 4645 3168 4716 perditionis
3214 4645 3497 4702 ministris
3545 4646 3839 4716 quesitum

2186 4738 2359 4805 esset,
2384 4734 2516 4805 quis
2539 4734 2609 4790 ad
2634 4733 2707 4788 im
2716 4732 3085 4804 pugnandum
3110 4738 3375 4791 sanctum
3398 4732 3610 4803 virum,
3630 4748 3836 4806 papam

2186 4822 2462 4880 videlicet
2484 4822 2848 4893 Gregorium.
2882 4821 3159 4877 falsitatis
3175 4821 3449 4878 vexillum
3474 4822 3831 4893 susciperet,

2186 4929 2354 4971 nemo
2383 4914 2636 4970 omnium
2669 4916 2785 4967 tam
2817 4911 3026 4975 audax,
3083 4916 3198 4967 tam
3250 4916 3664 4983 praesumptor,
3715 4915 3837 4968 tam

2011 5096 2231 5153 NOT/E.

486 5242 635 5319 (181)
668 5243 851 5319 Paulo
870 5250 1003 5302 ante
1030 5246 1249 5319 scripta
1272 5246 1506 5303 videtur
1528 5247 1777 5319 epistola
1806 5246 2071 5319 Gregorii

417 5313 513 5386 III,
548 5313 636 5385 12⁷,
668 5313 741 5371 ad
771 5315 1029 5373 Udonem
1060 5313 1457 5374 'l‘révirenscm
1486 5313 1906 5378 Theodericum
1923 5313 2073 5377 ⁷1⁷11-

415 5385 732 5442 dunensem
761 5390 820 5441 et
850 5387 1259 5447 Herimannum
1290 5389 1648 5447 Mettensem.
1694 5392 1756 5446 K.

490 5456 869 5532 (182)_Hoc_a.
903 5463 1041 5515 1076
1071 5458 1330 5532 paschali
1360 5465 1623 5532 tempore
1673 5462 1889 5519 factum
1945 5476 2074 5520 esse

490 5474 639 5529 (182)
672 5474 789 5513 nec
818 5474 869 5514 a.
903 5474 1041 5515 1070
1112 5474 1330 5517 asenan
1360 5474 1623 5532 tempore
1673 5474 1889 5519 iactum
1945 5476 2074 5520 esse

420 5532 619 5590 narrat
649 5527 1032 5598 Lambertus;
1065 5474 1360 5607 ﬁugonem
1402 5532 1831 5593 Wormatiense
1880 5535 2075 5594 conci-

2185 5242 2323 5306 lium
2374 5262 2504 5305 cum
2552 5246 2890 5317 Moguntino
2931 5261 2984 5304 a.
3036 5250 3175 5303 1080
3222 5245 3558 5304 confudisse
3609 5247 3838 5303 monuit

2184 5320 2416 5377 Stenzel
2446 5319 2487 5389 Ι,
2517 5322 2638 5375 387.
2674 5320 2737 5374 K.

2252 5391 2400 5462 (183)
2434 5388 2591 5446 Obiit
2621 5405 2671 5445 a.
2707 5392 2883 5462 lQ7_6;
2915 5390 2989 5446 cf.
3017 5388 3413 5455 Bertholdum,
3438 5388 3833 5461 Lambertum,

2182 5459 2533 5531 Brunonem,
2568 5459 2937 5518 Bernoldum.

2251 5533 2397 5608 (184)
2431 5533 2493 5592 13
2519 5530 2793 5604 'Registro
2825 5530 3253 5594 desiderantur.
