  <div class='ocr_page' id='page_1' title='image "/cluster/home/n/w/nwhite01/storage/ocr_20150623/154/hvd.32044054760129/170.png"; bbox 0 0 3950 6048; ppageno 0'>
   <div class='ocr_carea' id='block_1_1' title="bbox 256 150 379 211">
    <p class='ocr_par' dir='ltr' id='par_1_1' title="bbox 256 150 379 211">
     <span class='ocr_line' id='line_1_1' title="bbox 256 150 379 211; baseline 0.024 -3"><span class='ocrx_word' id='word_1_1' title='bbox 256 150 379 211; x_wconf 77' lang='lat'><strong>329</strong></span> 
     </span>
    </p>
   </div>
   <div class='ocr_carea' id='block_1_2' title="bbox 1518 143 2416 214">
    <p class='ocr_par' dir='ltr' id='par_1_2' title="bbox 1518 143 2416 214">
     <span class='ocr_line' id='line_1_2' title="bbox 1518 143 2416 214; baseline 0.002 -2"><span class='ocrx_word' id='word_1_2' title='bbox 1518 143 2014 213; x_wconf 85' lang='lat' dir='ltr'><strong>CHRONICON.</strong></span> <span class='ocrx_word' id='word_1_3' title='bbox 2051 186 2123 195; x_wconf 90' lang='lat'>—</span> <span class='ocrx_word' id='word_1_4' title='bbox 2155 148 2309 214; x_wconf 86' lang='lat' dir='ltr'><strong>LIB.</strong></span> <span class='ocrx_word' id='word_1_5' title='bbox 2341 147 2416 214; x_wconf 88' lang='lat' dir='ltr'><strong>II.</strong></span> 
     </span>
    </p>
   </div>
   <div class='ocr_carea' id='block_1_3' title="bbox 3547 146 3666 225">
    <p class='ocr_par' dir='ltr' id='par_1_3' title="bbox 3547 146 3666 225">
     <span class='ocr_line' id='line_1_3' title="bbox 3547 146 3666 225; baseline 0.017 -2"><span class='ocrx_word' id='word_1_6' title='bbox 3547 146 3666 225; x_wconf 80' lang='lat'><strong>330</strong></span> 
     </span>
    </p>
   </div>
   <div class='ocr_carea' id='block_1_4' title="bbox 244 276 3668 369">
    <p class='ocr_par' dir='ltr' id='par_1_4' title="bbox 244 276 3668 369">
     <span class='ocr_line' id='line_1_4' title="bbox 244 276 3668 369; baseline 0.006 -34"><span class='ocrx_word' id='word_1_7' title='bbox 244 280 601 352; x_wconf 80' lang='lat' dir='ltr'><strong>desperatus</strong></span> <span class='ocrx_word' id='word_1_8' title='bbox 635 279 727 336; x_wconf 86' lang='lat' dir='ltr'><strong>vel</strong></span> <span class='ocrx_word' id='word_1_9' title='bbox 763 282 1028 340; x_wconf 79' lang='lat' dir='ltr'><strong>perditus</strong></span> <span class='ocrx_word' id='word_1_10' title='bbox 1069 283 1340 339; x_wconf 91' lang='lat' dir='ltr'><strong>inventus</strong></span> <span class='ocrx_word' id='word_1_11' title='bbox 1370 287 1485 353; x_wconf 90' lang='lat' dir='ltr'><strong>est,</strong></span> <span class='ocrx_word' id='word_1_12' title='bbox 1529 283 1627 357; x_wconf 83' lang='lat' dir='ltr'><strong>qui</strong></span> <span class='ocrx_word' id='word_1_13' title='bbox 1676 285 1904 343; x_wconf 87' lang='lat' dir='ltr'><strong>naufra-</strong></span> <span class='ocrx_word' id='word_1_14' title='bbox 1932 276 1988 337; x_wconf 89' lang='lat' dir='ltr'><strong>A</strong></span> <span class='ocrx_word' id='word_1_15' title='bbox 2017 285 2204 342; x_wconf 92' lang='lat' dir='ltr'><strong>omnis</strong></span> <span class='ocrx_word' id='word_1_16' title='bbox 2237 286 2614 358; x_wconf 88' lang='lat' dir='ltr'><strong>cbristianus,</strong></span> <span class='ocrx_word' id='word_1_17' title='bbox 2641 293 2815 361; x_wconf 91' lang='lat' dir='ltr'><strong>caput</strong></span> <span class='ocrx_word' id='word_1_18' title='bbox 2850 290 3196 349; x_wconf 89' lang='lat' dir='ltr'><strong>antichristo</strong></span> <span class='ocrx_word' id='word_1_19' title='bbox 3221 294 3520 369; x_wconf 89' lang='lat' dir='ltr'><strong>inclinare,</strong></span> <span class='ocrx_word' id='word_1_20' title='bbox 3548 302 3668 353; x_wconf 88' lang='lat' dir='ltr'><strong>sta-</strong></span> 
     </span>
    </p>
   </div>
   <div class='ocr_carea' id='block_1_5' title="bbox 243 369 1903 443">
    <p class='ocr_par' dir='ltr' id='par_1_5' title="bbox 243 369 1903 443">
     <span class='ocr_line' id='line_1_5' title="bbox 243 369 1903 443; baseline 0.004 -19"><span class='ocrx_word' id='word_1_21' title='bbox 243 369 407 439; x_wconf 89' lang='lat' dir='ltr'><strong>gium</strong></span> <span class='ocrx_word' id='word_1_22' title='bbox 440 370 572 427; x_wconf 83' lang='lat' dir='ltr'><strong>fidei</strong></span> <span class='ocrx_word' id='word_1_23' title='bbox 606 370 808 428; x_wconf 89' lang='lat' dir='ltr'><strong>subire</strong></span> <span class='ocrx_word' id='word_1_24' title='bbox 839 371 1142 441; x_wconf 75' lang='lat' dir='ltr'><strong>deligeret,</strong></span> <span class='ocrx_word' id='word_1_25' title='bbox 1178 377 1377 443; x_wconf 87' lang='lat' dir='ltr'><strong>preter</strong></span> <span class='ocrx_word' id='word_1_26' title='bbox 1402 386 1533 429; x_wconf 91' lang='lat' dir='ltr'><strong>eum</strong></span> <span class='ocrx_word' id='word_1_27' title='bbox 1566 378 1771 431; x_wconf 90' lang='lat' dir='ltr'><strong>solum.</strong></span> <span class='ocrx_word' id='word_1_28' title='bbox 1796 374 1903 442; x_wconf 85' lang='lat' dir='ltr'><strong>Qui</strong></span> 
     </span>
    </p>
   </div>
   <div class='ocr_carea' id='block_1_6' title="bbox 244 456 1904 535">
    <p class='ocr_par' dir='ltr' id='par_1_6' title="bbox 244 456 1904 535">
     <span class='ocr_line' id='line_1_6' title="bbox 244 456 1904 535; baseline 0.005 -25"><span class='ocrx_word' id='word_1_29' title='bbox 244 456 493 528; x_wconf 88' lang='lat' dir='ltr'><strong>ideirco,</strong></span> <span class='ocrx_word' id='word_1_30' title='bbox 526 458 839 529; x_wconf 82' lang='lat' dir='ltr'><strong>credimus,</strong></span> <span class='ocrx_word' id='word_1_31' title='bbox 874 460 1202 515; x_wconf 77' lang='lat' dir='ltr'><strong>antichristi</strong></span> <span class='ocrx_word' id='word_1_32' title='bbox 1226 461 1819 535; x_wconf 77' lang='lat' dir='ltr'><strong>negociumlsuscepit</strong></span> <span class='ocrx_word' id='word_1_33' title='bbox 1842 467 1904 520; x_wconf 92' lang='lat' dir='ltr'><strong>ut</strong></span> 
     </span>
    </p>
   </div>
   <div class='ocr_carea' id='block_1_7' title="bbox 245 546 1906 623">
    <p class='ocr_par' dir='ltr' id='par_1_7' title="bbox 245 546 1906 623">
     <span class='ocr_line' id='line_1_7' title="bbox 245 546 1906 623; baseline 0.004 -22"><span class='ocrx_word' id='word_1_34' title='bbox 245 546 477 603; x_wconf 90' lang='lat' dir='ltr'><strong>ruinam</strong></span> <span class='ocrx_word' id='word_1_35' title='bbox 525 547 1064 619; x_wconf 76' lang='lat' dir='ltr'><strong>archiepiscopatus</strong></span> <span class='ocrx_word' id='word_1_36' title='bbox 1113 549 1528 615; x_wconf 83' lang='lat' dir='ltr'><strong>Ravennensis,</strong></span> <span class='ocrx_word' id='word_1_37' title='bbox 1584 566 1751 622; x_wconf 87' lang='lat' dir='ltr'><strong>quem</strong></span> <span class='ocrx_word' id='word_1_38' title='bbox 1802 568 1906 623; x_wconf 91' lang='lat' dir='ltr'><strong>pro</strong></span> 
     </span>
    </p>
   </div>
   <div class='ocr_carea' id='block_1_8' title="bbox 245 635 1911 712">
    <p class='ocr_par' dir='ltr' id='par_1_8' title="bbox 245 635 1911 712">
     <span class='ocr_line' id='line_1_8' title="bbox 245 635 1911 712; baseline 0.004 -22"><span class='ocrx_word' id='word_1_39' title='bbox 245 635 379 691; x_wconf 88' lang='lat' dir='ltr'><strong>suis</strong></span> <span class='ocrx_word' id='word_1_40' title='bbox 402 636 747 692; x_wconf 86' lang='lat' dir='ltr'><strong>criminibus</strong></span> <span class='ocrx_word' id='word_1_41' title='bbox 765 637 969 692; x_wconf 91' lang='lat' dir='ltr'><strong>eodem</strong></span> <span class='ocrx_word' id='word_1_42' title='bbox 992 637 1272 706; x_wconf 83' lang='lat' dir='ltr'><strong>Gregorio</strong></span> <span class='ocrx_word' id='word_1_43' title='bbox 1295 638 1649 708; x_wconf 70' lang='lat' dir='ltr'><strong>praesidente</strong></span> <span class='ocrx_word' id='word_1_44' title='bbox 1665 640 1911 712; x_wconf 84' lang='lat' dir='ltr'><strong>synoda-</strong></span> 
     </span>
    </p>
   </div>
   <div class='ocr_carea' id='block_1_9' title="bbox 242 724 1908 800">
    <p class='ocr_par' dir='ltr' id='par_1_9' title="bbox 242 724 1908 800">
     <span class='ocr_line' id='line_1_9' title="bbox 242 724 1908 800; baseline 0.003 -22"><span class='ocrx_word' id='word_1_45' title='bbox 242 724 285 779; x_wconf 89' lang='lat' dir='ltr'><strong>li</strong></span> <span class='ocrx_word' id='word_1_46' title='bbox 335 725 559 794; x_wconf 88' lang='lat' dir='ltr'><strong>judicio</strong></span> <span class='ocrx_word' id='word_1_47' title='bbox 612 724 967 796; x_wconf 80' lang='lat' dir='ltr'><strong>perdiderat,</strong></span> <span class='ocrx_word' id='word_1_48' title='bbox 1016 726 1389 797; x_wconf 81' lang='lat' dir='ltr'><strong>susceptione</strong></span> <span class='ocrx_word' id='word_1_49' title='bbox 1436 726 1615 783; x_wconf 91' lang='lat' dir='ltr'><strong>oblati</strong></span> <span class='ocrx_word' id='word_1_50' title='bbox 1666 729 1908 800; x_wconf 88' lang='lat' dir='ltr'><strong>periculi</strong></span> 
     </span>
    </p>
   </div>
   <div class='ocr_carea' id='block_1_10' title="bbox 244 814 1909 886">
    <p class='ocr_par' dir='ltr' id='par_1_10' title="bbox 244 814 1909 886">
     <span class='ocr_line' id='line_1_10' title="bbox 244 814 1909 886; baseline 0.002 -17"><span class='ocrx_word' id='word_1_51' title='bbox 244 818 681 885; x_wconf 91' lang='lat' dir='ltr'><strong>compensaret.</strong></span> <span class='ocrx_word' id='word_1_52' title='bbox 711 814 926 869; x_wconf 77' lang='lat' dir='ltr'><strong>Aderat</strong></span> <span class='ocrx_word' id='word_1_53' title='bbox 949 814 1005 869; x_wconf 89' lang='lat' dir='ltr'><strong>in</strong></span> <span class='ocrx_word' id='word_1_54' title='bbox 1027 820 1315 870; x_wconf 90' lang='lat' dir='ltr'><strong>conventu</strong></span> <span class='ocrx_word' id='word_1_55' title='bbox 1342 815 1441 871; x_wconf 92' lang='lat' dir='ltr'><strong>illo</strong></span> <span class='ocrx_word' id='word_1_56' title='bbox 1471 816 1909 886; x_wconf 89' lang='lat' dir='ltr'><strong>malignantium</strong></span> 
     </span>
    </p>
   </div>
   <div class='ocr_carea' id='block_1_11' title="bbox 247 901 1911 976">
    <p class='ocr_par' dir='ltr' id='par_1_11' title="bbox 247 901 1911 976">
     <span class='ocr_line' id='line_1_11' title="bbox 247 901 1911 976; baseline 0.003 -19"><span class='ocrx_word' id='word_1_57' title='bbox 247 901 474 958; x_wconf 90' lang='lat' dir='ltr'><strong>multus</strong></span> <span class='ocrx_word' id='word_1_58' title='bbox 494 917 773 958; x_wconf 90' lang='lat' dir='ltr'><strong>numerus</strong></span> <span class='ocrx_word' id='word_1_59' title='bbox 794 902 1259 973; x_wconf 90' lang='lat' dir='ltr'><strong>dampnatorum,</strong></span> <span class='ocrx_word' id='word_1_60' title='bbox 1286 919 1433 974; x_wconf 93' lang='lat' dir='ltr'><strong>quos</strong></span> <span class='ocrx_word' id='word_1_61' title='bbox 1463 904 1534 959; x_wconf 90' lang='lat' dir='ltr'><strong>ad</strong></span> <span class='ocrx_word' id='word_1_62' title='bbox 1566 920 1911 976; x_wconf 89' lang='lat' dir='ltr'><strong>persequen-</strong></span> 
     </span>
    </p>
   </div>
   <div class='ocr_carea' id='block_1_12' title="bbox 246 990 1910 1059">
    <p class='ocr_par' dir='ltr' id='par_1_12' title="bbox 246 990 1910 1059">
     <span class='ocr_line' id='line_1_12' title="bbox 246 990 1910 1059; baseline 0.002 -13"><span class='ocrx_word' id='word_1_63' title='bbox 246 990 391 1046; x_wconf 89' lang='lat' dir='ltr'><strong>dum</strong></span> <span class='ocrx_word' id='word_1_64' title='bbox 425 994 744 1046; x_wconf 89' lang='lat' dir='ltr'><strong>amatorem</strong></span> <span class='ocrx_word' id='word_1_65' title='bbox 772 990 1016 1059; x_wconf 69' lang='lat' dir='ltr'><strong>justitia:</strong></span> <span class='ocrx_word' id='word_1_66' title='bbox 1040 992 1485 1048; x_wconf 89' lang='lat' dir='ltr'><strong>communicatio</strong></span> <span class='ocrx_word' id='word_1_67' title='bbox 1514 993 1819 1050; x_wconf 88' lang='lat' dir='ltr'><strong>criminum</strong></span> <span class='ocrx_word' id='word_1_68' title='bbox 1852 998 1910 1049; x_wconf 92' lang='lat' dir='ltr'><strong>et</strong></span> 
     </span>
    </p>
   </div>
   <div class='ocr_carea' id='block_1_13' title="bbox 247 1076 1913 1149">
    <p class='ocr_par' dir='ltr' id='par_1_13' title="bbox 247 1076 1913 1149">
     <span class='ocr_line' id='line_1_13' title="bbox 247 1076 1913 1149; baseline 0.001 -16"><span class='ocrx_word' id='word_1_69' title='bbox 247 1093 420 1133; x_wconf 90' lang='lat' dir='ltr'><strong>amor</strong></span> <span class='ocrx_word' id='word_1_70' title='bbox 453 1077 733 1149; x_wconf 90' lang='lat' dir='ltr'><strong>principis</strong></span> <span class='ocrx_word' id='word_1_71' title='bbox 774 1076 1061 1148; x_wconf 82' lang='lat' dir='ltr'><strong>illexerat,</strong></span> <span class='ocrx_word' id='word_1_72' title='bbox 1107 1093 1235 1135; x_wconf 92' lang='lat' dir='ltr'><strong>eum</strong></span> <span class='ocrx_word' id='word_1_73' title='bbox 1288 1078 1474 1136; x_wconf 91' lang='lat' dir='ltr'><strong>solum</strong></span> <span class='ocrx_word' id='word_1_74' title='bbox 1530 1081 1747 1137; x_wconf 86' lang='lat' dir='ltr'><strong>invenit</strong></span> <span class='ocrx_word' id='word_1_75' title='bbox 1793 1081 1913 1136; x_wconf 90' lang='lat' dir='ltr'><strong>dia-</strong></span> 
     </span>
    </p>
   </div>
   <div class='ocr_carea' id='block_1_14' title="bbox 247 1167 1913 1242">
    <p class='ocr_par' dir='ltr' id='par_1_14' title="bbox 247 1167 1913 1242">
     <span class='ocr_line' id='line_1_14' title="bbox 247 1167 1913 1242; baseline 0.003 -21"><span class='ocrx_word' id='word_1_76' title='bbox 247 1167 429 1223; x_wconf 90' lang='lat' dir='ltr'><strong>belus</strong></span> <span class='ocrx_word' id='word_1_77' title='bbox 459 1167 902 1238; x_wconf 85' lang='lat' dir='ltr'><strong>promptiorem,</strong></span> <span class='ocrx_word' id='word_1_78' title='bbox 936 1167 1028 1223; x_wconf 91' lang='lat' dir='ltr'><strong>cui</strong></span> <span class='ocrx_word' id='word_1_79' title='bbox 1065 1167 1311 1224; x_wconf 70' lang='lat' dir='ltr'><strong>malicize</strong></span> <span class='ocrx_word' id='word_1_80' title='bbox 1344 1183 1465 1225; x_wconf 61' lang='lat' dir='ltr'><strong>suae</strong></span> <span class='ocrx_word' id='word_1_81' title='bbox 1498 1184 1723 1226; x_wconf 90' lang='lat' dir='ltr'><strong>omnem</strong></span> <span class='ocrx_word' id='word_1_82' title='bbox 1756 1172 1913 1242; x_wconf 91' lang='lat' dir='ltr'><strong>prin-</strong></span> 
     </span>
    </p>
   </div>
   <div class='ocr_carea' id='block_1_15' title="bbox 244 1255 1913 1329">
    <p class='ocr_par' dir='ltr' id='par_1_15' title="bbox 244 1255 1913 1329">
     <span class='ocr_line' id='line_1_15' title="bbox 244 1255 1913 1329; baseline 0.004 -20"><span class='ocrx_word' id='word_1_83' title='bbox 244 1255 510 1326; x_wconf 88' lang='lat' dir='ltr'><strong>cipatum</strong></span> <span class='ocrx_word' id='word_1_84' title='bbox 546 1257 964 1313; x_wconf 87' lang='lat' dir='ltr'><strong>committeret.</strong></span> <span class='ocrx_word' id='word_1_85' title='bbox 998 1258 1266 1329; x_wconf 86' lang='lat' dir='ltr'><strong>Suscepit</strong></span> <span class='ocrx_word' id='word_1_86' title='bbox 1298 1259 1495 1329; x_wconf 84' lang='lat' dir='ltr'><strong>itaque</strong></span> <span class='ocrx_word' id='word_1_87' title='bbox 1528 1259 1723 1316; x_wconf 91' lang='lat' dir='ltr'><strong>sedem</strong></span> <span class='ocrx_word' id='word_1_88' title='bbox 1758 1264 1913 1316; x_wconf 88' lang='lat' dir='ltr'><strong>sata-</strong></span> 
     </span>
    </p>
   </div>
   <div class='ocr_carea' id='block_1_16' title="bbox 244 1345 1912 1420">
    <p class='ocr_par' dir='ltr' id='par_1_16' title="bbox 244 1345 1912 1420">
     <span class='ocr_line' id='line_1_16' title="bbox 244 1345 1912 1420; baseline 0.002 -20"><span class='ocrx_word' id='word_1_89' title='bbox 244 1358 365 1416; x_wconf 59' lang='lat' dir='ltr'><strong>na},</strong></span> <span class='ocrx_word' id='word_1_90' title='bbox 399 1349 458 1400; x_wconf 90' lang='lat' dir='ltr'><strong>et</strong></span> <span class='ocrx_word' id='word_1_91' title='bbox 490 1345 545 1400; x_wconf 91' lang='lat' dir='ltr'><strong>in</strong></span> <span class='ocrx_word' id='word_1_92' title='bbox 581 1345 821 1401; x_wconf 90' lang='lat' dir='ltr'><strong>catedra</strong></span> <span class='ocrx_word' id='word_1_93' title='bbox 874 1346 1230 1417; x_wconf 66' lang='lat' dir='ltr'><strong>pestilentiae</strong></span> <span class='ocrx_word' id='word_1_94' title='bbox 1287 1347 1658 1417; x_wconf 88' lang='lat' dir='ltr'><strong>sublimatus,</strong></span> <span class='ocrx_word' id='word_1_95' title='bbox 1709 1350 1912 1420; x_wconf 90' lang='lat' dir='ltr'><strong>impio-</strong></span> 
     </span>
    </p>
   </div>
   <div class='ocr_carea' id='block_1_17' title="bbox 249 1434 1911 1505">
    <p class='ocr_par' dir='ltr' id='par_1_17' title="bbox 249 1434 1911 1505">
     <span class='ocr_line' id='line_1_17' title="bbox 249 1434 1911 1505; baseline 0.003 -18"><span class='ocrx_word' id='word_1_96' title='bbox 249 1448 384 1488; x_wconf 85' lang='lat' dir='ltr'><strong>rum</strong></span> <span class='ocrx_word' id='word_1_97' title='bbox 419 1438 643 1489; x_wconf 87' lang='lat' dir='ltr'><strong>mentes</strong></span> <span class='ocrx_word' id='word_1_98' title='bbox 674 1434 744 1489; x_wconf 90' lang='lat' dir='ltr'><strong>ad</strong></span> <span class='ocrx_word' id='word_1_99' title='bbox 774 1436 1223 1505; x_wconf 86' lang='lat' dir='ltr'><strong>expugnandum</strong></span> <span class='ocrx_word' id='word_1_100' title='bbox 1259 1449 1465 1491; x_wconf 89' lang='lat' dir='ltr'><strong>nomen</strong></span> <span class='ocrx_word' id='word_1_101' title='bbox 1504 1437 1727 1491; x_wconf 92' lang='lat' dir='ltr'><strong>Domini</strong></span> <span class='ocrx_word' id='word_1_102' title='bbox 1779 1451 1911 1492; x_wconf 88' lang='lat' dir='ltr'><strong>exa-</strong></span> 
     </span>
    </p>
   </div>
   <div class='ocr_carea' id='block_1_18' title="bbox 245 1522 1908 1595">
    <p class='ocr_par' dir='ltr' id='par_1_18' title="bbox 245 1522 1908 1595">
     <span class='ocr_line' id='line_1_18' title="bbox 245 1522 1908 1595; baseline 0.002 -18"><span class='ocrx_word' id='word_1_103' title='bbox 245 1522 489 1592; x_wconf 90' lang='lat' dir='ltr'><strong>cuebat,</strong></span> <span class='ocrx_word' id='word_1_104' title='bbox 529 1523 718 1579; x_wconf 90' lang='lat' dir='ltr'><strong>factus</strong></span> <span class='ocrx_word' id='word_1_105' title='bbox 744 1523 1016 1579; x_wconf 89' lang='lat' dir='ltr'><strong>omnibus</strong></span> <span class='ocrx_word' id='word_1_106' title='bbox 1041 1525 1199 1580; x_wconf 90' lang='lat' dir='ltr'><strong>fovea</strong></span> <span class='ocrx_word' id='word_1_107' title='bbox 1230 1524 1526 1595; x_wconf 89' lang='lat' dir='ltr'><strong>peccandi.</strong></span> <span class='ocrx_word' id='word_1_108' title='bbox 1555 1524 1692 1590; x_wconf 57' lang='lat' dir='ltr'><strong>Quae</strong></span> <span class='ocrx_word' id='word_1_109' title='bbox 1717 1529 1908 1581; x_wconf 89' lang='lat' dir='ltr'><strong>autem</strong></span> 
     </span>
    </p>
   </div>
   <div class='ocr_carea' id='block_1_19' title="bbox 2017 377 3667 458">
    <p class='ocr_par' dir='ltr' id='par_1_19' title="bbox 2017 377 3667 458">
     <span class='ocr_line' id='line_1_19' title="bbox 2017 377 3667 458; baseline 0.011 -30"><span class='ocrx_word' id='word_1_110' title='bbox 2017 378 2174 430; x_wconf 89' lang='lat' dir='ltr'><strong>tuam</strong></span> <span class='ocrx_word' id='word_1_111' title='bbox 2210 389 2380 446; x_wconf 90' lang='lat' dir='ltr'><strong>quam</strong></span> <span class='ocrx_word' id='word_1_112' title='bbox 2423 377 2958 436; x_wconf 84' lang='lat' dir='ltr'><strong>Nabuchodonosor</strong></span> <span class='ocrx_word' id='word_1_113' title='bbox 2994 382 3186 437; x_wconf 78' lang='lat' dir='ltr'><strong>erexit</strong></span> <span class='ocrx_word' id='word_1_114' title='bbox 3234 382 3499 458; x_wconf 90' lang='lat' dir='ltr'><strong>adorare,</strong></span> <span class='ocrx_word' id='word_1_115' title='bbox 3554 388 3667 445; x_wconf 88' lang='lat' dir='ltr'><strong>sie-</strong></span> 
     </span>
    </p>
   </div>
   <div class='ocr_carea' id='block_1_20' title="bbox 2019 464 3670 541">
    <p class='ocr_par' dir='ltr' id='par_1_20' title="bbox 2019 464 3670 541">
     <span class='ocr_line' id='line_1_20' title="bbox 2019 464 3670 541; baseline 0.01 -23"><span class='ocrx_word' id='word_1_116' title='bbox 2019 477 2129 534; x_wconf 86' lang='lat' dir='ltr'><strong>que</strong></span> <span class='ocrx_word' id='word_1_117' title='bbox 2164 478 2222 519; x_wconf 90' lang='lat' dir='ltr'><strong>se</strong></span> <span class='ocrx_word' id='word_1_118' title='bbox 2256 464 2440 536; x_wconf 92' lang='lat' dir='ltr'><strong>ipsius</strong></span> <span class='ocrx_word' id='word_1_119' title='bbox 2468 465 2858 523; x_wconf 66' lang='lat' dir='ltr'><strong>heresiarchte</strong></span> <span class='ocrx_word' id='word_1_120' title='bbox 2892 468 3386 540; x_wconf 90' lang='lat' dir='ltr'><strong>perniciosissimo</strong></span> <span class='ocrx_word' id='word_1_121' title='bbox 3436 477 3670 541; x_wconf 83' lang='lat' dir='ltr'><strong>anatbe.</strong></span> 
     </span>
    </p>
   </div>
   <div class='ocr_carea' id='block_1_21' title="bbox 2019 553 3667 639">
    <p class='ocr_par' dir='ltr' id='par_1_21' title="bbox 2019 553 3667 639">
     <span class='ocr_line' id='line_1_21' title="bbox 2019 553 3667 639; baseline 0.01 -32"><span class='ocrx_word' id='word_1_122' title='bbox 2019 553 2155 608; x_wconf 90' lang='lat' dir='ltr'><strong>mati</strong></span> <span class='ocrx_word' id='word_1_123' title='bbox 2186 554 2485 610; x_wconf 90' lang='lat' dir='ltr'><strong>innodare.</strong></span> <span class='ocrx_word' id='word_1_124' title='bbox 2522 557 2660 610; x_wconf 86' lang='lat' dir='ltr'><strong>Nam</strong></span> <span class='ocrx_word' id='word_1_125' title='bbox 2693 557 3040 628; x_wconf 81' lang='lat' dir='ltr'><strong>quicumque</strong></span> <span class='ocrx_word' id='word_1_126' title='bbox 3081 559 3164 615; x_wconf 94' lang='lat' dir='ltr'><strong>illi</strong></span> <span class='ocrx_word' id='word_1_127' title='bbox 3213 561 3525 637; x_wconf 88' lang='lat' dir='ltr'><strong>obedierit,</strong></span> <span class='ocrx_word' id='word_1_128' title='bbox 3570 570 3667 639; x_wconf 91' lang='lat' dir='ltr'><strong>qui</strong></span> 
     </span>
    </p>
   </div>
   <div class='ocr_carea' id='block_1_22' title="bbox 2020 639 3668 723">
    <p class='ocr_par' dir='ltr' id='par_1_22' title="bbox 2020 639 3668 723">
     <span class='ocr_line' id='line_1_22' title="bbox 2020 639 3668 723; baseline 0.012 -29"><span class='ocrx_word' id='word_1_129' title='bbox 2020 639 2207 697; x_wconf 84' lang='lat' dir='ltr'><strong>dixit:</strong></span> <span class='ocrx_word' id='word_1_130' title='bbox 2245 666 2270 691; x_wconf 78' lang='grc' dir='ltr'><strong>α</strong></span> <span class='ocrx_word' id='word_1_131' title='bbox 2302 645 2511 699; x_wconf 88' lang='lat' dir='ltr'><strong>Ponam</strong></span> <span class='ocrx_word' id='word_1_132' title='bbox 2545 645 2738 700; x_wconf 90' lang='lat' dir='ltr'><strong>sedem</strong></span> <span class='ocrx_word' id='word_1_133' title='bbox 2772 661 2953 702; x_wconf 90' lang='lat' dir='ltr'><strong>meam</strong></span> <span class='ocrx_word' id='word_1_134' title='bbox 2984 648 3051 702; x_wconf 87' lang='lat' dir='ltr'><strong>ad</strong></span> <span class='ocrx_word' id='word_1_135' title='bbox 3084 648 3432 723; x_wconf 90' lang='lat' dir='ltr'><strong>aquilonem,</strong></span> <span class='ocrx_word' id='word_1_136' title='bbox 3476 659 3535 709; x_wconf 91' lang='lat' dir='ltr'><strong>et</strong></span> <span class='ocrx_word' id='word_1_137' title='bbox 3567 671 3668 713; x_wconf 86' lang='lat' dir='ltr'><strong>ero</strong></span> 
     </span>
    </p>
   </div>
   <div class='ocr_carea' id='block_1_23' title="bbox 2022 730 3668 815">
    <p class='ocr_par' dir='ltr' id='par_1_23' title="bbox 2022 730 3668 815">
     <span class='ocr_line' id='line_1_23' title="bbox 2022 730 3668 815; baseline 0.008 -30"><span class='ocrx_word' id='word_1_138' title='bbox 2022 730 2232 787; x_wconf 86' lang='lat' dir='ltr'><strong>similis</strong></span> <span class='ocrx_word' id='word_1_139' title='bbox 2264 732 2572 803; x_wconf 88' lang='lat' dir='ltr'><strong>altissimo,</strong></span> <span class='ocrx_word' id='word_1_140' title='bbox 2604 756 2629 780; x_wconf 74' lang='grc' dir='ltr'><strong>ιι</strong></span> <span class='ocrx_word' id='word_1_141' title='bbox 2664 734 2993 789; x_wconf 88' lang='lat' dir='ltr'><strong>certissime</strong></span> <span class='ocrx_word' id='word_1_142' title='bbox 3028 735 3083 791; x_wconf 92' lang='lat' dir='ltr'><strong>in</strong></span> <span class='ocrx_word' id='word_1_143' title='bbox 3134 742 3410 795; x_wconf 73' lang='lat' dir='ltr'><strong>aeternam</strong></span> <span class='ocrx_word' id='word_1_144' title='bbox 3471 742 3668 815; x_wconf 89' lang='lat' dir='ltr'><strong>damp-</strong></span> 
     </span>
    </p>
   </div>
   <div class='ocr_carea' id='block_1_24' title="bbox 2023 820 3102 892">
    <p class='ocr_par' dir='ltr' id='par_1_24' title="bbox 2023 820 3102 892">
     <span class='ocr_line' id='line_1_24' title="bbox 2023 820 3102 892; baseline 0.003 -18"><span class='ocrx_word' id='word_1_145' title='bbox 2023 820 2314 875; x_wconf 89' lang='lat' dir='ltr'><strong>nationem</strong></span> <span class='ocrx_word' id='word_1_146' title='bbox 2350 820 2452 875; x_wconf 88' lang='lat' dir='ltr'><strong>ibit</strong></span> <span class='ocrx_word' id='word_1_147' title='bbox 2487 836 2615 877; x_wconf 87' lang='lat' dir='ltr'><strong>cum</strong></span> <span class='ocrx_word' id='word_1_148' title='bbox 2650 821 2813 892; x_wconf 89' lang='lat' dir='ltr'><strong>ipsis.</strong></span> <span class='ocrx_word' id='word_1_149' title='bbox 2841 825 3037 879; x_wconf 84' lang='lat' dir='ltr'><strong>Amen.</strong></span> <span class='ocrx_word' id='word_1_150' title='bbox 3075 845 3102 877; x_wconf 91' lang='lat'>»</span> 
     </span>
    </p>
   </div>
   <div class='ocr_carea' id='block_1_25' title="bbox 2095 908 3661 989">
    <p class='ocr_par' dir='ltr' id='par_1_25' title="bbox 2095 908 3661 989">
     <span class='ocr_line' id='line_1_25' title="bbox 2095 908 3661 989; baseline 0.009 -26"><span class='ocrx_word' id='word_1_151' title='bbox 2095 911 2209 963; x_wconf 89' lang='lat' dir='ltr'><strong>llee</strong></span> <span class='ocrx_word' id='word_1_152' title='bbox 2245 913 2377 965; x_wconf 91' lang='lat' dir='ltr'><strong>sunt</strong></span> <span class='ocrx_word' id='word_1_153' title='bbox 2411 908 2480 964; x_wconf 91' lang='lat' dir='ltr'><strong>de</strong></span> <span class='ocrx_word' id='word_1_154' title='bbox 2502 911 2792 966; x_wconf 87' lang='lat' dir='ltr'><strong>Witberto</strong></span> <span class='ocrx_word' id='word_1_155' title='bbox 2818 913 3138 970; x_wconf 89' lang='lat' dir='ltr'><strong>Gevehardi</strong></span> <span class='ocrx_word' id='word_1_156' title='bbox 3165 914 3661 989; x_wconf 85' lang='lat' dir='ltr'><strong>Salzeburgensis,</strong></span> 
     </span>
    </p>
   </div>
   <div class='ocr_carea' id='block_1_26' title="bbox 2022 995 3668 1075">
    <p class='ocr_par' dir='ltr' id='par_1_26' title="bbox 2022 995 3668 1075">
     <span class='ocr_line' id='line_1_26' title="bbox 2022 995 3668 1075; baseline 0.007 -23"><span class='ocrx_word' id='word_1_157' title='bbox 2022 995 2129 1052; x_wconf 91' lang='lat' dir='ltr'><strong>viri</strong></span> <span class='ocrx_word' id='word_1_158' title='bbox 2166 997 2365 1067; x_wconf 91' lang='lat' dir='ltr'><strong>utique</strong></span> <span class='ocrx_word' id='word_1_159' title='bbox 2398 996 2720 1053; x_wconf 87' lang='lat' dir='ltr'><strong>doctissimi</strong></span> <span class='ocrx_word' id='word_1_160' title='bbox 2755 1004 2815 1054; x_wconf 89' lang='lat' dir='ltr'><strong>et</strong></span> <span class='ocrx_word' id='word_1_161' title='bbox 2854 1002 3156 1070; x_wconf 90' lang='lat' dir='ltr'><strong>autentici,</strong></span> <span class='ocrx_word' id='word_1_162' title='bbox 3196 1004 3414 1075; x_wconf 88' lang='lat' dir='ltr'><strong>scripta</strong></span> <span class='ocrx_word' id='word_1_163' title='bbox 3458 1008 3668 1063; x_wconf 89' lang='lat' dir='ltr'><strong>veridi-</strong></span> 
     </span>
    </p>
   </div>
   <div class='ocr_carea' id='block_1_27' title="bbox 2021 1085 3668 1167">
    <p class='ocr_par' dir='ltr' id='par_1_27' title="bbox 2021 1085 3668 1167">
     <span class='ocr_line' id='line_1_27' title="bbox 2021 1085 3668 1167; baseline 0.007 -26"><span class='ocrx_word' id='word_1_164' title='bbox 2021 1099 2108 1155; x_wconf 86' lang='lat' dir='ltr'><strong>ca,</strong></span> <span class='ocrx_word' id='word_1_165' title='bbox 2143 1086 2352 1156; x_wconf 90' lang='lat' dir='ltr'><strong>quibus</strong></span> <span class='ocrx_word' id='word_1_166' title='bbox 2385 1086 2588 1157; x_wconf 90' lang='lat' dir='ltr'><strong>utique</strong></span> <span class='ocrx_word' id='word_1_167' title='bbox 2616 1085 2811 1143; x_wconf 91' lang='lat' dir='ltr'><strong>nullus</strong></span> <span class='ocrx_word' id='word_1_168' title='bbox 2840 1103 2970 1143; x_wconf 93' lang='lat' dir='ltr'><strong>cum</strong></span> <span class='ocrx_word' id='word_1_169' title='bbox 2995 1088 3227 1158; x_wconf 89' lang='lat' dir='ltr'><strong>justitia</strong></span> <span class='ocrx_word' id='word_1_170' title='bbox 3261 1094 3500 1151; x_wconf 87' lang='lat' dir='ltr'><strong>obviare</strong></span> <span class='ocrx_word' id='word_1_171' title='bbox 3524 1112 3668 1167; x_wconf 63' lang='lat' dir='ltr'><strong>plve-</strong></span> 
     </span>
    </p>
   </div>
   <div class='ocr_carea' id='block_1_28' title="bbox 2023 1174 3668 1248">
    <p class='ocr_par' dir='ltr' id='par_1_28' title="bbox 2023 1174 3668 1248">
     <span class='ocr_line' id='line_1_28' title="bbox 2023 1174 3668 1248; baseline 0.007 -18"><span class='ocrx_word' id='word_1_172' title='bbox 2023 1174 2195 1230; x_wconf 91' lang='lat' dir='ltr'><strong>valet.</strong></span> <span class='ocrx_word' id='word_1_173' title='bbox 2229 1177 2442 1230; x_wconf 86' lang='lat' dir='ltr'><strong>Extant</strong></span> <span class='ocrx_word' id='word_1_174' title='bbox 2470 1179 2525 1229; x_wconf 88' lang='lat' dir='ltr'><strong>et</strong></span> <span class='ocrx_word' id='word_1_175' title='bbox 2559 1175 2670 1229; x_wconf 90' lang='lat' dir='ltr'><strong>alia</strong></span> <span class='ocrx_word' id='word_1_176' title='bbox 2702 1176 2828 1245; x_wconf 86' lang='lat' dir='ltr'><strong>ejus</strong></span> <span class='ocrx_word' id='word_1_177' title='bbox 2857 1177 3075 1248; x_wconf 90' lang='lat' dir='ltr'><strong>scripta</strong></span> <span class='ocrx_word' id='word_1_178' title='bbox 3106 1181 3461 1238; x_wconf 87' lang='lat' dir='ltr'><strong>auctoritate</strong></span> <span class='ocrx_word' id='word_1_179' title='bbox 3482 1189 3541 1239; x_wconf 92' lang='lat' dir='ltr'><strong>et</strong></span> <span class='ocrx_word' id='word_1_180' title='bbox 3574 1200 3668 1241; x_wconf 91' lang='lat' dir='ltr'><strong>ve-</strong></span> 
     </span>
    </p>
   </div>
   <div class='ocr_carea' id='block_1_29' title="bbox 2024 1263 3667 1336">
    <p class='ocr_par' dir='ltr' id='par_1_29' title="bbox 2024 1263 3667 1336">
     <span class='ocr_line' id='line_1_29' title="bbox 2024 1263 3667 1336; baseline 0.008 -19"><span class='ocrx_word' id='word_1_181' title='bbox 2024 1263 2199 1318; x_wconf 86' lang='lat' dir='ltr'><strong>ritate</strong></span> <span class='ocrx_word' id='word_1_182' title='bbox 2256 1264 2523 1333; x_wconf 87' lang='lat' dir='ltr'><strong>subnixa,</strong></span> <span class='ocrx_word' id='word_1_183' title='bbox 2576 1279 2703 1334; x_wconf 66' lang='lat' dir='ltr'><strong>quea</strong></span> <span class='ocrx_word' id='word_1_184' title='bbox 2752 1281 2856 1336; x_wconf 92' lang='lat' dir='ltr'><strong>pro</strong></span> <span class='ocrx_word' id='word_1_185' title='bbox 2906 1267 3015 1321; x_wconf 88' lang='lat' dir='ltr'><strong>viri</strong></span> <span class='ocrx_word' id='word_1_186' title='bbox 3068 1270 3275 1325; x_wconf 91' lang='lat' dir='ltr'><strong>merito</strong></span> <span class='ocrx_word' id='word_1_187' title='bbox 3325 1279 3667 1330; x_wconf 88' lang='lat' dir='ltr'><strong>reverenter</strong></span> 
     </span>
    </p>
   </div>
   <div class='ocr_carea' id='block_1_30' title="bbox 2023 1351 3663 1434">
    <p class='ocr_par' dir='ltr' id='par_1_30' title="bbox 2023 1351 3663 1434">
     <span class='ocr_line' id='line_1_30' title="bbox 2023 1351 3663 1434; baseline 0.007 -28"><span class='ocrx_word' id='word_1_188' title='bbox 2023 1351 2279 1408; x_wconf 85' lang='lat' dir='ltr'><strong>ﬁdelium</strong></span> <span class='ocrx_word' id='word_1_189' title='bbox 2314 1353 2560 1408; x_wconf 87' lang='lat' dir='ltr'><strong>honorat</strong></span> <span class='ocrx_word' id='word_1_190' title='bbox 2608 1358 2665 1408; x_wconf 89' lang='lat' dir='ltr'><strong>et</strong></span> <span class='ocrx_word' id='word_1_191' title='bbox 2723 1354 3088 1425; x_wconf 85' lang='lat' dir='ltr'><strong>amplexatur</strong></span> <span class='ocrx_word' id='word_1_192' title='bbox 3137 1358 3424 1416; x_wconf 75' lang='lat' dir='ltr'><strong>aecclesia.</strong></span> <span class='ocrx_word' id='word_1_193' title='bbox 3477 1361 3663 1434; x_wconf 70' lang='lat'><strong>(1084,</strong></span> 
     </span>
    </p>
   </div>
   <div class='ocr_carea' id='block_1_31' title="bbox 2021 1440 3666 1520">
    <p class='ocr_par' dir='ltr' id='par_1_31' title="bbox 2021 1440 3666 1520">
     <span class='ocr_line' id='line_1_31' title="bbox 2021 1440 3666 1520; baseline 0.007 -25"><span class='ocrx_word' id='word_1_194' title='bbox 2021 1440 2185 1495; x_wconf 86' lang='lat' dir='ltr'><strong>Mart.</strong></span> <span class='ocrx_word' id='word_1_195' title='bbox 2222 1440 2334 1510; x_wconf 89' lang='lat'><strong>3|.)</strong></span> <span class='ocrx_word' id='word_1_196' title='bbox 2366 1441 2451 1495; x_wconf 81' lang='lat' dir='ltr'><strong>Ab</strong></span> <span class='ocrx_word' id='word_1_197' title='bbox 2480 1442 2589 1497; x_wconf 91' lang='lat' dir='ltr'><strong>hoc</strong></span> <span class='ocrx_word' id='word_1_198' title='bbox 2624 1441 2819 1512; x_wconf 90' lang='lat' dir='ltr'><strong>itaque</strong></span> <span class='ocrx_word' id='word_1_199' title='bbox 2850 1443 3132 1515; x_wconf 89' lang='lat' dir='ltr'><strong>Wiberto,</strong></span> <span class='ocrx_word' id='word_1_200' title='bbox 3167 1446 3286 1502; x_wconf 91' lang='lat' dir='ltr'><strong>sale</strong></span> <span class='ocrx_word' id='word_1_201' title='bbox 3335 1449 3537 1520; x_wconf 92' lang='lat' dir='ltr'><strong>utique</strong></span> <span class='ocrx_word' id='word_1_202' title='bbox 3583 1451 3666 1506; x_wconf 87' lang='lat' dir='ltr'><strong>in-</strong></span> 
     </span>
    </p>
   </div>
   <div class='ocr_carea' id='block_1_32' title="bbox 2024 1530 3666 1609">
    <p class='ocr_par' dir='ltr' id='par_1_32' title="bbox 2024 1530 3666 1609">
     <span class='ocr_line' id='line_1_32' title="bbox 2024 1530 3666 1609; baseline 0.007 -25"><span class='ocrx_word' id='word_1_203' title='bbox 2024 1530 2265 1600; x_wconf 89' lang='lat' dir='ltr'><strong>fatuato,</strong></span> <span class='ocrx_word' id='word_1_204' title='bbox 2302 1530 2607 1587; x_wconf 90' lang='lat' dir='ltr'><strong>lIeinricus</strong></span> <span class='ocrx_word' id='word_1_205' title='bbox 2637 1546 2909 1588; x_wconf 90' lang='lat' dir='ltr'><strong>coronam</strong></span> <span class='ocrx_word' id='word_1_206' title='bbox 2942 1535 3203 1606; x_wconf 91' lang='lat' dir='ltr'><strong>suscepit</strong></span> <span class='ocrx_word' id='word_1_207' title='bbox 3256 1536 3500 1609; x_wconf 90' lang='lat' dir='ltr'><strong>imperii,</strong></span> <span class='ocrx_word' id='word_1_208' title='bbox 3553 1541 3666 1596; x_wconf 87' lang='lat' dir='ltr'><strong>fac-</strong></span> 
     </span>
    </p>
   </div>
   <div class='ocr_carea' id='block_1_33' title="bbox 251 1610 3667 1698">
    <p class='ocr_par' dir='ltr' id='par_1_33' title="bbox 251 1610 3667 1698">
     <span class='ocr_line' id='line_1_33' title="bbox 251 1610 3667 1698; baseline 0.006 -35"><span class='ocrx_word' id='word_1_209' title='bbox 251 1610 437 1666; x_wconf 87' lang='lat' dir='ltr'><strong>fuerit</strong></span> <span class='ocrx_word' id='word_1_210' title='bbox 487 1611 615 1681; x_wconf 87' lang='lat' dir='ltr'><strong>ejus</strong></span> <span class='ocrx_word' id='word_1_211' title='bbox 680 1612 967 1683; x_wconf 90' lang='lat' dir='ltr'><strong>promotio</strong></span> <span class='ocrx_word' id='word_1_212' title='bbox 1010 1627 1111 1668; x_wconf 91' lang='lat' dir='ltr'><strong>seu</strong></span> <span class='ocrx_word' id='word_1_213' title='bbox 1163 1613 1562 1683; x_wconf 90' lang='lat' dir='ltr'><strong>intronizatio,</strong></span> <span class='ocrx_word' id='word_1_214' title='bbox 1618 1614 1908 1683; x_wconf 91' lang='lat' dir='ltr'><strong>quomodo</strong></span> <span class='ocrx_word' id='word_1_215' title='bbox 1939 1635 1992 1694; x_wconf 83' lang='lat' dir='ltr'>B</span> <span class='ocrx_word' id='word_1_216' title='bbox 2022 1622 2118 1675; x_wconf 92' lang='lat' dir='ltr'><strong>tus</strong></span> <span class='ocrx_word' id='word_1_217' title='bbox 2150 1618 2349 1674; x_wconf 82' lang='lat' dir='ltr'><strong>infelix</strong></span> <span class='ocrx_word' id='word_1_218' title='bbox 2379 1620 2699 1676; x_wconf 90' lang='lat' dir='ltr'><strong>membrum</strong></span> <span class='ocrx_word' id='word_1_219' title='bbox 2732 1620 2891 1677; x_wconf 92' lang='lat' dir='ltr'><strong>illius</strong></span> <span class='ocrx_word' id='word_1_220' title='bbox 2923 1622 3018 1691; x_wconf 91' lang='lat' dir='ltr'><strong>qui</strong></span> <span class='ocrx_word' id='word_1_221' title='bbox 3052 1627 3143 1679; x_wconf 91' lang='lat' dir='ltr'><strong>est</strong></span> <span class='ocrx_word' id='word_1_222' title='bbox 3184 1640 3285 1680; x_wconf 85' lang='lat' dir='ltr'><strong>rex</strong></span> <span class='ocrx_word' id='word_1_223' title='bbox 3331 1638 3507 1698; x_wconf 88' lang='lat' dir='ltr'><strong>super</strong></span> <span class='ocrx_word' id='word_1_224' title='bbox 3551 1643 3667 1685; x_wconf 91' lang='lat' dir='ltr'><strong>om-</strong></span> 
     </span>
    </p>
   </div>
   <div class='ocr_carea' id='block_1_34' title="bbox 251 1699 1912 1774">
    <p class='ocr_par' dir='ltr' id='par_1_34' title="bbox 251 1699 1912 1774">
     <span class='ocr_line' id='line_1_34' title="bbox 251 1699 1912 1774; baseline 0.002 -20"><span class='ocrx_word' id='word_1_225' title='bbox 251 1699 331 1755; x_wconf 89' lang='lat' dir='ltr'><strong>ad</strong></span> <span class='ocrx_word' id='word_1_226' title='bbox 356 1701 503 1756; x_wconf 89' lang='lat' dir='ltr'><strong>hanc</strong></span> <span class='ocrx_word' id='word_1_227' title='bbox 537 1700 923 1771; x_wconf 87' lang='lat' dir='ltr'><strong>dejectionem</strong></span> <span class='ocrx_word' id='word_1_228' title='bbox 958 1706 1015 1758; x_wconf 91' lang='lat' dir='ltr'><strong>et</strong></span> <span class='ocrx_word' id='word_1_229' title='bbox 1050 1717 1218 1772; x_wconf 92' lang='lat' dir='ltr'><strong>quam</strong></span> <span class='ocrx_word' id='word_1_230' title='bbox 1245 1702 1668 1774; x_wconf 90' lang='lat' dir='ltr'><strong>precipitanter</strong></span> <span class='ocrx_word' id='word_1_231' title='bbox 1712 1717 1912 1759; x_wconf 87' lang='lat' dir='ltr'><strong>ascen-</strong></span> 
     </span>
    </p>
   </div>
   <div class='ocr_carea' id='block_1_35' title="bbox 252 1789 1909 1861">
    <p class='ocr_par' dir='ltr' id='par_1_35' title="bbox 252 1789 1909 1861">
     <span class='ocr_line' id='line_1_35' title="bbox 252 1789 1909 1861; baseline 0.001 -17"><span class='ocrx_word' id='word_1_232' title='bbox 252 1789 435 1858; x_wconf 89' lang='lat' dir='ltr'><strong>derit,</strong></span> <span class='ocrx_word' id='word_1_233' title='bbox 461 1794 519 1845; x_wconf 90' lang='lat' dir='ltr'><strong>et</strong></span> <span class='ocrx_word' id='word_1_234' title='bbox 538 1804 568 1845; x_wconf 88' lang='lat' dir='ltr'><strong>a</strong></span> <span class='ocrx_word' id='word_1_235' title='bbox 592 1789 802 1860; x_wconf 89' lang='lat' dir='ltr'><strong>quibus</strong></span> <span class='ocrx_word' id='word_1_236' title='bbox 824 1796 1136 1847; x_wconf 86' lang='lat' dir='ltr'><strong>execratus</strong></span> <span class='ocrx_word' id='word_1_237' title='bbox 1158 1792 1256 1860; x_wconf 90' lang='lat' dir='ltr'><strong>sit,</strong></span> <span class='ocrx_word' id='word_1_238' title='bbox 1285 1806 1485 1861; x_wconf 70' lang='lat' dir='ltr'><strong>quaeve</strong></span> <span class='ocrx_word' id='word_1_239' title='bbox 1509 1805 1709 1847; x_wconf 89' lang='lat' dir='ltr'><strong>eorum</strong></span> <span class='ocrx_word' id='word_1_240' title='bbox 1736 1792 1909 1847; x_wconf 90' lang='lat' dir='ltr'><strong>fuerit</strong></span> 
     </span>
    </p>
   </div>
   <div class='ocr_carea' id='block_1_36' title="bbox 252 1876 1914 1948">
    <p class='ocr_par' dir='ltr' id='par_1_36' title="bbox 252 1876 1914 1948">
     <span class='ocr_line' id='line_1_36' title="bbox 252 1876 1914 1948; baseline 0 -17"><span class='ocrx_word' id='word_1_241' title='bbox 252 1876 378 1932; x_wconf 86' lang='lat' dir='ltr'><strong>vita</strong></span> <span class='ocrx_word' id='word_1_242' title='bbox 401 1878 494 1932; x_wconf 91' lang='lat' dir='ltr'><strong>vel</strong></span> <span class='ocrx_word' id='word_1_243' title='bbox 518 1879 904 1947; x_wconf 88' lang='lat' dir='ltr'><strong>conversatio,</strong></span> <span class='ocrx_word' id='word_1_244' title='bbox 930 1883 988 1933; x_wconf 89' lang='lat' dir='ltr'><strong>et</strong></span> <span class='ocrx_word' id='word_1_245' title='bbox 1014 1876 1151 1948; x_wconf 86' lang='lat' dir='ltr'><strong>quid</strong></span> <span class='ocrx_word' id='word_1_246' title='bbox 1178 1878 1248 1934; x_wconf 91' lang='lat' dir='ltr'><strong>de</strong></span> <span class='ocrx_word' id='word_1_247' title='bbox 1273 1878 1545 1934; x_wconf 88' lang='lat' dir='ltr'><strong>ordinato</strong></span> <span class='ocrx_word' id='word_1_248' title='bbox 1564 1878 1655 1933; x_wconf 89' lang='lat' dir='ltr'><strong>vel</strong></span> <span class='ocrx_word' id='word_1_249' title='bbox 1687 1878 1914 1935; x_wconf 90' lang='lat' dir='ltr'><strong>ordina.</strong></span> 
     </span>
    </p>
   </div>
   <div class='ocr_carea' id='block_1_37' title="bbox 251 1966 1913 2036">
    <p class='ocr_par' dir='ltr' id='par_1_37' title="bbox 251 1966 1913 2036">
     <span class='ocr_line' id='line_1_37' title="bbox 251 1966 1913 2036; baseline 0.002 -18"><span class='ocrx_word' id='word_1_250' title='bbox 251 1966 492 2022; x_wconf 88' lang='lat' dir='ltr'><strong>toribus</strong></span> <span class='ocrx_word' id='word_1_251' title='bbox 515 1966 642 2036; x_wconf 89' lang='lat' dir='ltr'><strong>ejus</strong></span> <span class='ocrx_word' id='word_1_252' title='bbox 667 1967 1034 2023; x_wconf 85' lang='lat' dir='ltr'><strong>sentiendum</strong></span> <span class='ocrx_word' id='word_1_253' title='bbox 1058 1967 1153 2036; x_wconf 91' lang='lat' dir='ltr'><strong>sit,</strong></span> <span class='ocrx_word' id='word_1_254' title='bbox 1196 1966 1570 2023; x_wconf 90' lang='lat' dir='ltr'><strong>Gevehardus</strong></span> <span class='ocrx_word' id='word_1_255' title='bbox 1610 1966 1913 2024; x_wconf 86' lang='lat' dir='ltr'><strong>Salzebur-</strong></span> 
     </span>
    </p>
   </div>
   <div class='ocr_carea' id='block_1_38' title="bbox 251 2054 1913 2128">
    <p class='ocr_par' dir='ltr' id='par_1_38' title="bbox 251 2054 1913 2128">
     <span class='ocr_line' id='line_1_38' title="bbox 251 2054 1913 2128; baseline 0.002 -19"><span class='ocrx_word' id='word_1_256' title='bbox 251 2054 459 2123; x_wconf 86' lang='lat' dir='ltr'><strong>gensis</strong></span> <span class='ocrx_word' id='word_1_257' title='bbox 486 2055 821 2127; x_wconf 88' lang='lat' dir='ltr'><strong>episcopus,</strong></span> <span class='ocrx_word' id='word_1_258' title='bbox 856 2057 1024 2125; x_wconf 92' lang='lat' dir='ltr'><strong>cujus</strong></span> <span class='ocrx_word' id='word_1_259' title='bbox 1063 2056 1181 2111; x_wconf 90' lang='lat' dir='ltr'><strong>vita</strong></span> <span class='ocrx_word' id='word_1_260' title='bbox 1230 2055 1528 2127; x_wconf 91' lang='lat' dir='ltr'><strong>speculum</strong></span> <span class='ocrx_word' id='word_1_261' title='bbox 1569 2057 1913 2128; x_wconf 82' lang='lat' dir='ltr'><strong>eratlbono-</strong></span> 
     </span>
    </p>
   </div>
   <div class='ocr_carea' id='block_1_39' title="bbox 255 2145 1913 2215">
    <p class='ocr_par' dir='ltr' id='par_1_39' title="bbox 255 2145 1913 2215">
     <span class='ocr_line' id='line_1_39' title="bbox 255 2145 1913 2215; baseline 0.002 -16"><span class='ocrx_word' id='word_1_262' title='bbox 255 2159 411 2215; x_wconf 92' lang='lat' dir='ltr'><strong>rum,</strong></span> <span class='ocrx_word' id='word_1_263' title='bbox 440 2145 839 2215; x_wconf 81' lang='lat' dir='ltr'><strong>interrogatus</strong></span> <span class='ocrx_word' id='word_1_264' title='bbox 872 2146 1085 2202; x_wconf 90' lang='lat' dir='ltr'><strong>edicat.</strong></span> <span class='ocrx_word' id='word_1_265' title='bbox 1123 2147 1217 2201; x_wconf 86' lang='lat' dir='ltr'><strong>Ait</strong></span> <span class='ocrx_word' id='word_1_266' title='bbox 1249 2146 1399 2201; x_wconf 90' lang='lat' dir='ltr'><strong>enim</strong></span> <span class='ocrx_word' id='word_1_267' title='bbox 1442 2146 1707 2203; x_wconf 91' lang='lat' dir='ltr'><strong>scribens</strong></span> <span class='ocrx_word' id='word_1_268' title='bbox 1754 2148 1913 2203; x_wconf 88' lang='lat' dir='ltr'><strong>Heri-</strong></span> 
     </span>
    </p>
   </div>
   <div class='ocr_carea' id='block_1_40' title="bbox 255 2235 1112 2307">
    <p class='ocr_par' dir='ltr' id='par_1_40' title="bbox 255 2235 1112 2307">
     <span class='ocr_line' id='line_1_40' title="bbox 255 2235 1112 2307; baseline 0.001 -17"><span class='ocrx_word' id='word_1_269' title='bbox 255 2248 475 2290; x_wconf 87' lang='lat' dir='ltr'><strong>manno</strong></span> <span class='ocrx_word' id='word_1_270' title='bbox 503 2235 772 2291; x_wconf 80' lang='lat' dir='ltr'><strong>Mettensi</strong></span> <span class='ocrx_word' id='word_1_271' title='bbox 802 2236 1112 2307; x_wconf 91' lang='lat' dir='ltr'><strong>episcopo:</strong></span> 
     </span>
    </p>
   </div>
   <div class='ocr_carea' id='block_1_41' title="bbox 343 2322 1913 2406">
    <p class='ocr_par' dir='ltr' id='par_1_41' title="bbox 343 2322 1913 2406">
     <span class='ocr_line' id='line_1_41' title="bbox 343 2322 1913 2406; baseline 0.009 -30"><span class='ocrx_word' id='word_1_272' title='bbox 343 2346 361 2375; x_wconf 71' lang='grc' dir='ltr'><strong>ε</strong></span> <span class='ocrx_word' id='word_1_273' title='bbox 397 2324 460 2378; x_wconf 87' lang='lat' dir='ltr'><strong>G.</strong></span> <span class='ocrx_word' id='word_1_274' title='bbox 496 2322 983 2394; x_wconf 87' lang='lat' dir='ltr'><strong>Salzeburgensis</strong></span> <span class='ocrx_word' id='word_1_275' title='bbox 1039 2327 1448 2400; x_wconf 34' lang='lat' dir='ltr'><strong>episcopus‘H.</strong></span> <span class='ocrx_word' id='word_1_276' title='bbox 1481 2332 1749 2389; x_wconf 82' lang='lat' dir='ltr'><strong>Mettensi</strong></span> <span class='ocrx_word' id='word_1_277' title='bbox 1793 2335 1913 2406; x_wconf 92' lang='lat' dir='ltr'><strong>epi-</strong></span> 
     </span>
    </p>
   </div>
   <div class='ocr_carea' id='block_1_42' title="bbox 140 2412 1907 2495">
    <p class='ocr_par' dir='ltr' id='par_1_42' title="bbox 140 2412 1907 2495">
     <span class='ocr_line' id='line_1_42' title="bbox 140 2412 1907 2495; baseline 0.005 -26"><span class='ocrx_word' id='word_1_278' title='bbox 140 2484 157 2495; x_wconf 41' lang='lat'><em>.</em></span> <span class='ocrx_word' id='word_1_279' title='bbox 253 2426 441 2485; x_wconf 82' lang='lat' dir='ltr'><strong>scepo</strong></span> <span class='ocrx_word' id='word_1_280' title='bbox 457 2412 721 2469; x_wconf 89' lang='lat' dir='ltr'><strong>salutem.</strong></span> <span class='ocrx_word' id='word_1_281' title='bbox 738 2414 1039 2471; x_wconf 89' lang='lat' dir='ltr'><strong>Wibertus</strong></span> <span class='ocrx_word' id='word_1_282' title='bbox 1063 2418 1348 2486; x_wconf 88' lang='lat' dir='ltr'><strong>quondam</strong></span> <span class='ocrx_word' id='word_1_283' title='bbox 1373 2421 1907 2481; x_wconf 84' lang='lat' dir='ltr'><strong>Ravennasarchie.</strong></span> 
     </span>
    </p>
   </div>
   <div class='ocr_carea' id='block_1_43' title="bbox 255 2502 1909 2580">
    <p class='ocr_par' dir='ltr' id='par_1_43' title="bbox 255 2502 1909 2580">
     <span class='ocr_line' id='line_1_43' title="bbox 255 2502 1909 2580; baseline 0.007 -23"><span class='ocrx_word' id='word_1_284' title='bbox 255 2503 541 2575; x_wconf 88' lang='lat' dir='ltr'><strong>piscopus</strong></span> <span class='ocrx_word' id='word_1_285' title='bbox 571 2516 701 2558; x_wconf 92' lang='lat' dir='ltr'><strong>cum</strong></span> <span class='ocrx_word' id='word_1_286' title='bbox 735 2502 1149 2573; x_wconf 89' lang='lat' dir='ltr'><strong>obedientiam,</strong></span> <span class='ocrx_word' id='word_1_287' title='bbox 1178 2522 1347 2577; x_wconf 90' lang='lat' dir='ltr'><strong>quam</strong></span> <span class='ocrx_word' id='word_1_288' title='bbox 1394 2512 1734 2580; x_wconf 66' lang='lat' dir='ltr'><strong>apostolicae</strong></span> <span class='ocrx_word' id='word_1_289' title='bbox 1785 2511 1909 2568; x_wconf 85' lang='lat' dir='ltr'><strong>sedi</strong></span> 
     </span>
    </p>
   </div>
   <div class='ocr_carea' id='block_1_44' title="bbox 250 2592 1909 2670">
    <p class='ocr_par' dir='ltr' id='par_1_44' title="bbox 250 2592 1909 2670">
     <span class='ocr_line' id='line_1_44' title="bbox 250 2592 1909 2670; baseline 0.007 -22"><span class='ocrx_word' id='word_1_290' title='bbox 250 2593 590 2663; x_wconf 88' lang='lat' dir='ltr'><strong>juramento</strong></span> <span class='ocrx_word' id='word_1_291' title='bbox 616 2592 988 2663; x_wconf 88' lang='lat' dir='ltr'><strong>promiserat,</strong></span> <span class='ocrx_word' id='word_1_292' title='bbox 1027 2609 1133 2649; x_wconf 91' lang='lat' dir='ltr'><strong>non</strong></span> <span class='ocrx_word' id='word_1_293' title='bbox 1177 2596 1504 2670; x_wconf 90' lang='lat' dir='ltr'><strong>attendere,</strong></span> <span class='ocrx_word' id='word_1_294' title='bbox 1556 2600 1659 2656; x_wconf 91' lang='lat' dir='ltr'><strong>sed</strong></span> <span class='ocrx_word' id='word_1_295' title='bbox 1706 2607 1909 2659; x_wconf 79' lang='lat' dir='ltr'><strong>contra</strong></span> 
     </span>
    </p>
   </div>
   <div class='ocr_carea' id='block_1_45' title="bbox 258 2681 1909 2759">
    <p class='ocr_par' dir='ltr' id='par_1_45' title="bbox 258 2681 1909 2759">
     <span class='ocr_line' id='line_1_45' title="bbox 258 2681 1909 2759; baseline 0.005 -20"><span class='ocrx_word' id='word_1_296' title='bbox 258 2684 446 2755; x_wconf 90' lang='lat' dir='ltr'><strong>ipsam</strong></span> <span class='ocrx_word' id='word_1_297' title='bbox 480 2681 829 2737; x_wconf 91' lang='lat' dir='ltr'><strong>omnimodis</strong></span> <span class='ocrx_word' id='word_1_298' title='bbox 857 2684 1166 2753; x_wconf 89' lang='lat' dir='ltr'><strong>superbire</strong></span> <span class='ocrx_word' id='word_1_299' title='bbox 1196 2686 1545 2759; x_wconf 91' lang='lat' dir='ltr'><strong>studuisset,</strong></span> <span class='ocrx_word' id='word_1_300' title='bbox 1573 2690 1629 2745; x_wconf 92' lang='lat' dir='ltr'><strong>in</strong></span> <span class='ocrx_word' id='word_1_301' title='bbox 1656 2691 1909 2747; x_wconf 84' lang='lat' dir='ltr'><strong>Romana</strong></span> 
     </span>
    </p>
   </div>
   <div class='ocr_carea' id='block_1_46' title="bbox 259 2771 1913 2846">
    <p class='ocr_par' dir='ltr' id='par_1_46' title="bbox 259 2771 1913 2846">
     <span class='ocr_line' id='line_1_46' title="bbox 259 2771 1913 2846; baseline 0.004 -17"><span class='ocrx_word' id='word_1_302' title='bbox 259 2772 489 2844; x_wconf 83' lang='lat' dir='ltr'><strong>synodo</strong></span> <span class='ocrx_word' id='word_1_303' title='bbox 522 2771 1075 2842; x_wconf 88' lang='lat' dir='ltr'><strong>inrecuperabiliter</strong></span> <span class='ocrx_word' id='word_1_304' title='bbox 1122 2773 1426 2846; x_wconf 89' lang='lat' dir='ltr'><strong>depositus</strong></span> <span class='ocrx_word' id='word_1_305' title='bbox 1472 2781 1531 2834; x_wconf 91' lang='lat' dir='ltr'><strong>et</strong></span> <span class='ocrx_word' id='word_1_306' title='bbox 1584 2780 1913 2835; x_wconf 88' lang='lat' dir='ltr'><strong>anathema-</strong></span> 
     </span>
    </p>
   </div>
   <div class='ocr_carea' id='block_1_47' title="bbox 258 2859 1915 2939">
    <p class='ocr_par' dir='ltr' id='par_1_47' title="bbox 258 2859 1915 2939">
     <span class='ocr_line' id='line_1_47' title="bbox 258 2859 1915 2939; baseline 0.004 -21"><span class='ocrx_word' id='word_1_307' title='bbox 258 2863 485 2918; x_wconf 89' lang='lat' dir='ltr'><strong>tizatus</strong></span> <span class='ocrx_word' id='word_1_308' title='bbox 508 2864 599 2916; x_wconf 89' lang='lat' dir='ltr'><strong>est</strong></span> <span class='ocrx_word' id='word_1_309' title='bbox 626 2860 699 2915; x_wconf 91' lang='lat' dir='ltr'><strong>ab</strong></span> <span class='ocrx_word' id='word_1_310' title='bbox 721 2859 1043 2931; x_wconf 86' lang='lat' dir='ltr'><strong>apostolica</strong></span> <span class='ocrx_word' id='word_1_311' title='bbox 1072 2862 1211 2918; x_wconf 87' lang='lat' dir='ltr'><strong>sede</strong></span> <span class='ocrx_word' id='word_1_312' title='bbox 1235 2868 1292 2920; x_wconf 88' lang='lat' dir='ltr'><strong>et</strong></span> <span class='ocrx_word' id='word_1_313' title='bbox 1316 2866 1388 2921; x_wconf 91' lang='lat' dir='ltr'><strong>ab</strong></span> <span class='ocrx_word' id='word_1_314' title='bbox 1410 2866 1707 2939; x_wconf 88' lang='lat' dir='ltr'><strong>episcopis</strong></span> <span class='ocrx_word' id='word_1_315' title='bbox 1730 2869 1915 2926; x_wconf 90' lang='lat' dir='ltr'><strong>totius</strong></span> 
     </span>
    </p>
   </div>
   <div class='ocr_carea' id='block_1_48' title="bbox 260 2949 1915 3027">
    <p class='ocr_par' dir='ltr' id='par_1_48' title="bbox 260 2949 1915 3027">
     <span class='ocr_line' id='line_1_48' title="bbox 260 2949 1915 3027; baseline 0.004 -19"><span class='ocrx_word' id='word_1_316' title='bbox 260 2950 569 3018; x_wconf 73' lang='lat' dir='ltr'><strong>aecelesize;</strong></span> <span class='ocrx_word' id='word_1_317' title='bbox 604 2964 707 3005; x_wconf 90' lang='lat' dir='ltr'><strong>nec</strong></span> <span class='ocrx_word' id='word_1_318' title='bbox 738 2949 846 3005; x_wconf 90' lang='lat' dir='ltr'><strong>hoc</strong></span> <span class='ocrx_word' id='word_1_319' title='bbox 878 2951 1057 3007; x_wconf 90' lang='lat' dir='ltr'><strong>semel</strong></span> <span class='ocrx_word' id='word_1_320' title='bbox 1090 2952 1144 3007; x_wconf 91' lang='lat' dir='ltr'><strong>in</strong></span> <span class='ocrx_word' id='word_1_321' title='bbox 1169 2968 1281 3009; x_wconf 90' lang='lat' dir='ltr'><strong>una</strong></span> <span class='ocrx_word' id='word_1_322' title='bbox 1313 2956 1553 3027; x_wconf 90' lang='lat' dir='ltr'><strong>synodo,</strong></span> <span class='ocrx_word' id='word_1_323' title='bbox 1589 2958 1691 3013; x_wconf 92' lang='lat' dir='ltr'><strong>sed</strong></span> <span class='ocrx_word' id='word_1_324' title='bbox 1718 2958 1774 3013; x_wconf 91' lang='lat' dir='ltr'><strong>in</strong></span> <span class='ocrx_word' id='word_1_325' title='bbox 1797 2973 1915 3014; x_wconf 93' lang='lat' dir='ltr'><strong>om-</strong></span> 
     </span>
    </p>
   </div>
   <div class='ocr_carea' id='block_1_49' title="bbox 263 3038 1918 3114">
    <p class='ocr_par' dir='ltr' id='par_1_49' title="bbox 263 3038 1918 3114">
     <span class='ocr_line' id='line_1_49' title="bbox 263 3038 1918 3114; baseline 0.005 -19"><span class='ocrx_word' id='word_1_326' title='bbox 263 3040 438 3095; x_wconf 91' lang='lat' dir='ltr'><strong>nibus</strong></span> <span class='ocrx_word' id='word_1_327' title='bbox 486 3038 742 3110; x_wconf 80' lang='lat' dir='ltr'><strong>synodis,</strong></span> <span class='ocrx_word' id='word_1_328' title='bbox 793 3045 1084 3111; x_wconf 91' lang='lat' dir='ltr'><strong>quotquot</strong></span> <span class='ocrx_word' id='word_1_329' title='bbox 1113 3041 1228 3111; x_wconf 90' lang='lat' dir='ltr'><strong>jam</strong></span> <span class='ocrx_word' id='word_1_330' title='bbox 1262 3045 1567 3114; x_wconf 90' lang='lat' dir='ltr'><strong>septennio</strong></span> <span class='ocrx_word' id='word_1_331' title='bbox 1598 3046 1792 3103; x_wconf 65' lang='lat' dir='ltr'><strong>Romae</strong></span> <span class='ocrx_word' id='word_1_332' title='bbox 1826 3061 1918 3103; x_wconf 92' lang='lat' dir='ltr'><strong>ce-</strong></span> 
     </span>
    </p>
   </div>
   <div class='ocr_carea' id='block_1_50' title="bbox 259 3128 1917 3203">
    <p class='ocr_par' dir='ltr' id='par_1_50' title="bbox 259 3128 1917 3203">
     <span class='ocr_line' id='line_1_50' title="bbox 259 3128 1917 3203; baseline 0.005 -19"><span class='ocrx_word' id='word_1_333' title='bbox 259 3128 505 3186; x_wconf 63' lang='lat' dir='ltr'><strong>lebratae</strong></span> <span class='ocrx_word' id='word_1_334' title='bbox 538 3134 691 3185; x_wconf 90' lang='lat' dir='ltr'><strong>sunt.</strong></span> <span class='ocrx_word' id='word_1_335' title='bbox 728 3129 831 3184; x_wconf 88' lang='lat' dir='ltr'><strong>Hie</strong></span> <span class='ocrx_word' id='word_1_336' title='bbox 862 3129 1040 3198; x_wconf 85' lang='lat' dir='ltr'><strong>igitur</strong></span> <span class='ocrx_word' id='word_1_337' title='bbox 1072 3130 1147 3185; x_wconf 87' lang='lat' dir='ltr'><strong>ita</strong></span> <span class='ocrx_word' id='word_1_338' title='bbox 1180 3131 1231 3185; x_wconf 92' lang='lat' dir='ltr'><strong>in</strong></span> <span class='ocrx_word' id='word_1_339' title='bbox 1261 3131 1533 3203; x_wconf 89' lang='lat' dir='ltr'><strong>perjuriis</strong></span> <span class='ocrx_word' id='word_1_340' title='bbox 1557 3133 1917 3191; x_wconf 89' lang='lat' dir='ltr'><strong>inveteratus</strong></span> 
     </span>
    </p>
   </div>
   <div class='ocr_carea' id='block_1_51' title="bbox 254 3217 1921 3292">
    <p class='ocr_par' dir='ltr' id='par_1_51' title="bbox 254 3217 1921 3292">
     <span class='ocr_line' id='line_1_51' title="bbox 254 3217 1921 3292; baseline 0.004 -17"><span class='ocrx_word' id='word_1_341' title='bbox 254 3223 317 3275; x_wconf 89' lang='lat' dir='ltr'><strong>et</strong></span> <span class='ocrx_word' id='word_1_342' title='bbox 351 3232 456 3289; x_wconf 92' lang='lat' dir='ltr'><strong>pro</strong></span> <span class='ocrx_word' id='word_1_343' title='bbox 477 3218 695 3274; x_wconf 89' lang='lat' dir='ltr'><strong>eisdem</strong></span> <span class='ocrx_word' id='word_1_344' title='bbox 731 3217 1286 3288; x_wconf 89' lang='lat' dir='ltr'><strong>inrecuperabiliter</strong></span> <span class='ocrx_word' id='word_1_345' title='bbox 1318 3221 1627 3292; x_wconf 90' lang='lat' dir='ltr'><strong>depositus</strong></span> <span class='ocrx_word' id='word_1_346' title='bbox 1678 3230 1734 3279; x_wconf 93' lang='lat' dir='ltr'><strong>et</strong></span> <span class='ocrx_word' id='word_1_347' title='bbox 1787 3239 1921 3281; x_wconf 90' lang='lat' dir='ltr'><strong>ana-</strong></span> 
     </span>
    </p>
   </div>
   <div class='ocr_carea' id='block_1_52' title="bbox 251 3305 1922 3381">
    <p class='ocr_par' dir='ltr' id='par_1_52' title="bbox 251 3305 1922 3381">
     <span class='ocr_line' id='line_1_52' title="bbox 251 3305 1922 3381; baseline 0.001 -18"><span class='ocrx_word' id='word_1_348' title='bbox 251 3308 693 3377; x_wconf 88' lang='lat' dir='ltr'><strong>tbematizatus,</strong></span> <span class='ocrx_word' id='word_1_349' title='bbox 719 3305 917 3363; x_wconf 89' lang='lat' dir='ltr'><strong>sedem</strong></span> <span class='ocrx_word' id='word_1_350' title='bbox 931 3307 1168 3363; x_wconf 83' lang='lat' dir='ltr'><strong>Romani</strong></span> <span class='ocrx_word' id='word_1_351' title='bbox 1187 3309 1498 3381; x_wconf 83' lang='lat' dir='ltr'><strong>pontificis,</strong></span> <span class='ocrx_word' id='word_1_352' title='bbox 1533 3312 1624 3368; x_wconf 91' lang='lat' dir='ltr'><strong>cui</strong></span> <span class='ocrx_word' id='word_1_353' title='bbox 1649 3313 1922 3369; x_wconf 90' lang='lat' dir='ltr'><strong>obedien-</strong></span> 
     </span>
    </p>
   </div>
   <div class='ocr_carea' id='block_1_53' title="bbox 250 3394 1921 3473">
    <p class='ocr_par' dir='ltr' id='par_1_53' title="bbox 250 3394 1921 3473">
     <span class='ocr_line' id='line_1_53' title="bbox 250 3394 1921 3473; baseline 0.004 -22"><span class='ocrx_word' id='word_1_354' title='bbox 250 3397 396 3452; x_wconf 87' lang='lat' dir='ltr'><strong>tiam</strong></span> <span class='ocrx_word' id='word_1_355' title='bbox 422 3394 663 3465; x_wconf 88' lang='lat' dir='ltr'><strong>juravit,</strong></span> <span class='ocrx_word' id='word_1_356' title='bbox 692 3410 795 3466; x_wconf 90' lang='lat' dir='ltr'><strong>per</strong></span> <span class='ocrx_word' id='word_1_357' title='bbox 814 3410 1017 3452; x_wconf 91' lang='lat' dir='ltr'><strong>manus</strong></span> <span class='ocrx_word' id='word_1_358' title='bbox 1038 3396 1687 3472; x_wconf 87' lang='lat' dir='ltr'><strong>anathematizatorum,</strong></span> <span class='ocrx_word' id='word_1_359' title='bbox 1714 3406 1921 3473; x_wconf 88' lang='lat' dir='ltr'><strong>utpote</strong></span> 
     </span>
    </p>
   </div>
   <div class='ocr_carea' id='block_1_54' title="bbox 252 3483 1922 3559">
    <p class='ocr_par' dir='ltr' id='par_1_54' title="bbox 252 3483 1922 3559">
     <span class='ocr_line' id='line_1_54' title="bbox 252 3483 1922 3559; baseline 0.002 -16"><span class='ocrx_word' id='word_1_360' title='bbox 252 3485 346 3543; x_wconf 88' lang='lat' dir='ltr'><strong>sui</strong></span> <span class='ocrx_word' id='word_1_361' title='bbox 379 3483 682 3553; x_wconf 91' lang='lat' dir='ltr'><strong>similium,</strong></span> <span class='ocrx_word' id='word_1_362' title='bbox 722 3483 960 3554; x_wconf 90' lang='lat' dir='ltr'><strong>invasit,</strong></span> <span class='ocrx_word' id='word_1_363' title='bbox 1008 3483 1270 3555; x_wconf 87' lang='lat' dir='ltr'><strong>legitimo</strong></span> <span class='ocrx_word' id='word_1_364' title='bbox 1323 3492 1557 3559; x_wconf 87' lang='lat' dir='ltr'><strong>pastore</strong></span> <span class='ocrx_word' id='word_1_365' title='bbox 1606 3488 1796 3545; x_wconf 91' lang='lat' dir='ltr'><strong>adhuc</strong></span> <span class='ocrx_word' id='word_1_366' title='bbox 1844 3491 1922 3546; x_wconf 92' lang='lat' dir='ltr'><strong>ei-</strong></span> 
     </span>
    </p>
   </div>
   <div class='ocr_carea' id='block_1_55' title="bbox 254 3572 1923 3647">
    <p class='ocr_par' dir='ltr' id='par_1_55' title="bbox 254 3572 1923 3647">
     <span class='ocr_line' id='line_1_55' title="bbox 254 3572 1923 3647; baseline 0.001 -18"><span class='ocrx_word' id='word_1_367' title='bbox 254 3573 389 3630; x_wconf 90' lang='lat' dir='ltr'><strong>dem</strong></span> <span class='ocrx_word' id='word_1_368' title='bbox 438 3572 566 3629; x_wconf 90' lang='lat' dir='ltr'><strong>sedi</strong></span> <span class='ocrx_word' id='word_1_369' title='bbox 616 3574 995 3644; x_wconf 67' lang='lat' dir='ltr'><strong>praesidente.</strong></span> <span class='ocrx_word' id='word_1_370' title='bbox 1048 3574 1234 3646; x_wconf 87' lang='lat'><strong>(1083)</strong></span> <span class='ocrx_word' id='word_1_371' title='bbox 1286 3577 1554 3647; x_wconf 86' lang='lat' dir='ltr'><strong>Ipsorum</strong></span> <span class='ocrx_word' id='word_1_372' title='bbox 1590 3584 1784 3635; x_wconf 90' lang='lat' dir='ltr'><strong>autem</strong></span> <span class='ocrx_word' id='word_1_373' title='bbox 1826 3594 1923 3635; x_wconf 90' lang='lat' dir='ltr'><strong>ex-</strong></span> 
     </span>
    </p>
   </div>
   <div class='ocr_carea' id='block_1_56' title="bbox 254 3661 1922 3739">
    <p class='ocr_par' dir='ltr' id='par_1_56' title="bbox 254 3661 1922 3739">
     <span class='ocr_line' id='line_1_56' title="bbox 254 3661 1922 3739; baseline 0.003 -18"><span class='ocrx_word' id='word_1_374' title='bbox 254 3662 822 3721; x_wconf 90' lang='lat' dir='ltr'><strong>communicatorum</strong></span> <span class='ocrx_word' id='word_1_375' title='bbox 846 3661 1043 3718; x_wconf 91' lang='lat' dir='ltr'><strong>nullus</strong></span> <span class='ocrx_word' id='word_1_376' title='bbox 1062 3678 1191 3719; x_wconf 92' lang='lat' dir='ltr'><strong>eum</strong></span> <span class='ocrx_word' id='word_1_377' title='bbox 1217 3679 1586 3737; x_wconf 88' lang='lat' dir='ltr'><strong>consecrare,</strong></span> <span class='ocrx_word' id='word_1_378' title='bbox 1611 3667 1701 3723; x_wconf 86' lang='lat' dir='ltr'><strong>vel</strong></span> <span class='ocrx_word' id='word_1_379' title='bbox 1720 3669 1922 3739; x_wconf 92' lang='lat' dir='ltr'><strong>potius</strong></span> 
     </span>
    </p>
   </div>
   <div class='ocr_carea' id='block_1_57' title="bbox 255 3751 1923 3823">
    <p class='ocr_par' dir='ltr' id='par_1_57' title="bbox 255 3751 1923 3823">
     <span class='ocr_line' id='line_1_57' title="bbox 255 3751 1923 3823; baseline 0 -12"><span class='ocrx_word' id='word_1_380' title='bbox 255 3766 541 3811; x_wconf 88' lang='lat' dir='ltr'><strong>execrare</strong></span> <span class='ocrx_word' id='word_1_381' title='bbox 569 3751 970 3823; x_wconf 68' lang='lat' dir='ltr'><strong>praesumpsit,</strong></span> <span class='ocrx_word' id='word_1_382' title='bbox 1010 3759 1224 3823; x_wconf 65' lang='lat' dir='ltr'><strong>praeter</strong></span> <span class='ocrx_word' id='word_1_383' title='bbox 1256 3753 1639 3811; x_wconf 86' lang='lat' dir='ltr'><strong>Mutinensem</strong></span> <span class='ocrx_word' id='word_1_384' title='bbox 1689 3761 1749 3812; x_wconf 90' lang='lat' dir='ltr'><strong>et</strong></span> <span class='ocrx_word' id='word_1_385' title='bbox 1800 3758 1923 3813; x_wconf 88' lang='lat' dir='ltr'><strong>Ari-</strong></span> 
     </span>
    </p>
   </div>
   <div class='ocr_carea' id='block_1_58' title="bbox 261 3839 1924 3913">
    <p class='ocr_par' dir='ltr' id='par_1_58' title="bbox 261 3839 1924 3913">
     <span class='ocr_line' id='line_1_58' title="bbox 261 3839 1924 3913; baseline 0.004 -17"><span class='ocrx_word' id='word_1_386' title='bbox 261 3840 490 3897; x_wconf 84' lang='lat' dir='ltr'><strong>thinum</strong></span> <span class='ocrx_word' id='word_1_387' title='bbox 523 3839 928 3912; x_wconf 90' lang='lat' dir='ltr'><strong>exepiscopos,</strong></span> <span class='ocrx_word' id='word_1_388' title='bbox 963 3841 1058 3911; x_wconf 92' lang='lat' dir='ltr'><strong>qui</strong></span> <span class='ocrx_word' id='word_1_389' title='bbox 1093 3843 1261 3897; x_wconf 91' lang='lat' dir='ltr'><strong>ambo</strong></span> <span class='ocrx_word' id='word_1_390' title='bbox 1294 3858 1397 3913; x_wconf 92' lang='lat' dir='ltr'><strong>pro</strong></span> <span class='ocrx_word' id='word_1_391' title='bbox 1430 3845 1551 3901; x_wconf 91' lang='lat' dir='ltr'><strong>suis</strong></span> <span class='ocrx_word' id='word_1_392' title='bbox 1581 3845 1924 3903; x_wconf 90' lang='lat' dir='ltr'><strong>criminibus</strong></span> 
     </span>
    </p>
   </div>
   <div class='ocr_carea' id='block_1_59' title="bbox 257 3928 1917 4000">
    <p class='ocr_par' dir='ltr' id='par_1_59' title="bbox 257 3928 1917 4000">
     <span class='ocr_line' id='line_1_59' title="bbox 257 3928 1917 4000; baseline 0.002 -15"><span class='ocrx_word' id='word_1_393' title='bbox 257 3930 378 4000; x_wconf 91' lang='lat' dir='ltr'><strong>jam</strong></span> <span class='ocrx_word' id='word_1_394' title='bbox 417 3928 583 3985; x_wconf 90' lang='lat' dir='ltr'><strong>annis</strong></span> <span class='ocrx_word' id='word_1_395' title='bbox 613 3928 807 3985; x_wconf 88' lang='lat' dir='ltr'><strong>tribus</strong></span> <span class='ocrx_word' id='word_1_396' title='bbox 837 3928 1025 3984; x_wconf 72' lang='lat' dir='ltr'><strong>officio</strong></span> <span class='ocrx_word' id='word_1_397' title='bbox 1057 3935 1115 3984; x_wconf 93' lang='lat' dir='ltr'><strong>et</strong></span> <span class='ocrx_word' id='word_1_398' title='bbox 1147 3932 1556 3989; x_wconf 90' lang='lat' dir='ltr'><strong>communione</strong></span> <span class='ocrx_word' id='word_1_399' title='bbox 1588 3938 1917 3991; x_wconf 89' lang='lat' dir='ltr'><strong>caruerant.</strong></span> 
     </span>
    </p>
   </div>
   <div class='ocr_carea' id='block_1_60' title="bbox 263 4016 1923 4094">
    <p class='ocr_par' dir='ltr' id='par_1_60' title="bbox 263 4016 1923 4094">
     <span class='ocr_line' id='line_1_60' title="bbox 263 4016 1923 4094; baseline 0.004 -21"><span class='ocrx_word' id='word_1_400' title='bbox 263 4017 379 4073; x_wconf 88' lang='lat' dir='ltr'><strong>Sed</strong></span> <span class='ocrx_word' id='word_1_401' title='bbox 398 4016 476 4073; x_wconf 91' lang='lat' dir='ltr'><strong>hii</strong></span> <span class='ocrx_word' id='word_1_402' title='bbox 500 4017 674 4073; x_wconf 90' lang='lat' dir='ltr'><strong>etiam</strong></span> <span class='ocrx_word' id='word_1_403' title='bbox 697 4018 743 4073; x_wconf 90' lang='lat' dir='ltr'><strong>si</strong></span> <span class='ocrx_word' id='word_1_404' title='bbox 767 4016 1015 4073; x_wconf 81' lang='lat' dir='ltr'><strong>oﬂicium</strong></span> <span class='ocrx_word' id='word_1_405' title='bbox 1039 4022 1094 4073; x_wconf 91' lang='lat' dir='ltr'><strong>et</strong></span> <span class='ocrx_word' id='word_1_406' title='bbox 1122 4021 1589 4078; x_wconf 90' lang='lat' dir='ltr'><strong>communionem</strong></span> <span class='ocrx_word' id='word_1_407' title='bbox 1616 4022 1923 4094; x_wconf 88' lang='lat' dir='ltr'><strong>baberent,</strong></span> 
     </span>
    </p>
   </div>
   <div class='ocr_carea' id='block_1_61' title="bbox 264 4106 1925 4180">
    <p class='ocr_par' dir='ltr' id='par_1_61' title="bbox 264 4106 1925 4180">
     <span class='ocr_line' id='line_1_61' title="bbox 264 4106 1925 4180; baseline 0.004 -17"><span class='ocrx_word' id='word_1_408' title='bbox 264 4110 327 4163; x_wconf 89' lang='lat' dir='ltr'><strong>et</strong></span> <span class='ocrx_word' id='word_1_409' title='bbox 377 4106 632 4162; x_wconf 83' lang='lat' dir='ltr'><strong>Romana</strong></span> <span class='ocrx_word' id='word_1_410' title='bbox 682 4106 855 4163; x_wconf 92' lang='lat' dir='ltr'><strong>sedes</strong></span> <span class='ocrx_word' id='word_1_411' title='bbox 907 4112 1145 4177; x_wconf 88' lang='lat' dir='ltr'><strong>pastore</strong></span> <span class='ocrx_word' id='word_1_412' title='bbox 1180 4113 1445 4180; x_wconf 88' lang='lat' dir='ltr'><strong>vacaret,</strong></span> <span class='ocrx_word' id='word_1_413' title='bbox 1480 4109 1701 4167; x_wconf 92' lang='lat' dir='ltr'><strong>nullum</strong></span> <span class='ocrx_word' id='word_1_414' title='bbox 1730 4117 1925 4169; x_wconf 92' lang='lat' dir='ltr'><strong>tamen</strong></span> 
     </span>
    </p>
   </div>
   <div class='ocr_carea' id='block_1_62' title="bbox 267 4193 1926 4271">
    <p class='ocr_par' dir='ltr' id='par_1_62' title="bbox 267 4193 1926 4271">
     <span class='ocr_line' id='line_1_62' title="bbox 267 4193 1926 4271; baseline 0.002 -20"><span class='ocrx_word' id='word_1_415' title='bbox 267 4193 460 4251; x_wconf 91' lang='lat' dir='ltr'><strong>eidem</strong></span> <span class='ocrx_word' id='word_1_416' title='bbox 486 4194 609 4251; x_wconf 88' lang='lat' dir='ltr'><strong>sedi</strong></span> <span class='ocrx_word' id='word_1_417' title='bbox 635 4194 969 4266; x_wconf 81' lang='lat' dir='ltr'><strong>pontificem</strong></span> <span class='ocrx_word' id='word_1_418' title='bbox 994 4196 1269 4254; x_wconf 89' lang='lat' dir='ltr'><strong>ordinare</strong></span> <span class='ocrx_word' id='word_1_419' title='bbox 1296 4202 1556 4270; x_wconf 90' lang='lat' dir='ltr'><strong>possent.</strong></span> <span class='ocrx_word' id='word_1_420' title='bbox 1584 4200 1926 4271; x_wconf 88' lang='lat' dir='ltr'><strong>Hujusenim</strong></span> 
     </span>
    </p>
   </div>
   <div class='ocr_carea' id='block_1_63' title="bbox 265 4283 1927 4361">
    <p class='ocr_par' dir='ltr' id='par_1_63' title="bbox 265 4283 1927 4361">
     <span class='ocr_line' id='line_1_63' title="bbox 265 4283 1927 4361; baseline 0.004 -22"><span class='ocrx_word' id='word_1_421' title='bbox 265 4283 657 4340; x_wconf 89' lang='lat' dir='ltr'><strong>ordinationis</strong></span> <span class='ocrx_word' id='word_1_422' title='bbox 673 4283 1042 4355; x_wconf 84' lang='lat' dir='ltr'><strong>privilegium</strong></span> <span class='ocrx_word' id='word_1_423' title='bbox 1058 4284 1202 4342; x_wconf 92' lang='lat' dir='ltr'><strong>solis</strong></span> <span class='ocrx_word' id='word_1_424' title='bbox 1216 4286 1500 4343; x_wconf 90' lang='lat' dir='ltr'><strong>cardinali</strong></span> <span class='ocrx_word' id='word_1_425' title='bbox 1510 4289 1617 4345; x_wconf 92' lang='lat' dir='ltr'><strong>bus</strong></span> <span class='ocrx_word' id='word_1_426' title='bbox 1630 4288 1927 4361; x_wconf 89' lang='lat' dir='ltr'><strong>episcopis</strong></span> 
     </span>
    </p>
   </div>
   <div class='ocr_carea' id='block_1_64' title="bbox 270 4372 1965 4459">
    <p class='ocr_par' dir='ltr' id='par_1_64' title="bbox 270 4372 1965 4459">
     <span class='ocr_line' id='line_1_64' title="bbox 270 4372 1965 4459; baseline 0.004 -30"><span class='ocrx_word' id='word_1_427' title='bbox 270 4372 614 4444; x_wconf 79' lang='lat' dir='ltr'><strong>Albanensi,</strong></span> <span class='ocrx_word' id='word_1_428' title='bbox 649 4373 925 4444; x_wconf 91' lang='lat' dir='ltr'><strong>Ostiensi,</strong></span> <span class='ocrx_word' id='word_1_429' title='bbox 957 4376 1292 4448; x_wconf 90' lang='lat' dir='ltr'><strong>Portuensi,</strong></span> <span class='ocrx_word' id='word_1_430' title='bbox 1329 4392 1358 4433; x_wconf 90' lang='lat' dir='ltr'><strong>a</strong></span> <span class='ocrx_word' id='word_1_431' title='bbox 1391 4377 1609 4434; x_wconf 91' lang='lat' dir='ltr'><strong>sanctis</strong></span> <span class='ocrx_word' id='word_1_432' title='bbox 1660 4379 1929 4451; x_wconf 88' lang='lat' dir='ltr'><strong>patribus</strong></span> <span class='ocrx_word' id='word_1_433' title='bbox 1958 4398 1965 4459; x_wconf 61' lang='grc' dir='ltr'><strong>ς</strong></span> 
     </span>
    </p>
   </div>
   <div class='ocr_carea' id='block_1_65' title="bbox 269 4464 1931 4541">
    <p class='ocr_par' dir='ltr' id='par_1_65' title="bbox 269 4464 1931 4541">
     <span class='ocr_line' id='line_1_65' title="bbox 269 4464 1931 4541; baseline 0.004 -24"><span class='ocrx_word' id='word_1_434' title='bbox 269 4467 362 4518; x_wconf 89' lang='lat' dir='ltr'><strong>est</strong></span> <span class='ocrx_word' id='word_1_435' title='bbox 393 4475 757 4518; x_wconf 90' lang='lat' dir='ltr'><strong>concessum.</strong></span> <span class='ocrx_word' id='word_1_436' title='bbox 786 4464 937 4533; x_wconf 86' lang='lat' dir='ltr'><strong>Ergo</strong></span> <span class='ocrx_word' id='word_1_437' title='bbox 970 4464 1312 4521; x_wconf 77' lang='lat' dir='ltr'><strong>Mutinensis</strong></span> <span class='ocrx_word' id='word_1_438' title='bbox 1355 4469 1411 4521; x_wconf 90' lang='lat' dir='ltr'><strong>et</strong></span> <span class='ocrx_word' id='word_1_439' title='bbox 1464 4466 1770 4539; x_wconf 81' lang='lat' dir='ltr'><strong>Arithinus</strong></span> <span class='ocrx_word' id='word_1_440' title='bbox 1812 4468 1931 4541; x_wconf 85' lang='lat' dir='ltr'><strong>epi-</strong></span> 
     </span>
    </p>
   </div>
   <div class='ocr_carea' id='block_1_66' title="bbox 274 4549 1931 4628">
    <p class='ocr_par' dir='ltr' id='par_1_66' title="bbox 274 4549 1931 4628">
     <span class='ocr_line' id='line_1_66' title="bbox 274 4549 1931 4628; baseline 0.004 -20"><span class='ocrx_word' id='word_1_441' title='bbox 274 4550 441 4623; x_wconf 85' lang='lat' dir='ltr'><strong>scopi</strong></span> <span class='ocrx_word' id='word_1_442' title='bbox 467 4549 633 4621; x_wconf 87' lang='lat' dir='ltr'><strong>juxta</strong></span> <span class='ocrx_word' id='word_1_443' title='bbox 665 4552 1067 4609; x_wconf 89' lang='lat' dir='ltr'><strong>testimonium</strong></span> <span class='ocrx_word' id='word_1_444' title='bbox 1097 4553 1447 4611; x_wconf 91' lang='lat' dir='ltr'><strong>sanctissimi</strong></span> <span class='ocrx_word' id='word_1_445' title='bbox 1470 4570 1633 4628; x_wconf 60' lang='lat' dir='ltr'><strong>papa;</strong></span> <span class='ocrx_word' id='word_1_446' title='bbox 1654 4556 1931 4614; x_wconf 89' lang='lat' dir='ltr'><strong>Innocen-</strong></span> 
     </span>
    </p>
   </div>
   <div class='ocr_carea' id='block_1_67' title="bbox 274 4639 1930 4717">
    <p class='ocr_par' dir='ltr' id='par_1_67' title="bbox 274 4639 1930 4717">
     <span class='ocr_line' id='line_1_67' title="bbox 274 4639 1930 4717; baseline 0.004 -21"><span class='ocrx_word' id='word_1_447' title='bbox 274 4640 340 4696; x_wconf 88' lang='lat' dir='ltr'><strong>tii</strong></span> <span class='ocrx_word' id='word_1_448' title='bbox 374 4654 490 4697; x_wconf 90' lang='lat' dir='ltr'><strong>non</strong></span> <span class='ocrx_word' id='word_1_449' title='bbox 543 4639 1031 4713; x_wconf 89' lang='lat' dir='ltr'><strong>benedictionem,</strong></span> <span class='ocrx_word' id='word_1_450' title='bbox 1092 4642 1195 4698; x_wconf 91' lang='lat' dir='ltr'><strong>sed</strong></span> <span class='ocrx_word' id='word_1_451' title='bbox 1241 4642 1709 4716; x_wconf 91' lang='lat' dir='ltr'><strong>dampnationem</strong></span> <span class='ocrx_word' id='word_1_452' title='bbox 1759 4661 1930 4717; x_wconf 90' lang='lat' dir='ltr'><strong>quam</strong></span> 
     </span>
    </p>
   </div>
   <div class='ocr_carea' id='block_1_68' title="bbox 274 4727 1931 4807">
    <p class='ocr_par' dir='ltr' id='par_1_68' title="bbox 274 4727 1931 4807">
     <span class='ocr_line' id='line_1_68' title="bbox 274 4727 1931 4807; baseline 0.002 -19"><span class='ocrx_word' id='word_1_453' title='bbox 274 4727 611 4789; x_wconf 87' lang='lat' dir='ltr'><strong>habuerunt</strong></span> <span class='ocrx_word' id='word_1_454' title='bbox 641 4745 748 4786; x_wconf 93' lang='lat' dir='ltr'><strong>suo</strong></span> <span class='ocrx_word' id='word_1_455' title='bbox 779 4730 1097 4787; x_wconf 86' lang='lat' dir='ltr'><strong>Ravennati</strong></span> <span class='ocrx_word' id='word_1_456' title='bbox 1121 4732 1419 4805; x_wconf 90' lang='lat' dir='ltr'><strong>imponere</strong></span> <span class='ocrx_word' id='word_1_457' title='bbox 1444 4739 1759 4807; x_wconf 90' lang='lat' dir='ltr'><strong>potuerunt</strong></span> <span class='ocrx_word' id='word_1_458' title='bbox 1786 4754 1801 4805; x_wconf 91' lang='lat'><strong>;</strong></span> <span class='ocrx_word' id='word_1_459' title='bbox 1824 4750 1931 4792; x_wconf 90' lang='lat' dir='ltr'><strong>nec</strong></span> 
     </span>
    </p>
   </div>
   <div class='ocr_carea' id='block_1_69' title="bbox 276 4818 1934 4897">
    <p class='ocr_par' dir='ltr' id='par_1_69' title="bbox 276 4818 1934 4897">
     <span class='ocr_line' id='line_1_69' title="bbox 276 4818 1934 4897; baseline 0.002 -19"><span class='ocrx_word' id='word_1_460' title='bbox 276 4818 443 4878; x_wconf 84' lang='lat' dir='ltr'><strong>illum</strong></span> <span class='ocrx_word' id='word_1_461' title='bbox 475 4819 531 4874; x_wconf 93' lang='lat' dir='ltr'><strong>in</strong></span> <span class='ocrx_word' id='word_1_462' title='bbox 564 4818 882 4876; x_wconf 86' lang='lat' dir='ltr'><strong>Romanum</strong></span> <span class='ocrx_word' id='word_1_463' title='bbox 916 4821 1329 4894; x_wconf 89' lang='lat' dir='ltr'><strong>patriarcham,</strong></span> <span class='ocrx_word' id='word_1_464' title='bbox 1360 4822 1462 4880; x_wconf 91' lang='lat' dir='ltr'><strong>sed</strong></span> <span class='ocrx_word' id='word_1_465' title='bbox 1502 4824 1559 4880; x_wconf 92' lang='lat' dir='ltr'><strong>in</strong></span> <span class='ocrx_word' id='word_1_466' title='bbox 1608 4824 1934 4897; x_wconf 89' lang='lat' dir='ltr'><strong>perditissi-</strong></span> 
     </span>
    </p>
   </div>
   <div class='ocr_carea' id='block_1_70' title="bbox 274 4907 1935 4986">
    <p class='ocr_par' dir='ltr' id='par_1_70' title="bbox 274 4907 1935 4986">
     <span class='ocr_line' id='line_1_70' title="bbox 274 4907 1935 4986; baseline 0.004 -21"><span class='ocrx_word' id='word_1_467' title='bbox 274 4922 431 4967; x_wconf 89' lang='lat' dir='ltr'><strong>mum</strong></span> <span class='ocrx_word' id='word_1_468' title='bbox 479 4907 916 4966; x_wconf 87' lang='lat' dir='ltr'><strong>beresiarcham</strong></span> <span class='ocrx_word' id='word_1_469' title='bbox 965 4917 1402 4983; x_wconf 90' lang='lat' dir='ltr'><strong>promoverunt.</strong></span> <span class='ocrx_word' id='word_1_470' title='bbox 1476 4914 1683 4972; x_wconf 90' lang='lat' dir='ltr'><strong>Caveat</strong></span> <span class='ocrx_word' id='word_1_471' title='bbox 1752 4914 1935 4986; x_wconf 82' lang='lat' dir='ltr'><strong>igitur</strong></span> 
     </span>
    </p>
   </div>
   <div class='ocr_carea' id='block_1_71' title="bbox 2022 1706 3670 1781">
    <p class='ocr_par' dir='ltr' id='par_1_71' title="bbox 2022 1706 3670 1781">
     <span class='ocr_line' id='line_1_71' title="bbox 2022 1706 3670 1781; baseline 0.006 -18"><span class='ocrx_word' id='word_1_472' title='bbox 2022 1721 2125 1764; x_wconf 90' lang='lat' dir='ltr'><strong>nes</strong></span> <span class='ocrx_word' id='word_1_473' title='bbox 2157 1706 2309 1763; x_wconf 81' lang='lat' dir='ltr'><strong>filios</strong></span> <span class='ocrx_word' id='word_1_474' title='bbox 2343 1708 2654 1779; x_wconf 63' lang='lat' dir='ltr'><strong>superbire,</strong></span> <span class='ocrx_word' id='word_1_475' title='bbox 2691 1709 3025 1781; x_wconf 90' lang='lat' dir='ltr'><strong>suscipiens</strong></span> <span class='ocrx_word' id='word_1_476' title='bbox 3055 1712 3128 1767; x_wconf 90' lang='lat' dir='ltr'><strong>ab</strong></span> <span class='ocrx_word' id='word_1_477' title='bbox 3168 1711 3268 1768; x_wconf 92' lang='lat' dir='ltr'><strong>illo</strong></span> <span class='ocrx_word' id='word_1_478' title='bbox 3311 1713 3670 1773; x_wconf 89' lang='lat' dir='ltr'><strong>maledictio-</strong></span> 
     </span>
    </p>
   </div>
   <div class='ocr_carea' id='block_1_72' title="bbox 2023 1796 3664 1874">
    <p class='ocr_par' dir='ltr' id='par_1_72' title="bbox 2023 1796 3664 1874">
     <span class='ocr_line' id='line_1_72' title="bbox 2023 1796 3664 1874; baseline 0.005 -22"><span class='ocrx_word' id='word_1_479' title='bbox 2023 1811 2151 1853; x_wconf 90' lang='lat' dir='ltr'><strong>nem</strong></span> <span class='ocrx_word' id='word_1_480' title='bbox 2180 1811 2286 1868; x_wconf 90' lang='lat' dir='ltr'><strong>pro</strong></span> <span class='ocrx_word' id='word_1_481' title='bbox 2321 1796 2766 1864; x_wconf 88' lang='lat' dir='ltr'><strong>benedictione;</strong></span> <span class='ocrx_word' id='word_1_482' title='bbox 2809 1804 2868 1853; x_wconf 89' lang='lat' dir='ltr'><strong>et</strong></span> <span class='ocrx_word' id='word_1_483' title='bbox 2916 1800 3147 1869; x_wconf 89' lang='lat' dir='ltr'><strong>quidem</strong></span> <span class='ocrx_word' id='word_1_484' title='bbox 3198 1802 3344 1859; x_wconf 88' lang='lat' dir='ltr'><strong>satis</strong></span> <span class='ocrx_word' id='word_1_485' title='bbox 3388 1818 3664 1874; x_wconf 77' lang='lat' dir='ltr'><strong>congrue.</strong></span> 
     </span>
    </p>
   </div>
   <div class='ocr_carea' id='block_1_73' title="bbox 2023 1885 3665 1964">
    <p class='ocr_par' dir='ltr' id='par_1_73' title="bbox 2023 1885 3665 1964">
     <span class='ocr_line' id='line_1_73' title="bbox 2023 1885 3665 1964; baseline 0.005 -23"><span class='ocrx_word' id='word_1_486' title='bbox 2023 1887 2160 1941; x_wconf 88' lang='lat' dir='ltr'><strong>Nam</strong></span> <span class='ocrx_word' id='word_1_487' title='bbox 2193 1885 2405 1954; x_wconf 84' lang='lat' dir='ltr'><strong>dignus</strong></span> <span class='ocrx_word' id='word_1_488' title='bbox 2432 1890 2580 1955; x_wconf 89' lang='lat' dir='ltr'><strong>erat,</strong></span> <span class='ocrx_word' id='word_1_489' title='bbox 2614 1891 2673 1942; x_wconf 92' lang='lat' dir='ltr'><strong>et</strong></span> <span class='ocrx_word' id='word_1_490' title='bbox 2714 1901 2818 1958; x_wconf 88' lang='lat' dir='ltr'><strong>pro</strong></span> <span class='ocrx_word' id='word_1_491' title='bbox 2859 1887 3082 1944; x_wconf 87' lang='lat' dir='ltr'><strong>meritis</strong></span> <span class='ocrx_word' id='word_1_492' title='bbox 3130 1894 3260 1946; x_wconf 89' lang='lat' dir='ltr'><strong>acta</strong></span> <span class='ocrx_word' id='word_1_493' title='bbox 3319 1905 3415 1947; x_wconf 90' lang='lat' dir='ltr'><strong>res</strong></span> <span class='ocrx_word' id='word_1_494' title='bbox 3455 1896 3565 1964; x_wconf 92' lang='lat' dir='ltr'><strong>est,</strong></span> <span class='ocrx_word' id='word_1_495' title='bbox 3602 1897 3665 1950; x_wconf 90' lang='lat' dir='ltr'><strong>ut</strong></span> 
     </span>
    </p>
   </div>
   <div class='ocr_carea' id='block_1_74' title="bbox 2026 1973 3664 2052">
    <p class='ocr_par' dir='ltr' id='par_1_74' title="bbox 2026 1973 3664 2052">
     <span class='ocr_line' id='line_1_74' title="bbox 2026 1973 3664 2052; baseline 0.005 -23"><span class='ocrx_word' id='word_1_496' title='bbox 2026 1974 2161 2031; x_wconf 92' lang='lat' dir='ltr'><strong>talis</strong></span> <span class='ocrx_word' id='word_1_497' title='bbox 2181 1988 2281 2029; x_wconf 87' lang='lat' dir='ltr'><strong>rex</strong></span> <span class='ocrx_word' id='word_1_498' title='bbox 2299 1973 2471 2029; x_wconf 90' lang='lat' dir='ltr'><strong>talem</strong></span> <span class='ocrx_word' id='word_1_499' title='bbox 2492 1990 2693 2046; x_wconf 87' lang='lat' dir='ltr'><strong>papam</strong></span> <span class='ocrx_word' id='word_1_500' title='bbox 2711 1975 3044 2032; x_wconf 89' lang='lat' dir='ltr'><strong>institueret</strong></span> <span class='ocrx_word' id='word_1_501' title='bbox 3059 1978 3203 2033; x_wconf 85' lang='lat' dir='ltr'><strong>etab</strong></span> <span class='ocrx_word' id='word_1_502' title='bbox 3217 1979 3421 2035; x_wconf 90' lang='lat' dir='ltr'><strong>eodem</strong></span> <span class='ocrx_word' id='word_1_503' title='bbox 3439 1981 3664 2052; x_wconf 86' lang='lat' dir='ltr'><strong>ipseco</strong></span> 
     </span>
    </p>
   </div>
   <div class='ocr_carea' id='block_1_75' title="bbox 2024 2062 3657 2142">
    <p class='ocr_par' dir='ltr' id='par_1_75' title="bbox 2024 2062 3657 2142">
     <span class='ocr_line' id='line_1_75' title="bbox 2024 2062 3657 2142; baseline 0.004 -24"><span class='ocrx_word' id='word_1_504' title='bbox 2024 2077 2218 2119; x_wconf 88' lang='lat' dir='ltr'><strong>ronam</strong></span> <span class='ocrx_word' id='word_1_505' title='bbox 2236 2062 2564 2133; x_wconf 67' lang='lat' dir='ltr'><strong>ignominiaa</strong></span> <span class='ocrx_word' id='word_1_506' title='bbox 2578 2069 2636 2119; x_wconf 89' lang='lat' dir='ltr'><strong>et</strong></span> <span class='ocrx_word' id='word_1_507' title='bbox 2652 2069 2950 2135; x_wconf 91' lang='lat' dir='ltr'><strong>sceptrum</strong></span> <span class='ocrx_word' id='word_1_508' title='bbox 2976 2064 3281 2123; x_wconf 90' lang='lat' dir='ltr'><strong>dedecoris</strong></span> <span class='ocrx_word' id='word_1_509' title='bbox 3310 2069 3657 2142; x_wconf 90' lang='lat' dir='ltr'><strong>susciperet.</strong></span> 
     </span>
    </p>
   </div>
   <div class='ocr_carea' id='block_1_76' title="bbox 2095 2151 3663 2227">
    <p class='ocr_par' dir='ltr' id='par_1_76' title="bbox 2095 2151 3663 2227">
     <span class='ocr_line' id='line_1_76' title="bbox 2095 2151 3663 2227; baseline 0.004 -20"><span class='ocrx_word' id='word_1_510' title='bbox 2095 2151 2216 2217; x_wconf 90' lang='lat' dir='ltr'><strong>(fol.</strong></span> <span class='ocrx_word' id='word_1_511' title='bbox 2254 2151 2399 2222; x_wconf 76' lang='lat'><strong>129,)</strong></span> <span class='ocrx_word' id='word_1_512' title='bbox 2432 2152 2713 2209; x_wconf 83' lang='lat' dir='ltr'><strong>Defuncto</strong></span> <span class='ocrx_word' id='word_1_513' title='bbox 2746 2168 2849 2224; x_wconf 91' lang='lat' dir='ltr'><strong>per</strong></span> <span class='ocrx_word' id='word_1_514' title='bbox 2879 2153 2937 2209; x_wconf 90' lang='lat' dir='ltr'><strong>id</strong></span> <span class='ocrx_word' id='word_1_515' title='bbox 2970 2156 3251 2226; x_wconf 88' lang='lat' dir='ltr'><strong>temporis</strong></span> <span class='ocrx_word' id='word_1_516' title='bbox 3294 2156 3663 2227; x_wconf 87' lang='lat' dir='ltr'><strong>Lugdunensi</strong></span> 
     </span>
    </p>
   </div>
   <div class='ocr_carea' id='block_1_77' title="bbox 2023 2240 3663 2315">
    <p class='ocr_par' dir='ltr' id='par_1_77' title="bbox 2023 2240 3663 2315">
     <span class='ocr_line' id='line_1_77' title="bbox 2023 2240 3663 2315; baseline 0.005 -19"><span class='ocrx_word' id='word_1_517' title='bbox 2023 2240 2464 2312; x_wconf 83' lang='lat' dir='ltr'><strong>archiepiscOpo</strong></span> <span class='ocrx_word' id='word_1_518' title='bbox 2486 2241 2733 2297; x_wconf 89' lang='lat' dir='ltr'><strong>Gibuino</strong></span> <span class='ocrx_word' id='word_1_519' title='bbox 2752 2241 2922 2313; x_wconf 82' lang='lat'><strong>(185),</strong></span> <span class='ocrx_word' id='word_1_520' title='bbox 2947 2256 3078 2298; x_wconf 90' lang='lat' dir='ltr'><strong>cum</strong></span> <span class='ocrx_word' id='word_1_521' title='bbox 3098 2244 3256 2301; x_wconf 86' lang='lat' dir='ltr'><strong>varia</strong></span> <span class='ocrx_word' id='word_1_522' title='bbox 3274 2246 3663 2315; x_wconf 89' lang='lat' dir='ltr'><strong>quorumdum</strong></span> 
     </span>
    </p>
   </div>
   <div class='ocr_carea' id='block_1_78' title="bbox 2022 2329 3671 2405">
    <p class='ocr_par' dir='ltr' id='par_1_78' title="bbox 2022 2329 3671 2405">
     <span class='ocr_line' id='line_1_78' title="bbox 2022 2329 3671 2405; baseline 0.004 -19"><span class='ocrx_word' id='word_1_523' title='bbox 2022 2334 2178 2386; x_wconf 90' lang='lat' dir='ltr'><strong>esset</strong></span> <span class='ocrx_word' id='word_1_524' title='bbox 2209 2329 2442 2400; x_wconf 91' lang='lat' dir='ltr'><strong>electio,</strong></span> <span class='ocrx_word' id='word_1_525' title='bbox 2477 2330 2722 2386; x_wconf 91' lang='lat' dir='ltr'><strong>domnus</strong></span> <span class='ocrx_word' id='word_1_526' title='bbox 2749 2332 2910 2399; x_wconf 89' lang='lat' dir='ltr'><strong>Hugo</strong></span> <span class='ocrx_word' id='word_1_527' title='bbox 2934 2330 3163 2387; x_wconf 90' lang='lat' dir='ltr'><strong>Diensis</strong></span> <span class='ocrx_word' id='word_1_528' title='bbox 3187 2333 3499 2405; x_wconf 87' lang='lat' dir='ltr'><strong>episcopus</strong></span> <span class='ocrx_word' id='word_1_529' title='bbox 3520 2334 3671 2392; x_wconf 87' lang='lat' dir='ltr'><strong>elec-</strong></span> 
     </span>
    </p>
   </div>
   <div class='ocr_carea' id='block_1_79' title="bbox 2024 2418 3669 2493">
    <p class='ocr_par' dir='ltr' id='par_1_79' title="bbox 2024 2418 3669 2493">
     <span class='ocr_line' id='line_1_79' title="bbox 2024 2418 3669 2493; baseline 0.004 -20"><span class='ocrx_word' id='word_1_530' title='bbox 2024 2418 2178 2474; x_wconf 91' lang='lat' dir='ltr'><strong>tione</strong></span> <span class='ocrx_word' id='word_1_531' title='bbox 2210 2418 2355 2473; x_wconf 91' lang='lat' dir='ltr'><strong>cleri</strong></span> <span class='ocrx_word' id='word_1_532' title='bbox 2387 2423 2447 2473; x_wconf 91' lang='lat' dir='ltr'><strong>et</strong></span> <span class='ocrx_word' id='word_1_533' title='bbox 2475 2418 2696 2490; x_wconf 90' lang='lat' dir='ltr'><strong>populi,</strong></span> <span class='ocrx_word' id='word_1_534' title='bbox 2730 2420 3083 2476; x_wconf 89' lang='lat' dir='ltr'><strong>auctoritate</strong></span> <span class='ocrx_word' id='word_1_535' title='bbox 3114 2424 3174 2475; x_wconf 88' lang='lat' dir='ltr'><strong>et</strong></span> <span class='ocrx_word' id='word_1_536' title='bbox 3215 2426 3511 2493; x_wconf 60' lang='lat' dir='ltr'><strong>pracepto</strong></span> <span class='ocrx_word' id='word_1_537' title='bbox 3561 2424 3669 2480; x_wconf 83' lang='lat' dir='ltr'><strong>Ro-</strong></span> 
     </span>
    </p>
   </div>
   <div class='ocr_carea' id='block_1_80' title="bbox 2022 2507 3666 2582">
    <p class='ocr_par' dir='ltr' id='par_1_80' title="bbox 2022 2507 3666 2582">
     <span class='ocr_line' id='line_1_80' title="bbox 2022 2507 3666 2582; baseline 0.004 -19"><span class='ocrx_word' id='word_1_538' title='bbox 2022 2507 2172 2563; x_wconf 90' lang='lat' dir='ltr'><strong>mani</strong></span> <span class='ocrx_word' id='word_1_539' title='bbox 2222 2507 2515 2579; x_wconf 86' lang='lat' dir='ltr'><strong>pontiﬁcis</strong></span> <span class='ocrx_word' id='word_1_540' title='bbox 2566 2508 2622 2564; x_wconf 93' lang='lat' dir='ltr'><strong>in</strong></span> <span class='ocrx_word' id='word_1_541' title='bbox 2671 2508 3172 2582; x_wconf 88' lang='lat' dir='ltr'><strong>archiepiscopum</strong></span> <span class='ocrx_word' id='word_1_542' title='bbox 3226 2510 3666 2580; x_wconf 83' lang='lat' dir='ltr'><strong>Lugdunensem</strong></span> 
     </span>
    </p>
   </div>
   <div class='ocr_carea' id='block_1_81' title="bbox 2023 2597 3662 2673">
    <p class='ocr_par' dir='ltr' id='par_1_81' title="bbox 2023 2597 3662 2673">
     <span class='ocr_line' id='line_1_81' title="bbox 2023 2597 3662 2673; baseline 0.005 -21"><span class='ocrx_word' id='word_1_543' title='bbox 2023 2600 2327 2669; x_wconf 89' lang='lat' dir='ltr'><strong>promotus</strong></span> <span class='ocrx_word' id='word_1_544' title='bbox 2352 2602 2446 2653; x_wconf 92' lang='lat' dir='ltr'><strong>est</strong></span> <span class='ocrx_word' id='word_1_545' title='bbox 2466 2611 2617 2652; x_wconf 90' lang='lat' dir='ltr'><strong>anno</strong></span> <span class='ocrx_word' id='word_1_546' title='bbox 2641 2597 3060 2654; x_wconf 88' lang='lat' dir='ltr'><strong>incarnationis</strong></span> <span class='ocrx_word' id='word_1_547' title='bbox 3084 2599 3307 2654; x_wconf 93' lang='lat' dir='ltr'><strong>Domini</strong></span> <span class='ocrx_word' id='word_1_548' title='bbox 3332 2604 3470 2658; x_wconf 77' lang='lat'><strong>1082</strong></span> <span class='ocrx_word' id='word_1_549' title='bbox 3492 2602 3662 2673; x_wconf 89' lang='grc'>(186).</span> 
     </span>
    </p>
   </div>
   <div class='ocr_carea' id='block_1_82' title="bbox 2023 2685 3669 2763">
    <p class='ocr_par' dir='ltr' id='par_1_82' title="bbox 2023 2685 3669 2763">
     <span class='ocr_line' id='line_1_82' title="bbox 2023 2685 3669 2763; baseline 0.004 -21"><span class='ocrx_word' id='word_1_550' title='bbox 2023 2685 2224 2743; x_wconf 87' lang='lat' dir='ltr'><strong>Adhuc</strong></span> <span class='ocrx_word' id='word_1_551' title='bbox 2253 2686 2404 2743; x_wconf 89' lang='lat' dir='ltr'><strong>enim</strong></span> <span class='ocrx_word' id='word_1_552' title='bbox 2437 2686 2707 2742; x_wconf 59' lang='lat' dir='ltr'><strong>Romanae</strong></span> <span class='ocrx_word' id='word_1_553' title='bbox 2739 2686 2868 2743; x_wconf 90' lang='lat' dir='ltr'><strong>urbi</strong></span> <span class='ocrx_word' id='word_1_554' title='bbox 2901 2687 3146 2744; x_wconf 92' lang='lat' dir='ltr'><strong>domnus</strong></span> <span class='ocrx_word' id='word_1_555' title='bbox 3178 2689 3493 2758; x_wconf 82' lang='lat' dir='ltr'><strong>Gregorius</strong></span> <span class='ocrx_word' id='word_1_556' title='bbox 3524 2706 3669 2763; x_wconf 69' lang='lat' dir='ltr'><strong>prae-</strong></span> 
     </span>
    </p>
   </div>
   <div class='ocr_carea' id='block_1_83' title="bbox 2023 2775 3667 2847">
    <p class='ocr_par' dir='ltr' id='par_1_83' title="bbox 2023 2775 3667 2847">
     <span class='ocr_line' id='line_1_83' title="bbox 2023 2775 3667 2847; baseline 0.002 -15"><span class='ocrx_word' id='word_1_557' title='bbox 2023 2780 2172 2846; x_wconf 87' lang='lat' dir='ltr'><strong>erat,</strong></span> <span class='ocrx_word' id='word_1_558' title='bbox 2232 2789 2578 2847; x_wconf 87' lang='lat' dir='ltr'><strong>quamquam</strong></span> <span class='ocrx_word' id='word_1_559' title='bbox 2627 2775 3102 2832; x_wconf 86' lang='lat' dir='ltr'><strong>Wibertistarum</strong></span> <span class='ocrx_word' id='word_1_560' title='bbox 3145 2777 3261 2847; x_wconf 89' lang='lat' dir='ltr'><strong>jam</strong></span> <span class='ocrx_word' id='word_1_561' title='bbox 3308 2784 3467 2835; x_wconf 90' lang='lat' dir='ltr'><strong>esset</strong></span> <span class='ocrx_word' id='word_1_562' title='bbox 3515 2780 3667 2836; x_wconf 85' lang='lat' dir='ltr'><strong>facta</strong></span> 
     </span>
    </p>
   </div>
   <div class='ocr_carea' id='block_1_84' title="bbox 2023 2864 3669 2939">
    <p class='ocr_par' dir='ltr' id='par_1_84' title="bbox 2023 2864 3669 2939">
     <span class='ocr_line' id='line_1_84' title="bbox 2023 2864 3669 2939; baseline 0.002 -19"><span class='ocrx_word' id='word_1_563' title='bbox 2023 2864 2403 2935; x_wconf 90' lang='lat' dir='ltr'><strong>conspiratio,</strong></span> <span class='ocrx_word' id='word_1_564' title='bbox 2440 2878 2549 2918; x_wconf 93' lang='lat' dir='ltr'><strong>non</strong></span> <span class='ocrx_word' id='word_1_565' title='bbox 2580 2867 2791 2919; x_wconf 91' lang='lat' dir='ltr'><strong>tamem</strong></span> <span class='ocrx_word' id='word_1_566' title='bbox 2825 2865 3136 2935; x_wconf 92' lang='lat' dir='ltr'><strong>promotio.</strong></span> <span class='ocrx_word' id='word_1_567' title='bbox 3173 2866 3278 2922; x_wconf 88' lang='lat' dir='ltr'><strong>Ubi</strong></span> <span class='ocrx_word' id='word_1_568' title='bbox 3301 2881 3441 2923; x_wconf 91' lang='lat' dir='ltr'><strong>vero</strong></span> <span class='ocrx_word' id='word_1_569' title='bbox 3462 2872 3669 2939; x_wconf 84' lang='lat' dir='ltr'><strong>ctpro-</strong></span> 
     </span>
    </p>
   </div>
   <div class='ocr_carea' id='block_1_85' title="bbox 2027 2949 3664 3022">
    <p class='ocr_par' dir='ltr' id='par_1_85' title="bbox 2027 2949 3664 3022">
     <span class='ocr_line' id='line_1_85' title="bbox 2027 2949 3664 3022; baseline 0.003 -17"><span class='ocrx_word' id='word_1_570' title='bbox 2027 2951 2205 3006; x_wconf 90' lang='lat' dir='ltr'><strong>motio</strong></span> <span class='ocrx_word' id='word_1_571' title='bbox 2237 2949 2364 3020; x_wconf 90' lang='lat' dir='ltr'><strong>ejus</strong></span> <span class='ocrx_word' id='word_1_572' title='bbox 2393 2949 2764 3006; x_wconf 88' lang='lat' dir='ltr'><strong>execratione</strong></span> <span class='ocrx_word' id='word_1_573' title='bbox 2793 2964 2897 3007; x_wconf 89' lang='lat' dir='ltr'><strong>sua</strong></span> <span class='ocrx_word' id='word_1_574' title='bbox 2930 2949 3025 3007; x_wconf 88' lang='lat' dir='ltr'><strong>illa</strong></span> <span class='ocrx_word' id='word_1_575' title='bbox 3086 2952 3250 3022; x_wconf 89' lang='lat' dir='ltr'><strong>quasi</strong></span> <span class='ocrx_word' id='word_1_576' title='bbox 3302 2954 3664 3010; x_wconf 88' lang='lat' dir='ltr'><strong>auctorizata</strong></span> 
     </span>
    </p>
   </div>
   <div class='ocr_carea' id='block_1_86' title="bbox 2026 3038 3657 3112">
    <p class='ocr_par' dir='ltr' id='par_1_86' title="bbox 2026 3038 3657 3112">
     <span class='ocr_line' id='line_1_86' title="bbox 2026 3038 3657 3112; baseline 0.002 -15"><span class='ocrx_word' id='word_1_577' title='bbox 2026 3044 2136 3110; x_wconf 88' lang='lat' dir='ltr'><strong>est,</strong></span> <span class='ocrx_word' id='word_1_578' title='bbox 2169 3043 2227 3095; x_wconf 91' lang='lat' dir='ltr'><strong>et</strong></span> <span class='ocrx_word' id='word_1_579' title='bbox 2253 3038 2574 3108; x_wconf 90' lang='lat' dir='ltr'><strong>judicatum</strong></span> <span class='ocrx_word' id='word_1_580' title='bbox 2607 3043 2693 3095; x_wconf 92' lang='lat' dir='ltr'><strong>est</strong></span> <span class='ocrx_word' id='word_1_581' title='bbox 2727 3038 2800 3095; x_wconf 92' lang='lat' dir='ltr'><strong>ab</strong></span> <span class='ocrx_word' id='word_1_582' title='bbox 2832 3039 3023 3111; x_wconf 91' lang='lat' dir='ltr'><strong>impiis</strong></span> <span class='ocrx_word' id='word_1_583' title='bbox 3046 3043 3101 3095; x_wconf 91' lang='lat' dir='ltr'><strong>et</strong></span> <span class='ocrx_word' id='word_1_584' title='bbox 3162 3042 3413 3112; x_wconf 90' lang='lat' dir='ltr'><strong>perjuris</strong></span> <span class='ocrx_word' id='word_1_585' title='bbox 3461 3042 3657 3100; x_wconf 88' lang='lat' dir='ltr'><strong>hostili</strong></span> 
     </span>
    </p>
   </div>
   <div class='ocr_carea' id='block_1_87' title="bbox 2028 3114 3669 3204">
    <p class='ocr_par' dir='ltr' id='par_1_87' title="bbox 2028 3114 3669 3204">
     <span class='ocr_line' id='line_1_87' title="bbox 2028 3114 3669 3204; baseline 0.002 -19"><span class='ocrx_word' id='word_1_586' title='bbox 2028 3114 2199 3185; x_wconf 85' lang='lat' dir='ltr'><strong>manu</strong></span> <span class='ocrx_word' id='word_1_587' title='bbox 2227 3129 2463 3183; x_wconf 85' lang='lat' dir='ltr'><strong>Romam</strong></span> <span class='ocrx_word' id='word_1_588' title='bbox 2491 3126 2959 3198; x_wconf 87' lang='lat' dir='ltr'><strong>aggrediendam,</strong></span> <span class='ocrx_word' id='word_1_589' title='bbox 2994 3133 3056 3185; x_wconf 93' lang='lat' dir='ltr'><strong>ut</strong></span> <span class='ocrx_word' id='word_1_590' title='bbox 3108 3143 3273 3201; x_wconf 88' lang='lat' dir='ltr'><strong>papa,</strong></span> <span class='ocrx_word' id='word_1_591' title='bbox 3326 3131 3422 3202; x_wconf 93' lang='lat' dir='ltr'><strong>qui</strong></span> <span class='ocrx_word' id='word_1_592' title='bbox 3472 3132 3669 3204; x_wconf 92' lang='lat' dir='ltr'><strong>populi</strong></span> 
     </span>
    </p>
   </div>
   <div class='ocr_carea' id='block_1_88' title="bbox 2029 3218 3667 3293">
    <p class='ocr_par' dir='ltr' id='par_1_88' title="bbox 2029 3218 3667 3293">
     <span class='ocr_line' id='line_1_88' title="bbox 2029 3218 3667 3293; baseline 0.002 -18"><span class='ocrx_word' id='word_1_593' title='bbox 2029 3218 2314 3288; x_wconf 90' lang='lat' dir='ltr'><strong>obsequio</strong></span> <span class='ocrx_word' id='word_1_594' title='bbox 2344 3221 2403 3273; x_wconf 90' lang='lat' dir='ltr'><strong>et</strong></span> <span class='ocrx_word' id='word_1_595' title='bbox 2433 3231 2627 3273; x_wconf 89' lang='lat' dir='ltr'><strong>amore</strong></span> <span class='ocrx_word' id='word_1_596' title='bbox 2656 3230 2786 3273; x_wconf 91' lang='lat' dir='ltr'><strong>cum</strong></span> <span class='ocrx_word' id='word_1_597' title='bbox 2831 3218 3019 3286; x_wconf 83' lang='lat' dir='ltr'><strong>gratia</strong></span> <span class='ocrx_word' id='word_1_598' title='bbox 3076 3218 3175 3273; x_wconf 91' lang='lat' dir='ltr'><strong>Dei</strong></span> <span class='ocrx_word' id='word_1_599' title='bbox 3225 3220 3667 3293; x_wconf 87' lang='lat' dir='ltr'><strong>protegebatur,</strong></span> 
     </span>
    </p>
   </div>
   <div class='ocr_carea' id='block_1_89' title="bbox 2030 3305 3668 3382">
    <p class='ocr_par' dir='ltr' id='par_1_89' title="bbox 2030 3305 3668 3382">
     <span class='ocr_line' id='line_1_89' title="bbox 2030 3305 3668 3382; baseline 0.002 -18"><span class='ocrx_word' id='word_1_600' title='bbox 2030 3322 2160 3365; x_wconf 92' lang='lat' dir='ltr'><strong>cum</strong></span> <span class='ocrx_word' id='word_1_601' title='bbox 2186 3306 2392 3376; x_wconf 90' lang='lat' dir='ltr'><strong>injuria</strong></span> <span class='ocrx_word' id='word_1_602' title='bbox 2416 3311 2475 3361; x_wconf 88' lang='lat' dir='ltr'><strong>et</strong></span> <span class='ocrx_word' id='word_1_603' title='bbox 2497 3305 2783 3362; x_wconf 90' lang='lat' dir='ltr'><strong>dedecore</strong></span> <span class='ocrx_word' id='word_1_604' title='bbox 2803 3320 2831 3361; x_wconf 88' lang='lat' dir='ltr'><strong>a</strong></span> <span class='ocrx_word' id='word_1_605' title='bbox 2848 3306 2984 3363; x_wconf 91' lang='lat' dir='ltr'><strong>sede</strong></span> <span class='ocrx_word' id='word_1_606' title='bbox 3000 3307 3459 3380; x_wconf 91' lang='lat' dir='ltr'><strong>propelleretur:</strong></span> <span class='ocrx_word' id='word_1_607' title='bbox 3482 3310 3668 3382; x_wconf 89' lang='lat'><strong>(1083)</strong></span> 
     </span>
    </p>
   </div>
   <div class='ocr_carea' id='block_1_90' title="bbox 2030 3394 3673 3469">
    <p class='ocr_par' dir='ltr' id='par_1_90' title="bbox 2030 3394 3673 3469">
     <span class='ocr_line' id='line_1_90' title="bbox 2030 3394 3673 3469; baseline 0.001 -15"><span class='ocrx_word' id='word_1_608' title='bbox 2030 3410 2286 3467; x_wconf 90' lang='lat' dir='ltr'><strong>eousque</strong></span> <span class='ocrx_word' id='word_1_609' title='bbox 2319 3410 2421 3451; x_wconf 79' lang='lat' dir='ltr'><strong>rex</strong></span> <span class='ocrx_word' id='word_1_610' title='bbox 2449 3394 2701 3465; x_wconf 91' lang='lat' dir='ltr'><strong>devenit,</strong></span> <span class='ocrx_word' id='word_1_611' title='bbox 2728 3400 2783 3451; x_wconf 93' lang='lat' dir='ltr'><strong>ul</strong></span> <span class='ocrx_word' id='word_1_612' title='bbox 2815 3410 2916 3451; x_wconf 88' lang='lat' dir='ltr'><strong>rex</strong></span> <span class='ocrx_word' id='word_1_613' title='bbox 2944 3411 3071 3452; x_wconf 93' lang='lat' dir='ltr'><strong>cum</strong></span> <span class='ocrx_word' id='word_1_614' title='bbox 3097 3411 3243 3469; x_wconf 89' lang='lat' dir='ltr'><strong>papa</strong></span> <span class='ocrx_word' id='word_1_615' title='bbox 3266 3412 3370 3454; x_wconf 94' lang='lat' dir='ltr'><strong>suo</strong></span> <span class='ocrx_word' id='word_1_616' title='bbox 3410 3399 3673 3456; x_wconf 89' lang='lat' dir='ltr'><strong>exercitu</strong></span> 
     </span>
    </p>
   </div>
   <div class='ocr_carea' id='block_1_91' title="bbox 2032 3484 3675 3558">
    <p class='ocr_par' dir='ltr' id='par_1_91' title="bbox 2032 3484 3675 3558">
     <span class='ocr_line' id='line_1_91' title="bbox 2032 3484 3675 3558; baseline 0.002 -16"><span class='ocrx_word' id='word_1_617' title='bbox 2032 3484 2439 3543; x_wconf 89' lang='lat' dir='ltr'><strong>innumerabili</strong></span> <span class='ocrx_word' id='word_1_618' title='bbox 2474 3484 2656 3541; x_wconf 85' lang='lat' dir='ltr'><strong>fultus</strong></span> <span class='ocrx_word' id='word_1_619' title='bbox 2675 3485 2909 3541; x_wconf 82' lang='lat' dir='ltr'><strong>Romam</strong></span> <span class='ocrx_word' id='word_1_620' title='bbox 2935 3486 3225 3558; x_wconf 89' lang='lat' dir='ltr'><strong>tenderet,</strong></span> <span class='ocrx_word' id='word_1_621' title='bbox 3258 3492 3315 3543; x_wconf 90' lang='lat' dir='ltr'><strong>et</strong></span> <span class='ocrx_word' id='word_1_622' title='bbox 3351 3486 3403 3542; x_wconf 90' lang='lat' dir='ltr'><strong>in</strong></span> <span class='ocrx_word' id='word_1_623' title='bbox 3462 3488 3675 3546; x_wconf 89' lang='lat' dir='ltr'><strong>itinere</strong></span> 
     </span>
    </p>
   </div>
   <div class='ocr_carea' id='block_1_92' title="bbox 2032 3573 3676 3647">
    <p class='ocr_par' dir='ltr' id='par_1_92' title="bbox 2032 3573 3676 3647">
     <span class='ocr_line' id='line_1_92' title="bbox 2032 3573 3676 3647; baseline 0.001 -16"><span class='ocrx_word' id='word_1_624' title='bbox 2032 3578 2320 3647; x_wconf 90' lang='lat' dir='ltr'><strong>quotquot</strong></span> <span class='ocrx_word' id='word_1_625' title='bbox 2354 3577 2580 3645; x_wconf 89' lang='lat' dir='ltr'><strong>poterat</strong></span> <span class='ocrx_word' id='word_1_626' title='bbox 2616 3574 2686 3629; x_wconf 91' lang='lat' dir='ltr'><strong>ad</strong></span> <span class='ocrx_word' id='word_1_627' title='bbox 2719 3573 3071 3630; x_wconf 89' lang='lat' dir='ltr'><strong>adorandam</strong></span> <span class='ocrx_word' id='word_1_628' title='bbox 3102 3578 3377 3645; x_wconf 89' lang='lat' dir='ltr'><strong>statuam,</strong></span> <span class='ocrx_word' id='word_1_629' title='bbox 3411 3578 3469 3631; x_wconf 92' lang='lat' dir='ltr'><strong>et</strong></span> <span class='ocrx_word' id='word_1_630' title='bbox 3504 3576 3560 3632; x_wconf 93' lang='lat' dir='ltr'><strong>in</strong></span> <span class='ocrx_word' id='word_1_631' title='bbox 3610 3591 3676 3633; x_wconf 90' lang='lat' dir='ltr'><strong>ea</strong></span> 
     </span>
    </p>
   </div>
   <div class='ocr_carea' id='block_1_93' title="bbox 2034 3662 3676 3735">
    <p class='ocr_par' dir='ltr' id='par_1_93' title="bbox 2034 3662 3676 3735">
     <span class='ocr_line' id='line_1_93' title="bbox 2034 3662 3676 3735; baseline 0 -16"><span class='ocrx_word' id='word_1_632' title='bbox 2034 3663 2337 3733; x_wconf 85' lang='lat' dir='ltr'><strong>imaginem</strong></span> <span class='ocrx_word' id='word_1_633' title='bbox 2371 3663 2572 3719; x_wconf 79' lang='lat' dir='ltr'><strong>bestiae</strong></span> <span class='ocrx_word' id='word_1_634' title='bbox 2604 3662 3010 3735; x_wconf 90' lang='lat' dir='ltr'><strong>compellebat.</strong></span> <span class='ocrx_word' id='word_1_635' title='bbox 3055 3663 3164 3719; x_wconf 88' lang='lat' dir='ltr'><strong>Sed</strong></span> <span class='ocrx_word' id='word_1_636' title='bbox 3222 3664 3392 3720; x_wconf 91' lang='lat' dir='ltr'><strong>modo</strong></span> <span class='ocrx_word' id='word_1_637' title='bbox 3423 3664 3676 3721; x_wconf 88' lang='lat' dir='ltr'><strong>mirabili</strong></span> 
     </span>
    </p>
   </div>
   <div class='ocr_carea' id='block_1_94' title="bbox 2034 3750 3679 3824">
    <p class='ocr_par' dir='ltr' id='par_1_94' title="bbox 2034 3750 3679 3824">
     <span class='ocr_line' id='line_1_94' title="bbox 2034 3750 3679 3824; baseline 0 -15"><span class='ocrx_word' id='word_1_638' title='bbox 2034 3768 2149 3823; x_wconf 91' lang='lat' dir='ltr'><strong>quo</strong></span> <span class='ocrx_word' id='word_1_639' title='bbox 2182 3751 2312 3824; x_wconf 91' lang='lat' dir='ltr'><strong>plus</strong></span> <span class='ocrx_word' id='word_1_640' title='bbox 2344 3750 2417 3807; x_wconf 89' lang='lat' dir='ltr'><strong>ad</strong></span> <span class='ocrx_word' id='word_1_641' title='bbox 2443 3751 2786 3824; x_wconf 88' lang='lat' dir='ltr'><strong>explendam</strong></span> <span class='ocrx_word' id='word_1_642' title='bbox 2838 3752 3093 3823; x_wconf 74' lang='lat' dir='ltr'><strong>profanae</strong></span> <span class='ocrx_word' id='word_1_643' title='bbox 3134 3753 3345 3809; x_wconf 90' lang='lat' dir='ltr'><strong>mentis</strong></span> <span class='ocrx_word' id='word_1_644' title='bbox 3386 3753 3679 3809; x_wconf 89' lang='lat' dir='ltr'><strong>vesaniam</strong></span> 
     </span>
    </p>
   </div>
   <div class='ocr_carea' id='block_1_95' title="bbox 2036 3841 3685 3911">
    <p class='ocr_par' dir='ltr' id='par_1_95' title="bbox 2036 3841 3685 3911">
     <span class='ocr_line' id='line_1_95' title="bbox 2036 3841 3685 3911; baseline 0.001 -14"><span class='ocrx_word' id='word_1_645' title='bbox 2036 3843 2353 3901; x_wconf 82' lang='lat' dir='ltr'><strong>ferebatur.</strong></span> <span class='ocrx_word' id='word_1_646' title='bbox 2386 3856 2456 3898; x_wconf 93' lang='lat' dir='ltr'><strong>eo</strong></span> <span class='ocrx_word' id='word_1_647' title='bbox 2487 3842 2726 3911; x_wconf 88' lang='lat' dir='ltr'><strong>gravius</strong></span> <span class='ocrx_word' id='word_1_648' title='bbox 2754 3841 3119 3899; x_wconf 89' lang='lat' dir='ltr'><strong>deiciebatur</strong></span> <span class='ocrx_word' id='word_1_649' title='bbox 3147 3846 3203 3899; x_wconf 92' lang='lat' dir='ltr'><strong>et</strong></span> <span class='ocrx_word' id='word_1_650' title='bbox 3262 3843 3685 3900; x_wconf 88' lang='lat' dir='ltr'><strong>dehonestaba-</strong></span> 
     </span>
    </p>
   </div>
   <div class='ocr_carea' id='block_1_96' title="bbox 2036 3930 3684 4002">
    <p class='ocr_par' dir='ltr' id='par_1_96' title="bbox 2036 3930 3684 4002">
     <span class='ocr_line' id='line_1_96' title="bbox 2036 3930 3684 4002; baseline 0.001 -15"><span class='ocrx_word' id='word_1_651' title='bbox 2036 3936 2151 3987; x_wconf 91' lang='lat' dir='ltr'><strong>tur.</strong></span> <span class='ocrx_word' id='word_1_652' title='bbox 2189 3930 2514 4001; x_wconf 85' lang='lat' dir='ltr'><strong>Aliquando</strong></span> <span class='ocrx_word' id='word_1_653' title='bbox 2542 3930 2693 3985; x_wconf 91' lang='lat' dir='ltr'><strong>enim</strong></span> <span class='ocrx_word' id='word_1_654' title='bbox 2728 3944 2996 4000; x_wconf 88' lang='lat' dir='ltr'><strong>magnum</strong></span> <span class='ocrx_word' id='word_1_655' title='bbox 3025 3936 3149 3987; x_wconf 90' lang='lat' dir='ltr'><strong>erat</strong></span> <span class='ocrx_word' id='word_1_656' title='bbox 3185 3932 3232 3987; x_wconf 92' lang='lat' dir='ltr'><strong>si</strong></span> <span class='ocrx_word' id='word_1_657' title='bbox 3274 3932 3406 4002; x_wconf 90' lang='lat' dir='ltr'><strong>quis</strong></span> <span class='ocrx_word' id='word_1_658' title='bbox 3463 3933 3684 4002; x_wconf 87' lang='lat' dir='ltr'><strong>regium</strong></span> 
     </span>
    </p>
   </div>
   <div class='ocr_carea' id='block_1_97' title="bbox 2036 4018 3686 4092">
    <p class='ocr_par' dir='ltr' id='par_1_97' title="bbox 2036 4018 3686 4092">
     <span class='ocr_line' id='line_1_97' title="bbox 2036 4018 3686 4092; baseline 0.001 -16"><span class='ocrx_word' id='word_1_659' title='bbox 2036 4018 2297 4076; x_wconf 90' lang='lat' dir='ltr'><strong>osculum</strong></span> <span class='ocrx_word' id='word_1_660' title='bbox 2329 4020 2682 4089; x_wconf 88' lang='lat' dir='ltr'><strong>merebatur,</strong></span> <span class='ocrx_word' id='word_1_661' title='bbox 2715 4022 2945 4089; x_wconf 87' lang='lat' dir='ltr'><strong>gratum</strong></span> <span class='ocrx_word' id='word_1_662' title='bbox 2981 4019 3029 4075; x_wconf 91' lang='lat' dir='ltr'><strong>si</strong></span> <span class='ocrx_word' id='word_1_663' title='bbox 3064 4019 3195 4090; x_wconf 89' lang='lat' dir='ltr'><strong>quis</strong></span> <span class='ocrx_word' id='word_1_664' title='bbox 3225 4020 3469 4089; x_wconf 87' lang='lat' dir='ltr'><strong>vestigia</strong></span> <span class='ocrx_word' id='word_1_665' title='bbox 3522 4036 3686 4092; x_wconf 67' lang='lat' dir='ltr'><strong>papae</strong></span> 
     </span>
    </p>
   </div>
   <div class='ocr_carea' id='block_1_98' title="bbox 2038 4106 3688 4179">
    <p class='ocr_par' dir='ltr' id='par_1_98' title="bbox 2038 4106 3688 4179">
     <span class='ocr_line' id='line_1_98' title="bbox 2038 4106 3688 4179; baseline 0.001 -15"><span class='ocrx_word' id='word_1_666' title='bbox 2038 4106 2424 4164; x_wconf 89' lang='lat' dir='ltr'><strong>oscularetur.</strong></span> <span class='ocrx_word' id='word_1_667' title='bbox 2463 4107 2621 4162; x_wconf 86' lang='lat' dir='ltr'><strong>Nune</strong></span> <span class='ocrx_word' id='word_1_668' title='bbox 2670 4121 2837 4163; x_wconf 89' lang='lat' dir='ltr'><strong>versa</strong></span> <span class='ocrx_word' id='word_1_669' title='bbox 2887 4107 3012 4163; x_wconf 90' lang='lat' dir='ltr'><strong>vice</strong></span> <span class='ocrx_word' id='word_1_670' title='bbox 3065 4122 3280 4177; x_wconf 91' lang='lat' dir='ltr'><strong>rerum,</strong></span> <span class='ocrx_word' id='word_1_671' title='bbox 3337 4108 3688 4179; x_wconf 90' lang='lat' dir='ltr'><strong>quicumque</strong></span> 
     </span>
    </p>
   </div>
   <div class='ocr_carea' id='block_1_99' title="bbox 2041 4195 3685 4267">
    <p class='ocr_par' dir='ltr' id='par_1_99' title="bbox 2041 4195 3685 4267">
     <span class='ocr_line' id='line_1_99' title="bbox 2041 4195 3685 4267; baseline -0.001 -15"><span class='ocrx_word' id='word_1_672' title='bbox 2041 4197 2315 4253; x_wconf 92' lang='lat' dir='ltr'><strong>inventus</strong></span> <span class='ocrx_word' id='word_1_673' title='bbox 2342 4195 2570 4265; x_wconf 85' lang='lat' dir='ltr'><strong>fuisset,</strong></span> <span class='ocrx_word' id='word_1_674' title='bbox 2598 4195 2928 4265; x_wconf 89' lang='lat' dir='ltr'><strong>tenebatur,</strong></span> <span class='ocrx_word' id='word_1_675' title='bbox 2947 4209 3052 4252; x_wconf 91' lang='lat' dir='ltr'><strong>nec</strong></span> <span class='ocrx_word' id='word_1_676' title='bbox 3065 4199 3232 4252; x_wconf 91' lang='lat' dir='ltr'><strong>antea</strong></span> <span class='ocrx_word' id='word_1_677' title='bbox 3255 4195 3685 4267; x_wconf 88' lang='lat' dir='ltr'><strong>dimittebatur,</strong></span> 
     </span>
    </p>
   </div>
   <div class='ocr_carea' id='block_1_100' title="bbox 2040 4284 3688 4358">
    <p class='ocr_par' dir='ltr' id='par_1_100' title="bbox 2040 4284 3688 4358">
     <span class='ocr_line' id='line_1_100' title="bbox 2040 4284 3688 4358; baseline 0 -17"><span class='ocrx_word' id='word_1_678' title='bbox 2040 4285 2154 4342; x_wconf 90' lang='lat' dir='ltr'><strong>nisi</strong></span> <span class='ocrx_word' id='word_1_679' title='bbox 2186 4286 2372 4358; x_wconf 91' lang='lat' dir='ltr'><strong>primo</strong></span> <span class='ocrx_word' id='word_1_680' title='bbox 2390 4285 2595 4357; x_wconf 90' lang='lat' dir='ltr'><strong>pedem</strong></span> <span class='ocrx_word' id='word_1_681' title='bbox 2623 4284 2901 4356; x_wconf 90' lang='lat' dir='ltr'><strong>paparelli</strong></span> <span class='ocrx_word' id='word_1_682' title='bbox 2923 4284 3082 4341; x_wconf 89' lang='lat' dir='ltr'><strong>illius</strong></span> <span class='ocrx_word' id='word_1_683' title='bbox 3104 4284 3498 4354; x_wconf 88' lang='lat' dir='ltr'><strong>oscularetur,</strong></span> <span class='ocrx_word' id='word_1_684' title='bbox 3523 4289 3581 4341; x_wconf 89' lang='lat' dir='ltr'><strong>et</strong></span> <span class='ocrx_word' id='word_1_685' title='bbox 3602 4286 3688 4341; x_wconf 90' lang='lat' dir='ltr'><strong>sic</strong></span> 
     </span>
    </p>
   </div>
   <div class='ocr_carea' id='block_1_101' title="bbox 2042 4372 3690 4446">
    <p class='ocr_par' dir='ltr' id='par_1_101' title="bbox 2042 4372 3690 4446">
     <span class='ocr_line' id='line_1_101' title="bbox 2042 4372 3690 4446; baseline 0 -15"><span class='ocrx_word' id='word_1_686' title='bbox 2042 4374 2271 4431; x_wconf 92' lang='lat' dir='ltr'><strong>demum</strong></span> <span class='ocrx_word' id='word_1_687' title='bbox 2296 4373 2500 4431; x_wconf 92' lang='lat' dir='ltr'><strong>osculo</strong></span> <span class='ocrx_word' id='word_1_688' title='bbox 2516 4372 2671 4444; x_wconf 87' lang='lat' dir='ltr'><strong>regis</strong></span> <span class='ocrx_word' id='word_1_689' title='bbox 2684 4374 3022 4446; x_wconf 89' lang='lat' dir='ltr'><strong>potiebatur</strong></span> <span class='ocrx_word' id='word_1_690' title='bbox 3051 4394 3061 4428; x_wconf 91' lang='lat'><strong>:</strong></span> <span class='ocrx_word' id='word_1_691' title='bbox 3081 4380 3143 4431; x_wconf 91' lang='lat' dir='ltr'><strong>ut</strong></span> <span class='ocrx_word' id='word_1_692' title='bbox 3157 4379 3315 4431; x_wconf 90' lang='lat' dir='ltr'><strong>esset</strong></span> <span class='ocrx_word' id='word_1_693' title='bbox 3336 4374 3390 4429; x_wconf 92' lang='lat' dir='ltr'><strong>in</strong></span> <span class='ocrx_word' id='word_1_694' title='bbox 3406 4374 3690 4431; x_wconf 90' lang='lat' dir='ltr'><strong>ambobus</strong></span> 
     </span>
    </p>
   </div>
   <div class='ocr_carea' id='block_1_102' title="bbox 2041 4462 3687 4535">
    <p class='ocr_par' dir='ltr' id='par_1_102' title="bbox 2041 4462 3687 4535">
     <span class='ocr_line' id='line_1_102' title="bbox 2041 4462 3687 4535; baseline -0.002 -14"><span class='ocrx_word' id='word_1_695' title='bbox 2041 4463 2397 4535; x_wconf 88' lang='lat' dir='ltr'><strong>equipartita</strong></span> <span class='ocrx_word' id='word_1_696' title='bbox 2453 4462 2685 4534; x_wconf 90' lang='lat' dir='ltr'><strong>injuria,</strong></span> <span class='ocrx_word' id='word_1_697' title='bbox 2743 4478 2944 4520; x_wconf 89' lang='lat' dir='ltr'><strong>verum</strong></span> <span class='ocrx_word' id='word_1_698' title='bbox 2993 4463 3151 4533; x_wconf 91' lang='lat' dir='ltr'><strong>regis</strong></span> <span class='ocrx_word' id='word_1_699' title='bbox 3210 4468 3372 4520; x_wconf 85' lang='lat' dir='ltr'><strong>tanto</strong></span> <span class='ocrx_word' id='word_1_700' title='bbox 3432 4462 3687 4534; x_wconf 87' lang='lat' dir='ltr'><strong>gravior,</strong></span> 
     </span>
    </p>
   </div>
   <div class='ocr_carea' id='block_1_103' title="bbox 2043 4550 3688 4625">
    <p class='ocr_par' dir='ltr' id='par_1_103' title="bbox 2043 4550 3688 4625">
     <span class='ocr_line' id='line_1_103' title="bbox 2043 4550 3688 4625; baseline -0.001 -16"><span class='ocrx_word' id='word_1_701' title='bbox 2043 4556 2261 4625; x_wconf 90' lang='lat' dir='ltr'><strong>quanto</strong></span> <span class='ocrx_word' id='word_1_702' title='bbox 2293 4551 2385 4607; x_wconf 89' lang='lat' dir='ltr'><strong>hic</strong></span> <span class='ocrx_word' id='word_1_703' title='bbox 2415 4552 2582 4622; x_wconf 91' lang='lat' dir='ltr'><strong>cujus</strong></span> <span class='ocrx_word' id='word_1_704' title='bbox 2614 4551 2864 4623; x_wconf 92' lang='lat' dir='ltr'><strong>pedibus</strong></span> <span class='ocrx_word' id='word_1_705' title='bbox 2904 4550 3319 4620; x_wconf 88' lang='lat' dir='ltr'><strong>inclinabatur,</strong></span> <span class='ocrx_word' id='word_1_706' title='bbox 3369 4556 3496 4608; x_wconf 87' lang='lat' dir='ltr'><strong>erat</strong></span> <span class='ocrx_word' id='word_1_707' title='bbox 3549 4552 3688 4608; x_wconf 89' lang='lat' dir='ltr'><strong>dete</strong></span> 
     </span>
    </p>
   </div>
   <div class='ocr_carea' id='block_1_104' title="bbox 2043 4641 3688 4715">
    <p class='ocr_par' dir='ltr' id='par_1_104' title="bbox 2043 4641 3688 4715">
     <span class='ocr_line' id='line_1_104' title="bbox 2043 4641 3688 4715; baseline -0.001 -16"><span class='ocrx_word' id='word_1_708' title='bbox 2043 4643 2178 4699; x_wconf 92' lang='lat' dir='ltr'><strong>rior.</strong></span> <span class='ocrx_word' id='word_1_709' title='bbox 2214 4642 2352 4710; x_wconf 67' lang='lat' dir='ltr'><strong>Qua)</strong></span> <span class='ocrx_word' id='word_1_710' title='bbox 2382 4642 2535 4699; x_wconf 85' lang='lat' dir='ltr'><strong>enim</strong></span> <span class='ocrx_word' id='word_1_711' title='bbox 2570 4643 2754 4714; x_wconf 91' lang='lat' dir='ltr'><strong>major</strong></span> <span class='ocrx_word' id='word_1_712' title='bbox 2781 4656 2912 4699; x_wconf 90' lang='lat' dir='ltr'><strong>esse</strong></span> <span class='ocrx_word' id='word_1_713' title='bbox 2961 4645 3154 4715; x_wconf 80' lang='lat' dir='ltr'><strong>potest</strong></span> <span class='ocrx_word' id='word_1_714' title='bbox 3211 4641 3458 4709; x_wconf 89' lang='lat' dir='ltr'><strong>insania,</strong></span> <span class='ocrx_word' id='word_1_715' title='bbox 3516 4654 3688 4713; x_wconf 69' lang='lat' dir='ltr'><strong>quam</strong></span> 
     </span>
    </p>
   </div>
   <div class='ocr_carea' id='block_1_105' title="bbox 2039 4728 3699 4803">
    <p class='ocr_par' dir='ltr' id='par_1_105' title="bbox 2039 4728 3699 4803">
     <span class='ocr_line' id='line_1_105' title="bbox 2039 4728 3699 4803; baseline -0.004 -12"><span class='ocrx_word' id='word_1_716' title='bbox 2039 4733 2228 4791; x_wconf 88' lang='lat' dir='ltr'><strong>virum</strong></span> <span class='ocrx_word' id='word_1_717' title='bbox 2261 4731 2478 4788; x_wconf 91' lang='lat' dir='ltr'><strong>litteris</strong></span> <span class='ocrx_word' id='word_1_718' title='bbox 2504 4731 2764 4803; x_wconf 90' lang='lat' dir='ltr'><strong>adprime</strong></span> <span class='ocrx_word' id='word_1_719' title='bbox 2785 4729 3103 4800; x_wconf 90' lang='lat' dir='ltr'><strong>eruditum,</strong></span> <span class='ocrx_word' id='word_1_720' title='bbox 3130 4728 3459 4800; x_wconf 86' lang='lat' dir='ltr'><strong>disciplinis</strong></span> <span class='ocrx_word' id='word_1_721' title='bbox 3492 4728 3699 4787; x_wconf 67' lang='lat' dir='ltr'><strong>accele-</strong></span> 
     </span>
    </p>
   </div>
   <div class='ocr_carea' id='block_1_106' title="bbox 2042 4817 3695 4891">
    <p class='ocr_par' dir='ltr' id='par_1_106' title="bbox 2042 4817 3695 4891">
     <span class='ocr_line' id='line_1_106' title="bbox 2042 4817 3695 4891; baseline -0.002 -12"><span class='ocrx_word' id='word_1_722' title='bbox 2042 4820 2299 4880; x_wconf 88' lang='lat' dir='ltr'><strong>siasticis</strong></span> <span class='ocrx_word' id='word_1_723' title='bbox 2347 4821 2652 4891; x_wconf 91' lang='lat' dir='ltr'><strong>imbutum,</strong></span> <span class='ocrx_word' id='word_1_724' title='bbox 2705 4819 3029 4877; x_wconf 90' lang='lat' dir='ltr'><strong>sanctionis</strong></span> <span class='ocrx_word' id='word_1_725' title='bbox 3071 4817 3511 4876; x_wconf 66' lang='lat' dir='ltr'><strong>meclesiasticaa</strong></span> <span class='ocrx_word' id='word_1_726' title='bbox 3578 4833 3695 4876; x_wconf 91' lang='lat' dir='ltr'><strong>non</strong></span> 
     </span>
    </p>
   </div>
   <div class='ocr_carea' id='block_1_107' title="bbox 2045 4906 3693 4985">
    <p class='ocr_par' dir='ltr' id='par_1_107' title="bbox 2045 4906 3693 4985">
     <span class='ocr_line' id='line_1_107' title="bbox 2045 4906 3693 4985; baseline -0.002 -17"><span class='ocrx_word' id='word_1_727' title='bbox 2045 4914 2309 4985; x_wconf 86' lang='lat' dir='ltr'><strong>ignarum</strong></span> <span class='ocrx_word' id='word_1_728' title='bbox 2343 4915 2637 4969; x_wconf 89' lang='lat' dir='ltr'><strong>tenentem</strong></span> <span class='ocrx_word' id='word_1_729' title='bbox 2666 4910 2724 4967; x_wconf 90' lang='lat' dir='ltr'><strong>in</strong></span> <span class='ocrx_word' id='word_1_730' title='bbox 2756 4909 3025 4968; x_wconf 66' lang='lat' dir='ltr'><strong>ascclesia</strong></span> <span class='ocrx_word' id='word_1_731' title='bbox 3058 4921 3280 4981; x_wconf 64' lang='lat' dir='ltr'><strong>magnae</strong></span> <span class='ocrx_word' id='word_1_732' title='bbox 3303 4906 3609 4978; x_wconf 86' lang='lat' dir='ltr'><strong>dignitatis</strong></span> <span class='ocrx_word' id='word_1_733' title='bbox 3633 4914 3693 4965; x_wconf 91' lang='lat' dir='ltr'><strong>et</strong></span> 
     </span>
    </p>
   </div>
   <div class='ocr_carea' id='block_1_108' title="bbox 1864 5028 2089 5087">
    <p class='ocr_par' dir='ltr' id='par_1_108' title="bbox 1864 5028 2089 5087">
     <span class='ocr_line' id='line_1_108' title="bbox 1864 5028 2089 5087; baseline -0.009 0"><span class='ocrx_word' id='word_1_734' title='bbox 1864 5028 2089 5087; x_wconf 75' lang='grc' dir='ltr'><strong>ΝΟΤᾸΞ.</strong></span> 
     </span>
    </p>
   </div>
   <div class='ocr_carea' id='block_1_109' title="bbox 346 5123 1938 5207">
    <p class='ocr_par' dir='ltr' id='par_1_109' title="bbox 346 5123 1938 5207">
     <span class='ocr_line' id='line_1_109' title="bbox 346 5123 1938 5207; baseline 0.002 -26"><span class='ocrx_word' id='word_1_735' title='bbox 346 5125 501 5207; x_wconf 58' lang='lat'><strong>(188)</strong></span> <span class='ocrx_word' id='word_1_736' title='bbox 532 5138 605 5181; x_wconf 80' lang='lat' dir='ltr'><strong>xv</strong></span> <span class='ocrx_word' id='word_1_737' title='bbox 631 5123 874 5207; x_wconf 61' lang='lat' dir='ltr'><strong>Kalend.</strong></span> <span class='ocrx_word' id='word_1_738' title='bbox 932 5125 1057 5207; x_wconf 81' lang='lat' dir='ltr'><strong>Maii</strong></span> <span class='ocrx_word' id='word_1_739' title='bbox 1107 5126 1396 5207; x_wconf 76' lang='lat' dir='ltr'><strong>depositio</strong></span> <span class='ocrx_word' id='word_1_740' title='bbox 1447 5127 1525 5207; x_wconf 42' lang='lat' dir='ltr'><strong>(1L</strong></span> <span class='ocrx_word' id='word_1_741' title='bbox 1557 5128 1801 5207; x_wconf 87' lang='lat' dir='ltr'><strong>Gcb_uiu_i</strong></span> <span class='ocrx_word' id='word_1_742' title='bbox 1849 5144 1938 5207; x_wconf 64' lang='lat' dir='ltr'><strong>ar-</strong></span> 
     </span>
    </p>
   </div>
   <div class='ocr_carea' id='block_1_110' title="bbox 273 5194 1935 5279">
    <p class='ocr_par' dir='ltr' id='par_1_110' title="bbox 273 5194 1935 5279">
     <span class='ocr_line' id='line_1_110' title="bbox 273 5194 1935 5279; baseline 0.001 -27"><span class='ocrx_word' id='word_1_743' title='bbox 273 5194 1077 5279; x_wconf 59' lang='lat' dir='ltr'><strong>chiepiscopilmgdupensis</strong></span> <span class='ocrx_word' id='word_1_744' title='bbox 1118 5194 1333 5268; x_wconf 76' lang='lat' dir='ltr'><strong>legitur</strong></span> <span class='ocrx_word' id='word_1_745' title='bbox 1379 5200 1433 5255; x_wconf 91' lang='lat' dir='ltr'><strong>in</strong></span> <span class='ocrx_word' id='word_1_746' title='bbox 1484 5200 1831 5270; x_wconf 83' lang='lat' dir='ltr'><strong>Necrologio</strong></span> <span class='ocrx_word' id='word_1_747' title='bbox 1882 5201 1935 5254; x_wconf 92' lang='lat' dir='ltr'><strong>S.</strong></span> 
     </span>
    </p>
   </div>
   <div class='ocr_carea' id='block_1_111' title="bbox 279 5269 1045 5339">
    <p class='ocr_par' dir='ltr' id='par_1_111' title="bbox 279 5269 1045 5339">
     <span class='ocr_line' id='line_1_111' title="bbox 279 5269 1045 5339; baseline -0.001 -15"><span class='ocrx_word' id='word_1_748' title='bbox 279 5269 523 5339; x_wconf 85' lang='lat' dir='ltr'><strong>Benigni</strong></span> <span class='ocrx_word' id='word_1_749' title='bbox 554 5269 947 5325; x_wconf 90' lang='lat' dir='ltr'><strong>Divionensis.</strong></span> <span class='ocrx_word' id='word_1_750' title='bbox 982 5270 1045 5323; x_wconf 85' lang='grc' dir='ltr'>Κ.</span> 
     </span>
    </p>
   </div>
   <div class='ocr_carea' id='block_1_112' title="bbox 352 5339 1949 5411">
    <p class='ocr_par' dir='ltr' id='par_1_112' title="bbox 352 5339 1949 5411">
     <span class='ocr_line' id='line_1_112' title="bbox 352 5339 1949 5411; baseline 0.002 -16"><span class='ocrx_word' id='word_1_751' title='bbox 352 5340 507 5411; x_wconf 85' lang='grc'>(186)</span> <span class='ocrx_word' id='word_1_752' title='bbox 539 5340 601 5411; x_wconf 85' lang='lat' dir='ltr'><strong>In</strong></span> <span class='ocrx_word' id='word_1_753' title='bbox 634 5339 852 5396; x_wconf 89' lang='lat' dir='ltr'><strong>litteris</strong></span> <span class='ocrx_word' id='word_1_754' title='bbox 882 5339 1143 5409; x_wconf 84' lang='lat' dir='ltr'><strong>Registr.</strong></span> <span class='ocrx_word' id='word_1_755' title='bbox 1179 5342 1262 5411; x_wconf 87' lang='lat' dir='ltr'><strong>Ix,</strong></span> <span class='ocrx_word' id='word_1_756' title='bbox 1306 5346 1393 5411; x_wconf 90' lang='lat'><strong>18,</strong></span> <span class='ocrx_word' id='word_1_757' title='bbox 1447 5357 1502 5398; x_wconf 74' lang='grc' dir='ltr'><strong>ιχ</strong></span> <span class='ocrx_word' id='word_1_758' title='bbox 1554 5339 1790 5398; x_wconf 85' lang='lat' dir='ltr'><strong>Kalend.</strong></span> <span class='ocrx_word' id='word_1_759' title='bbox 1841 5340 1949 5399; x_wconf 87' lang='lat' dir='ltr'><strong>No-</strong></span> 
     </span>
    </p>
   </div>
   <div class='ocr_carea' id='block_1_113' title="bbox 281 5409 1952 5484">
    <p class='ocr_par' dir='ltr' id='par_1_113' title="bbox 281 5409 1952 5484">
     <span class='ocr_line' id='line_1_113' title="bbox 281 5409 1952 5484; baseline 0 -15"><span class='ocrx_word' id='word_1_760' title='bbox 281 5409 585 5484; x_wconf 36' lang='lat' dir='ltr'><strong>vemb.‘ad</strong></span> <span class='ocrx_word' id='word_1_761' title='bbox 617 5412 917 5484; x_wconf 84' lang='lat' dir='ltr'><strong>Hugonem</strong></span> <span class='ocrx_word' id='word_1_762' title='bbox 946 5412 1103 5484; x_wconf 78' lang='lat' dir='ltr'><strong>datis</strong></span> <span class='ocrx_word' id='word_1_763' title='bbox 1121 5409 1332 5484; x_wconf 84' lang='lat' dir='ltr'><strong>monet</strong></span> <span class='ocrx_word' id='word_1_764' title='bbox 1378 5409 1697 5484; x_wconf 83' lang='lat' dir='ltr'><strong>Gregorius</strong></span> <span class='ocrx_word' id='word_1_765' title='bbox 1739 5428 1811 5471; x_wconf 91' lang='lat' dir='ltr'><strong>ne</strong></span> <span class='ocrx_word' id='word_1_766' title='bbox 1864 5428 1952 5470; x_wconf 89' lang='lat' dir='ltr'><strong>re-</strong></span> 
     </span>
    </p>
   </div>
   <div class='ocr_carea' id='block_1_114' title="bbox 280 5482 1950 5555">
    <p class='ocr_par' dir='ltr' id='par_1_114' title="bbox 280 5482 1950 5555">
     <span class='ocr_line' id='line_1_114' title="bbox 280 5482 1950 5555; baseline 0.002 -15"><span class='ocrx_word' id='word_1_767' title='bbox 280 5483 481 5554; x_wconf 79' lang='lat' dir='ltr'><strong>gimen</strong></span> <span class='ocrx_word' id='word_1_768' title='bbox 543 5482 951 5555; x_wconf 86' lang='lat' dir='ltr'><strong>Lugdunensis</strong></span> <span class='ocrx_word' id='word_1_769' title='bbox 999 5482 1278 5542; x_wconf 64' lang='lat' dir='ltr'><strong>Ecclesiae</strong></span> <span class='ocrx_word' id='word_1_770' title='bbox 1340 5482 1624 5543; x_wconf 83' lang='lat' dir='ltr'><strong>accedere</strong></span> <span class='ocrx_word' id='word_1_771' title='bbox 1694 5484 1950 5544; x_wconf 88' lang='lat' dir='ltr'><strong>dubitet.</strong></span> 
     </span>
    </p>
   </div>
   <div class='ocr_carea' id='block_1_115' title="bbox 611 5580 1121 5649">
    <p class='ocr_par' dir='ltr' id='par_1_115' title="bbox 611 5580 1121 5649">
     <span class='ocr_line' id='line_1_115' title="bbox 611 5580 1121 5649; baseline 0.002 -3"><span class='ocrx_word' id='word_1_772' title='bbox 611 5580 875 5647; x_wconf 69' lang='grc' dir='ltr'><strong>ΡΑπιοι..</strong></span> <span class='ocrx_word' id='word_1_773' title='bbox 907 5580 1121 5649; x_wconf 86' lang='lat' dir='ltr'><strong>CLIV.</strong></span> 
     </span>
    </p>
   </div>
   <div class='ocr_carea' id='block_1_116' title="bbox 2051 5117 3707 5198">
    <p class='ocr_par' dir='ltr' id='par_1_116' title="bbox 2051 5117 3707 5198">
     <span class='ocr_line' id='line_1_116' title="bbox 2051 5117 3707 5198; baseline -0.003 -15"><span class='ocrx_word' id='word_1_774' title='bbox 2051 5125 2278 5198; x_wconf 88' lang='lat' dir='ltr'><strong>Scripta</strong></span> <span class='ocrx_word' id='word_1_775' title='bbox 2335 5131 2422 5184; x_wconf 91' lang='lat' dir='ltr'><strong>est</strong></span> <span class='ocrx_word' id='word_1_776' title='bbox 2472 5123 2722 5197; x_wconf 89' lang='lat' dir='ltr'><strong>epistola</strong></span> <span class='ocrx_word' id='word_1_777' title='bbox 2770 5140 2799 5180; x_wconf 88' lang='lat' dir='ltr'><strong>a</strong></span> <span class='ocrx_word' id='word_1_778' title='bbox 2852 5127 3008 5195; x_wconf 74' lang='lat'><strong>1082,</strong></span> <span class='ocrx_word' id='word_1_779' title='bbox 3054 5123 3104 5182; x_wconf 92' lang='lat' dir='ltr'><strong>si</strong></span> <span class='ocrx_word' id='word_1_780' title='bbox 3160 5123 3418 5198; x_wconf 76' lang='lat' dir='ltr'><strong>Hugoa.</strong></span> <span class='ocrx_word' id='word_1_781' title='bbox 3473 5125 3609 5198; x_wconf 81' lang='lat'><strong>1083</strong></span> <span class='ocrx_word' id='word_1_782' title='bbox 3640 5117 3707 5178; x_wconf 74' lang='lat' dir='ltr'><strong>et</strong></span> 
     </span>
    </p>
   </div>
   <div class='ocr_carea' id='block_1_117' title="bbox 2054 5195 3707 5269">
    <p class='ocr_par' dir='ltr' id='par_1_117' title="bbox 2054 5195 3707 5269">
     <span class='ocr_line' id='line_1_117' title="bbox 2054 5195 3707 5269; baseline -0.004 -16"><span class='ocrx_word' id='word_1_783' title='bbox 2054 5195 2292 5255; x_wconf 82' lang='lat' dir='ltr'><strong>ineunte</strong></span> <span class='ocrx_word' id='word_1_784' title='bbox 2334 5195 2567 5269; x_wconf 78' lang='lat' dir='ltr'><strong>quidem</strong></span> <span class='ocrx_word' id='word_1_785' title='bbox 2626 5202 3008 5269; x_wconf 84' lang='lat' dir='ltr'><strong>consecratus</strong></span> <span class='ocrx_word' id='word_1_786' title='bbox 3071 5199 3158 5269; x_wconf 86' lang='lat' dir='ltr'><strong>est</strong></span> <span class='ocrx_word' id='word_1_787' title='bbox 3227 5195 3707 5269; x_wconf 84' lang='lat' dir='ltr'><strong>archiepiscopus</strong></span> 
     </span>
    </p>
   </div>
   <div class='ocr_carea' id='block_1_118' title="bbox 2058 5266 3712 5395">
    <p class='ocr_par' dir='ltr' id='par_1_118' title="bbox 2058 5266 3712 5395">
     <span class='ocr_line' id='line_1_118' title="bbox 2058 5266 3712 5395; baseline -0.003 -71"><span class='ocrx_word' id='word_1_788' title='bbox 2058 5266 2484 5395; x_wconf 54' lang='lat' dir='ltr'><strong>Lugdunensis,</strong></span> <span class='ocrx_word' id='word_1_789' title='bbox 2520 5269 2677 5339; x_wconf 91' lang='lat' dir='ltr'><strong>quod</strong></span> <span class='ocrx_word' id='word_1_790' title='bbox 2705 5271 2765 5323; x_wconf 89' lang='lat' dir='ltr'><strong>et</strong></span> <span class='ocrx_word' id='word_1_791' title='bbox 2795 5267 2981 5323; x_wconf 88' lang='lat' dir='ltr'><strong>veteri</strong></span> <span class='ocrx_word' id='word_1_792' title='bbox 3012 5267 3259 5338; x_wconf 86' lang='lat' dir='ltr'><strong>quadam</strong></span> <span class='ocrx_word' id='word_1_793' title='bbox 3312 5266 3513 5325; x_wconf 77' lang='lat' dir='ltr'><strong>charta</strong></span> <span class='ocrx_word' id='word_1_794' title='bbox 3549 5266 3712 5320; x_wconf 89' lang='lat' dir='ltr'><strong>recte</strong></span> 
     </span>
     <span class='ocr_line' id='line_1_119' title="bbox 2058 5335 3708 5395; baseline 0 0"><span class='ocrx_word' id='word_1_795' title='bbox 2058 5340 2150 5395; x_wconf 91' lang='lat' dir='ltr'><strong>col</strong></span> <span class='ocrx_word' id='word_1_796' title='bbox 2177 5341 2367 5395; x_wconf 66' lang='lat' dir='ltr'><strong>edisse</strong></span> <span class='ocrx_word' id='word_1_797' title='bbox 2397 5340 2678 5395; x_wconf 90' lang='lat' dir='ltr'><strong>videntur</strong></span> <span class='ocrx_word' id='word_1_798' title='bbox 2710 5344 2985 5395; x_wconf 87' lang='lat' dir='ltr'><strong>auctores</strong></span> <span class='ocrx_word' id='word_1_799' title='bbox 3006 5339 3149 5395; x_wconf 86' lang='lat' dir='ltr'><strong>Gall.</strong></span> <span class='ocrx_word' id='word_1_800' title='bbox 3186 5338 3422 5395; x_wconf 87' lang='lat' dir='ltr'><strong>Christ..</strong></span> <span class='ocrx_word' id='word_1_801' title='bbox 3452 5344 3589 5395; x_wconf 91' lang='lat' dir='ltr'><strong>tom.</strong></span> <span class='ocrx_word' id='word_1_802' title='bbox 3618 5335 3708 5395; x_wconf 78' lang='grc' dir='ltr'><strong>ιν.</strong></span> 
     </span>
    </p>
   </div>
   <div class='ocr_carea' id='block_1_119' title="bbox 2058 5335 3708 5470">
    <p class='ocr_par' dir='ltr' id='par_1_119' title="bbox 2058 5335 3708 5470">
     <span class='ocr_line' id='line_1_120' title="bbox 2058 5335 3708 5470; baseline -0.004 -74"><span class='ocrx_word' id='word_1_803' title='bbox 2058 5335 2367 5470; x_wconf 56' lang='grc' dir='ltr'><strong>ῗεόἓθεέἐεεθ</strong></span> <span class='ocrx_word' id='word_1_804' title='bbox 2397 5335 2678 5399; x_wconf 82' lang='lat' dir='ltr'><strong>videntur</strong></span> <span class='ocrx_word' id='word_1_805' title='bbox 2710 5344 2985 5397; x_wconf 87' lang='lat' dir='ltr'><strong>auctores</strong></span> <span class='ocrx_word' id='word_1_806' title='bbox 3006 5335 3149 5396; x_wconf 81' lang='lat' dir='ltr'><strong>Call.</strong></span> <span class='ocrx_word' id='word_1_807' title='bbox 3186 5338 3422 5410; x_wconf 88' lang='lat' dir='ltr'><strong>Christ.,</strong></span> <span class='ocrx_word' id='word_1_808' title='bbox 3452 5344 3589 5396; x_wconf 90' lang='lat' dir='ltr'><strong>tom.</strong></span> <span class='ocrx_word' id='word_1_809' title='bbox 3618 5335 3708 5407; x_wconf 78' lang='grc' dir='ltr'><strong>ιν,</strong></span> 
     </span>
    </p>
   </div>
   <div class='ocr_carea' id='block_1_120' title="bbox 3404 5576 3472 5637">
    <p class='ocr_par' dir='ltr' id='par_1_120' title="bbox 3404 5576 3472 5637">
     <span class='ocr_line' id='line_1_121' title="bbox 3404 5576 3472 5637; baseline 0 0"><span class='ocrx_word' id='word_1_810' title='bbox 3404 5576 3472 5637; x_wconf 82' lang='grc'><strong>11</strong></span> 
     </span>
    </p>
   </div>
  </div>
