  <div class='ocr_page' id='page_1' title='image "/cluster/home/n/w/nwhite01/storage/ocr_20150623/154/hvd.32044054760129/172.png"; bbox 0 0 3950 6048; ppageno 0'>
   <div class='ocr_carea' id='block_1_1' title="bbox 188 255 316 315">
    <p class='ocr_par' dir='ltr' id='par_1_1' title="bbox 188 255 316 315">
     <span class='ocr_line' id='line_1_1' title="bbox 188 255 316 315; baseline 0.016 -1"><span class='ocrx_word' id='word_1_1' title='bbox 188 255 316 315; x_wconf 83' lang='lat'>833</span> 
     </span>
    </p>
   </div>
   <div class='ocr_carea' id='block_1_2' title="bbox 1457 262 2358 338">
    <p class='ocr_par' dir='ltr' id='par_1_2' title="bbox 1457 262 2358 338">
     <span class='ocr_line' id='line_1_2' title="bbox 1457 262 2358 338; baseline 0.009 -9"><span class='ocrx_word' id='word_1_2' title='bbox 1457 262 1956 334; x_wconf 85' lang='lat' dir='ltr'>CHRONICON.</span> <span class='ocrx_word' id='word_1_3' title='bbox 1993 307 2065 318; x_wconf 93' lang='lat'>-—</span> <span class='ocrx_word' id='word_1_4' title='bbox 2095 271 2248 336; x_wconf 91' lang='lat' dir='ltr'>LIB.</span> <span class='ocrx_word' id='word_1_5' title='bbox 2283 273 2358 338; x_wconf 91' lang='lat' dir='ltr'>II.</span> 
     </span>
    </p>
   </div>
   <div class='ocr_carea' id='block_1_3' title="bbox 3478 300 3591 362">
    <p class='ocr_par' dir='ltr' id='par_1_3' title="bbox 3478 300 3591 362">
     <span class='ocr_line' id='line_1_3' title="bbox 3478 300 3591 362; baseline 0.035 -3"><span class='ocrx_word' id='word_1_6' title='bbox 3478 300 3591 362; x_wconf 69' lang='lat'>334</span> 
     </span>
    </p>
   </div>
   <div class='ocr_carea' id='block_1_4' title="bbox 185 388 3593 501">
    <p class='ocr_par' dir='ltr' id='par_1_4' title="bbox 185 388 3593 501">
     <span class='ocr_line' id='line_1_4' title="bbox 185 388 3593 501; baseline 0.013 -56"><span class='ocrx_word' id='word_1_7' title='bbox 185 388 421 449; x_wconf 87' lang='lat' dir='ltr'>electos</span> <span class='ocrx_word' id='word_1_8' title='bbox 451 400 589 449; x_wconf 76' lang='lat' dir='ltr'>sues</span> <span class='ocrx_word' id='word_1_9' title='bbox 618 393 729 451; x_wconf 88' lang='lat' dir='ltr'>etsi</span> <span class='ocrx_word' id='word_1_10' title='bbox 761 392 1072 465; x_wconf 81' lang='lat' dir='ltr'>aliquando</span> <span class='ocrx_word' id='word_1_11' title='bbox 1104 398 1390 469; x_wconf 74' lang='lat' dir='ltr'>permittit</span> <span class='ocrx_word' id='word_1_12' title='bbox 1427 402 1680 474; x_wconf 77' lang='lat' dir='ltr'>concuti,</span> <span class='ocrx_word' id='word_1_13' title='bbox 1732 416 1845 460; x_wconf 90' lang='lat' dir='ltr'>non</span> <span class='ocrx_word' id='word_1_14' title='bbox 1876 406 1928 465; x_wconf 92' lang='lat' dir='ltr'><strong>A</strong></span> <span class='ocrx_word' id='word_1_15' title='bbox 2032 424 2060 457; x_wconf 89' lang='lat'>«</span> <span class='ocrx_word' id='word_1_16' title='bbox 2092 407 2406 477; x_wconf 82' lang='lat' dir='ltr'>Gregorius</span> <span class='ocrx_word' id='word_1_17' title='bbox 2431 410 2758 484; x_wconf 86' lang='lat' dir='ltr'>episcopus,</span> <span class='ocrx_word' id='word_1_18' title='bbox 2794 430 3000 473; x_wconf 85' lang='lat' dir='ltr'>servus</span> <span class='ocrx_word' id='word_1_19' title='bbox 3032 433 3332 482; x_wconf 89' lang='lat' dir='ltr'>servorum</span> <span class='ocrx_word' id='word_1_20' title='bbox 3356 428 3474 501; x_wconf 86' lang='lat' dir='ltr'>Dei,</span> <span class='ocrx_word' id='word_1_21' title='bbox 3510 433 3593 489; x_wconf 91' lang='lat' dir='ltr'>di-</span> 
     </span>
    </p>
   </div>
   <div class='ocr_carea' id='block_1_5' title="bbox 186 477 1846 561">
    <p class='ocr_par' dir='ltr' id='par_1_5' title="bbox 186 477 1846 561">
     <span class='ocr_line' id='line_1_5' title="bbox 186 477 1846 561; baseline 0.01 -29"><span class='ocrx_word' id='word_1_22' title='bbox 186 477 335 533; x_wconf 88' lang='lat' dir='ltr'>sinit</span> <span class='ocrx_word' id='word_1_23' title='bbox 366 485 563 537; x_wconf 89' lang='lat' dir='ltr'>tamen</span> <span class='ocrx_word' id='word_1_24' title='bbox 596 483 826 554; x_wconf 76' lang='lat' dir='ltr'>penitus</span> <span class='ocrx_word' id='word_1_25' title='bbox 857 482 1218 542; x_wconf 80' lang='lat' dir='ltr'>labefactari.</span> <span class='ocrx_word' id='word_1_26' title='bbox 1243 489 1382 557; x_wconf 83' lang='lat' dir='ltr'>(F01.</span> <span class='ocrx_word' id='word_1_27' title='bbox 1412 493 1558 561; x_wconf 89' lang='lat'>130.)</span> <span class='ocrx_word' id='word_1_28' title='bbox 1582 492 1703 547; x_wconf 87' lang='lat' dir='ltr'>Non</span> <span class='ocrx_word' id='word_1_29' title='bbox 1728 492 1846 548; x_wconf 88' lang='lat' dir='ltr'>suf-</span> 
     </span>
    </p>
   </div>
   <div class='ocr_carea' id='block_1_6' title="bbox 187 565 1843 647">
    <p class='ocr_par' dir='ltr' id='par_1_6' title="bbox 187 565 1843 647">
     <span class='ocr_line' id='line_1_6' title="bbox 187 565 1843 647; baseline 0.009 -26"><span class='ocrx_word' id='word_1_30' title='bbox 187 565 436 624; x_wconf 83' lang='lat' dir='ltr'>ﬁciebat</span> <span class='ocrx_word' id='word_1_31' title='bbox 466 570 872 630; x_wconf 77' lang='lat' dir='ltr'>sacerdotibus</span> <span class='ocrx_word' id='word_1_32' title='bbox 904 573 995 629; x_wconf 85' lang='lat' dir='ltr'>vel</span> <span class='ocrx_word' id='word_1_33' title='bbox 1027 575 1181 631; x_wconf 91' lang='lat' dir='ltr'>solos</span> <span class='ocrx_word' id='word_1_34' title='bbox 1212 590 1492 647; x_wconf 91' lang='lat' dir='ltr'>peccare;</span> <span class='ocrx_word' id='word_1_35' title='bbox 1520 579 1653 635; x_wconf 88' lang='lat' dir='ltr'>facti</span> <span class='ocrx_word' id='word_1_36' title='bbox 1676 585 1843 636; x_wconf 88' lang='lat' dir='ltr'>erant</span> 
     </span>
    </p>
   </div>
   <div class='ocr_carea' id='block_1_7' title="bbox 185 652 1841 737">
    <p class='ocr_par' dir='ltr' id='par_1_7' title="bbox 185 652 1841 737">
     <span class='ocr_line' id='line_1_7' title="bbox 185 652 1841 737; baseline 0.01 -29"><span class='ocrx_word' id='word_1_37' title='bbox 185 652 447 725; x_wconf 86' lang='lat' dir='ltr'>laqueus</span> <span class='ocrx_word' id='word_1_38' title='bbox 464 656 737 727; x_wconf 75' lang='lat' dir='ltr'>iuvenum</span> <span class='ocrx_word' id='word_1_39' title='bbox 762 674 979 731; x_wconf 88' lang='lat' dir='ltr'>omnes,</span> <span class='ocrx_word' id='word_1_40' title='bbox 1007 666 1068 717; x_wconf 90' lang='lat' dir='ltr'>ut</span> <span class='ocrx_word' id='word_1_41' title='bbox 1091 663 1265 719; x_wconf 90' lang='lat' dir='ltr'>etiam</span> <span class='ocrx_word' id='word_1_42' title='bbox 1291 666 1508 736; x_wconf 86' lang='lat' dir='ltr'>absque</span> <span class='ocrx_word' id='word_1_43' title='bbox 1531 668 1841 737; x_wconf 84' lang='lat' dir='ltr'>synagogis</span> 
     </span>
    </p>
   </div>
   <div class='ocr_carea' id='block_1_8' title="bbox 185 742 1839 825">
    <p class='ocr_par' dir='ltr' id='par_1_8' title="bbox 185 742 1839 825">
     <span class='ocr_line' id='line_1_8' title="bbox 185 742 1839 825; baseline 0.009 -29"><span class='ocrx_word' id='word_1_44' title='bbox 185 742 459 800; x_wconf 86' lang='lat' dir='ltr'>facerent</span> <span class='ocrx_word' id='word_1_45' title='bbox 475 759 576 801; x_wconf 88' lang='lat' dir='ltr'>eos</span> <span class='ocrx_word' id='word_1_46' title='bbox 590 748 686 817; x_wconf 88' lang='lat' dir='ltr'>qui</span> <span class='ocrx_word' id='word_1_47' title='bbox 704 762 814 803; x_wconf 91' lang='lat' dir='ltr'>non</span> <span class='ocrx_word' id='word_1_48' title='bbox 835 751 1626 825; x_wconf 89' lang='lat' dir='ltr'>communicabantoperibus</span> <span class='ocrx_word' id='word_1_49' title='bbox 1638 770 1839 811; x_wconf 89' lang='lat' dir='ltr'>eorum</span> 
     </span>
    </p>
   </div>
   <div class='ocr_carea' id='block_1_9' title="bbox 184 829 1841 913">
    <p class='ocr_par' dir='ltr' id='par_1_9' title="bbox 184 829 1841 913">
     <span class='ocr_line' id='line_1_9' title="bbox 184 829 1841 913; baseline 0.009 -28"><span class='ocrx_word' id='word_1_50' title='bbox 184 829 243 884; x_wconf 91' lang='lat' dir='ltr'>in</span> <span class='ocrx_word' id='word_1_51' title='bbox 288 834 773 891; x_wconf 88' lang='lat' dir='ltr'>communicando</span> <span class='ocrx_word' id='word_1_52' title='bbox 818 839 1356 911; x_wconf 86' lang='lat' dir='ltr'>excommunicatis,</span> <span class='ocrx_word' id='word_1_53' title='bbox 1409 841 1463 896; x_wconf 93' lang='lat' dir='ltr'>in</span> <span class='ocrx_word' id='word_1_54' title='bbox 1514 841 1841 913; x_wconf 88' lang='lat' dir='ltr'>adjectione</span> 
     </span>
    </p>
   </div>
   <div class='ocr_carea' id='block_1_10' title="bbox 185 920 1842 1002">
    <p class='ocr_par' dir='ltr' id='par_1_10' title="bbox 185 920 1842 1002">
     <span class='ocr_line' id='line_1_10' title="bbox 185 920 1842 1002; baseline 0.009 -29"><span class='ocrx_word' id='word_1_55' title='bbox 185 920 488 991; x_wconf 79' lang='lat' dir='ltr'>Gregorii,</span> <span class='ocrx_word' id='word_1_56' title='bbox 523 922 579 977; x_wconf 91' lang='lat' dir='ltr'>in</span> <span class='ocrx_word' id='word_1_57' title='bbox 614 925 939 982; x_wconf 78' lang='lat' dir='ltr'>assertione</span> <span class='ocrx_word' id='word_1_58' title='bbox 966 928 1229 983; x_wconf 87' lang='lat' dir='ltr'>Wiberti.</span> <span class='ocrx_word' id='word_1_59' title='bbox 1263 930 1385 985; x_wconf 84' lang='lat' dir='ltr'>Jam</span> <span class='ocrx_word' id='word_1_60' title='bbox 1428 945 1568 986; x_wconf 87' lang='lat' dir='ltr'>vero</span> <span class='ocrx_word' id='word_1_61' title='bbox 1615 931 1664 986; x_wconf 89' lang='lat' dir='ltr'>si</span> <span class='ocrx_word' id='word_1_62' title='bbox 1711 932 1842 1002; x_wconf 90' lang='lat' dir='ltr'>quis</span> 
     </span>
    </p>
   </div>
   <div class='ocr_carea' id='block_1_11' title="bbox 181 1010 1841 1089">
    <p class='ocr_par' dir='ltr' id='par_1_11' title="bbox 181 1010 1841 1089">
     <span class='ocr_line' id='line_1_11' title="bbox 181 1010 1841 1089; baseline 0.008 -26"><span class='ocrx_word' id='word_1_63' title='bbox 181 1015 354 1064; x_wconf 90' lang='lat' dir='ltr'>esset</span> <span class='ocrx_word' id='word_1_64' title='bbox 379 1010 477 1080; x_wconf 86' lang='lat' dir='ltr'>qui</span> <span class='ocrx_word' id='word_1_65' title='bbox 511 1012 787 1081; x_wconf 84' lang='lat' dir='ltr'>Gregorio</span> <span class='ocrx_word' id='word_1_66' title='bbox 819 1015 1297 1087; x_wconf 74' lang='lat' dir='ltr'>communicaret,</span> <span class='ocrx_word' id='word_1_67' title='bbox 1328 1018 1419 1074; x_wconf 89' lang='lat' dir='ltr'>hic</span> <span class='ocrx_word' id='word_1_68' title='bbox 1445 1019 1676 1089; x_wconf 86' lang='lat' dir='ltr'>publice</span> <span class='ocrx_word' id='word_1_69' title='bbox 1707 1034 1841 1077; x_wconf 93' lang='lat' dir='ltr'>con-</span> 
     </span>
    </p>
   </div>
   <div class='ocr_carea' id='block_1_12' title="bbox 182 1095 1832 1178">
    <p class='ocr_par' dir='ltr' id='par_1_12' title="bbox 182 1095 1832 1178">
     <span class='ocr_line' id='line_1_12' title="bbox 182 1095 1832 1178; baseline 0.008 -29"><span class='ocrx_word' id='word_1_70' title='bbox 182 1095 362 1151; x_wconf 89' lang='lat' dir='ltr'>viciis</span> <span class='ocrx_word' id='word_1_71' title='bbox 394 1099 804 1170; x_wconf 76' lang='lat' dir='ltr'>appetebatur,</span> <span class='ocrx_word' id='word_1_72' title='bbox 829 1100 921 1156; x_wconf 90' lang='lat' dir='ltr'>hic</span> <span class='ocrx_word' id='word_1_73' title='bbox 945 1101 1259 1173; x_wconf 87' lang='lat' dir='ltr'>hereticus,</span> <span class='ocrx_word' id='word_1_74' title='bbox 1293 1105 1628 1162; x_wconf 86' lang='lat' dir='ltr'>destructor</span> <span class='ocrx_word' id='word_1_75' title='bbox 1650 1107 1832 1178; x_wconf 83' lang='lat' dir='ltr'>regni,</span> 
     </span>
    </p>
   </div>
   <div class='ocr_carea' id='block_1_13' title="bbox 178 1184 1836 1265">
    <p class='ocr_par' dir='ltr' id='par_1_13' title="bbox 178 1184 1836 1265">
     <span class='ocr_line' id='line_1_13' title="bbox 178 1184 1836 1265; baseline 0.007 -25"><span class='ocrx_word' id='word_1_76' title='bbox 178 1189 460 1241; x_wconf 81' lang='lat' dir='ltr'>assertor</span> <span class='ocrx_word' id='word_1_77' title='bbox 481 1184 636 1257; x_wconf 73' lang='lat' dir='ltr'>maii,</span> <span class='ocrx_word' id='word_1_78' title='bbox 663 1187 761 1257; x_wconf 90' lang='lat' dir='ltr'>qui</span> <span class='ocrx_word' id='word_1_79' title='bbox 783 1202 887 1244; x_wconf 89' lang='lat' dir='ltr'>nec</span> <span class='ocrx_word' id='word_1_80' title='bbox 910 1189 1025 1244; x_wconf 90' lang='lat' dir='ltr'>vita</span> <span class='ocrx_word' id='word_1_81' title='bbox 1050 1190 1260 1260; x_wconf 86' lang='lat' dir='ltr'>dignus</span> <span class='ocrx_word' id='word_1_82' title='bbox 1281 1198 1457 1263; x_wconf 88' lang='lat' dir='ltr'>esset,</span> <span class='ocrx_word' id='word_1_83' title='bbox 1476 1193 1571 1264; x_wconf 90' lang='lat' dir='ltr'>qui</span> <span class='ocrx_word' id='word_1_84' title='bbox 1589 1194 1836 1265; x_wconf 69' lang='lat' dir='ltr'>publicai</span> 
     </span>
    </p>
   </div>
   <div class='ocr_carea' id='block_1_14' title="bbox 180 1272 1838 1354">
    <p class='ocr_par' dir='ltr' id='par_1_14' title="bbox 180 1272 1838 1354">
     <span class='ocr_line' id='line_1_14' title="bbox 180 1272 1838 1354; baseline 0.007 -27"><span class='ocrx_word' id='word_1_85' title='bbox 180 1272 616 1342; x_wconf 85' lang='lat' dir='ltr'>indignationis</span> <span class='ocrx_word' id='word_1_86' title='bbox 630 1276 907 1332; x_wconf 87' lang='lat' dir='ltr'>offensam</span> <span class='ocrx_word' id='word_1_87' title='bbox 923 1280 1293 1336; x_wconf 87' lang='lat' dir='ltr'>contraheret</span> <span class='ocrx_word' id='word_1_88' title='bbox 1310 1282 1600 1352; x_wconf 90' lang='lat' dir='ltr'>perjurus,</span> <span class='ocrx_word' id='word_1_89' title='bbox 1616 1287 1673 1338; x_wconf 92' lang='lat' dir='ltr'>et</span> <span class='ocrx_word' id='word_1_90' title='bbox 1698 1298 1838 1354; x_wconf 88' lang='lat' dir='ltr'>quo-</span> 
     </span>
    </p>
   </div>
   <div class='ocr_carea' id='block_1_15' title="bbox 176 1360 1838 1428">
    <p class='ocr_par' dir='ltr' id='par_1_15' title="bbox 176 1360 1838 1428">
     <span class='ocr_line' id='line_1_15' title="bbox 176 1360 1838 1428; baseline 0.006 -11"><span class='ocrx_word' id='word_1_91' title='bbox 176 1360 315 1418; x_wconf 87' lang='lat' dir='ltr'>dam</span> <span class='ocrx_word' id='word_1_92' title='bbox 350 1363 743 1421; x_wconf 88' lang='lat' dir='ltr'>adinventicio</span> <span class='ocrx_word' id='word_1_93' title='bbox 773 1366 1002 1422; x_wconf 90' lang='lat' dir='ltr'>nomine</span> <span class='ocrx_word' id='word_1_94' title='bbox 1032 1369 1342 1426; x_wconf 84' lang='lat' dir='ltr'>Paterinus</span> <span class='ocrx_word' id='word_1_95' title='bbox 1373 1371 1699 1428; x_wconf 85' lang='lat' dir='ltr'>dicebatur.</span> <span class='ocrx_word' id='word_1_96' title='bbox 1726 1371 1838 1427; x_wconf 83' lang='lat' dir='ltr'>Ad-</span> 
     </span>
    </p>
   </div>
   <div class='ocr_carea' id='block_1_16' title="bbox 177 1454 1836 1524">
    <p class='ocr_par' dir='ltr' id='par_1_16' title="bbox 177 1454 1836 1524">
     <span class='ocr_line' id='line_1_16' title="bbox 177 1454 1836 1524; baseline 0.007 -19"><span class='ocrx_word' id='word_1_97' title='bbox 177 1455 470 1506; x_wconf 89' lang='lat' dir='ltr'>venerant</span> <span class='ocrx_word' id='word_1_98' title='bbox 496 1456 757 1523; x_wconf 87' lang='lat' dir='ltr'>tempora</span> <span class='ocrx_word' id='word_1_99' title='bbox 771 1454 1123 1524; x_wconf 88' lang='lat' dir='ltr'>periculosa,</span> <span class='ocrx_word' id='word_1_100' title='bbox 1149 1457 1488 1514; x_wconf 87' lang='lat' dir='ltr'>obnubilata</span> <span class='ocrx_word' id='word_1_101' title='bbox 1513 1464 1641 1515; x_wconf 88' lang='lat' dir='ltr'>erat</span> <span class='ocrx_word' id='word_1_102' title='bbox 1659 1459 1836 1517; x_wconf 84' lang='lat' dir='ltr'>facies</span> 
     </span>
    </p>
   </div>
   <div class='ocr_carea' id='block_1_17' title="bbox 78 1538 1834 1619">
    <p class='ocr_par' dir='ltr' id='par_1_17' title="bbox 78 1538 1834 1619">
     <span class='ocr_line' id='line_1_17' title="bbox 78 1538 1834 1619; baseline 0.006 -25"><span class='ocrx_word' id='word_1_103' title='bbox 78 1572 91 1583; x_wconf 65' lang='grc' dir='ltr'><em>ι</em></span> <span class='ocrx_word' id='word_1_104' title='bbox 172 1538 493 1609; x_wconf 63' lang='lat' dir='ltr'>ecclesias,</span> <span class='ocrx_word' id='word_1_105' title='bbox 519 1556 630 1596; x_wconf 93' lang='lat' dir='ltr'>non</span> <span class='ocrx_word' id='word_1_106' title='bbox 657 1543 1005 1612; x_wconf 82' lang='lat' dir='ltr'>agnoscebat</span> <span class='ocrx_word' id='word_1_107' title='bbox 1032 1558 1177 1613; x_wconf 86' lang='lat' dir='ltr'>quos</span> <span class='ocrx_word' id='word_1_108' title='bbox 1198 1551 1482 1615; x_wconf 84' lang='lat' dir='ltr'>genuerat</span> <span class='ocrx_word' id='word_1_109' title='bbox 1506 1547 1674 1618; x_wconf 81' lang='lat' dir='ltr'>filios,</span> <span class='ocrx_word' id='word_1_110' title='bbox 1702 1550 1834 1619; x_wconf 83' lang='lat' dir='ltr'>quia</span> 
     </span>
    </p>
   </div>
   <div class='ocr_carea' id='block_1_18' title="bbox 175 1628 1831 1708">
    <p class='ocr_par' dir='ltr' id='par_1_18' title="bbox 175 1628 1831 1708">
     <span class='ocr_line' id='line_1_18' title="bbox 175 1628 1831 1708; baseline 0.006 -25"><span class='ocrx_word' id='word_1_111' title='bbox 175 1628 525 1699; x_wconf 86' lang='lat' dir='ltr'>patiebatur</span> <span class='ocrx_word' id='word_1_112' title='bbox 552 1628 819 1700; x_wconf 85' lang='lat' dir='ltr'>infestos,</span> <span class='ocrx_word' id='word_1_113' title='bbox 853 1646 958 1687; x_wconf 90' lang='lat' dir='ltr'>nec</span> <span class='ocrx_word' id='word_1_114' title='bbox 989 1632 1099 1702; x_wconf 92' lang='lat' dir='ltr'>ipsi</span> <span class='ocrx_word' id='word_1_115' title='bbox 1131 1639 1373 1690; x_wconf 89' lang='lat' dir='ltr'>matrem</span> <span class='ocrx_word' id='word_1_116' title='bbox 1415 1638 1831 1708; x_wconf 82' lang='lat' dir='ltr'>agnoscebant,</span> 
     </span>
    </p>
   </div>
   <div class='ocr_carea' id='block_1_19' title="bbox 174 1717 1835 1792">
    <p class='ocr_par' dir='ltr' id='par_1_19' title="bbox 174 1717 1835 1792">
     <span class='ocr_line' id='line_1_19' title="bbox 174 1717 1835 1792; baseline 0.007 -23"><span class='ocrx_word' id='word_1_117' title='bbox 174 1728 354 1785; x_wconf 88' lang='lat' dir='ltr'>quam</span> <span class='ocrx_word' id='word_1_118' title='bbox 388 1730 519 1772; x_wconf 92' lang='lat' dir='ltr'>cum</span> <span class='ocrx_word' id='word_1_119' title='bbox 554 1717 752 1773; x_wconf 88' lang='lat' dir='ltr'>multis</span> <span class='ocrx_word' id='word_1_120' title='bbox 782 1723 838 1774; x_wconf 90' lang='lat' dir='ltr'>et</span> <span class='ocrx_word' id='word_1_121' title='bbox 865 1719 1029 1776; x_wconf 89' lang='lat' dir='ltr'>miris</span> <span class='ocrx_word' id='word_1_122' title='bbox 1051 1721 1234 1777; x_wconf 90' lang='lat' dir='ltr'>modis</span> <span class='ocrx_word' id='word_1_123' title='bbox 1258 1722 1582 1792; x_wconf 83' lang='lat' dir='ltr'>aﬂligerent</span> <span class='ocrx_word' id='word_1_124' title='bbox 1604 1728 1664 1780; x_wconf 93' lang='lat' dir='ltr'>et</span> <span class='ocrx_word' id='word_1_125' title='bbox 1687 1725 1835 1781; x_wconf 90' lang='lat' dir='ltr'>inse-</span> 
     </span>
    </p>
   </div>
   <div class='ocr_carea' id='block_1_20' title="bbox 170 1804 1834 1876">
    <p class='ocr_par' dir='ltr' id='par_1_20' title="bbox 170 1804 1834 1876">
     <span class='ocr_line' id='line_1_20' title="bbox 170 1804 1834 1876; baseline 0.004 -15"><span class='ocrx_word' id='word_1_126' title='bbox 170 1808 511 1875; x_wconf 89' lang='lat' dir='ltr'>ctarentur,</span> <span class='ocrx_word' id='word_1_127' title='bbox 541 1804 724 1862; x_wconf 82' lang='lat' dir='ltr'>vicem</span> <span class='ocrx_word' id='word_1_128' title='bbox 754 1805 881 1876; x_wconf 91' lang='lat' dir='ltr'>ejus</span> <span class='ocrx_word' id='word_1_129' title='bbox 913 1807 1112 1863; x_wconf 90' lang='lat' dir='ltr'>dolere</span> <span class='ocrx_word' id='word_1_130' title='bbox 1153 1824 1267 1865; x_wconf 92' lang='lat' dir='ltr'>non</span> <span class='ocrx_word' id='word_1_131' title='bbox 1318 1817 1619 1867; x_wconf 89' lang='lat' dir='ltr'>noverant.</span> <span class='ocrx_word' id='word_1_132' title='bbox 1674 1813 1834 1870; x_wconf 89' lang='lat' dir='ltr'>Beati</span> 
     </span>
    </p>
   </div>
   <div class='ocr_carea' id='block_1_21' title="bbox 171 1894 1832 1965">
    <p class='ocr_par' dir='ltr' id='par_1_21' title="bbox 171 1894 1832 1965">
     <span class='ocr_line' id='line_1_21' title="bbox 171 1894 1832 1965; baseline 0.006 -15"><span class='ocrx_word' id='word_1_133' title='bbox 171 1894 275 1965; x_wconf 89' lang='lat' dir='ltr'>qui</span> <span class='ocrx_word' id='word_1_134' title='bbox 308 1894 369 1949; x_wconf 88' lang='lat' dir='ltr'>in</span> <span class='ocrx_word' id='word_1_135' title='bbox 401 1894 506 1950; x_wconf 90' lang='lat' dir='ltr'>hac</span> <span class='ocrx_word' id='word_1_136' title='bbox 538 1899 756 1951; x_wconf 64' lang='lat' dir='ltr'>sanctae</span> <span class='ocrx_word' id='word_1_137' title='bbox 784 1897 884 1953; x_wconf 89' lang='lat' dir='ltr'>Dei</span> <span class='ocrx_word' id='word_1_138' title='bbox 917 1896 1187 1954; x_wconf 76' lang='lat' dir='ltr'>ccclesize</span> <span class='ocrx_word' id='word_1_139' title='bbox 1230 1899 1672 1958; x_wconf 89' lang='lat' dir='ltr'>conculcatioue</span> <span class='ocrx_word' id='word_1_140' title='bbox 1723 1917 1832 1960; x_wconf 90' lang='lat' dir='ltr'>non</span> 
     </span>
    </p>
   </div>
   <div class='ocr_carea' id='block_1_22' title="bbox 168 1982 1830 2063">
    <p class='ocr_par' dir='ltr' id='par_1_22' title="bbox 168 1982 1830 2063">
     <span class='ocr_line' id='line_1_22' title="bbox 168 1982 1830 2063; baseline 0.006 -25"><span class='ocrx_word' id='word_1_141' title='bbox 168 1982 631 2054; x_wconf 85' lang='lat' dir='ltr'>iuquinaverunt</span> <span class='ocrx_word' id='word_1_142' title='bbox 656 1984 1002 2042; x_wconf 90' lang='lat' dir='ltr'>vestimenta</span> <span class='ocrx_word' id='word_1_143' title='bbox 1029 2001 1131 2043; x_wconf 92' lang='lat' dir='ltr'>sua</span> <span class='ocrx_word' id='word_1_144' title='bbox 1159 2005 1173 2055; x_wconf 93' lang='lat'>;</span> <span class='ocrx_word' id='word_1_145' title='bbox 1195 1988 1647 2047; x_wconf 89' lang='lat' dir='ltr'>ambulabuntin</span> <span class='ocrx_word' id='word_1_146' title='bbox 1660 1990 1830 2063; x_wconf 89' lang='lat' dir='ltr'>albis,</span> 
     </span>
    </p>
   </div>
   <div class='ocr_carea' id='block_1_23' title="bbox 166 2070 882 2142">
    <p class='ocr_par' dir='ltr' id='par_1_23' title="bbox 166 2070 882 2142">
     <span class='ocr_line' id='line_1_23' title="bbox 166 2070 882 2142; baseline 0.003 -15"><span class='ocrx_word' id='word_1_147' title='bbox 166 2070 309 2142; x_wconf 88' lang='lat' dir='ltr'>quia</span> <span class='ocrx_word' id='word_1_148' title='bbox 341 2070 502 2142; x_wconf 71' lang='lat' dir='ltr'>digni</span> <span class='ocrx_word' id='word_1_149' title='bbox 538 2076 693 2128; x_wconf 88' lang='lat' dir='ltr'>sunt.</span> <span class='ocrx_word' id='word_1_150' title='bbox 874 2086 882 2094; x_wconf 81' lang='lat'>&#39;</span> 
     </span>
    </p>
   </div>
   <div class='ocr_carea' id='block_1_24' title="bbox 239 2177 1829 2255">
    <p class='ocr_par' dir='ltr' id='par_1_24' title="bbox 239 2177 1829 2255">
     <span class='ocr_line' id='line_1_24' title="bbox 239 2177 1829 2255; baseline 0.008 -23"><span class='ocrx_word' id='word_1_151' title='bbox 239 2177 362 2233; x_wconf 80' lang='lat' dir='ltr'>Nec</span> <span class='ocrx_word' id='word_1_152' title='bbox 394 2178 658 2234; x_wconf 88' lang='lat' dir='ltr'>mutabat</span> <span class='ocrx_word' id='word_1_153' title='bbox 687 2179 904 2249; x_wconf 90' lang='lat' dir='ltr'>pardus</span> <span class='ocrx_word' id='word_1_154' title='bbox 932 2181 1252 2239; x_wconf 85' lang='lat' dir='ltr'>varietates</span> <span class='ocrx_word' id='word_1_155' title='bbox 1279 2198 1433 2255; x_wconf 91' lang='lat' dir='ltr'>suas,</span> <span class='ocrx_word' id='word_1_156' title='bbox 1479 2185 1789 2244; x_wconf 87' lang='lat' dir='ltr'>Heinricus</span> <span class='ocrx_word' id='word_1_157' title='bbox 1815 2205 1829 2255; x_wconf 89' lang='lat'><strong>;</strong></span> 
     </span>
    </p>
   </div>
   <div class='ocr_carea' id='block_1_25' title="bbox 170 2265 1826 2347">
    <p class='ocr_par' dir='ltr' id='par_1_25' title="bbox 170 2265 1826 2347">
     <span class='ocr_line' id='line_1_25' title="bbox 170 2265 1826 2347; baseline 0.007 -25"><span class='ocrx_word' id='word_1_158' title='bbox 170 2265 403 2322; x_wconf 79' lang='lat' dir='ltr'>scilicet</span> <span class='ocrx_word' id='word_1_159' title='bbox 438 2267 739 2338; x_wconf 88' lang='lat' dir='ltr'>nequicias</span> <span class='ocrx_word' id='word_1_160' title='bbox 772 2282 927 2341; x_wconf 88' lang='lat' dir='ltr'>suas,</span> <span class='ocrx_word' id='word_1_161' title='bbox 964 2269 1059 2340; x_wconf 85' lang='lat' dir='ltr'>qui</span> <span class='ocrx_word' id='word_1_162' title='bbox 1112 2271 1284 2328; x_wconf 90' lang='lat' dir='ltr'>immo</span> <span class='ocrx_word' id='word_1_163' title='bbox 1333 2273 1529 2329; x_wconf 66' lang='lat' dir='ltr'>Romae</span> <span class='ocrx_word' id='word_1_164' title='bbox 1579 2274 1826 2347; x_wconf 90' lang='lat' dir='ltr'>positus,</span> 
     </span>
    </p>
   </div>
   <div class='ocr_carea' id='block_1_26' title="bbox 171 2356 1826 2435">
    <p class='ocr_par' dir='ltr' id='par_1_26' title="bbox 171 2356 1826 2435">
     <span class='ocr_line' id='line_1_26' title="bbox 171 2356 1826 2435; baseline 0.006 -24"><span class='ocrx_word' id='word_1_165' title='bbox 171 2358 469 2425; x_wconf 89' lang='lat' dir='ltr'>quotquot</span> <span class='ocrx_word' id='word_1_166' title='bbox 502 2359 733 2426; x_wconf 87' lang='lat' dir='ltr'>poterat</span> <span class='ocrx_word' id='word_1_167' title='bbox 769 2356 958 2429; x_wconf 90' lang='lat' dir='ltr'>minis,</span> <span class='ocrx_word' id='word_1_168' title='bbox 992 2360 1347 2430; x_wconf 87' lang='lat' dir='ltr'>terroribus,</span> <span class='ocrx_word' id='word_1_169' title='bbox 1393 2360 1826 2435; x_wconf 86' lang='lat' dir='ltr'>blandimentis,</span> 
     </span>
    </p>
   </div>
   <div class='ocr_carea' id='block_1_27' title="bbox 171 2443 1826 2519">
    <p class='ocr_par' dir='ltr' id='par_1_27' title="bbox 171 2443 1826 2519">
     <span class='ocr_line' id='line_1_27' title="bbox 171 2443 1826 2519; baseline 0.006 -21"><span class='ocrx_word' id='word_1_170' title='bbox 171 2443 489 2516; x_wconf 87' lang='lat' dir='ltr'>promissis</span> <span class='ocrx_word' id='word_1_171' title='bbox 516 2444 625 2499; x_wconf 88' lang='lat' dir='ltr'>sibi</span> <span class='ocrx_word' id='word_1_172' title='bbox 657 2445 1050 2513; x_wconf 89' lang='lat' dir='ltr'>conciliabat;</span> <span class='ocrx_word' id='word_1_173' title='bbox 1087 2447 1257 2518; x_wconf 91' lang='lat' dir='ltr'>bella,</span> <span class='ocrx_word' id='word_1_174' title='bbox 1294 2448 1487 2519; x_wconf 87' lang='lat' dir='ltr'>cedes,</span> <span class='ocrx_word' id='word_1_175' title='bbox 1519 2450 1826 2508; x_wconf 85' lang='lat' dir='ltr'>homicidia</span> 
     </span>
    </p>
   </div>
   <div class='ocr_carea' id='block_1_28' title="bbox 168 2533 1845 2609">
    <p class='ocr_par' dir='ltr' id='par_1_28' title="bbox 168 2533 1845 2609">
     <span class='ocr_line' id='line_1_28' title="bbox 168 2533 1845 2609; baseline 0.005 -23"><span class='ocrx_word' id='word_1_176' title='bbox 168 2543 275 2604; x_wconf 89' lang='lat' dir='ltr'>per</span> <span class='ocrx_word' id='word_1_177' title='bbox 305 2545 375 2588; x_wconf 92' lang='lat' dir='ltr'>se</span> <span class='ocrx_word' id='word_1_178' title='bbox 397 2545 655 2603; x_wconf 90' lang='lat' dir='ltr'>suosque</span> <span class='ocrx_word' id='word_1_179' title='bbox 679 2533 917 2601; x_wconf 89' lang='lat' dir='ltr'>faciens,</span> <span class='ocrx_word' id='word_1_180' title='bbox 943 2539 1003 2590; x_wconf 91' lang='lat' dir='ltr'>et</span> <span class='ocrx_word' id='word_1_181' title='bbox 1038 2535 1177 2591; x_wconf 91' lang='lat' dir='ltr'>totis</span> <span class='ocrx_word' id='word_1_182' title='bbox 1200 2536 1413 2606; x_wconf 89' lang='lat' dir='ltr'>quibus</span> <span class='ocrx_word' id='word_1_183' title='bbox 1440 2543 1667 2609; x_wconf 88' lang='lat' dir='ltr'>poterat</span> <span class='ocrx_word' id='word_1_184' title='bbox 1692 2540 1845 2608; x_wconf 38' lang='lat' dir='ltr'>nisi-,</span> 
     </span>
    </p>
   </div>
   <div class='ocr_carea' id='block_1_29' title="bbox 166 2618 1827 2699">
    <p class='ocr_par' dir='ltr' id='par_1_29' title="bbox 166 2618 1827 2699">
     <span class='ocr_line' id='line_1_29' title="bbox 166 2618 1827 2699; baseline 0.005 -24"><span class='ocrx_word' id='word_1_185' title='bbox 166 2618 277 2676; x_wconf 88' lang='lat' dir='ltr'>bus</span> <span class='ocrx_word' id='word_1_186' title='bbox 307 2619 608 2690; x_wconf 87' lang='lat' dir='ltr'>iniquitati</span> <span class='ocrx_word' id='word_1_187' title='bbox 645 2621 862 2691; x_wconf 87' lang='lat' dir='ltr'>favens,</span> <span class='ocrx_word' id='word_1_188' title='bbox 899 2623 1134 2679; x_wconf 85' lang='lat' dir='ltr'>veritati</span> <span class='ocrx_word' id='word_1_189' title='bbox 1166 2624 1468 2695; x_wconf 88' lang='lat' dir='ltr'>resistens,</span> <span class='ocrx_word' id='word_1_190' title='bbox 1502 2629 1560 2682; x_wconf 91' lang='lat' dir='ltr'>et</span> <span class='ocrx_word' id='word_1_191' title='bbox 1584 2626 1827 2699; x_wconf 89' lang='lat' dir='ltr'>insuper</span> 
     </span>
    </p>
   </div>
   <div class='ocr_carea' id='block_1_30' title="bbox 167 2706 1820 2787">
    <p class='ocr_par' dir='ltr' id='par_1_30' title="bbox 167 2706 1820 2787">
     <span class='ocr_line' id='line_1_30' title="bbox 167 2706 1820 2787; baseline 0.006 -25"><span class='ocrx_word' id='word_1_192' title='bbox 167 2706 292 2763; x_wconf 89' lang='lat' dir='ltr'>suis</span> <span class='ocrx_word' id='word_1_193' title='bbox 324 2706 562 2764; x_wconf 87' lang='lat' dir='ltr'>litteras</span> <span class='ocrx_word' id='word_1_194' title='bbox 594 2709 853 2779; x_wconf 89' lang='lat' dir='ltr'>mittens,</span> <span class='ocrx_word' id='word_1_195' title='bbox 890 2710 1103 2781; x_wconf 90' lang='lat' dir='ltr'>quibus</span> <span class='ocrx_word' id='word_1_196' title='bbox 1131 2726 1192 2767; x_wconf 92' lang='lat' dir='ltr'>se</span> <span class='ocrx_word' id='word_1_197' title='bbox 1214 2713 1450 2768; x_wconf 86' lang='lat' dir='ltr'>Romam</span> <span class='ocrx_word' id='word_1_198' title='bbox 1473 2715 1820 2787; x_wconf 90' lang='lat' dir='ltr'>optinuisse,</span> 
     </span>
    </p>
   </div>
   <div class='ocr_carea' id='block_1_31' title="bbox 168 2795 1823 2874">
    <p class='ocr_par' dir='ltr' id='par_1_31' title="bbox 168 2795 1823 2874">
     <span class='ocr_line' id='line_1_31' title="bbox 168 2795 1823 2874; baseline 0.006 -23"><span class='ocrx_word' id='word_1_199' title='bbox 168 2809 379 2868; x_wconf 88' lang='lat' dir='ltr'>papam</span> <span class='ocrx_word' id='word_1_200' title='bbox 410 2795 715 2867; x_wconf 87' lang='lat' dir='ltr'>dejecisse,</span> <span class='ocrx_word' id='word_1_201' title='bbox 748 2802 807 2853; x_wconf 91' lang='lat' dir='ltr'>et</span> <span class='ocrx_word' id='word_1_202' title='bbox 847 2800 1117 2856; x_wconf 84' lang='lat' dir='ltr'>omnibus</span> <span class='ocrx_word' id='word_1_203' title='bbox 1162 2800 1395 2857; x_wconf 92' lang='lat' dir='ltr'>omnino</span> <span class='ocrx_word' id='word_1_204' title='bbox 1445 2802 1823 2874; x_wconf 63' lang='lat' dir='ltr'>praevaluisse</span> 
     </span>
    </p>
   </div>
   <div class='ocr_carea' id='block_1_32' title="bbox 166 2885 1818 2964">
    <p class='ocr_par' dir='ltr' id='par_1_32' title="bbox 166 2885 1818 2964">
     <span class='ocr_line' id='line_1_32' title="bbox 166 2885 1818 2964; baseline 0.006 -24"><span class='ocrx_word' id='word_1_205' title='bbox 166 2885 533 2942; x_wconf 85' lang='lat' dir='ltr'>mendaciter</span> <span class='ocrx_word' id='word_1_206' title='bbox 549 2886 938 2956; x_wconf 83' lang='lat' dir='ltr'>conﬁngebat.</span> <span class='ocrx_word' id='word_1_207' title='bbox 952 2889 1018 2943; x_wconf 83' lang='lat' dir='ltr'>At</span> <span class='ocrx_word' id='word_1_208' title='bbox 1037 2903 1174 2944; x_wconf 89' lang='lat' dir='ltr'>vero</span> <span class='ocrx_word' id='word_1_209' title='bbox 1188 2889 1818 2964; x_wconf 88' lang='lat' dir='ltr'>Mathildiscomitissa,</span> 
     </span>
    </p>
   </div>
   <div class='ocr_carea' id='block_1_33' title="bbox 164 2972 1819 3045">
    <p class='ocr_par' dir='ltr' id='par_1_33' title="bbox 164 2972 1819 3045">
     <span class='ocr_line' id='line_1_33' title="bbox 164 2972 1819 3045; baseline 0.005 -17"><span class='ocrx_word' id='word_1_210' title='bbox 164 2972 442 3030; x_wconf 69' lang='lat' dir='ltr'>Romanas</span> <span class='ocrx_word' id='word_1_211' title='bbox 474 2973 758 3031; x_wconf 65' lang='lat' dir='ltr'>aacclesiaa</span> <span class='ocrx_word' id='word_1_212' title='bbox 792 2975 928 3045; x_wconf 80' lang='lat' dir='ltr'>illia,</span> <span class='ocrx_word' id='word_1_213' title='bbox 974 2976 1165 3033; x_wconf 86' lang='lat' dir='ltr'>virilis</span> <span class='ocrx_word' id='word_1_214' title='bbox 1209 2978 1384 3034; x_wconf 92' lang='lat' dir='ltr'>animi</span> <span class='ocrx_word' id='word_1_215' title='bbox 1431 2981 1819 3037; x_wconf 89' lang='lat' dir='ltr'>constantiam</span> 
     </span>
    </p>
   </div>
   <div class='ocr_carea' id='block_1_34' title="bbox 1960 494 3591 584">
    <p class='ocr_par' dir='ltr' id='par_1_34' title="bbox 1960 494 3591 584">
     <span class='ocr_line' id='line_1_34' title="bbox 1960 494 3591 584; baseline 0.017 -35"><span class='ocrx_word' id='word_1_216' title='bbox 1960 494 2195 584; x_wconf 65' lang='lat' dir='ltr'>lectmin</span> <span class='ocrx_word' id='word_1_217' title='bbox 2213 497 2443 554; x_wconf 88' lang='lat' dir='ltr'>Christo</span> <span class='ocrx_word' id='word_1_218' title='bbox 2459 499 2590 558; x_wconf 71' lang='lat' dir='ltr'>tiliae</span> <span class='ocrx_word' id='word_1_219' title='bbox 2607 503 2861 559; x_wconf 85' lang='lat' dir='ltr'>Mathildi</span> <span class='ocrx_word' id='word_1_220' title='bbox 2877 506 3123 567; x_wconf 88' lang='lat' dir='ltr'>salutem</span> <span class='ocrx_word' id='word_1_221' title='bbox 3139 516 3197 566; x_wconf 91' lang='lat' dir='ltr'>et</span> <span class='ocrx_word' id='word_1_222' title='bbox 3212 494 3591 584; x_wconf 77' lang='lat' dir='ltr'>apostolicam</span> 
     </span>
    </p>
   </div>
   <div class='ocr_carea' id='block_1_35' title="bbox 1961 582 3593 679">
    <p class='ocr_par' dir='ltr' id='par_1_35' title="bbox 1961 582 3593 679">
     <span class='ocr_line' id='line_1_35' title="bbox 1961 582 3593 679; baseline 0.018 -42"><span class='ocrx_word' id='word_1_223' title='bbox 1961 582 2444 643; x_wconf 89' lang='lat' dir='ltr'>benedictionem.</span> <span class='ocrx_word' id='word_1_224' title='bbox 2478 588 2701 654; x_wconf 90' lang='lat' dir='ltr'>Quanta</span> <span class='ocrx_word' id='word_1_225' title='bbox 2748 593 2825 648; x_wconf 91' lang='lat' dir='ltr'>sit</span> <span class='ocrx_word' id='word_1_226' title='bbox 2871 595 3004 650; x_wconf 91' lang='lat' dir='ltr'>mihi</span> <span class='ocrx_word' id='word_1_227' title='bbox 3055 613 3213 669; x_wconf 90' lang='lat' dir='ltr'>cura,</span> <span class='ocrx_word' id='word_1_228' title='bbox 3253 582 3593 679; x_wconf 83' lang='lat' dir='ltr'>quantaque</span> 
     </span>
    </p>
   </div>
   <div class='ocr_carea' id='block_1_36' title="bbox 1958 670 3592 761">
    <p class='ocr_par' dir='ltr' id='par_1_36' title="bbox 1958 670 3592 761">
     <span class='ocr_line' id='line_1_36' title="bbox 1958 670 3592 761; baseline 0.017 -35"><span class='ocrx_word' id='word_1_229' title='bbox 1958 670 2289 761; x_wconf 82' lang='lat' dir='ltr'>sollicitudo</span> <span class='ocrx_word' id='word_1_230' title='bbox 2313 675 2383 730; x_wconf 91' lang='lat' dir='ltr'>de</span> <span class='ocrx_word' id='word_1_231' title='bbox 2401 679 2459 731; x_wconf 89' lang='lat' dir='ltr'>te</span> <span class='ocrx_word' id='word_1_232' title='bbox 2481 689 2693 748; x_wconf 86' lang='lat' dir='ltr'>tuaque</span> <span class='ocrx_word' id='word_1_233' title='bbox 2716 680 2927 753; x_wconf 89' lang='lat' dir='ltr'>salute,</span> <span class='ocrx_word' id='word_1_234' title='bbox 2954 685 3075 756; x_wconf 90' lang='lat' dir='ltr'>ipse</span> <span class='ocrx_word' id='word_1_235' title='bbox 3100 688 3262 746; x_wconf 90' lang='lat' dir='ltr'>solus</span> <span class='ocrx_word' id='word_1_236' title='bbox 3280 670 3377 761; x_wconf 80' lang='lat' dir='ltr'>qui</span> <span class='ocrx_word' id='word_1_237' title='bbox 3396 670 3592 755; x_wconf 77' lang='lat' dir='ltr'>cordis</span> 
     </span>
    </p>
   </div>
   <div class='ocr_carea' id='block_1_37' title="bbox 1960 758 3592 854">
    <p class='ocr_par' dir='ltr' id='par_1_37' title="bbox 1960 758 3592 854">
     <span class='ocr_line' id='line_1_37' title="bbox 1960 758 3592 854; baseline 0.018 -43"><span class='ocrx_word' id='word_1_238' title='bbox 1960 758 2206 814; x_wconf 88' lang='lat' dir='ltr'>archana</span> <span class='ocrx_word' id='word_1_239' title='bbox 2238 761 2482 818; x_wconf 89' lang='lat' dir='ltr'>rimatur</span> <span class='ocrx_word' id='word_1_240' title='bbox 2513 764 2807 839; x_wconf 84' lang='lat' dir='ltr'>intelligit,</span> <span class='ocrx_word' id='word_1_241' title='bbox 2840 776 2895 824; x_wconf 89' lang='lat' dir='ltr'>et</span> <span class='ocrx_word' id='word_1_242' title='bbox 2922 771 3105 830; x_wconf 86' lang='lat' dir='ltr'>multo</span> <span class='ocrx_word' id='word_1_243' title='bbox 3129 758 3335 835; x_wconf 76' lang='lat' dir='ltr'>melius</span> <span class='ocrx_word' id='word_1_244' title='bbox 3354 795 3442 837; x_wconf 91' lang='lat' dir='ltr'>me</span> <span class='ocrx_word' id='word_1_245' title='bbox 3470 784 3592 854; x_wconf 91' lang='lat' dir='ltr'>ipso</span> 
     </span>
    </p>
   </div>
   <div class='ocr_carea' id='block_1_38' title="bbox 1958 849 3588 941">
    <p class='ocr_par' dir='ltr' id='par_1_38' title="bbox 1958 849 3588 941">
     <span class='ocr_line' id='line_1_38' title="bbox 1958 849 3588 941; baseline 0.018 -41"><span class='ocrx_word' id='word_1_246' title='bbox 1958 849 2275 916; x_wconf 83' lang='lat' dir='ltr'>cognoscit.</span> <span class='ocrx_word' id='word_1_247' title='bbox 2311 851 2385 906; x_wconf 91' lang='lat' dir='ltr'>Tu</span> <span class='ocrx_word' id='word_1_248' title='bbox 2419 856 2611 908; x_wconf 88' lang='lat' dir='ltr'>tamen</span> <span class='ocrx_word' id='word_1_249' title='bbox 2654 856 2702 909; x_wconf 91' lang='lat' dir='ltr'>si</span> <span class='ocrx_word' id='word_1_250' title='bbox 2751 871 3000 926; x_wconf 84' lang='lat' dir='ltr'>pensare</span> <span class='ocrx_word' id='word_1_251' title='bbox 3049 878 3159 919; x_wconf 91' lang='lat' dir='ltr'>non</span> <span class='ocrx_word' id='word_1_252' title='bbox 3211 849 3588 941; x_wconf 44' lang='lat' dir='ltr'>ncgligis,-ut</span> 
     </span>
    </p>
   </div>
   <div class='ocr_carea' id='block_1_39' title="bbox 1958 938 3589 1018">
    <p class='ocr_par' dir='ltr' id='par_1_39' title="bbox 1958 938 3589 1018">
     <span class='ocr_line' id='line_1_39' title="bbox 1958 938 3589 1018; baseline 0.018 -29"><span class='ocrx_word' id='word_1_253' title='bbox 1958 949 2089 991; x_wconf 91' lang='lat' dir='ltr'>reor</span> <span class='ocrx_word' id='word_1_254' title='bbox 2117 938 2545 997; x_wconf 90' lang='lat' dir='ltr'>animadvertes</span> <span class='ocrx_word' id='word_1_255' title='bbox 2579 943 2708 1011; x_wconf 84' lang='lat' dir='ltr'>quia</span> <span class='ocrx_word' id='word_1_256' title='bbox 2744 960 2847 1015; x_wconf 92' lang='lat' dir='ltr'>pro</span> <span class='ocrx_word' id='word_1_257' title='bbox 2886 950 3066 1005; x_wconf 90' lang='lat' dir='ltr'>tantis</span> <span class='ocrx_word' id='word_1_258' title='bbox 3118 968 3206 1010; x_wconf 90' lang='lat' dir='ltr'>me</span> <span class='ocrx_word' id='word_1_259' title='bbox 3255 957 3337 1012; x_wconf 92' lang='lat' dir='ltr'>tui</span> <span class='ocrx_word' id='word_1_260' title='bbox 3382 938 3589 1018; x_wconf 86' lang='lat' dir='ltr'>curam</span> 
     </span>
    </p>
   </div>
   <div class='ocr_carea' id='block_1_40' title="bbox 1958 1023 3591 1105">
    <p class='ocr_par' dir='ltr' id='par_1_40' title="bbox 1958 1023 3591 1105">
     <span class='ocr_line' id='line_1_40' title="bbox 1958 1023 3591 1105; baseline 0.018 -28"><span class='ocrx_word' id='word_1_261' title='bbox 1958 1023 2171 1079; x_wconf 85' lang='lat' dir='ltr'>habere</span> <span class='ocrx_word' id='word_1_262' title='bbox 2195 1032 2448 1098; x_wconf 87' lang='lat' dir='ltr'>oportet,</span> <span class='ocrx_word' id='word_1_263' title='bbox 2476 1045 2578 1100; x_wconf 91' lang='lat' dir='ltr'>pro</span> <span class='ocrx_word' id='word_1_264' title='bbox 2602 1034 2835 1101; x_wconf 87' lang='lat' dir='ltr'>quantis</span> <span class='ocrx_word' id='word_1_265' title='bbox 2857 1039 2915 1090; x_wconf 91' lang='lat' dir='ltr'>tc</span> <span class='ocrx_word' id='word_1_266' title='bbox 2938 1038 3207 1097; x_wconf 90' lang='lat' dir='ltr'>caritatis</span> <span class='ocrx_word' id='word_1_267' title='bbox 3223 1045 3591 1105; x_wconf 87' lang='lat' dir='ltr'>studiisdeti-</span> 
     </span>
    </p>
   </div>
   <div class='ocr_carea' id='block_1_41' title="bbox 1957 1112 3589 1195">
    <p class='ocr_par' dir='ltr' id='par_1_41' title="bbox 1957 1112 3589 1195">
     <span class='ocr_line' id='line_1_41' title="bbox 1957 1112 3589 1195; baseline 0.017 -29"><span class='ocrx_word' id='word_1_268' title='bbox 1957 1112 2075 1181; x_wconf 90' lang='lat' dir='ltr'>nui,</span> <span class='ocrx_word' id='word_1_269' title='bbox 2111 1127 2181 1168; x_wconf 89' lang='lat' dir='ltr'>ne</span> <span class='ocrx_word' id='word_1_270' title='bbox 2214 1114 2344 1171; x_wconf 89' lang='lat' dir='ltr'>illos</span> <span class='ocrx_word' id='word_1_271' title='bbox 2371 1115 2697 1185; x_wconf 88' lang='lat' dir='ltr'>deserercs,</span> <span class='ocrx_word' id='word_1_272' title='bbox 2731 1126 2794 1176; x_wconf 90' lang='lat' dir='ltr'>ut</span> <span class='ocrx_word' id='word_1_273' title='bbox 2827 1126 2939 1179; x_wconf 74' lang='lat' dir='ltr'>tuze</span> <span class='ocrx_word' id='word_1_274' title='bbox 2972 1126 3158 1183; x_wconf 90' lang='lat' dir='ltr'>solius</span> <span class='ocrx_word' id='word_1_275' title='bbox 3182 1131 3358 1187; x_wconf 89' lang='lat' dir='ltr'>saluti</span> <span class='ocrx_word' id='word_1_276' title='bbox 3384 1136 3589 1195; x_wconf 73' lang='lat' dir='ltr'>animae</span> 
     </span>
    </p>
   </div>
   <div class='ocr_carea' id='block_1_42' title="bbox 1956 1198 3590 1294">
    <p class='ocr_par' dir='ltr' id='par_1_42' title="bbox 1956 1198 3590 1294">
     <span class='ocr_line' id='line_1_42' title="bbox 1956 1198 3590 1294; baseline 0.018 -42"><span class='ocrx_word' id='word_1_277' title='bbox 1956 1198 2310 1269; x_wconf 88' lang='lat' dir='ltr'>invigilares.</span> <span class='ocrx_word' id='word_1_278' title='bbox 2345 1205 2574 1261; x_wconf 85' lang='lat' dir='ltr'>Karitas</span> <span class='ocrx_word' id='word_1_279' title='bbox 2599 1207 2771 1278; x_wconf 91' lang='lat' dir='ltr'>enim,</span> <span class='ocrx_word' id='word_1_280' title='bbox 2799 1216 2862 1265; x_wconf 91' lang='lat' dir='ltr'>ut</span> <span class='ocrx_word' id='word_1_281' title='bbox 2886 1226 3021 1283; x_wconf 89' lang='lat' dir='ltr'>sepe</span> <span class='ocrx_word' id='word_1_282' title='bbox 3043 1214 3162 1270; x_wconf 80' lang='lat' dir='ltr'>dixi</span> <span class='ocrx_word' id='word_1_283' title='bbox 3183 1223 3242 1273; x_wconf 85' lang='lat' dir='ltr'>et</span> <span class='ocrx_word' id='word_1_284' title='bbox 3264 1219 3472 1294; x_wconf 88' lang='lat' dir='ltr'>dicam,</span> <span class='ocrx_word' id='word_1_285' title='bbox 3501 1239 3590 1283; x_wconf 91' lang='lat' dir='ltr'>se-</span> 
     </span>
    </p>
   </div>
   <div class='ocr_carea' id='block_1_43' title="bbox 1956 1291 3582 1373">
    <p class='ocr_par' dir='ltr' id='par_1_43' title="bbox 1956 1291 3582 1373">
     <span class='ocr_line' id='line_1_43' title="bbox 1956 1291 3582 1373; baseline 0.017 -31"><span class='ocrx_word' id='word_1_286' title='bbox 1956 1302 2140 1358; x_wconf 89' lang='lat' dir='ltr'>quens</span> <span class='ocrx_word' id='word_1_287' title='bbox 2170 1291 2442 1347; x_wconf 87' lang='lat' dir='ltr'>celcstem</span> <span class='ocrx_word' id='word_1_288' title='bbox 2474 1294 2694 1365; x_wconf 90' lang='lat' dir='ltr'>tubam,</span> <span class='ocrx_word' id='word_1_289' title='bbox 2729 1311 2841 1352; x_wconf 93' lang='lat' dir='ltr'>non</span> <span class='ocrx_word' id='word_1_290' title='bbox 2876 1302 3065 1369; x_wconf 86' lang='lat' dir='ltr'>querit</span> <span class='ocrx_word' id='word_1_291' title='bbox 3100 1318 3228 1373; x_wconf 70' lang='lat' dir='ltr'>qum</span> <span class='ocrx_word' id='word_1_292' title='bbox 3280 1322 3383 1364; x_wconf 86' lang='lat' dir='ltr'>sua</span> <span class='ocrx_word' id='word_1_293' title='bbox 3428 1291 3582 1369; x_wconf 88' lang='lat' dir='ltr'>sunt.</span> 
     </span>
    </p>
   </div>
   <div class='ocr_carea' id='block_1_44' title="bbox 1956 1377 3588 1470">
    <p class='ocr_par' dir='ltr' id='par_1_44' title="bbox 1956 1377 3588 1470">
     <span class='ocr_line' id='line_1_44' title="bbox 1956 1377 3588 1470; baseline 0.017 -39"><span class='ocrx_word' id='word_1_294' title='bbox 1956 1377 2063 1432; x_wconf 91' lang='lat' dir='ltr'>Sed</span> <span class='ocrx_word' id='word_1_295' title='bbox 2090 1378 2219 1447; x_wconf 88' lang='lat' dir='ltr'>quia</span> <span class='ocrx_word' id='word_1_296' title='bbox 2246 1379 2398 1436; x_wconf 90' lang='lat' dir='ltr'>inter</span> <span class='ocrx_word' id='word_1_297' title='bbox 2421 1386 2617 1438; x_wconf 87' lang='lat' dir='ltr'>cetera</span> <span class='ocrx_word' id='word_1_298' title='bbox 2643 1399 2771 1454; x_wconf 63' lang='lat' dir='ltr'>quas</span> <span class='ocrx_word' id='word_1_299' title='bbox 2792 1386 2901 1443; x_wconf 88' lang='lat' dir='ltr'>tibi</span> <span class='ocrx_word' id='word_1_300' title='bbox 2921 1395 3124 1447; x_wconf 89' lang='lat' dir='ltr'>contra</span> <span class='ocrx_word' id='word_1_301' title='bbox 3152 1396 3345 1451; x_wconf 91' lang='lat' dir='ltr'>mundi</span> <span class='ocrx_word' id='word_1_302' title='bbox 3379 1400 3588 1470; x_wconf 85' lang='lat' dir='ltr'>princi-</span> 
     </span>
    </p>
   </div>
   <div class='ocr_carea' id='block_1_45' title="bbox 1955 1467 3586 1553">
    <p class='ocr_par' dir='ltr' id='par_1_45' title="bbox 1955 1467 3586 1553">
     <span class='ocr_line' id='line_1_45' title="bbox 1955 1467 3586 1553; baseline 0.018 -35"><span class='ocrx_word' id='word_1_303' title='bbox 1955 1479 2103 1534; x_wconf 92' lang='lat' dir='ltr'>pem,</span> <span class='ocrx_word' id='word_1_304' title='bbox 2142 1467 2369 1523; x_wconf 87' lang='lat' dir='ltr'>favente</span> <span class='ocrx_word' id='word_1_305' title='bbox 2399 1472 2535 1542; x_wconf 92' lang='lat' dir='ltr'>Deo,</span> <span class='ocrx_word' id='word_1_306' title='bbox 2571 1486 2727 1527; x_wconf 90' lang='lat' dir='ltr'>arma</span> <span class='ocrx_word' id='word_1_307' title='bbox 2757 1476 3000 1547; x_wconf 88' lang='lat' dir='ltr'>contuli,</span> <span class='ocrx_word' id='word_1_308' title='bbox 3036 1482 3186 1550; x_wconf 89' lang='lat' dir='ltr'>quod</span> <span class='ocrx_word' id='word_1_309' title='bbox 3220 1467 3586 1553; x_wconf 84' lang='lat' dir='ltr'>potissimum</span> 
     </span>
    </p>
   </div>
   <div class='ocr_carea' id='block_1_46' title="bbox 1952 1556 3588 1645">
    <p class='ocr_par' dir='ltr' id='par_1_46' title="bbox 1952 1556 3588 1645">
     <span class='ocr_line' id='line_1_46' title="bbox 1952 1556 3588 1645; baseline 0.017 -39"><span class='ocrx_word' id='word_1_310' title='bbox 1952 1556 2068 1622; x_wconf 88' lang='lat' dir='ltr'>est,</span> <span class='ocrx_word' id='word_1_311' title='bbox 2101 1557 2163 1609; x_wconf 91' lang='lat' dir='ltr'>ut</span> <span class='ocrx_word' id='word_1_312' title='bbox 2181 1570 2393 1626; x_wconf 89' lang='lat' dir='ltr'>corpus</span> <span class='ocrx_word' id='word_1_313' title='bbox 2415 1559 2774 1616; x_wconf 89' lang='lat' dir='ltr'>Dominicum</span> <span class='ocrx_word' id='word_1_314' title='bbox 2799 1564 3120 1638; x_wconf 88' lang='lat' dir='ltr'>acciperes,</span> <span class='ocrx_word' id='word_1_315' title='bbox 3148 1569 3418 1645; x_wconf 89' lang='lat' dir='ltr'>iudicavi,</span> <span class='ocrx_word' id='word_1_316' title='bbox 3445 1580 3501 1632; x_wconf 90' lang='lat' dir='ltr'>et</span> <span class='ocrx_word' id='word_1_317' title='bbox 3525 1583 3588 1634; x_wconf 89' lang='lat' dir='ltr'>ut</span> 
     </span>
    </p>
   </div>
   <div class='ocr_carea' id='block_1_47' title="bbox 1952 1642 3586 1721">
    <p class='ocr_par' dir='ltr' id='par_1_47' title="bbox 1952 1642 3586 1721">
     <span class='ocr_line' id='line_1_47' title="bbox 1952 1642 3586 1721; baseline 0.016 -25"><span class='ocrx_word' id='word_1_318' title='bbox 1952 1645 2130 1698; x_wconf 61' lang='lat' dir='ltr'>certae</span> <span class='ocrx_word' id='word_1_319' title='bbox 2150 1642 2379 1701; x_wconf 66' lang='lat' dir='ltr'>fiduciae</span> <span class='ocrx_word' id='word_1_320' title='bbox 2403 1648 2605 1703; x_wconf 87' lang='lat' dir='ltr'>matris</span> <span class='ocrx_word' id='word_1_321' title='bbox 2625 1651 2849 1706; x_wconf 92' lang='lat' dir='ltr'>Domini</span> <span class='ocrx_word' id='word_1_322' title='bbox 2867 1657 2924 1708; x_wconf 88' lang='lat' dir='ltr'>te</span> <span class='ocrx_word' id='word_1_323' title='bbox 2940 1657 3173 1713; x_wconf 92' lang='lat' dir='ltr'>omnino</span> <span class='ocrx_word' id='word_1_324' title='bbox 3186 1642 3586 1721; x_wconf 86' lang='lat' dir='ltr'>committeres</span> 
     </span>
    </p>
   </div>
   <div class='ocr_carea' id='block_1_48' title="bbox 1866 1732 3587 1818">
    <p class='ocr_par' dir='ltr' id='par_1_48' title="bbox 1866 1732 3587 1818">
     <span class='ocr_line' id='line_1_48' title="bbox 1866 1732 3587 1818; baseline 0.017 -36"><span class='ocrx_word' id='word_1_325' title='bbox 1866 1756 1919 1815; x_wconf 84' lang='lat' dir='ltr'>B</span> <span class='ocrx_word' id='word_1_326' title='bbox 1953 1732 2224 1801; x_wconf 70' lang='lat' dir='ltr'>praecepi,</span> <span class='ocrx_word' id='word_1_327' title='bbox 2261 1734 2397 1803; x_wconf 91' lang='lat' dir='ltr'>quid</span> <span class='ocrx_word' id='word_1_328' title='bbox 2431 1735 2564 1791; x_wconf 88' lang='lat' dir='ltr'>inde</span> <span class='ocrx_word' id='word_1_329' title='bbox 2598 1738 2806 1795; x_wconf 87' lang='lat' dir='ltr'>beatus</span> <span class='ocrx_word' id='word_1_330' title='bbox 2830 1742 3195 1818; x_wconf 82' lang='lat' dir='ltr'>Ambrosius,</span> <span class='ocrx_word' id='word_1_331' title='bbox 3220 1749 3587 1811; x_wconf 74' lang='lat' dir='ltr'>videlicetde</span> 
     </span>
    </p>
   </div>
   <div class='ocr_carea' id='block_1_49' title="bbox 1950 1822 3586 1913">
    <p class='ocr_par' dir='ltr' id='par_1_49' title="bbox 1950 1822 3586 1913">
     <span class='ocr_line' id='line_1_49' title="bbox 1950 1822 3586 1913; baseline 0.016 -39"><span class='ocrx_word' id='word_1_332' title='bbox 1950 1822 2231 1877; x_wconf 91' lang='lat' dir='ltr'>sumendo</span> <span class='ocrx_word' id='word_1_333' title='bbox 2261 1840 2506 1896; x_wconf 88' lang='lat' dir='ltr'>corpore</span> <span class='ocrx_word' id='word_1_334' title='bbox 2537 1833 2597 1883; x_wconf 92' lang='lat' dir='ltr'>et</span> <span class='ocrx_word' id='word_1_335' title='bbox 2625 1831 2904 1900; x_wconf 87' lang='lat' dir='ltr'>sanguine</span> <span class='ocrx_word' id='word_1_336' title='bbox 2934 1835 3157 1892; x_wconf 92' lang='lat' dir='ltr'>Domini</span> <span class='ocrx_word' id='word_1_337' title='bbox 3199 1838 3374 1913; x_wconf 88' lang='lat' dir='ltr'>dicat,</span> <span class='ocrx_word' id='word_1_338' title='bbox 3407 1842 3497 1899; x_wconf 91' lang='lat' dir='ltr'>hic</span> <span class='ocrx_word' id='word_1_339' title='bbox 3531 1846 3586 1900; x_wconf 90' lang='lat' dir='ltr'>in</span> 
     </span>
    </p>
   </div>
   <div class='ocr_carea' id='block_1_50' title="bbox 1949 1907 3587 1990">
    <p class='ocr_par' dir='ltr' id='par_1_50' title="bbox 1949 1907 3587 1990">
     <span class='ocr_line' id='line_1_50' title="bbox 1949 1907 3587 1990; baseline 0.016 -28"><span class='ocrx_word' id='word_1_340' title='bbox 1949 1907 2169 1966; x_wconf 90' lang='lat' dir='ltr'>litteris</span> <span class='ocrx_word' id='word_1_341' title='bbox 2203 1910 2484 1970; x_wconf 89' lang='lat' dir='ltr'>intimavi.</span> <span class='ocrx_word' id='word_1_342' title='bbox 2513 1916 2608 1971; x_wconf 79' lang='lat' dir='ltr'>Ait</span> <span class='ocrx_word' id='word_1_343' title='bbox 2633 1918 2781 1973; x_wconf 91' lang='lat' dir='ltr'>enim</span> <span class='ocrx_word' id='word_1_344' title='bbox 2807 1919 2860 1974; x_wconf 91' lang='lat' dir='ltr'>in</span> <span class='ocrx_word' id='word_1_345' title='bbox 2890 1920 3038 1979; x_wconf 90' lang='lat' dir='ltr'>libro</span> <span class='ocrx_word' id='word_1_346' title='bbox 3062 1926 3094 1978; x_wconf 80' lang='grc'><strong>4</strong></span> <span class='ocrx_word' id='word_1_347' title='bbox 3114 1925 3184 1981; x_wconf 91' lang='lat' dir='ltr'>de</span> <span class='ocrx_word' id='word_1_348' title='bbox 3206 1907 3587 1990; x_wconf 79' lang='lat' dir='ltr'>sacramentis</span> 
     </span>
    </p>
   </div>
   <div class='ocr_carea' id='block_1_51' title="bbox 1948 1996 3587 2089">
    <p class='ocr_par' dir='ltr' id='par_1_51' title="bbox 1948 1996 3587 2089">
     <span class='ocr_line' id='line_1_51' title="bbox 1948 1996 3587 2089; baseline 0.017 -38"><span class='ocrx_word' id='word_1_349' title='bbox 1948 1996 2100 2053; x_wconf 90' lang='lat' dir='ltr'>inter</span> <span class='ocrx_word' id='word_1_350' title='bbox 2129 2002 2325 2057; x_wconf 81' lang='lat' dir='ltr'>cetera</span> <span class='ocrx_word' id='word_1_351' title='bbox 2354 2003 2460 2059; x_wconf 64' lang='grc' dir='ltr'>εκςὶ</span> <span class='ocrx_word' id='word_1_352' title='bbox 2478 2006 2722 2062; x_wconf 84' lang='lat' dir='ltr'>mortem</span> <span class='ocrx_word' id='word_1_353' title='bbox 2743 2008 2987 2066; x_wconf 77' lang='lat' dir='ltr'>Domini</span> <span class='ocrx_word' id='word_1_354' title='bbox 3005 2016 3456 2089; x_wconf 81' lang='lat' dir='ltr'>auuuuciamus,</span> <span class='ocrx_word' id='word_1_355' title='bbox 3482 2034 3587 2078; x_wconf 80' lang='lat' dir='ltr'>an-</span> 
     </span>
    </p>
   </div>
   <div class='ocr_carea' id='block_1_52' title="bbox 1944 2087 3587 2177">
    <p class='ocr_par' dir='ltr' id='par_1_52' title="bbox 1944 2087 3587 2177">
     <span class='ocr_line' id='line_1_52' title="bbox 1944 2087 3587 2177; baseline 0.016 -36"><span class='ocrx_word' id='word_1_356' title='bbox 1944 2087 2302 2146; x_wconf 79' lang='lat' dir='ltr'>uuuciamus</span> <span class='ocrx_word' id='word_1_357' title='bbox 2328 2091 2739 2150; x_wconf 71' lang='lat' dir='ltr'>remissionem</span> <span class='ocrx_word' id='word_1_358' title='bbox 2772 2098 3162 2167; x_wconf 76' lang='lat' dir='ltr'>peccatorum.</span> <span class='ocrx_word' id='word_1_359' title='bbox 3215 2105 3293 2162; x_wconf 81' lang='lat' dir='ltr'>Si</span> <span class='ocrx_word' id='word_1_360' title='bbox 3331 2087 3587 2177; x_wconf 71' lang='lat' dir='ltr'>quoties-</span> 
     </span>
    </p>
   </div>
   <div class='ocr_carea' id='block_1_53' title="bbox 1943 2176 3586 2258">
    <p class='ocr_par' dir='ltr' id='par_1_53' title="bbox 1943 2176 3586 2258">
     <span class='ocr_line' id='line_1_53' title="bbox 1943 2176 3586 2258; baseline 0.015 -28"><span class='ocrx_word' id='word_1_361' title='bbox 1943 2186 2191 2245; x_wconf 67' lang='lat' dir='ltr'>cumque</span> <span class='ocrx_word' id='word_1_362' title='bbox 2204 2176 2504 2248; x_wconf 79' lang='lat' dir='ltr'>funditur</span> <span class='ocrx_word' id='word_1_363' title='bbox 2530 2184 2784 2252; x_wconf 75' lang='lat' dir='ltr'>sanguis</span> <span class='ocrx_word' id='word_1_364' title='bbox 2811 2186 3073 2258; x_wconf 76' lang='lat' dir='ltr'>Domini,</span> <span class='ocrx_word' id='word_1_365' title='bbox 3098 2191 3165 2247; x_wconf 84' lang='lat' dir='ltr'>iu</span> <span class='ocrx_word' id='word_1_366' title='bbox 3183 2176 3586 2255; x_wconf 79' lang='lat' dir='ltr'>remissionem</span> 
     </span>
    </p>
   </div>
   <div class='ocr_carea' id='block_1_54' title="bbox 1930 2264 3578 2357">
    <p class='ocr_par' dir='ltr' id='par_1_54' title="bbox 1930 2264 3578 2357">
     <span class='ocr_line' id='line_1_54' title="bbox 1930 2264 3578 2357; baseline 0.016 -39"><span class='ocrx_word' id='word_1_367' title='bbox 1930 2264 2310 2357; x_wconf 73' lang='lat' dir='ltr'>peccatorum</span> <span class='ocrx_word' id='word_1_368' title='bbox 2321 2266 2638 2357; x_wconf 69' lang='lat' dir='ltr'>funditur,</span> <span class='ocrx_word' id='word_1_369' title='bbox 2668 2271 2837 2329; x_wconf 76' lang='lat' dir='ltr'>debeo</span> <span class='ocrx_word' id='word_1_370' title='bbox 2856 2274 3031 2332; x_wconf 86' lang='lat' dir='ltr'>illum</span> <span class='ocrx_word' id='word_1_371' title='bbox 3049 2291 3276 2351; x_wconf 83' lang='lat' dir='ltr'>semper</span> <span class='ocrx_word' id='word_1_372' title='bbox 3296 2285 3578 2357; x_wconf 85' lang='lat' dir='ltr'>accipere,</span> 
     </span>
    </p>
   </div>
   <div class='ocr_carea' id='block_1_55' title="bbox 1939 2351 3584 2445">
    <p class='ocr_par' dir='ltr' id='par_1_55' title="bbox 1939 2351 3584 2445">
     <span class='ocr_line' id='line_1_55' title="bbox 1939 2351 3584 2445; baseline 0.015 -39"><span class='ocrx_word' id='word_1_373' title='bbox 1939 2351 2014 2406; x_wconf 89' lang='lat' dir='ltr'>ut</span> <span class='ocrx_word' id='word_1_374' title='bbox 2034 2365 2262 2424; x_wconf 78' lang='lat' dir='ltr'>semper</span> <span class='ocrx_word' id='word_1_375' title='bbox 2289 2355 2442 2445; x_wconf 75' lang='lat' dir='ltr'>mihi</span> <span class='ocrx_word' id='word_1_376' title='bbox 2459 2358 2710 2445; x_wconf 80' lang='lat' dir='ltr'>peccata</span> <span class='ocrx_word' id='word_1_377' title='bbox 2738 2361 3142 2421; x_wconf 73' lang='lat' dir='ltr'>dimittantur.</span> <span class='ocrx_word' id='word_1_378' title='bbox 3201 2370 3317 2433; x_wconf 82' lang='lat' dir='ltr'>Qui</span> <span class='ocrx_word' id='word_1_379' title='bbox 3363 2351 3584 2445; x_wconf 72' lang='lat' dir='ltr'>semper</span> 
     </span>
    </p>
   </div>
   <div class='ocr_carea' id='block_1_56' title="bbox 1927 2442 3582 2529">
    <p class='ocr_par' dir='ltr' id='par_1_56' title="bbox 1927 2442 3582 2529">
     <span class='ocr_line' id='line_1_56' title="bbox 1927 2442 3582 2529; baseline 0.015 -35"><span class='ocrx_word' id='word_1_380' title='bbox 1927 2452 2122 2529; x_wconf 76' lang='lat' dir='ltr'>pecco,</span> <span class='ocrx_word' id='word_1_381' title='bbox 2147 2454 2373 2513; x_wconf 79' lang='lat' dir='ltr'>semper</span> <span class='ocrx_word' id='word_1_382' title='bbox 2391 2442 2560 2501; x_wconf 78' lang='lat' dir='ltr'>debeo</span> <span class='ocrx_word' id='word_1_383' title='bbox 2579 2444 2793 2505; x_wconf 69' lang='lat' dir='ltr'>habere</span> <span class='ocrx_word' id='word_1_384' title='bbox 2802 2450 3160 2510; x_wconf 76' lang='lat' dir='ltr'>medicinam</span> <span class='ocrx_word' id='word_1_385' title='bbox 3180 2454 3347 2529; x_wconf 78' lang='lat'>(187).</span> <span class='ocrx_word' id='word_1_386' title='bbox 3368 2442 3508 2517; x_wconf 80' lang='lat' dir='ltr'>Item</span> <span class='ocrx_word' id='word_1_387' title='bbox 3526 2460 3582 2517; x_wconf 91' lang='lat' dir='ltr'>in</span> 
     </span>
    </p>
   </div>
   <div class='ocr_carea' id='block_1_57' title="bbox 1940 2526 2872 2591">
    <p class='ocr_par' dir='ltr' id='par_1_57' title="bbox 1940 2526 2872 2591">
     <span class='ocr_line' id='line_1_57' title="bbox 1940 2526 2872 2591; baseline 0.005 -9"><span class='ocrx_word' id='word_1_388' title='bbox 1940 2526 2089 2583; x_wconf 91' lang='lat' dir='ltr'>libro</span> <span class='ocrx_word' id='word_1_389' title='bbox 2123 2534 2153 2584; x_wconf 74' lang='grc' dir='ltr'>ὅ</span> <span class='ocrx_word' id='word_1_390' title='bbox 2182 2528 2252 2585; x_wconf 94' lang='lat' dir='ltr'>de</span> <span class='ocrx_word' id='word_1_391' title='bbox 2293 2535 2673 2590; x_wconf 89' lang='lat' dir='ltr'>sacramentis</span> <span class='ocrx_word' id='word_1_392' title='bbox 2701 2534 2768 2568; x_wconf 83' lang='grc'>⁴¹⁸</span> <span class='ocrx_word' id='word_1_393' title='bbox 2801 2556 2813 2591; x_wconf 91' lang='lat'><strong>:</strong></span> <span class='ocrx_word' id='word_1_394' title='bbox 2846 2559 2872 2587; x_wconf 74' lang='grc' dir='ltr'><strong>η</strong></span> 
     </span>
    </p>
   </div>
   <div class='ocr_carea' id='block_1_58' title="bbox 2011 2615 3581 2696">
    <p class='ocr_par' dir='ltr' id='par_1_58' title="bbox 2011 2615 3581 2696">
     <span class='ocr_line' id='line_1_58' title="bbox 2011 2615 3581 2696; baseline 0.015 -24"><span class='ocrx_word' id='word_1_395' title='bbox 2011 2615 2132 2685; x_wconf 83' lang='lat' dir='ltr'>(Fol</span> <span class='ocrx_word' id='word_1_396' title='bbox 2186 2619 2351 2691; x_wconf 84' lang='lat'>130’.)</span> <span class='ocrx_word' id='word_1_397' title='bbox 2383 2622 2699 2691; x_wconf 85' lang='lat' dir='ltr'>Gregorius</span> <span class='ocrx_word' id='word_1_398' title='bbox 2729 2624 2908 2695; x_wconf 88' lang='lat' dir='ltr'>igitur</span> <span class='ocrx_word' id='word_1_399' title='bbox 2938 2629 2993 2684; x_wconf 91' lang='lat' dir='ltr'>in</span> <span class='ocrx_word' id='word_1_400' title='bbox 3042 2635 3203 2689; x_wconf 92' lang='lat' dir='ltr'>turre</span> <span class='ocrx_word' id='word_1_401' title='bbox 3250 2635 3581 2696; x_wconf 87' lang='lat' dir='ltr'>Crescentis</span> 
     </span>
    </p>
   </div>
   <div class='ocr_carea' id='block_1_59' title="bbox 1939 2706 3579 2798">
    <p class='ocr_par' dir='ltr' id='par_1_59' title="bbox 1939 2706 3579 2798">
     <span class='ocr_line' id='line_1_59' title="bbox 1939 2706 3579 2798; baseline 0.016 -39"><span class='ocrx_word' id='word_1_402' title='bbox 1939 2719 2104 2762; x_wconf 91' lang='lat' dir='ltr'>muro</span> <span class='ocrx_word' id='word_1_403' title='bbox 2136 2706 2377 2798; x_wconf 87' lang='lat' dir='ltr'>clausis,</span> <span class='ocrx_word' id='word_1_404' title='bbox 2414 2708 2641 2779; x_wconf 88' lang='lat' dir='ltr'>legatos</span> <span class='ocrx_word' id='word_1_405' title='bbox 2675 2713 2830 2769; x_wconf 91' lang='lat' dir='ltr'>misit</span> <span class='ocrx_word' id='word_1_406' title='bbox 2864 2716 2934 2773; x_wconf 90' lang='lat' dir='ltr'>ad</span> <span class='ocrx_word' id='word_1_407' title='bbox 2984 2719 3304 2779; x_wconf 84' lang='lat' dir='ltr'>Robertum</span> <span class='ocrx_word' id='word_1_408' title='bbox 3358 2725 3579 2798; x_wconf 69' lang='lat' dir='ltr'>Apuliae</span> 
     </span>
    </p>
   </div>
   <div class='ocr_carea' id='block_1_60' title="bbox 1937 2793 3580 2872">
    <p class='ocr_par' dir='ltr' id='par_1_60' title="bbox 1937 2793 3580 2872">
     <span class='ocr_line' id='line_1_60' title="bbox 1937 2793 3580 2872; baseline 0.013 -22"><span class='ocrx_word' id='word_1_409' title='bbox 1937 2793 2166 2860; x_wconf 87' lang='lat' dir='ltr'>ducem.</span> <span class='ocrx_word' id='word_1_410' title='bbox 2190 2797 2288 2867; x_wconf 90' lang='lat' dir='ltr'>qui</span> <span class='ocrx_word' id='word_1_411' title='bbox 2316 2801 2451 2854; x_wconf 92' lang='lat' dir='ltr'>tunc</span> <span class='ocrx_word' id='word_1_412' title='bbox 2476 2800 2627 2857; x_wconf 85' lang='lat' dir='ltr'>forte</span> <span class='ocrx_word' id='word_1_413' title='bbox 2642 2801 2834 2860; x_wconf 89' lang='lat' dir='ltr'>classe</span> <span class='ocrx_word' id='word_1_414' title='bbox 2851 2805 3136 2864; x_wconf 88' lang='lat' dir='ltr'>instructa</span> <span class='ocrx_word' id='word_1_415' title='bbox 3154 2826 3310 2868; x_wconf 89' lang='lat' dir='ltr'>mare</span> <span class='ocrx_word' id='word_1_416' title='bbox 3328 2793 3580 2872; x_wconf 79' lang='lat' dir='ltr'>transire</span> 
     </span>
    </p>
   </div>
   <div class='ocr_carea' id='block_1_61' title="bbox 1938 2884 3578 2962">
    <p class='ocr_par' dir='ltr' id='par_1_61' title="bbox 1938 2884 3578 2962">
     <span class='ocr_line' id='line_1_61' title="bbox 1938 2884 3578 2962; baseline 0.015 -25"><span class='ocrx_word' id='word_1_417' title='bbox 1938 2884 2199 2956; x_wconf 86' lang='lat' dir='ltr'>parabat,</span> <span class='ocrx_word' id='word_1_418' title='bbox 2218 2887 2522 2944; x_wconf 90' lang='lat' dir='ltr'>utveniret</span> <span class='ocrx_word' id='word_1_419' title='bbox 2536 2891 2972 2950; x_wconf 91' lang='lat' dir='ltr'>etobsidionem</span> <span class='ocrx_word' id='word_1_420' title='bbox 2988 2897 3266 2955; x_wconf 90' lang='lat' dir='ltr'>solveret.</span> <span class='ocrx_word' id='word_1_421' title='bbox 3285 2902 3420 2958; x_wconf 89' lang='lat' dir='ltr'>Erat</span> <span class='ocrx_word' id='word_1_422' title='bbox 3442 2907 3578 2962; x_wconf 88' lang='lat' dir='ltr'>tunc</span> 
     </span>
    </p>
   </div>
   <div class='ocr_carea' id='block_1_62' title="bbox 1936 2970 3578 3063">
    <p class='ocr_par' dir='ltr' id='par_1_62' title="bbox 1936 2970 3578 3063">
     <span class='ocr_line' id='line_1_62' title="bbox 1936 2970 3578 3063; baseline 0.014 -38"><span class='ocrx_word' id='word_1_423' title='bbox 1936 2970 2084 3027; x_wconf 88' lang='lat' dir='ltr'>forte</span> <span class='ocrx_word' id='word_1_424' title='bbox 2118 2974 2310 3031; x_wconf 71' lang='lat' dir='ltr'>Romae</span> <span class='ocrx_word' id='word_1_425' title='bbox 2342 2977 2522 3033; x_wconf 89' lang='lat' dir='ltr'>abbas</span> <span class='ocrx_word' id='word_1_426' title='bbox 2569 2979 2936 3039; x_wconf 91' lang='lat' dir='ltr'>Divionensis</span> <span class='ocrx_word' id='word_1_427' title='bbox 2981 2984 3215 3043; x_wconf 91' lang='lat' dir='ltr'>domino</span> <span class='ocrx_word' id='word_1_428' title='bbox 3266 3005 3429 3061; x_wconf 66' lang='lat' dir='ltr'>papae</span> <span class='ocrx_word' id='word_1_429' title='bbox 3475 3008 3578 3063; x_wconf 86' lang='lat' dir='ltr'>per</span> 
     </span>
    </p>
   </div>
   <div class='ocr_carea' id='block_1_63' title="bbox 164 3059 1740 3172">
    <p class='ocr_par' dir='ltr' id='par_1_63' title="bbox 164 3062 1740 3172">
     <span class='ocr_line' id='line_1_63' title="bbox 164 3062 1740 3139; baseline 0.005 -22"><span class='ocrx_word' id='word_1_430' title='bbox 164 3065 395 3132; x_wconf 89' lang='lat' dir='ltr'>tenens,</span> <span class='ocrx_word' id='word_1_431' title='bbox 426 3066 594 3119; x_wconf 91' lang='lat' dir='ltr'>tanto</span> <span class='ocrx_word' id='word_1_432' title='bbox 627 3062 678 3118; x_wconf 91' lang='lat' dir='ltr'>ei</span> <span class='ocrx_word' id='word_1_433' title='bbox 723 3064 931 3121; x_wconf 85' lang='lat' dir='ltr'>fortius</span> <span class='ocrx_word' id='word_1_434' title='bbox 982 3065 1314 3137; x_wconf 88' lang='lat' dir='ltr'>resistebat,</span> <span class='ocrx_word' id='word_1_435' title='bbox 1367 3073 1584 3138; x_wconf 89' lang='lat' dir='ltr'>quanto</span> <span class='ocrx_word' id='word_1_436' title='bbox 1636 3084 1740 3139; x_wconf 62' lang='lat' dir='ltr'>mag</span> 
     </span>
     <span class='ocr_line' id='line_1_64' title="bbox 164 3148 1722 3172; baseline 0 0"><span class='ocrx_word' id='word_1_437' title='bbox 164 3148 335 3172; x_wconf 68' lang='lat' dir='ltr'>L..:_.-</span> <span class='ocrx_word' id='word_1_438' title='bbox 371 3152 620 3172; x_wconf 67' lang='lat' dir='ltr'>--A.-n:--</span> <span class='ocrx_word' id='word_1_439' title='bbox 655 3156 701 3172; x_wconf 66' lang='grc' dir='ltr'>,ι</span> <span class='ocrx_word' id='word_1_440' title='bbox 743 3168 898 3172; x_wconf 67' lang='lat'>_.__.--</span> <span class='ocrx_word' id='word_1_441' title='bbox 935 3154 1315 3172; x_wconf 31' lang='lat'>:¢__--,-4&#39;-,4_</span> <span class='ocrx_word' id='word_1_442' title='bbox 1379 3170 1400 3172; x_wconf 24' lang='grc' dir='ltr'><em>Α</em></span> <span class='ocrx_word' id='word_1_443' title='bbox 1429 3170 1436 3172; x_wconf 34' lang='grc' dir='ltr'><strong>Α</strong></span> <span class='ocrx_word' id='word_1_444' title='bbox 1502 3170 1508 3172; x_wconf 30' lang='grc' dir='ltr'><strong>Α</strong></span> <span class='ocrx_word' id='word_1_445' title='bbox 1594 3160 1608 3172; x_wconf 78' lang='grc' dir='ltr'><strong><em>ι</em></strong></span> <span class='ocrx_word' id='word_1_446' title='bbox 1691 3158 1722 3172; x_wconf 73' lang='grc' dir='ltr'>η</span> 
     </span>
    </p>
   </div>
   <div class='ocr_carea' id='block_1_64' title="bbox 1944 3059 3573 3172">
    <p class='ocr_par' dir='ltr' id='par_1_64' title="bbox 1944 3059 3573 3172">
     <span class='ocr_line' id='line_1_65' title="bbox 1944 3059 3573 3141; baseline 0.014 -28"><span class='ocrx_word' id='word_1_447' title='bbox 1944 3059 2123 3116; x_wconf 79' lang='lat' dir='ltr'>omnia</span> <span class='ocrx_word' id='word_1_448' title='bbox 2154 3062 2547 3133; x_wconf 63' lang='lat' dir='ltr'>fidelissimus,</span> <span class='ocrx_word' id='word_1_449' title='bbox 2575 3081 2744 3136; x_wconf 90' lang='lat' dir='ltr'>quem</span> <span class='ocrx_word' id='word_1_450' title='bbox 2765 3084 2872 3139; x_wconf 74' lang='lat' dir='ltr'>pro</span> <span class='ocrx_word' id='word_1_451' title='bbox 2891 3070 3147 3141; x_wconf 89' lang='lat' dir='ltr'>ingenita</span> <span class='ocrx_word' id='word_1_452' title='bbox 3174 3059 3286 3132; x_wconf 89' lang='lat' dir='ltr'>sibi</span> <span class='ocrx_word' id='word_1_453' title='bbox 3313 3059 3573 3137; x_wconf 80' lang='lat' dir='ltr'>bonitate</span> 
     </span>
     <span class='ocr_line' id='line_1_66' title="bbox 1944 3149 3309 3172; baseline 0 0"><span class='ocrx_word' id='word_1_454' title='bbox 1944 3151 1989 3172; x_wconf 73' lang='grc' dir='ltr'>ιιι</span> <span class='ocrx_word' id='word_1_455' title='bbox 2029 3149 2351 3172; x_wconf 62' lang='grc' dir='ltr'>ΛιιΑᾹΣη-ΔΞ..</span> <span class='ocrx_word' id='word_1_456' title='bbox 2412 3154 2576 3172; x_wconf 54' lang='grc' dir='ltr'>’-ιῩΑΑ</span> <span class='ocrx_word' id='word_1_457' title='bbox 2620 3155 2644 3172; x_wconf 74' lang='lat' dir='ltr'><strong>L</strong></span> <span class='ocrx_word' id='word_1_458' title='bbox 2669 3169 2681 3172; x_wconf 67' lang='lat'>-</span> <span class='ocrx_word' id='word_1_459' title='bbox 2733 3161 2744 3172; x_wconf 74' lang='grc' dir='ltr'>ι</span> <span class='ocrx_word' id='word_1_460' title='bbox 2823 3159 2862 3172; x_wconf 64' lang='grc' dir='ltr'><strong>π</strong></span> <span class='ocrx_word' id='word_1_461' title='bbox 2909 3162 2919 3172; x_wconf 78' lang='grc' dir='ltr'><strong><em>ι</em></strong></span> <span class='ocrx_word' id='word_1_462' title='bbox 3088 3161 3102 3172; x_wconf 71' lang='grc' dir='ltr'>ι</span> <span class='ocrx_word' id='word_1_463' title='bbox 3153 3162 3164 3172; x_wconf 69' lang='grc'><strong>1</strong></span> <span class='ocrx_word' id='word_1_464' title='bbox 3214 3163 3223 3172; x_wconf 83' lang='grc' dir='ltr'>ι</span> <span class='ocrx_word' id='word_1_465' title='bbox 3299 3165 3309 3172; x_wconf 90' lang='grc'><em>.</em></span> 
     </span>
    </p>
   </div>
   <div class='ocr_carea' id='block_1_65' title="bbox 163 3148 1818 3224">
    <p class='ocr_par' dir='ltr' id='par_1_65' title="bbox 163 3148 1818 3224">
     <span class='ocr_line' id='line_1_67' title="bbox 163 3148 1818 3224; baseline 0.006 -19"><span class='ocrx_word' id='word_1_466' title='bbox 163 3148 337 3222; x_wconf 80' lang='lat' dir='ltr'>hujus</span> <span class='ocrx_word' id='word_1_467' title='bbox 366 3152 623 3207; x_wconf 86' lang='lat' dir='ltr'>astutias</span> <span class='ocrx_word' id='word_1_468' title='bbox 649 3156 706 3207; x_wconf 91' lang='lat' dir='ltr'>et</span> <span class='ocrx_word' id='word_1_469' title='bbox 741 3168 903 3224; x_wconf 78' lang='lat' dir='ltr'>pasz</span> <span class='ocrx_word' id='word_1_470' title='bbox 934 3154 1325 3211; x_wconf 89' lang='lat' dir='ltr'>innocentiam</span> <span class='ocrx_word' id='word_1_471' title='bbox 1376 3160 1636 3212; x_wconf 90' lang='lat' dir='ltr'>noverat.</span> <span class='ocrx_word' id='word_1_472' title='bbox 1690 3158 1818 3215; x_wconf 91' lang='lat' dir='ltr'>Sola</span> 
     </span>
    </p>
   </div>
   <div class='ocr_carea' id='block_1_66' title="bbox 162 3239 1818 3316">
    <p class='ocr_par' dir='ltr' id='par_1_66' title="bbox 162 3239 1818 3316">
     <span class='ocr_line' id='line_1_68' title="bbox 162 3239 1818 3316; baseline 0.005 -21"><span class='ocrx_word' id='word_1_473' title='bbox 162 3239 314 3295; x_wconf 86' lang='lat' dir='ltr'>enim</span> <span class='ocrx_word' id='word_1_474' title='bbox 348 3244 487 3296; x_wconf 89' lang='lat' dir='ltr'>tunc</span> <span class='ocrx_word' id='word_1_475' title='bbox 518 3240 802 3311; x_wconf 88' lang='lat' dir='ltr'>temporis</span> <span class='ocrx_word' id='word_1_476' title='bbox 832 3240 1063 3298; x_wconf 89' lang='lat' dir='ltr'>inventa</span> <span class='ocrx_word' id='word_1_477' title='bbox 1096 3247 1189 3299; x_wconf 87' lang='lat' dir='ltr'>est</span> <span class='ocrx_word' id='word_1_478' title='bbox 1220 3242 1375 3299; x_wconf 89' lang='lat' dir='ltr'>inter</span> <span class='ocrx_word' id='word_1_479' title='bbox 1400 3244 1662 3316; x_wconf 89' lang='lat' dir='ltr'>feminas,</span> <span class='ocrx_word' id='word_1_480' title='bbox 1690 3261 1818 3316; x_wconf 72' lang='lat' dir='ltr'>quae</span> 
     </span>
    </p>
   </div>
   <div class='ocr_carea' id='block_1_67' title="bbox 162 3328 1817 3403">
    <p class='ocr_par' dir='ltr' id='par_1_67' title="bbox 162 3328 1817 3403">
     <span class='ocr_line' id='line_1_69' title="bbox 162 3328 1817 3403; baseline 0.005 -20"><span class='ocrx_word' id='word_1_481' title='bbox 162 3328 317 3398; x_wconf 80' lang='lat' dir='ltr'>regis</span> <span class='ocrx_word' id='word_1_482' title='bbox 348 3328 669 3400; x_wconf 80' lang='lat' dir='ltr'>potentiam</span> <span class='ocrx_word' id='word_1_483' title='bbox 701 3336 1011 3401; x_wconf 91' lang='lat' dir='ltr'>aspernata</span> <span class='ocrx_word' id='word_1_484' title='bbox 1060 3331 1159 3402; x_wconf 91' lang='lat' dir='ltr'>sit,</span> <span class='ocrx_word' id='word_1_485' title='bbox 1211 3347 1340 3403; x_wconf 82' lang='lat' dir='ltr'>quae</span> <span class='ocrx_word' id='word_1_486' title='bbox 1385 3332 1817 3392; x_wconf 89' lang='lat' dir='ltr'>calliditatibus</span> 
     </span>
    </p>
   </div>
   <div class='ocr_carea' id='block_1_68' title="bbox 161 3417 1811 3495">
    <p class='ocr_par' dir='ltr' id='par_1_68' title="bbox 161 3417 1811 3495">
     <span class='ocr_line' id='line_1_70' title="bbox 161 3417 1811 3495; baseline 0.004 -22"><span class='ocrx_word' id='word_1_487' title='bbox 161 3417 285 3487; x_wconf 86' lang='lat' dir='ltr'>ejus</span> <span class='ocrx_word' id='word_1_488' title='bbox 302 3421 363 3471; x_wconf 90' lang='lat' dir='ltr'>et</span> <span class='ocrx_word' id='word_1_489' title='bbox 387 3417 667 3488; x_wconf 64' lang='lat' dir='ltr'>potentiae</span> <span class='ocrx_word' id='word_1_490' title='bbox 690 3419 866 3475; x_wconf 89' lang='lat' dir='ltr'>etiam</span> <span class='ocrx_word' id='word_1_491' title='bbox 893 3419 1101 3475; x_wconf 88' lang='lat' dir='ltr'>bellico</span> <span class='ocrx_word' id='word_1_492' title='bbox 1120 3421 1439 3477; x_wconf 84' lang='lat' dir='ltr'>certamine</span> <span class='ocrx_word' id='word_1_493' title='bbox 1463 3423 1811 3495; x_wconf 87' lang='lat' dir='ltr'>obviaverit,</span> 
     </span>
    </p>
   </div>
   <div class='ocr_carea' id='block_1_69' title="bbox 161 3505 1812 3579">
    <p class='ocr_par' dir='ltr' id='par_1_69' title="bbox 161 3505 1812 3579">
     <span class='ocr_line' id='line_1_71' title="bbox 161 3505 1812 3579; baseline 0.004 -18"><span class='ocrx_word' id='word_1_494' title='bbox 161 3505 453 3561; x_wconf 85' lang='lat' dir='ltr'>utmerito</span> <span class='ocrx_word' id='word_1_495' title='bbox 471 3505 800 3563; x_wconf 89' lang='lat' dir='ltr'>nominetur</span> <span class='ocrx_word' id='word_1_496' title='bbox 817 3508 1034 3578; x_wconf 84' lang='lat' dir='ltr'>virago,</span> <span class='ocrx_word' id='word_1_497' title='bbox 1054 3524 1181 3579; x_wconf 67' lang='lat' dir='ltr'>qua:</span> <span class='ocrx_word' id='word_1_498' title='bbox 1197 3509 1416 3567; x_wconf 90' lang='lat' dir='ltr'>virtute</span> <span class='ocrx_word' id='word_1_499' title='bbox 1446 3511 1619 3567; x_wconf 87' lang='lat' dir='ltr'>animi</span> <span class='ocrx_word' id='word_1_500' title='bbox 1635 3514 1812 3568; x_wconf 89' lang='lat' dir='ltr'>etiam</span> 
     </span>
    </p>
   </div>
   <div class='ocr_carea' id='block_1_70' title="bbox 158 3594 1815 3669">
    <p class='ocr_par' dir='ltr' id='par_1_70' title="bbox 158 3594 1815 3669">
     <span class='ocr_line' id='line_1_72' title="bbox 158 3594 1815 3669; baseline 0.005 -20"><span class='ocrx_word' id='word_1_501' title='bbox 158 3594 320 3650; x_wconf 71' lang='lat' dir='ltr'>viros</span> <span class='ocrx_word' id='word_1_502' title='bbox 342 3594 611 3665; x_wconf 62' lang='lat' dir='ltr'>praeibat.</span> <span class='ocrx_word' id='word_1_503' title='bbox 641 3595 876 3665; x_wconf 84' lang='lat' dir='ltr'>Adesto,</span> <span class='ocrx_word' id='word_1_504' title='bbox 906 3612 1125 3653; x_wconf 91' lang='lat' dir='ltr'>summe</span> <span class='ocrx_word' id='word_1_505' title='bbox 1149 3600 1316 3669; x_wconf 91' lang='lat' dir='ltr'>Deus,</span> <span class='ocrx_word' id='word_1_506' title='bbox 1335 3603 1391 3654; x_wconf 90' lang='lat' dir='ltr'>et</span> <span class='ocrx_word' id='word_1_507' title='bbox 1406 3600 1815 3658; x_wconf 67' lang='lat' dir='ltr'>:ecclesiietuaa</span> 
     </span>
    </p>
   </div>
   <div class='ocr_carea' id='block_1_71' title="bbox 159 3683 1815 3759">
    <p class='ocr_par' dir='ltr' id='par_1_71' title="bbox 159 3683 1815 3759">
     <span class='ocr_line' id='line_1_73' title="bbox 159 3683 1815 3759; baseline 0.005 -21"><span class='ocrx_word' id='word_1_508' title='bbox 159 3694 403 3753; x_wconf 79' lang='lat' dir='ltr'>regunm</span> <span class='ocrx_word' id='word_1_509' title='bbox 437 3686 497 3738; x_wconf 89' lang='lat' dir='ltr'>et</span> <span class='ocrx_word' id='word_1_510' title='bbox 530 3683 1635 3759; x_wconf 62' lang='lat' dir='ltr'>aecclesiasticmconstitutionisrobur,</span> <span class='ocrx_word' id='word_1_511' title='bbox 1662 3689 1815 3759; x_wconf 90' lang='lat' dir='ltr'>quod</span> 
     </span>
    </p>
   </div>
   <div class='ocr_carea' id='block_1_72' title="bbox 160 3769 1816 3849">
    <p class='ocr_par' dir='ltr' id='par_1_72' title="bbox 160 3769 1816 3849">
     <span class='ocr_line' id='line_1_74' title="bbox 160 3769 1816 3849; baseline 0.005 -23"><span class='ocrx_word' id='word_1_512' title='bbox 160 3769 384 3842; x_wconf 89' lang='lat' dir='ltr'>Spiritu</span> <span class='ocrx_word' id='word_1_513' title='bbox 416 3776 621 3828; x_wconf 89' lang='lat' dir='ltr'>sancto</span> <span class='ocrx_word' id='word_1_514' title='bbox 651 3777 750 3829; x_wconf 89' lang='lat' dir='ltr'>tuo</span> <span class='ocrx_word' id='word_1_515' title='bbox 780 3773 1090 3829; x_wconf 87' lang='lat' dir='ltr'>ordinante</span> <span class='ocrx_word' id='word_1_516' title='bbox 1143 3774 1502 3847; x_wconf 86' lang='lat' dir='ltr'>ﬁrmaveras,</span> <span class='ocrx_word' id='word_1_517' title='bbox 1556 3792 1670 3834; x_wconf 89' lang='lat' dir='ltr'>non</span> <span class='ocrx_word' id='word_1_518' title='bbox 1718 3794 1816 3849; x_wconf 87' lang='lat' dir='ltr'>pa-</span> 
     </span>
    </p>
   </div>
   <div class='ocr_carea' id='block_1_73' title="bbox 160 3856 1811 3930">
    <p class='ocr_par' dir='ltr' id='par_1_73' title="bbox 160 3856 1811 3930">
     <span class='ocr_line' id='line_1_75' title="bbox 160 3856 1811 3930; baseline 0.006 -19"><span class='ocrx_word' id='word_1_519' title='bbox 160 3857 329 3914; x_wconf 89' lang='lat' dir='ltr'>tiaris</span> <span class='ocrx_word' id='word_1_520' title='bbox 357 3856 430 3914; x_wconf 92' lang='lat' dir='ltr'>de</span> <span class='ocrx_word' id='word_1_521' title='bbox 451 3858 703 3915; x_wconf 89' lang='lat' dir='ltr'>culmine</span> <span class='ocrx_word' id='word_1_522' title='bbox 725 3858 930 3930; x_wconf 63' lang='lat' dir='ltr'>gloriae</span> <span class='ocrx_word' id='word_1_523' title='bbox 954 3876 1075 3918; x_wconf 73' lang='lat' dir='ltr'>suae</span> <span class='ocrx_word' id='word_1_524' title='bbox 1099 3862 1298 3929; x_wconf 87' lang='lat' dir='ltr'>dilabi,</span> <span class='ocrx_word' id='word_1_525' title='bbox 1321 3878 1428 3919; x_wconf 91' lang='lat' dir='ltr'>nec</span> <span class='ocrx_word' id='word_1_526' title='bbox 1451 3863 1608 3921; x_wconf 89' lang='lat' dir='ltr'>sinas</span> <span class='ocrx_word' id='word_1_527' title='bbox 1631 3868 1811 3922; x_wconf 91' lang='lat' dir='ltr'>tantis</span> 
     </span>
    </p>
   </div>
   <div class='ocr_carea' id='block_1_74' title="bbox 159 3946 1812 4025">
    <p class='ocr_par' dir='ltr' id='par_1_74' title="bbox 159 3946 1812 4025">
     <span class='ocr_line' id='line_1_76' title="bbox 159 3946 1812 4025; baseline 0.005 -23"><span class='ocrx_word' id='word_1_528' title='bbox 159 3946 471 4016; x_wconf 83' lang='lat' dir='ltr'>subjacere</span> <span class='ocrx_word' id='word_1_529' title='bbox 496 3947 796 4018; x_wconf 86' lang='lat' dir='ltr'>periculis.</span> <span class='ocrx_word' id='word_1_530' title='bbox 833 3950 949 4007; x_wconf 83' lang='lat' dir='ltr'>Hec</span> <span class='ocrx_word' id='word_1_531' title='bbox 981 3956 1071 4007; x_wconf 88' lang='lat' dir='ltr'>est</span> <span class='ocrx_word' id='word_1_532' title='bbox 1110 3950 1314 4007; x_wconf 90' lang='lat' dir='ltr'>mulier</span> <span class='ocrx_word' id='word_1_533' title='bbox 1348 3950 1466 4021; x_wconf 90' lang='lat' dir='ltr'>illa,</span> <span class='ocrx_word' id='word_1_534' title='bbox 1502 3954 1573 4009; x_wconf 89' lang='lat' dir='ltr'>de</span> <span class='ocrx_word' id='word_1_535' title='bbox 1605 3956 1812 4025; x_wconf 80' lang='lat' dir='ltr'>qua‘ab</span> 
     </span>
    </p>
   </div>
   <div class='ocr_carea' id='block_1_75' title="bbox 156 4035 1813 4099">
    <p class='ocr_par' dir='ltr' id='par_1_75' title="bbox 156 4035 1813 4099">
     <span class='ocr_line' id='line_1_77' title="bbox 156 4035 1813 4099; baseline 0.004 -7"><span class='ocrx_word' id='word_1_536' title='bbox 156 4035 650 4092; x_wconf 88' lang='lat' dir='ltr'>ottrectatoribus</span> <span class='ocrx_word' id='word_1_537' title='bbox 669 4035 738 4069; x_wconf 67' lang='lat'>‘1‘</span> <span class='ocrx_word' id='word_1_538' title='bbox 761 4036 893 4094; x_wconf 82' lang='lat' dir='ltr'>fidei</span> <span class='ocrx_word' id='word_1_539' title='bbox 920 4042 977 4093; x_wconf 90' lang='lat' dir='ltr'>et</span> <span class='ocrx_word' id='word_1_540' title='bbox 1010 4039 1521 4097; x_wconf 89' lang='lat' dir='ltr'>conculcatoribus</span> <span class='ocrx_word' id='word_1_541' title='bbox 1546 4041 1813 4099; x_wconf 88' lang='lat' dir='ltr'>veritatis</span> 
     </span>
    </p>
   </div>
   <div class='ocr_carea' id='block_1_76' title="bbox 156 4122 1810 4198">
    <p class='ocr_par' dir='ltr' id='par_1_76' title="bbox 156 4122 1810 4198">
     <span class='ocr_line' id='line_1_78' title="bbox 156 4122 1810 4198; baseline 0.005 -19"><span class='ocrx_word' id='word_1_542' title='bbox 156 4122 377 4180; x_wconf 88' lang='lat' dir='ltr'>crimen</span> <span class='ocrx_word' id='word_1_543' title='bbox 400 4124 663 4181; x_wconf 65' lang='lat' dir='ltr'>incestus</span> <span class='ocrx_word' id='word_1_544' title='bbox 686 4130 892 4181; x_wconf 89' lang='lat' dir='ltr'>sancto</span> <span class='ocrx_word' id='word_1_545' title='bbox 916 4126 1180 4197; x_wconf 83' lang='lat' dir='ltr'>pontifici</span> <span class='ocrx_word' id='word_1_546' title='bbox 1202 4127 1610 4198; x_wconf 89' lang='lat' dir='ltr'>objiciebatur.</span> <span class='ocrx_word' id='word_1_547' title='bbox 1640 4131 1741 4187; x_wconf 83' lang='lat' dir='ltr'>Cui</span> <span class='ocrx_word' id='word_1_548' title='bbox 1760 4131 1810 4188; x_wconf 88' lang='lat' dir='ltr'>si</span> 
     </span>
    </p>
   </div>
   <div class='ocr_carea' id='block_1_77' title="bbox 156 4212 1808 4282">
    <p class='ocr_par' dir='ltr' id='par_1_77' title="bbox 156 4212 1808 4282">
     <span class='ocr_line' id='line_1_79' title="bbox 156 4212 1808 4282; baseline 0.005 -15"><span class='ocrx_word' id='word_1_549' title='bbox 156 4212 432 4269; x_wconf 87' lang='lat' dir='ltr'>deessent</span> <span class='ocrx_word' id='word_1_550' title='bbox 467 4213 806 4270; x_wconf 87' lang='lat' dir='ltr'>meritorum</span> <span class='ocrx_word' id='word_1_551' title='bbox 839 4214 1061 4282; x_wconf 87' lang='lat' dir='ltr'>laudes,</span> <span class='ocrx_word' id='word_1_552' title='bbox 1096 4216 1207 4273; x_wconf 82' lang='lat' dir='ltr'>hoc</span> <span class='ocrx_word' id='word_1_553' title='bbox 1250 4216 1437 4273; x_wconf 91' lang='lat' dir='ltr'>solum</span> <span class='ocrx_word' id='word_1_554' title='bbox 1488 4218 1635 4275; x_wconf 88' lang='lat' dir='ltr'>satis</span> <span class='ocrx_word' id='word_1_555' title='bbox 1681 4234 1808 4278; x_wconf 77' lang='lat' dir='ltr'>eam</span> 
     </span>
    </p>
   </div>
   <div class='ocr_carea' id='block_1_78' title="bbox 156 4300 1807 4378">
    <p class='ocr_par' dir='ltr' id='par_1_78' title="bbox 156 4300 1807 4378">
     <span class='ocr_line' id='line_1_80' title="bbox 156 4300 1807 4378; baseline 0.005 -21"><span class='ocrx_word' id='word_1_556' title='bbox 156 4300 677 4358; x_wconf 86' lang='lat' dir='ltr'>commendabilem</span> <span class='ocrx_word' id='word_1_557' title='bbox 710 4303 1004 4374; x_wconf 86' lang='lat' dir='ltr'>redderet,</span> <span class='ocrx_word' id='word_1_558' title='bbox 1040 4304 1191 4374; x_wconf 90' lang='lat' dir='ltr'>quod</span> <span class='ocrx_word' id='word_1_559' title='bbox 1223 4320 1353 4363; x_wconf 90' lang='lat' dir='ltr'>cum</span> <span class='ocrx_word' id='word_1_560' title='bbox 1373 4305 1477 4362; x_wconf 90' lang='lat' dir='ltr'>tali</span> <span class='ocrx_word' id='word_1_561' title='bbox 1503 4306 1647 4378; x_wconf 90' lang='lat' dir='ltr'>viro,</span> <span class='ocrx_word' id='word_1_562' title='bbox 1675 4308 1807 4365; x_wconf 92' lang='lat' dir='ltr'>dum</span> 
     </span>
    </p>
   </div>
   <div class='ocr_carea' id='block_1_79' title="bbox 154 4389 1806 4467">
    <p class='ocr_par' dir='ltr' id='par_1_79' title="bbox 154 4389 1806 4467">
     <span class='ocr_line' id='line_1_81' title="bbox 154 4389 1806 4467; baseline 0.003 -20"><span class='ocrx_word' id='word_1_563' title='bbox 154 4390 571 4462; x_wconf 77' lang='lat' dir='ltr'>exprobratur,</span> <span class='ocrx_word' id='word_1_564' title='bbox 596 4389 732 4447; x_wconf 88' lang='lat' dir='ltr'>dum</span> <span class='ocrx_word' id='word_1_565' title='bbox 748 4391 1000 4449; x_wconf 89' lang='lat' dir='ltr'>convitia</span> <span class='ocrx_word' id='word_1_566' title='bbox 1018 4393 1286 4464; x_wconf 83' lang='lat' dir='ltr'>suscipit,</span> <span class='ocrx_word' id='word_1_567' title='bbox 1305 4393 1439 4450; x_wconf 92' lang='lat' dir='ltr'>dum</span> <span class='ocrx_word' id='word_1_568' title='bbox 1454 4394 1806 4467; x_wconf 88' lang='lat' dir='ltr'>improperia</span> 
     </span>
    </p>
   </div>
   <div class='ocr_carea' id='block_1_80' title="bbox 1933 3149 3573 3231">
    <p class='ocr_par' dir='ltr' id='par_1_80' title="bbox 1933 3149 3573 3231">
     <span class='ocr_line' id='line_1_82' title="bbox 1933 3149 3573 3231; baseline 0.013 -28"><span class='ocrx_word' id='word_1_569' title='bbox 1933 3151 1993 3203; x_wconf 93' lang='lat' dir='ltr'>et</span> <span class='ocrx_word' id='word_1_570' title='bbox 2025 3149 2356 3208; x_wconf 86' lang='lat' dir='ltr'>obedientia</span> <span class='ocrx_word' id='word_1_571' title='bbox 2386 3154 2585 3210; x_wconf 76' lang='lat' dir='ltr'>debita</span> <span class='ocrx_word' id='word_1_572' title='bbox 2620 3155 2790 3213; x_wconf 72' lang='lat' dir='ltr'>beato</span> <span class='ocrx_word' id='word_1_573' title='bbox 2823 3159 3015 3231; x_wconf 89' lang='lat' dir='ltr'>Petro,</span> <span class='ocrx_word' id='word_1_574' title='bbox 3069 3161 3410 3222; x_wconf 87' lang='lat' dir='ltr'>dulcissimo</span> <span class='ocrx_word' id='word_1_575' title='bbox 3457 3182 3573 3224; x_wconf 90' lang='lat' dir='ltr'>am-</span> 
     </span>
    </p>
   </div>
   <div class='ocr_carea' id='block_1_81' title="bbox 1932 3236 3573 3321">
    <p class='ocr_par' dir='ltr' id='par_1_81' title="bbox 1932 3236 3573 3321">
     <span class='ocr_line' id='line_1_83' title="bbox 1932 3236 3573 3321; baseline 0.013 -30"><span class='ocrx_word' id='word_1_576' title='bbox 1932 3236 2303 3307; x_wconf 90' lang='lat' dir='ltr'>plectebatur</span> <span class='ocrx_word' id='word_1_577' title='bbox 2320 3240 2553 3313; x_wconf 74' lang='lat' dir='ltr'>affectu,</span> <span class='ocrx_word' id='word_1_578' title='bbox 2581 3243 2725 3300; x_wconf 91' lang='lat' dir='ltr'>adeo</span> <span class='ocrx_word' id='word_1_579' title='bbox 2750 3249 2813 3300; x_wconf 90' lang='lat' dir='ltr'>ut</span> <span class='ocrx_word' id='word_1_580' title='bbox 2835 3249 3239 3321; x_wconf 89' lang='lat' dir='ltr'>concaptivum</span> <span class='ocrx_word' id='word_1_581' title='bbox 3262 3268 3428 3310; x_wconf 90' lang='lat' dir='ltr'>suum</span> <span class='ocrx_word' id='word_1_582' title='bbox 3442 3270 3573 3312; x_wconf 91' lang='lat' dir='ltr'>eum</span> 
     </span>
    </p>
   </div>
   <div class='ocr_carea' id='block_1_82' title="bbox 1929 3330 3573 3413">
    <p class='ocr_par' dir='ltr' id='par_1_82' title="bbox 1929 3330 3573 3413">
     <span class='ocr_line' id='line_1_84' title="bbox 1929 3330 3573 3413; baseline 0.012 -31"><span class='ocrx_word' id='word_1_583' title='bbox 1929 3331 2168 3383; x_wconf 77' lang='lat' dir='ltr'>vocaret</span> <span class='ocrx_word' id='word_1_584' title='bbox 2201 3345 2215 3392; x_wconf 89' lang='lat'><strong>;</strong></span> <span class='ocrx_word' id='word_1_585' title='bbox 2249 3330 2381 3400; x_wconf 92' lang='lat' dir='ltr'>quia</span> <span class='ocrx_word' id='word_1_586' title='bbox 2415 3345 2527 3387; x_wconf 90' lang='lat' dir='ltr'>non</span> <span class='ocrx_word' id='word_1_587' title='bbox 2559 3347 2690 3402; x_wconf 82' lang='lat' dir='ltr'>eum</span> <span class='ocrx_word' id='word_1_588' title='bbox 2721 3337 3028 3393; x_wconf 87' lang='lat' dir='ltr'>movebant</span> <span class='ocrx_word' id='word_1_589' title='bbox 3061 3338 3272 3397; x_wconf 89' lang='lat' dir='ltr'>salutis</span> <span class='ocrx_word' id='word_1_590' title='bbox 3312 3343 3573 3413; x_wconf 90' lang='lat' dir='ltr'>pericula</span> 
     </span>
    </p>
   </div>
   <div class='ocr_carea' id='block_1_83' title="bbox 1930 3415 3577 3496">
    <p class='ocr_par' dir='ltr' id='par_1_83' title="bbox 1930 3415 3577 3496">
     <span class='ocr_line' id='line_1_85' title="bbox 1930 3415 3577 3496; baseline 0.012 -26"><span class='ocrx_word' id='word_1_591' title='bbox 1930 3429 2035 3486; x_wconf 88' lang='lat' dir='ltr'>pro</span> <span class='ocrx_word' id='word_1_592' title='bbox 2061 3415 2293 3484; x_wconf 90' lang='lat' dir='ltr'>justitia</span> <span class='ocrx_word' id='word_1_593' title='bbox 2322 3424 2615 3492; x_wconf 89' lang='lat' dir='ltr'>suscepta.</span> <span class='ocrx_word' id='word_1_594' title='bbox 2651 3423 2812 3480; x_wconf 86' lang='lat' dir='ltr'>llunc</span> <span class='ocrx_word' id='word_1_595' title='bbox 2837 3440 2979 3496; x_wconf 87' lang='lat' dir='ltr'>ergo</span> <span class='ocrx_word' id='word_1_596' title='bbox 3006 3426 3075 3482; x_wconf 92' lang='lat' dir='ltr'>ad</span> <span class='ocrx_word' id='word_1_597' title='bbox 3099 3432 3458 3488; x_wconf 86' lang='lat' dir='ltr'>evocandum</span> <span class='ocrx_word' id='word_1_598' title='bbox 3481 3432 3577 3490; x_wconf 88' lang='lat' dir='ltr'>du-</span> 
     </span>
    </p>
   </div>
   <div class='ocr_carea' id='block_1_84' title="bbox 1929 3507 3575 3585">
    <p class='ocr_par' dir='ltr' id='par_1_84' title="bbox 1929 3507 3575 3585">
     <span class='ocr_line' id='line_1_86' title="bbox 1929 3507 3575 3585; baseline 0.012 -27"><span class='ocrx_word' id='word_1_599' title='bbox 1929 3517 2052 3559; x_wconf 91' lang='lat' dir='ltr'>cem</span> <span class='ocrx_word' id='word_1_600' title='bbox 2086 3519 2216 3561; x_wconf 92' lang='lat' dir='ltr'>cum</span> <span class='ocrx_word' id='word_1_601' title='bbox 2251 3507 2598 3577; x_wconf 89' lang='lat' dir='ltr'>quibusdam</span> <span class='ocrx_word' id='word_1_602' title='bbox 2630 3512 3030 3572; x_wconf 89' lang='lat' dir='ltr'>cardinalibus</span> <span class='ocrx_word' id='word_1_603' title='bbox 3061 3517 3232 3573; x_wconf 91' lang='lat' dir='ltr'>misit.</span> <span class='ocrx_word' id='word_1_604' title='bbox 3279 3520 3385 3585; x_wconf 88' lang='lat' dir='ltr'>Qui</span> <span class='ocrx_word' id='word_1_605' title='bbox 3437 3523 3575 3578; x_wconf 89' lang='lat' dir='ltr'>obe-</span> 
     </span>
    </p>
   </div>
   <div class='ocr_carea' id='block_1_85' title="bbox 1928 3590 3571 3678">
    <p class='ocr_par' dir='ltr' id='par_1_85' title="bbox 1928 3590 3571 3678">
     <span class='ocr_line' id='line_1_87' title="bbox 1928 3590 3571 3678; baseline 0.012 -31"><span class='ocrx_word' id='word_1_606' title='bbox 1928 3590 2204 3649; x_wconf 89' lang='lat' dir='ltr'>dientiam</span> <span class='ocrx_word' id='word_1_607' title='bbox 2221 3610 2332 3651; x_wconf 94' lang='lat' dir='ltr'>non</span> <span class='ocrx_word' id='word_1_608' title='bbox 2350 3598 2610 3667; x_wconf 89' lang='lat' dir='ltr'>segniter</span> <span class='ocrx_word' id='word_1_609' title='bbox 2625 3605 3310 3678; x_wconf 84' lang='lat' dir='ltr'>exequutus,principem</span> <span class='ocrx_word' id='word_1_610' title='bbox 3328 3609 3435 3665; x_wconf 91' lang='lat' dir='ltr'>add</span> <span class='ocrx_word' id='word_1_611' title='bbox 3448 3611 3571 3665; x_wconf 85' lang='lat' dir='ltr'>uxit</span> 
     </span>
    </p>
   </div>
   <div class='ocr_carea' id='block_1_86' title="bbox 1926 3680 3567 3768">
    <p class='ocr_par' dir='ltr' id='par_1_86' title="bbox 1926 3680 3567 3768">
     <span class='ocr_line' id='line_1_88' title="bbox 1926 3680 3567 3768; baseline 0.012 -33"><span class='ocrx_word' id='word_1_612' title='bbox 1926 3683 1986 3735; x_wconf 90' lang='lat' dir='ltr'>et</span> <span class='ocrx_word' id='word_1_613' title='bbox 2009 3680 2143 3737; x_wconf 90' lang='lat' dir='ltr'>data</span> <span class='ocrx_word' id='word_1_614' title='bbox 2166 3683 2305 3740; x_wconf 89' lang='lat' dir='ltr'>Urbi</span> <span class='ocrx_word' id='word_1_615' title='bbox 2329 3686 2655 3758; x_wconf 90' lang='lat' dir='ltr'>obsidione,</span> <span class='ocrx_word' id='word_1_616' title='bbox 2684 3690 3098 3764; x_wconf 89' lang='lat' dir='ltr'>patefactoque</span> <span class='ocrx_word' id='word_1_617' title='bbox 3124 3693 3411 3767; x_wconf 89' lang='lat' dir='ltr'>ingressu,</span> <span class='ocrx_word' id='word_1_618' title='bbox 3432 3712 3567 3768; x_wconf 89' lang='lat' dir='ltr'>rege</span> 
     </span>
    </p>
   </div>
   <div class='ocr_carea' id='block_1_87' title="bbox 1927 3768 3565 3856">
    <p class='ocr_par' dir='ltr' id='par_1_87' title="bbox 1927 3768 3565 3856">
     <span class='ocr_line' id='line_1_89' title="bbox 1927 3768 3565 3856; baseline 0.013 -33"><span class='ocrx_word' id='word_1_619' title='bbox 1927 3768 2143 3839; x_wconf 86' lang='lat' dir='ltr'>fugato,</span> <span class='ocrx_word' id='word_1_620' title='bbox 2181 3786 2326 3843; x_wconf 91' lang='lat' dir='ltr'>papa</span> <span class='ocrx_word' id='word_1_621' title='bbox 2360 3772 2665 3849; x_wconf 88' lang='lat' dir='ltr'>liberatur,</span> <span class='ocrx_word' id='word_1_622' title='bbox 2700 3783 2761 3833; x_wconf 90' lang='lat' dir='ltr'>et</span> <span class='ocrx_word' id='word_1_623' title='bbox 2782 3778 2851 3834; x_wconf 91' lang='lat' dir='ltr'>ad</span> <span class='ocrx_word' id='word_1_624' title='bbox 2877 3780 3264 3840; x_wconf 89' lang='lat' dir='ltr'>Lateranense</span> <span class='ocrx_word' id='word_1_625' title='bbox 3287 3786 3565 3856; x_wconf 86' lang='lat' dir='ltr'>palatium</span> 
     </span>
    </p>
   </div>
   <div class='ocr_carea' id='block_1_88' title="bbox 1925 3857 3568 3937">
    <p class='ocr_par' dir='ltr' id='par_1_88' title="bbox 1925 3857 3568 3937">
     <span class='ocr_line' id='line_1_90' title="bbox 1925 3857 3568 3937; baseline 0.012 -25"><span class='ocrx_word' id='word_1_626' title='bbox 1925 3871 2053 3913; x_wconf 91' lang='lat' dir='ltr'>cum</span> <span class='ocrx_word' id='word_1_627' title='bbox 2081 3857 2264 3927; x_wconf 90' lang='lat' dir='ltr'>gloria</span> <span class='ocrx_word' id='word_1_628' title='bbox 2288 3861 2611 3920; x_wconf 88' lang='lat' dir='ltr'>reducitur.</span> <span class='ocrx_word' id='word_1_629' title='bbox 2641 3868 2713 3920; x_wconf 83' lang='lat' dir='ltr'>At</span> <span class='ocrx_word' id='word_1_630' title='bbox 2744 3867 2877 3937; x_wconf 90' lang='lat' dir='ltr'>quia</span> <span class='ocrx_word' id='word_1_631' title='bbox 2901 3870 3364 3928; x_wconf 81' lang='lat' dir='ltr'>Nor-nannornm</span> <span class='ocrx_word' id='word_1_632' title='bbox 3391 3874 3568 3930; x_wconf 90' lang='lat' dir='ltr'>insta-</span> 
     </span>
    </p>
   </div>
   <div class='ocr_carea' id='block_1_89' title="bbox 1926 3944 3566 4034">
    <p class='ocr_par' dir='ltr' id='par_1_89' title="bbox 1926 3944 3566 4034">
     <span class='ocr_line' id='line_1_91' title="bbox 1926 3944 3566 4034; baseline 0.012 -34"><span class='ocrx_word' id='word_1_633' title='bbox 1926 3944 2124 4002; x_wconf 89' lang='lat' dir='ltr'>bilitas</span> <span class='ocrx_word' id='word_1_634' title='bbox 2143 3948 2295 4003; x_wconf 91' lang='lat' dir='ltr'>Urbe</span> <span class='ocrx_word' id='word_1_635' title='bbox 2318 3955 2487 4020; x_wconf 88' lang='lat' dir='ltr'>capta</span> <span class='ocrx_word' id='word_1_636' title='bbox 2511 3956 2566 4006; x_wconf 91' lang='lat' dir='ltr'>et</span> <span class='ocrx_word' id='word_1_637' title='bbox 2595 3954 2807 4022; x_wconf 62' lang='lat' dir='ltr'>praedae</span> <span class='ocrx_word' id='word_1_638' title='bbox 2829 3954 2963 4010; x_wconf 90' lang='lat' dir='ltr'>data</span> <span class='ocrx_word' id='word_1_639' title='bbox 2991 3958 3168 4014; x_wconf 80' lang='lat' dir='ltr'>multa</span> <span class='ocrx_word' id='word_1_640' title='bbox 3197 3960 3341 4016; x_wconf 88' lang='lat' dir='ltr'>mala</span> <span class='ocrx_word' id='word_1_641' title='bbox 3364 3976 3566 4034; x_wconf 89' lang='lat' dir='ltr'>perpe-</span> 
     </span>
    </p>
   </div>
   <div class='ocr_carea' id='block_1_90' title="bbox 1924 4036 3561 4117">
    <p class='ocr_par' dir='ltr' id='par_1_90' title="bbox 1924 4036 3561 4117">
     <span class='ocr_line' id='line_1_92' title="bbox 1924 4036 3561 4117; baseline 0.011 -31"><span class='ocrx_word' id='word_1_642' title='bbox 1924 4036 2203 4103; x_wconf 89' lang='lat' dir='ltr'>traverat,</span> <span class='ocrx_word' id='word_1_643' title='bbox 2240 4036 2519 4092; x_wconf 90' lang='lat' dir='ltr'>nobilium</span> <span class='ocrx_word' id='word_1_644' title='bbox 2552 4038 2940 4098; x_wconf 83' lang='lat' dir='ltr'>Romanorum</span> <span class='ocrx_word' id='word_1_645' title='bbox 2964 4042 3113 4100; x_wconf 84' lang='lat' dir='ltr'>ﬁlias</span> <span class='ocrx_word' id='word_1_646' title='bbox 3136 4047 3481 4117; x_wconf 90' lang='lat' dir='ltr'>stuprando,</span> <span class='ocrx_word' id='word_1_647' title='bbox 3503 4055 3561 4104; x_wconf 91' lang='lat' dir='ltr'>et</span> 
     </span>
    </p>
   </div>
   <div class='ocr_carea' id='block_1_91' title="bbox 1922 4122 3559 4204">
    <p class='ocr_par' dir='ltr' id='par_1_91' title="bbox 1922 4122 3559 4204">
     <span class='ocr_line' id='line_1_93' title="bbox 1922 4122 3559 4204; baseline 0.01 -30"><span class='ocrx_word' id='word_1_648' title='bbox 1922 4124 2202 4177; x_wconf 90' lang='lat' dir='ltr'>nocentes</span> <span class='ocrx_word' id='word_1_649' title='bbox 2216 4122 2440 4192; x_wconf 89' lang='lat' dir='ltr'>pariter</span> <span class='ocrx_word' id='word_1_650' title='bbox 2456 4123 2912 4197; x_wconf 89' lang='lat' dir='ltr'>innocentesque</span> <span class='ocrx_word' id='word_1_651' title='bbox 2929 4130 3050 4200; x_wconf 89' lang='lat' dir='ltr'>pari</span> <span class='ocrx_word' id='word_1_652' title='bbox 3072 4146 3236 4201; x_wconf 86' lang='lat' dir='ltr'>poena</span> <span class='ocrx_word' id='word_1_653' title='bbox 3253 4132 3559 4204; x_wconf 79' lang='lat' dir='ltr'>amigendo</span> 
     </span>
    </p>
   </div>
   <div class='ocr_carea' id='block_1_92' title="bbox 1922 4205 3556 4294">
    <p class='ocr_par' dir='ltr' id='par_1_92' title="bbox 1922 4205 3556 4294">
     <span class='ocr_line' id='line_1_94' title="bbox 1922 4205 3556 4294; baseline 0.01 -33"><span class='ocrx_word' id='word_1_654' title='bbox 1922 4205 2259 4279; x_wconf 89' lang='lat' dir='ltr'>nullumque</span> <span class='ocrx_word' id='word_1_655' title='bbox 2274 4210 2523 4282; x_wconf 91' lang='lat' dir='ltr'>modum,</span> <span class='ocrx_word' id='word_1_656' title='bbox 2548 4211 2629 4269; x_wconf 89' lang='lat' dir='ltr'>uti</span> <span class='ocrx_word' id='word_1_657' title='bbox 2645 4212 2976 4272; x_wconf 92' lang='lat' dir='ltr'>victoribus</span> <span class='ocrx_word' id='word_1_658' title='bbox 2992 4232 3115 4273; x_wconf 91' lang='lat' dir='ltr'>mos</span> <span class='ocrx_word' id='word_1_659' title='bbox 3129 4224 3243 4290; x_wconf 92' lang='lat' dir='ltr'>est,</span> <span class='ocrx_word' id='word_1_660' title='bbox 3262 4219 3317 4275; x_wconf 93' lang='lat' dir='ltr'>in</span> <span class='ocrx_word' id='word_1_661' title='bbox 3332 4221 3556 4294; x_wconf 90' lang='lat' dir='ltr'>rapina,</span> 
     </span>
    </p>
   </div>
   <div class='ocr_carea' id='block_1_93' title="bbox 1921 4295 3561 4371">
    <p class='ocr_par' dir='ltr' id='par_1_93' title="bbox 1921 4295 3561 4371">
     <span class='ocr_line' id='line_1_95' title="bbox 1921 4295 3561 4371; baseline 0.01 -21"><span class='ocrx_word' id='word_1_662' title='bbox 1921 4295 2293 4369; x_wconf 89' lang='lat' dir='ltr'>crudelitate,</span> <span class='ocrx_word' id='word_1_663' title='bbox 2326 4298 2653 4371; x_wconf 91' lang='lat' dir='ltr'>direptione</span> <span class='ocrx_word' id='word_1_664' title='bbox 2684 4303 2951 4362; x_wconf 91' lang='lat' dir='ltr'>habendo</span> <span class='ocrx_word' id='word_1_665' title='bbox 2984 4324 2996 4359; x_wconf 91' lang='lat'><strong>:</strong></span> <span class='ocrx_word' id='word_1_666' title='bbox 3033 4307 3257 4364; x_wconf 90' lang='lat' dir='ltr'>veritus</span> <span class='ocrx_word' id='word_1_667' title='bbox 3295 4323 3365 4365; x_wconf 92' lang='lat' dir='ltr'>ne</span> <span class='ocrx_word' id='word_1_668' title='bbox 3412 4309 3561 4367; x_wconf 91' lang='lat' dir='ltr'>duce</span> 
     </span>
    </p>
   </div>
   <div class='ocr_carea' id='block_1_94' title="bbox 1924 4385 3559 4465">
    <p class='ocr_par' dir='ltr' id='par_1_94' title="bbox 1924 4385 3559 4465">
     <span class='ocr_line' id='line_1_96' title="bbox 1924 4385 3559 4465; baseline 0.01 -24"><span class='ocrx_word' id='word_1_669' title='bbox 1924 4385 2237 4443; x_wconf 88' lang='lat' dir='ltr'>recedente</span> <span class='ocrx_word' id='word_1_670' title='bbox 2258 4386 2575 4446; x_wconf 85' lang='lat' dir='ltr'>infidelitas</span> <span class='ocrx_word' id='word_1_671' title='bbox 2596 4392 2848 4448; x_wconf 86' lang='lat' dir='ltr'>Romana</span> <span class='ocrx_word' id='word_1_672' title='bbox 2872 4395 3167 4465; x_wconf 87' lang='lat' dir='ltr'>exagitata</span> <span class='ocrx_word' id='word_1_673' title='bbox 3183 4400 3559 4457; x_wconf 87' lang='lat' dir='ltr'>recrudesce-</span> 
     </span>
    </p>
   </div>
   <div class='ocr_carea' id='block_1_95' title="bbox 153 4457 1740 4562">
    <p class='ocr_par' dir='ltr' id='par_1_95' title="bbox 153 4457 1740 4553">
     <span class='ocr_line' id='line_1_97' title="bbox 153 4457 1740 4553; baseline 0.003 -18"><span class='ocrx_word' id='word_1_674' title='bbox 153 4457 341 4548; x_wconf 76' lang='lat' dir='ltr'>audit,</span> <span class='ocrx_word' id='word_1_675' title='bbox 378 4457 763 4551; x_wconf 81' lang='lat' dir='ltr'>approbatur,</span> <span class='ocrx_word' id='word_1_676' title='bbox 794 4460 1132 4553; x_wconf 82' lang='lat' dir='ltr'>honoratur,</span> <span class='ocrx_word' id='word_1_677' title='bbox 1164 4457 1458 4541; x_wconf 76' lang='lat' dir='ltr'>laudatur.</span> <span class='ocrx_word' id='word_1_678' title='bbox 1495 4457 1740 4549; x_wconf 26' lang='lat' dir='ltr'>Qiuaeeui</span> 
     </span>
    </p>
   </div>
   <div class='ocr_carea' id='block_1_96' title="bbox 1944 4457 3559 4562">
    <p class='ocr_par' dir='ltr' id='par_1_96' title="bbox 1944 4457 3559 4562">
     <span class='ocr_line' id='line_1_98' title="bbox 1944 4457 3559 4562; baseline 0.011 -32"><span class='ocrx_word' id='word_1_679' title='bbox 1944 4478 2032 4545; x_wconf 74' lang='lat' dir='ltr'>&#39;et,</span> <span class='ocrx_word' id='word_1_680' title='bbox 2063 4479 2123 4531; x_wconf 91' lang='lat' dir='ltr'>et</span> <span class='ocrx_word' id='word_1_681' title='bbox 2152 4490 2297 4546; x_wconf 93' lang='lat' dir='ltr'>quos</span> <span class='ocrx_word' id='word_1_682' title='bbox 2328 4482 2496 4534; x_wconf 91' lang='lat' dir='ltr'>antea</span> <span class='ocrx_word' id='word_1_683' title='bbox 2528 4457 3012 4553; x_wconf 63' lang='lat' dir='ltr'>habueratquasi</span> <span class='ocrx_word' id='word_1_684' title='bbox 3026 4484 3175 4543; x_wconf 84' lang='lat' dir='ltr'>fidos</span> <span class='ocrx_word' id='word_1_685' title='bbox 3195 4488 3434 4559; x_wconf 90' lang='lat' dir='ltr'>amicos,</span> <span class='ocrx_word' id='word_1_686' title='bbox 3463 4505 3559 4562; x_wconf 92' lang='lat' dir='ltr'>pa-</span> 
     </span>
    </p>
   </div>
   <div class='ocr_carea' id='block_1_97' title="bbox 154 4567 1807 4640">
    <p class='ocr_par' dir='ltr' id='par_1_97' title="bbox 154 4567 1807 4640">
     <span class='ocr_line' id='line_1_99' title="bbox 154 4567 1807 4640; baseline 0.003 -16"><span class='ocrx_word' id='word_1_687' title='bbox 154 4573 217 4624; x_wconf 89' lang='lat' dir='ltr'>ut</span> <span class='ocrx_word' id='word_1_688' title='bbox 244 4567 373 4625; x_wconf 64' lang='lat' dir='ltr'>haec</span> <span class='ocrx_word' id='word_1_689' title='bbox 402 4582 512 4639; x_wconf 88' lang='lat' dir='ltr'>pro</span> <span class='ocrx_word' id='word_1_690' title='bbox 541 4568 792 4625; x_wconf 83' lang='lat' dir='ltr'>Romana</span> <span class='ocrx_word' id='word_1_691' title='bbox 826 4569 1152 4627; x_wconf 90' lang='lat' dir='ltr'>decertavit</span> <span class='ocrx_word' id='word_1_692' title='bbox 1190 4570 1498 4628; x_wconf 62' lang='lat' dir='ltr'>aecclesia?</span> <span class='ocrx_word' id='word_1_693' title='bbox 1543 4572 1698 4640; x_wconf 89' lang='lat' dir='ltr'>Quot</span> <span class='ocrx_word' id='word_1_694' title='bbox 1747 4578 1807 4631; x_wconf 91' lang='lat' dir='ltr'>et</span> 
     </span>
    </p>
   </div>
   <div class='ocr_carea' id='block_1_98' title="bbox 155 4657 1804 4728">
    <p class='ocr_par' dir='ltr' id='par_1_98' title="bbox 155 4657 1804 4728">
     <span class='ocr_line' id='line_1_100' title="bbox 155 4657 1804 4728; baseline 0.004 -15"><span class='ocrx_word' id='word_1_695' title='bbox 155 4660 368 4728; x_wconf 85' lang='lat' dir='ltr'>quanta</span> <span class='ocrx_word' id='word_1_696' title='bbox 399 4670 570 4728; x_wconf 88' lang='lat' dir='ltr'>passa</span> <span class='ocrx_word' id='word_1_697' title='bbox 592 4662 705 4727; x_wconf 89' lang='lat' dir='ltr'>est,</span> <span class='ocrx_word' id='word_1_698' title='bbox 732 4664 794 4714; x_wconf 90' lang='lat' dir='ltr'>ut</span> <span class='ocrx_word' id='word_1_699' title='bbox 817 4657 917 4714; x_wconf 91' lang='lat' dir='ltr'>illa</span> <span class='ocrx_word' id='word_1_700' title='bbox 941 4659 1138 4715; x_wconf 89' lang='lat' dir='ltr'>debita</span> <span class='ocrx_word' id='word_1_701' title='bbox 1163 4657 1443 4717; x_wconf 90' lang='lat' dir='ltr'>libertate</span> <span class='ocrx_word' id='word_1_702' title='bbox 1464 4660 1804 4720; x_wconf 82' lang='lat' dir='ltr'>frueretur?</span> 
     </span>
    </p>
   </div>
   <div class='ocr_carea' id='block_1_99' title="bbox 153 4741 1803 4820">
    <p class='ocr_par' dir='ltr' id='par_1_99' title="bbox 153 4741 1803 4820">
     <span class='ocr_line' id='line_1_101' title="bbox 153 4741 1803 4820; baseline 0.004 -19"><span class='ocrx_word' id='word_1_703' title='bbox 153 4741 364 4801; x_wconf 83' lang='lat' dir='ltr'>Extant</span> <span class='ocrx_word' id='word_1_704' title='bbox 397 4744 471 4801; x_wconf 85' lang='lat' dir='ltr'>ad</span> <span class='ocrx_word' id='word_1_705' title='bbox 498 4759 624 4801; x_wconf 90' lang='lat' dir='ltr'>eam</span> <span class='ocrx_word' id='word_1_706' title='bbox 655 4743 857 4816; x_wconf 90' lang='lat' dir='ltr'>plures</span> <span class='ocrx_word' id='word_1_707' title='bbox 886 4746 1150 4819; x_wconf 66' lang='lat' dir='ltr'>epistolae</span> <span class='ocrx_word' id='word_1_708' title='bbox 1182 4761 1385 4819; x_wconf 61' lang='lat' dir='ltr'>papae;</span> <span class='ocrx_word' id='word_1_709' title='bbox 1420 4763 1664 4820; x_wconf 89' lang='lat' dir='ltr'>quarum</span> <span class='ocrx_word' id='word_1_710' title='bbox 1710 4750 1803 4810; x_wconf 87' lang='lat' dir='ltr'>hic</span> 
     </span>
    </p>
   </div>
   <div class='ocr_carea' id='block_1_100' title="bbox 153 4832 1801 4910">
    <p class='ocr_par' dir='ltr' id='par_1_100' title="bbox 153 4832 1801 4910">
     <span class='ocr_line' id='line_1_102' title="bbox 153 4832 1801 4910; baseline 0.004 -21"><span class='ocrx_word' id='word_1_711' title='bbox 153 4844 322 4889; x_wconf 89' lang='lat' dir='ltr'>unam</span> <span class='ocrx_word' id='word_1_712' title='bbox 352 4846 466 4889; x_wconf 91' lang='lat' dir='ltr'>non</span> <span class='ocrx_word' id='word_1_713' title='bbox 498 4832 723 4905; x_wconf 88' lang='lat' dir='ltr'>pigebit</span> <span class='ocrx_word' id='word_1_714' title='bbox 753 4833 1036 4906; x_wconf 89' lang='lat' dir='ltr'>inserere,</span> <span class='ocrx_word' id='word_1_715' title='bbox 1073 4840 1136 4892; x_wconf 92' lang='lat' dir='ltr'>ut</span> <span class='ocrx_word' id='word_1_716' title='bbox 1154 4840 1528 4908; x_wconf 88' lang='lat' dir='ltr'>agnoscatur,</span> <span class='ocrx_word' id='word_1_717' title='bbox 1556 4852 1666 4910; x_wconf 90' lang='lat' dir='ltr'>qua</span> <span class='ocrx_word' id='word_1_718' title='bbox 1690 4839 1801 4896; x_wconf 90' lang='lat' dir='ltr'>sibi</span> 
     </span>
    </p>
   </div>
   <div class='ocr_carea' id='block_1_101' title="bbox 151 4913 1801 4998">
    <p class='ocr_par' dir='ltr' id='par_1_101' title="bbox 151 4913 1801 4998">
     <span class='ocr_line' id='line_1_103' title="bbox 151 4913 1801 4998; baseline 0.005 -24"><span class='ocrx_word' id='word_1_719' title='bbox 151 4913 395 4975; x_wconf 81' lang='lat' dir='ltr'>invicem</span> <span class='ocrx_word' id='word_1_720' title='bbox 426 4918 637 4976; x_wconf 90' lang='lat' dir='ltr'>unione</span> <span class='ocrx_word' id='word_1_721' title='bbox 666 4924 1113 4993; x_wconf 79' lang='lat' dir='ltr'>connectentur,</span> <span class='ocrx_word' id='word_1_722' title='bbox 1146 4928 1207 4979; x_wconf 89' lang='lat' dir='ltr'>ut</span> <span class='ocrx_word' id='word_1_723' title='bbox 1231 4937 1401 4980; x_wconf 93' lang='lat' dir='ltr'>omne</span> <span class='ocrx_word' id='word_1_724' title='bbox 1425 4939 1492 4981; x_wconf 92' lang='lat' dir='ltr'>os</span> <span class='ocrx_word' id='word_1_725' title='bbox 1513 4923 1671 4998; x_wconf 91' lang='lat' dir='ltr'>loqui</span> <span class='ocrx_word' id='word_1_726' title='bbox 1696 4926 1801 4983; x_wconf 88' lang='lat' dir='ltr'>ini-</span> 
     </span>
    </p>
   </div>
   <div class='ocr_carea' id='block_1_102' title="bbox 150 5004 1803 5078">
    <p class='ocr_par' dir='ltr' id='par_1_102' title="bbox 150 5004 1803 5078">
     <span class='ocr_line' id='line_1_104' title="bbox 150 5004 1803 5078; baseline 0.005 -16"><span class='ocrx_word' id='word_1_727' title='bbox 150 5017 260 5076; x_wconf 86' lang='lat' dir='ltr'>qua</span> <span class='ocrx_word' id='word_1_728' title='bbox 290 5004 614 5062; x_wconf 84' lang='lat' dir='ltr'>volentium</span> <span class='ocrx_word' id='word_1_729' title='bbox 645 5006 1012 5078; x_wconf 89' lang='lat' dir='ltr'>obstruatur,</span> <span class='ocrx_word' id='word_1_730' title='bbox 1046 5013 1105 5064; x_wconf 91' lang='lat' dir='ltr'>et</span> <span class='ocrx_word' id='word_1_731' title='bbox 1136 5013 1202 5065; x_wconf 93' lang='lat' dir='ltr'>ut</span> <span class='ocrx_word' id='word_1_732' title='bbox 1230 5009 1483 5067; x_wconf 89' lang='lat' dir='ltr'>benivoli</span> <span class='ocrx_word' id='word_1_733' title='bbox 1506 5010 1803 5071; x_wconf 81' lang='lat' dir='ltr'>instruan-</span> 
     </span>
    </p>
   </div>
   <div class='ocr_carea' id='block_1_103' title="bbox 146 5092 1651 5166">
    <p class='ocr_par' dir='ltr' id='par_1_103' title="bbox 146 5092 1651 5166">
     <span class='ocr_line' id='line_1_105' title="bbox 146 5092 1651 5166; baseline 0.005 -19"><span class='ocrx_word' id='word_1_734' title='bbox 146 5092 263 5165; x_wconf 88' lang='lat' dir='ltr'>tur,</span> <span class='ocrx_word' id='word_1_735' title='bbox 293 5097 358 5151; x_wconf 89' lang='lat' dir='ltr'>et</span> <span class='ocrx_word' id='word_1_736' title='bbox 382 5092 685 5166; x_wconf 84' lang='lat' dir='ltr'>maliloqui</span> <span class='ocrx_word' id='word_1_737' title='bbox 712 5096 1061 5153; x_wconf 88' lang='lat' dir='ltr'>erubescant</span> <span class='ocrx_word' id='word_1_738' title='bbox 1089 5101 1151 5154; x_wconf 90' lang='lat' dir='ltr'>et</span> <span class='ocrx_word' id='word_1_739' title='bbox 1180 5097 1651 5157; x_wconf 87' lang='lat' dir='ltr'>confundantur:</span> 
     </span>
    </p>
   </div>
   <div class='ocr_carea' id='block_1_104' title="bbox 1920 4563 3663 4643">
    <p class='ocr_par' dir='ltr' id='par_1_104' title="bbox 1920 4563 3663 4643">
     <span class='ocr_line' id='line_1_106' title="bbox 1920 4563 3663 4643; baseline 0.01 -25"><span class='ocrx_word' id='word_1_740' title='bbox 1920 4566 2147 4620; x_wconf 90' lang='lat' dir='ltr'>teretur</span> <span class='ocrx_word' id='word_1_741' title='bbox 2161 4563 2393 4636; x_wconf 80' lang='lat' dir='ltr'>infidos,</span> <span class='ocrx_word' id='word_1_742' title='bbox 2408 4566 2728 4625; x_wconf 90' lang='lat' dir='ltr'>cedendum</span> <span class='ocrx_word' id='word_1_743' title='bbox 2745 4572 2859 4626; x_wconf 89' lang='lat' dir='ltr'>tem</span> <span class='ocrx_word' id='word_1_744' title='bbox 2868 4572 2993 4642; x_wconf 76' lang='lat' dir='ltr'>pnri</span> <span class='ocrx_word' id='word_1_745' title='bbox 3008 4573 3354 4643; x_wconf 89' lang='lat' dir='ltr'>arbitratus,</span> <span class='ocrx_word' id='word_1_746' title='bbox 3371 4576 3557 4634; x_wconf 89' lang='lat' dir='ltr'>Saler-</span> <span class='ocrx_word' id='word_1_747' title='bbox 3652 4576 3663 4585; x_wconf 83' lang='lat'><strong>&#39;</strong></span> 
     </span>
    </p>
   </div>
   <div class='ocr_carea' id='block_1_105' title="bbox 1916 4653 3554 4736">
    <p class='ocr_par' dir='ltr' id='par_1_105' title="bbox 1916 4653 3554 4736">
     <span class='ocr_line' id='line_1_107' title="bbox 1916 4653 3554 4736; baseline 0.009 -27"><span class='ocrx_word' id='word_1_748' title='bbox 1916 4667 2052 4710; x_wconf 89' lang='lat' dir='ltr'>num</span> <span class='ocrx_word' id='word_1_749' title='bbox 2083 4668 2143 4710; x_wconf 91' lang='lat' dir='ltr'>se</span> <span class='ocrx_word' id='word_1_750' title='bbox 2164 4653 2432 4711; x_wconf 88' lang='lat' dir='ltr'>contulit.</span> <span class='ocrx_word' id='word_1_751' title='bbox 2464 4656 2586 4711; x_wconf 87' lang='lat' dir='ltr'>Rex</span> <span class='ocrx_word' id='word_1_752' title='bbox 2615 4670 2752 4713; x_wconf 90' lang='lat' dir='ltr'>vero</span> <span class='ocrx_word' id='word_1_753' title='bbox 2783 4658 2951 4717; x_wconf 74' lang='lat' dir='ltr'>hoste</span> <span class='ocrx_word' id='word_1_754' title='bbox 2992 4661 3365 4736; x_wconf 83' lang='lat' dir='ltr'>adventante,</span> <span class='ocrx_word' id='word_1_755' title='bbox 3407 4667 3554 4736; x_wconf 66' lang='lat' dir='ltr'>fugai</span> 
     </span>
    </p>
   </div>
   <div class='ocr_carea' id='block_1_106' title="bbox 1913 4742 3550 4823">
    <p class='ocr_par' dir='ltr' id='par_1_106' title="bbox 1913 4742 3550 4823">
     <span class='ocr_line' id='line_1_108' title="bbox 1913 4742 3550 4823; baseline 0.007 -26"><span class='ocrx_word' id='word_1_756' title='bbox 1913 4742 2251 4815; x_wconf 63' lang='lat' dir='ltr'>prasidium</span> <span class='ocrx_word' id='word_1_757' title='bbox 2287 4744 2611 4816; x_wconf 90' lang='lat' dir='ltr'>requirens,</span> <span class='ocrx_word' id='word_1_758' title='bbox 2644 4745 2898 4815; x_wconf 89' lang='lat' dir='ltr'>sigillum</span> <span class='ocrx_word' id='word_1_759' title='bbox 2932 4750 3148 4806; x_wconf 87' lang='lat' dir='ltr'>domini</span> <span class='ocrx_word' id='word_1_760' title='bbox 3173 4766 3354 4822; x_wconf 66' lang='lat' dir='ltr'>papae,</span> <span class='ocrx_word' id='word_1_761' title='bbox 3383 4768 3550 4823; x_wconf 89' lang='lat' dir='ltr'>quem</span> 
     </span>
    </p>
   </div>
   <div class='ocr_carea' id='block_1_107' title="bbox 1914 4831 3549 4911">
    <p class='ocr_par' dir='ltr' id='par_1_107' title="bbox 1914 4831 3549 4911">
     <span class='ocr_line' id='line_1_109' title="bbox 1914 4831 3549 4911; baseline 0.006 -23"><span class='ocrx_word' id='word_1_762' title='bbox 1914 4831 2070 4889; x_wconf 88' lang='lat' dir='ltr'>furto</span> <span class='ocrx_word' id='word_1_763' title='bbox 2090 4833 2485 4905; x_wconf 90' lang='lat' dir='ltr'>subripuerat,</span> <span class='ocrx_word' id='word_1_764' title='bbox 2514 4848 2712 4892; x_wconf 91' lang='lat' dir='ltr'>secum</span> <span class='ocrx_word' id='word_1_765' title='bbox 2731 4835 2895 4903; x_wconf 90' lang='lat' dir='ltr'>tulit;</span> <span class='ocrx_word' id='word_1_766' title='bbox 2914 4841 2975 4892; x_wconf 90' lang='lat' dir='ltr'>et</span> <span class='ocrx_word' id='word_1_767' title='bbox 2993 4838 3394 4911; x_wconf 75' lang='lat' dir='ltr'>Portuensem,</span> <span class='ocrx_word' id='word_1_768' title='bbox 3414 4843 3549 4911; x_wconf 87' lang='lat' dir='ltr'>quia</span> 
     </span>
    </p>
   </div>
   <div class='ocr_carea' id='block_1_108' title="bbox 1911 4919 3549 4995">
    <p class='ocr_par' dir='ltr' id='par_1_108' title="bbox 1911 4919 3549 4995">
     <span class='ocr_line' id='line_1_110' title="bbox 1911 4919 3549 4995; baseline 0.006 -18"><span class='ocrx_word' id='word_1_769' title='bbox 1911 4919 2376 4983; x_wconf 8' lang='lat' dir='ltr'>olimcfamiliaris</span> <span class='ocrx_word' id='word_1_770' title='bbox 2399 4938 2562 4995; x_wconf 64' lang='lat' dir='ltr'>papre</span> <span class='ocrx_word' id='word_1_771' title='bbox 2586 4924 2796 4995; x_wconf 90' lang='lat' dir='ltr'>fuerat,</span> <span class='ocrx_word' id='word_1_772' title='bbox 2824 4926 2935 4981; x_wconf 91' lang='lat' dir='ltr'>sibi</span> <span class='ocrx_word' id='word_1_773' title='bbox 2958 4927 3335 4983; x_wconf 89' lang='lat' dir='ltr'>conciliatum</span> <span class='ocrx_word' id='word_1_774' title='bbox 3350 4943 3549 4987; x_wconf 90' lang='lat' dir='ltr'>secum</span> 
     </span>
    </p>
   </div>
   <div class='ocr_carea' id='block_1_109' title="bbox 1912 5009 3550 5086">
    <p class='ocr_par' dir='ltr' id='par_1_109' title="bbox 1912 5009 3550 5086">
     <span class='ocr_line' id='line_1_111' title="bbox 1912 5009 3550 5086; baseline 0.004 -16"><span class='ocrx_word' id='word_1_775' title='bbox 1912 5009 2096 5071; x_wconf 85' lang='lat' dir='ltr'>duxit.</span> <span class='ocrx_word' id='word_1_776' title='bbox 2130 5012 2459 5070; x_wconf 88' lang='lat' dir='ltr'>Witbertus</span> <span class='ocrx_word' id='word_1_777' title='bbox 2489 5028 2628 5070; x_wconf 92' lang='lat' dir='ltr'>vero</span> <span class='ocrx_word' id='word_1_778' title='bbox 2655 5018 2713 5070; x_wconf 92' lang='lat' dir='ltr'>et</span> <span class='ocrx_word' id='word_1_779' title='bbox 2746 5014 2871 5086; x_wconf 91' lang='lat' dir='ltr'>ipse</span> <span class='ocrx_word' id='word_1_780' title='bbox 2895 5016 3138 5085; x_wconf 84' lang='lat' dir='ltr'>aufugit.</span> <span class='ocrx_word' id='word_1_781' title='bbox 3165 5016 3550 5082; x_wconf 87' lang='lat' dir='ltr'>Quamobrem</span> 
     </span>
    </p>
   </div>
   <div class='ocr_carea' id='block_1_110' title="bbox 1908 5100 3548 5182">
    <p class='ocr_par' dir='ltr' id='par_1_110' title="bbox 1908 5100 3548 5182">
     <span class='ocr_line' id='line_1_112' title="bbox 1908 5100 3548 5182; baseline 0.009 -27"><span class='ocrx_word' id='word_1_782' title='bbox 1908 5100 2097 5159; x_wconf 84' lang='lat' dir='ltr'>verita</span> <span class='ocrx_word' id='word_1_783' title='bbox 2126 5100 2440 5175; x_wconf 75' lang='lat' dir='ltr'>Mathildis,</span> <span class='ocrx_word' id='word_1_784' title='bbox 2475 5116 2546 5160; x_wconf 92' lang='lat' dir='ltr'>ne</span> <span class='ocrx_word' id='word_1_785' title='bbox 2578 5102 2874 5176; x_wconf 89' lang='lat' dir='ltr'>simplices</span> <span class='ocrx_word' id='word_1_786' title='bbox 2911 5104 3127 5178; x_wconf 86' lang='lat' dir='ltr'>quique</span> <span class='ocrx_word' id='word_1_787' title='bbox 3148 5107 3366 5167; x_wconf 85' lang='lat' dir='ltr'>astutia</span> <span class='ocrx_word' id='word_1_788' title='bbox 3389 5109 3548 5182; x_wconf 77' lang='lat' dir='ltr'>regis</span> 
     </span>
    </p>
   </div>
   <div class='ocr_carea' id='block_1_111' title="bbox 1513 5235 2188 5295">
    <p class='ocr_par' dir='ltr' id='par_1_111' title="bbox 1513 5235 2188 5295">
     <span class='ocr_line' id='line_1_113' title="bbox 1513 5235 2188 5295; baseline 0 -5"><span class='ocrx_word' id='word_1_789' title='bbox 1513 5235 1748 5293; x_wconf 67' lang='grc' dir='ltr'>νΑῐῖῐιιΕ</span> <span class='ocrx_word' id='word_1_790' title='bbox 1789 5238 2188 5295; x_wconf 79' lang='lat' dir='ltr'>LECTIONES.</span> 
     </span>
    </p>
   </div>
   <div class='ocr_carea' id='block_1_112' title="bbox 1731 5379 1953 5437">
    <p class='ocr_par' dir='ltr' id='par_1_112' title="bbox 1731 5379 1953 5437">
     <span class='ocr_line' id='line_1_114' title="bbox 1731 5379 1953 5437; baseline 0.005 -1"><span class='ocrx_word' id='word_1_791' title='bbox 1731 5379 1953 5437; x_wconf 71' lang='lat' dir='ltr'><strong>NOTrE.</strong></span> 
     </span>
    </p>
   </div>
   <div class='ocr_carea' id='block_1_113' title="bbox 216 5469 3548 5551">
    <p class='ocr_par' dir='ltr' id='par_1_113' title="bbox 216 5469 3548 5551">
     <span class='ocr_line' id='line_1_115' title="bbox 216 5469 3548 5551; baseline 0.006 -26"><span class='ocrx_word' id='word_1_792' title='bbox 216 5469 630 5551; x_wconf 37' lang='lat' dir='ltr'>(1.87.)&#39;D_e__s_uu_t.</span> <span class='ocrx_word' id='word_1_793' title='bbox 650 5471 965 5542; x_wconf 86' lang='lat' dir='ltr'>permulta.</span> <span class='ocrx_word' id='word_1_794' title='bbox 1006 5473 1146 5531; x_wconf 89' lang='lat' dir='ltr'>Data</span> <span class='ocrx_word' id='word_1_795' title='bbox 1177 5476 1270 5530; x_wconf 89' lang='lat' dir='ltr'>est</span> <span class='ocrx_word' id='word_1_796' title='bbox 1301 5474 1552 5548; x_wconf 90' lang='lat' dir='ltr'>cpistola</span> <span class='ocrx_word' id='word_1_797' title='bbox 1585 5491 1653 5534; x_wconf 82' lang='lat' dir='ltr'>xv</span> <span class='ocrx_word' id='word_1_798' title='bbox 1685 5475 1923 5538; x_wconf 74' lang='lat' dir='ltr'>Kalend.</span> <span class='ocrx_word' id='word_1_799' title='bbox 1955 5478 2106 5550; x_wconf 60' lang='grc' dir='ltr'>Μαίη</span> <span class='ocrx_word' id='word_1_800' title='bbox 2157 5475 2283 5538; x_wconf 88' lang='lat' dir='ltr'>ind.</span> <span class='ocrx_word' id='word_1_801' title='bbox 2338 5480 2421 5551; x_wconf 74' lang='lat'>12,</span> <span class='ocrx_word' id='word_1_802' title='bbox 2472 5475 2532 5534; x_wconf 90' lang='lat' dir='ltr'>id</span> <span class='ocrx_word' id='word_1_803' title='bbox 2573 5485 2660 5538; x_wconf 89' lang='lat' dir='ltr'>est</span> <span class='ocrx_word' id='word_1_804' title='bbox 2705 5481 2875 5550; x_wconf 60' lang='lat'>107$;</span> <span class='ocrx_word' id='word_1_805' title='bbox 2904 5479 3144 5551; x_wconf 55' lang='lat' dir='ltr'>Regia”</span> <span class='ocrx_word' id='word_1_806' title='bbox 3202 5481 3244 5550; x_wconf 78' lang='grc' dir='ltr'>Ι,</span> <span class='ocrx_word' id='word_1_807' title='bbox 3281 5485 3375 5551; x_wconf 74' lang='grc' dir='ltr'>47ς</span> <span class='ocrx_word' id='word_1_808' title='bbox 3408 5483 3548 5544; x_wconf 80' lang='lat' dir='ltr'>Cod.</span> 
     </span>
    </p>
   </div>
   <div class='ocr_carea' id='block_1_114' title="bbox 212 5296 1007 5359">
    <p class='ocr_par' dir='ltr' id='par_1_114' title="bbox 212 5296 1007 5359">
     <span class='ocr_line' id='line_1_116' title="bbox 212 5296 1007 5359; baseline 0.003 -5"><span class='ocrx_word' id='word_1_809' title='bbox 212 5296 280 5332; x_wconf 77' lang='lat'>“‘</span> <span class='ocrx_word' id='word_1_810' title='bbox 305 5297 402 5356; x_wconf 81' lang='lat' dir='ltr'>ita</span> <span class='ocrx_word' id='word_1_811' title='bbox 430 5313 479 5358; x_wconf 91' lang='lat' dir='ltr'>c.</span> <span class='ocrx_word' id='word_1_812' title='bbox 511 5297 583 5333; x_wconf 78' lang='grc' dir='ltr'>⁴ί⁸</span> <span class='ocrx_word' id='word_1_813' title='bbox 617 5299 776 5359; x_wconf 84' lang='lat' dir='ltr'>locus</span> <span class='ocrx_word' id='word_1_814' title='bbox 810 5304 1007 5359; x_wconf 71' lang='lat' dir='ltr'>cacat.</span> 
     </span>
    </p>
   </div>
   <div class='ocr_carea' id='block_1_115' title="bbox 148 5537 661 5600">
    <p class='ocr_par' dir='ltr' id='par_1_115' title="bbox 148 5537 661 5600">
     <span class='ocr_line' id='line_1_117' title="bbox 148 5537 661 5600; baseline 0 -1"><span class='ocrx_word' id='word_1_815' title='bbox 148 5537 401 5600; x_wconf 69' lang='lat' dir='ltr'>Udalrihi</span> <span class='ocrx_word' id='word_1_816' title='bbox 432 5545 554 5600; x_wconf 79' lang='grc'>157.</span> <span class='ocrx_word' id='word_1_817' title='bbox 590 5537 661 5599; x_wconf 58' lang='lat' dir='ltr'>Kl</span> 
     </span>
    </p>
   </div>
  </div>
