3960 6052
400 255 517 342 εδδ

1368 248 1735 340 ancoras
1776 243 2128 339 ABBA'I‘iS
2170 247 2850 345 FLAVINIACENSIS

3688 256 3805 345 336

400 416 596 493 specie
616 412 792 487 sigilli
818 406 1249 485 deciperentur,
1268 410 1549 484 praevenit
1566 409 2037 479 malitiamillius,
2072 412 2129 472 A
2158 410 2387 485 fluctus,
2424 416 2521 486 qui
2553 417 3063 487 perturbationum
3099 418 3366 489 impetus,
3405 418 3500 489 qui
3535 416 3800 475 dolorum

404 511 643 565 mittens
674 506 905 561 litteras
934 503 1205 559 fidelibus
1238 501 1294 557 in
1326 502 1434 559 hec
1460 502 1638 557 verba
1673 519 1684 553 :

479 621 505 646 ‹‹
535 594 828 653 Mathildis
858 592 956 648 Dei
988 591 1176 661 gratia
1221 590 1268 645 si
1320 590 1457 660 quid
1507 596 1615 659 est,
1669 588 1941 645 omnibus
1986 588 2042 642 in

400 685 925 744 Theutbonicorum
972 694 1150 749 regno
1192 678 1714 747 commorantibus,
1765 676 2037 733 salutem.

406 776 612 835 Notum
646 772 813 829 vobis
856 770 1120 838 facimus,
1158 768 1312 837 quod
1361 766 1668 823 Heinricus
1712 765 1900 822 falsus
1942 780 2043 821 rex

404 867 560 921 furto
583 859 878 931 subripuit
904 856 1169 928 sygillum
1191 855 1383 911 domni
1399 868 1565 926 papae
1579 853 1862 924 Gregorii.
1881 853 2043 910 Unde

403 952 449 1008 si
485 950 621 1021 quid
653 945 961 1004 audieritis
1012 943 1168 1015 quod
1219 941 1516 999 discordet
1559 957 1589 997 a
1640 946 1839 997 nostra
1891 941 2044 1012 lega-

402 1040 584 1108 tione,
620 1035 827 1092 falsum
870 1031 1258 1100 arbitramini,
1310 1045 1498 1101 neque
1548 1030 1868 1086 mendaciis
1917 1031 2044 1099 ejus

403 1123 816 1197 adquiescatis.
852 1124 1130 1177 Preterea
1160 1120 1497 1191 episcopum
1534 1120 1913 1175 Portuensem
1956 1133 2045 1175 se-

400 1230 528 1272 cum
565 1213 765 1277 ducit;
816 1209 1085 1281 quoniam
1134 1208 1270 1265 olim
1320 1208 1428 1264 fuit
1472 1207 1775 1264 familiaris
1826 1207 2042 1263 domini

404 1319 585 1375 papze.
623 1302 678 1356 Si
713 1301 892 1371 igitur
938 1297 1156 1369 aliquid
1205 1296 1503 1354 vobiscum
1551 1296 1642 1352 vel
1687 1300 1891 1353 contra
1943 1311 2046 1352 vos

404 1406 506 1464 per
535 1406 664 1447 eum
688 1388 813 1445 vult
837 1387 1089 1459 operari,
1113 1400 1243 1441 eum
1278 1385 1486 1441 falsum
1509 1388 1722 1440 testem
1744 1385 1926 1445 nolite
1943 1385 2046 1440 du-

404 1480 611 1537 bitare.
649 1476 803 1533 Nulli
836 1490 1105 1545 umquam
1130 1473 1409 1543 credatis,
1432 1474 1527 1543 qui
1552 1473 1723 1528 aliter
1746 1488 1915 1543 quam
1942 1490 2046 1530 nos

403 1570 597 1625 dicere
627 1564 884 1624 audebit.
921 1562 1130 1619 Sciatis
1158 1562 1428 1618 domnum
1472 1576 1675 1632 papam
1722 1563 1838 1632 jam
1883 1577 2046 1618 recu-

404 1671 640 1730 perasse
672 1653 928 1710 Sutrium
960 1656 1136 1722 atque
1167 1652 1341 1721 Nepe.
1371 1651 1658 1706 Barrabas
1678 1650 1852 1721 latro,
1879 1649 1935 1705 id
1955 1655 2046 1706 est

403 1744 655 1802 lieinrici
688 1757 859 1814 papa,
893 1742 1013 1811 ipse
1046 1754 1275 1810 quoque
1306 1739 1550 1809 aufugit.
1592 1738 1815 1810 Valete,
1865 1743 1922 1796 et
1973 1739 2045 1794 de

406 1834 629 1891 insidiis
658 1830 914 1887 Heinrici
945 1829 1100 1886 cauti
1131 1833 1342 1884 estote.
1378 1850 1402 1875 υ

475 1924 661 1993 Igitur
691 1935 913 1978 summo
948 1920 1222 1991 pontifice
1253 1919 1326 1973 ab
1360 1918 1511 1973 Urbe
1533 1917 1890 1987 discedente,
1916 1918 2044 1987 ejus

403 2010 706 2069 comitatui
740 2009 919 2064 abbas
952 2005 1318 2063 Divionensis
1351 2020 1459 2061 non
1485 2005 1687 2061 defuit.
1716 2008 1925 2062 Verum
1950 2005 2044 2061 die

405 2101 652 2172 quadam
681 2097 947 2155 exercitu
982 2094 1133 2151 ultra
1159 2109 1326 2165 quam
1348 2100 1690 2165 speraverat
1713 2108 1938 2149 summo
1961 2094 2044 2148 di-

405 2189 602 2246 luculo
634 2200 966 2259 progresso,
1002 2199 1129 2239 cum
1164 2183 1285 2254 ipse
1308 2198 1437 2239 cum
1462 2182 1639 2238 sociis
1663 2182 1821 2239 celer
1845 2183 2045 2239 subse-

405 2280 704 2349 queretur,
736 2274 1001 2330 calonum
1046 2273 1277 2327 turbam
1325 2270 1587 2341 offendit,
1637 2286 1735 2342 qui
1781 2275 2043 2327 extrema

404 2361 659 2423 hostium
691 2366 1024 2433 sequentes,
1059 2360 1200 2415 mira
1230 2359 1493 2429 agilitate
1515 2358 1789 2415 currendi
1812 2360 2044 2429 ignaros

407 2454 526 2511 doli
556 2460 613 2509 et
648 2451 869 2508 fraudis
898 2449 1294 2506 trucidabant.
1332 2448 1587 2513 Quorum
1613 2448 1929 2519 nequitiam
1954 2449 2044 2503 ab-

411 2545 533 2612 bas,
554 2545 613 2597 ut
630 2544 911 2611 expertus
932 2539 990 2593 in
1010 2536 1581 2606 talibus,agnoscens
1603 2542 1663 2592 et
1687 2550 2038 2607 praecavens,

406 2632 598 2688 socios
630 2630 741 2685 iter
774 2627 1107 2683 accelerare
1139 2626 1503 2697 prmmonuit.
1539 2627 1747 2681 Verum
1772 2626 1889 2682 illis
1913 2642 2044 2698 pro-

407 2734 546 2791 pere
562 2717 934 2787 abeuntibus,
948 2730 1077 2772 cum
1096 2719 1406 2785 postterga
1421 2714 1666 2770 subdole
1689 2715 2043 2774 clamaretur

407 2809 478 2863 ab
494 2806 709 2877 impiis,
726 2819 834 2860 non
851 2818 981 2859 esse
995 2817 1118 2858 eam
1134 2803 1283 2858 viam
1312 2818 1438 2875 quae
1460 2804 1844 2873 praeeuntium
1870 2804 2045 2860 vesti-

406 2896 518 2966 gia,
547 2897 897 2964 sequeretur
916 2907 977 2947 se
990 2891 1139 2946 viam
1156 2890 1328 2959 scire,
1344 2896 1401 2946 et
1419 2897 1656 2962 paratos
1669 2892 1981 2948 ostendere
1994 2893 2043 2949 si

406 2988 883 3056 expectarentur,
909 2982 1120 3035 abbate
1139 2979 1580 3037 contradicente
1592 2984 1648 3035 et
1664 2978 1829 3036 dolos
1842 2995 2043 3037 eorum

409 3073 836 3140 manifestante,
875 3071 1056 3124 frater
1080 3068 1175 3139 qui
1200 3068 1593 3125 comitabatur
1613 3068 1927 3126 Waltcrius
1951 3085 2047 3125 no-

411 3165 561 3220 mine
591 3160 878 3229 substitit,
911 3165 966 3215 et
1004 3159 1155 3214 ultra
1187 3163 1385 3215 votum
1415 3158 1668 3215 omnium
1693 3159 1840 3215 viam
1866 3161 1937 3215 ab
1960 3161 2046 3215 cis

410 3250 715 3323 querebat.
750 3250 793 3302 A
825 3247 1036 3317 quibus
1055 3262 1185 3302 mox
1205 3251 1563 3319 peremptus,
1588 3247 1737 3303 viam
1762 3248 2047 3304 universae

407 3339 601 3396 carnis
632 3337 1006 3405 ingressurus
1034 3339 1179 3390 erat.
1216 3333 1378 3399 Quod
1411 3339 1467 3389 et
1504 3335 1585 3390 ita
1612 3336 1879 3405 contigit.
1909 3338 2046 3393 Cum

409 3427 561 3482 enim
591 3423 1015 3480 accelerantem
1050 3422 1424 3492 praestolatur
1455 3421 1521 3454 ‘1‘
1551 3423 1760 3480 emissa
1788 3423 2047 3481 lanceola

410 3517 467 3572 in
495 3529 627 3571 eum
649 3512 924 3581 dirigitur
951 3529 966 3577 ;
989 3515 1076 3566 set
1100 3510 1233 3566 dum
1262 3511 1430 3566 tarde
1448 3511 1557 3566 sibi
1585 3512 1877 3583 providet,
1902 3518 1961 3568 et
1981 3514 2051 3571 ic-

409 3610 534 3661 tum
559 3601 820 3658 devitarc
843 3598 1044 3669 gestit,
1069 3598 1280 3654 vulnus
1305 3598 1494 3654 laetale
1519 3601 1796 3671 suscepit.
1823 3603 1889 3657 Et
1915 3602 2050 3658 dum

412 3707 484 3748 ex
517 3690 720 3747 dolore
751 3688 905 3744 ictus
932 3686 1173 3757 gradum
1206 3687 1516 3759 accelerat,
1550 3689 1817 3745 abbatem
1850 3692 2051 3747 subse-

414 3781 649 3851 quutus,
686 3790 862 3847 supra
892 3780 1097 3847 pectus
1137 3774 1263 3843 ejus
1301 3775 1494 3845 capite
1537 3776 1841 3847 reclinato,
1887 3778 2054 3835 vitali

413 3867 627 3939 spiritu
660 3864 968 3921 deficiente
996 3864 1242 3933 corruit,
1267 3868 1327 3918 et
1347 3863 1625 3919 deficiens
1648 3870 1914 3923 mortuus
1936 3872 2047 3923 est.

413 3956 514 4013 Cui
539 3954 684 4010 illud
705 3952 965 4009 obfuisse
996 3952 1309 4023 credimus,
1339 3952 1468 4022 quia
1495 3952 1761 4023 partibus
1785 3956 2055 4026 papaeju-

414 4046 524 4103 stis
546 4049 606 4100 et
631 4042 851 4099 sanctis
872 4041 1274 4111 aversabatur,
1303 4056 1407 4096 nec
1432 4041 1645 4111 corrigi
1670 4048 1897 4113 poterat
1924 4060 2054 4101 cum

415 4135 615 4205 sepius
642 4130 1078 4200 objurgaretur.
1112 4131 1323 4185 Parcat
1363 4129 1417 4185 ei
1465 4131 1836 4202 omnipotens
1882 4134 2052 4205 Deus,

414 4229 473 4279 et
497 4223 742 4290 tribuat,
771 4224 831 4275 ut
855 4219 1000 4275 ultio
1026 4221 1981 4291 praesensetpeccatorumveniam
1998 4228 2057 4278 et

414 4308 769 4369 aeternitatis
797 4308 850 4363 ei
881 4307 1067 4378 pariat
1099 4307 1473 4363 mansionem.
1509 4306 1613 4363 Illo
1643 4321 1783 4378 ergo
1826 4315 2053 4382 ruente,

414 4414 528 4457 non
547 4397 773 4454 destitit
800 4395 1082 4451 malorum
1102 4395 1447 4466 improbitas
1468 4409 1496 4449 a
1514 4397 1937 4468 persequendo,
1957 4400 2058 4455 do-

2154 505 2425 575 gemitus,
2463 520 2591 575 quae
2625 507 2895 577 suspiria,
2931 522 3060 576 qme
3090 508 3302 563 mentis
3335 508 3637 563 anxietas:
3672 522 3801 563 cum

2156 592 2426 662 perderet
2461 593 2679 650 socium
2714 594 2926 664 socius,
2963 594 3140 651 filium
3177 599 3361 666 pater,
3399 595 3678 665 magister
3722 596 3806 652 di-

2155 680 2465 752 scipulum,
2490 685 2548 737 et
2575 697 2684 738 non
2701 683 2888 739 solum
2906 682 3647 754 insalutatumdimitteret,
3665 683 3803 754 quin

2154 770 2328 824 etiam
2358 776 2646 841 ruentem,
2680 766 3071 841 deficientem,
3108 772 3451 827 morientem
3503 772 3803 843 respicere

2153 871 2267 912 non
2295 858 2560 929 auderet,
2595 873 2700 914 nec
2724 859 3065 915 humanitati
3090 859 3386 930 officia'pia
3419 859 3799 930 persolvere?

2155 945 2198 1000 Ο
2231 946 2327 1016 qui
2363 951 2558 1017 patres
2590 948 2755 1016 estis,
2793 948 2888 1017 qui
2921 948 3185 1003 affectum
3218 948 3470 1003 filiorum
3511 948 3690 1004 corde
3723 954 3805 1005 te-

2154 1034 2326 1105 netis,
2347 1036 2635 1093 attendite
2655 1042 2715 1091 et
2740 1035 2951 1106 videte,
2979 1035 3109 1106 quis
3134 1036 3317 1106 patris
3338 1036 3509 1107 hujus
3525 1036 3694 1093 dolor
3707 1052 3806 1093 ex-

2156 1122 2364 1193 titerit,
2397 1125 2493 1193 qui
2529 1124 2708 1180 filium
2740 1125 2875 1179 dum
2912 1128 3079 1194 putat
3110 1125 3304 1180 vivum
3325 1128 3383 1180 et
3408 1130 3700 1194 vegetum,
3723 1125 3804 1180 in-

2155 1217 2435 1267 n..center
2465 1218 2600 1267 ante
2630 1227 2694 1268 se
2728 1211 2886 1267 videt
2918 1216 3252 1280 mactatum,
3290 1212 3345 1266 in
3377 1217 3560 1268 morte
3586 1212 3685 1266 filii
3711 1227 3805 1284 pa-

2155 1301 2247 1354 ter
2284 1314 2487 1369 passus
2516 1304 2626 1356 est.
2664 1299 2784 1370 (fol.
2820 1302 2908 1371 13)
2941 1299 3046 1366 Qui
3077 1299 3249 1355 habet
3280 1301 3526 1357 amicum
3569 1300 3807 1355 karissi-

2157 1402 2332 1457 mum,
2356 1391 2568 1444 etcum
2592 1389 2815 1457 cogitat
2838 1388 3206 1457 moriturum,
3234 1388 3343 1443 scit
3368 1388 3466 1458 qui
3489 1395 3658 1460 pater
3684 1403 3808 1458 pas-

2157 1490 2258 1531 sus
2289 1476 2386 1546 sit,
2414 1476 2550 1532 licet
2579 1477 2791 1547 majora
2827 1491 3034 1547 passus
3056 1476 3131 1531 sit
3156 1491 3324 1545 quam
3349 1476 3563 1547 aliquis
3582 1476 3806 1533 amicus

2157 1564 2229 1621 de
2257 1564 2444 1621 amico
2476 1565 2811 1634 excogitare
2845 1565 3054 1643 possit.
3082 1564 3319 1621 Multum
3344 1565 3494 1620 enim
3518 1565 3697 1622 distat
3723 1565 3807 1620 in-

2159 1658 2248 1709 ter
2282 1654 2335 1709 id
2367 1653 2520 1724 quod
2553 1654 2927 1723 somniamus,
2961 1659 3017 1710 et
3054 1668 3181 1724 qum
3213 1653 3399 1710 oculis
3423 1653 3806 1725 praesentiali-

2156 1746 2247 1797 ter
2270 1742 2567 1810 videmus;
2591 1744 2676 1799 sic
2698 1742 3053 1813 permaxima
3079 1746 3169 1797 est
3194 1741 3520 1798 differentia
3544 1743 3697 1798 inter
3712 1757 3807 1798 co-

2154 1832 2404 1901 gitatum
2436 1838 2495 1887 et
2528 1837 2738 1888 actum.
2776 1832 2943 1887 Venit
2976 1847 3117 1900 ergo
3149 1831 3383 1886 tandem
3422 1832 3601 1887 abbas
3622 1830 3693 1886 ad
3717 1846 3808 1888 so-

2154 1920 2277 1976 cios
2297 1925 2376 1991 ,et
2412 1920 2681 1976 osculato
2707 1920 2852 1991 pede
2868 1935 3054 1991 papae,
3078 1935 3207 1977 cum
3233 1921 3431 1976 vultus
3449 1923 3700 1976 mentem
3722 1920 3809 1976 iu-

2155 2009 2403 2079 dicaret,
2438 2008 2697 2065 dolorem
2731 2009 2926 2065 cordis
2954 2010 3203 2080 aperuit.
3233 2009 3385 2079 Papa
3403 2023 3540 2063 vero
3561 2008 3807 2064 directis

2155 2096 2456 2167 militibus,
2489 2112 2619 2153 eum
2653 2111 2944 2152 armorum
2979 2102 3284 2167 apparatu,
3338 2101 3609 2152 auctores
3653 2096 3806 2151 tanti

2156 2184 2399 2241 sceleris
2434 2185 2729 2256 persequi,
2765 2190 2822 2240 et
2852 2200 3068 2255 corpus
3085 2184 3395 2240 exanimati
3421 2184 3622 2239 fratris
3644 2185 3714 2239 ad
3739 2199 3807 2240 se

2157 2272 2436 2344 praecepit
2466 2274 2786 2345 deportari.
2823 2273 2987 2339 Quod
3023 2273 3317 2329 inventum
3344 2279 3436 2328 est
3463 2272 3616 2328 omni
3641 2275 3807 2329 veste

2156 2360 2467 2432 spoliatum
2498 2365 2557 2417 et
2590 2360 2645 2415 in
2678 2376 2784 2417 suo
2816 2361 3096 2430 sanguine
3129 2359 3474 2430 volutatum,
3529 2360 3732 2430 sicque
3774 2376 3806 2417 a

2158 2450 2403 2520 quodam
2436 2449 2652 2507 clerico
2685 2450 2755 2505 de
2787 2450 2964 2506 sociis
2998 2451 3053 2504 iu
3082 2464 3245 2520 papae
3276 2449 3585 2518 praesentia
3616 2448 3808 2519 perla-

2159 2543 2297 2594 tum.
2317 2539 2421 2605 Qui
2442 2538 2689 2607 benigno
2704 2542 2907 2594 uterat
2936 2538 3123 2593 animo
3145 2536 3536 2607 compaciens,
3561 2536 3805 2607 pluviali

2155 2628 2640 2698 suoquoindutus
2655 2632 2802 2697 erat,
2822 2640 3037 2697 corpus
3055 2624 3256 2681 fratris
3289 2625 3583 2697 cperiens,
3616 2629 3673 2681 et
3707 2626 3812 2681 ab-

2156 2716 2500 2774 solutionem
2531 2716 2582 2771 ei
2617 2714 2851 2784 faciens,
2890 2714 3118 2770 missam
3144 2728 3247 2785 pro
3269 2713 3544 2769 defuncto
3565 2712 3803 2783 cecinit,

2155 2809 2213 2861 et
2244 2805 2327 2862 sic
2358 2804 2720 2874 terrae'quod
2755 2818 2922 2858 suum
2946 2808 3073 2857 erat
3096 2802 3375 2871 restituit,
3420 2799 3661 2858 multum
3692 2815 3805 2856 con

2157 2893 2381 2950 solatus
2413 2893 2704 2962 abbatem,
2742 2896 2804 2947 ut
2835 2890 3124 2946 voluntati
3154 2890 3250 2946 Dei
3272 2890 3361 2946 sui
3393 2889 3804 2960 concordaret,

2150 2982 2369 3051 judicia
2401 2980 2529 3049 ejus
2561 2993 2690 3035 esse
2722 2978 2954 3035 occulta
2988 2993 3297 3049 numquam
3327 2980 3521 3033 tamen
3556 2978 3797 3047 injusta.

2157 3070 2534 3126 Confortatus
2564 3071 2653 3124 est
2688 3071 2879 3123 autem
2913 3066 3340 3138 spiritusillius
3371 3067 3428 3120 in
3460 3066 3713 3136 Domino,
3741 3073 3804 3121 et

2155 3173 2287 3216 cum
2317 3157 2507 3213 omnia
2533 3155 2906 3229 perdidisset,
2936 3154 3135 3211 nonad
3162 3155 3518 3211 iracundiam
3552 3169 3804 3225 provoca

2156 3252 2253 3305 tus
2281 3252 2394 3317 est,
2432 3260 2617 3316 neque
2644 3245 2889 3302 stultum
2924 3244 3061 3314 quid
3081 3248 3289 3299 contra
3322 3245 3498 3299 Deum
3523 3242 3807 3312 loquutus

2156 3342 2266 3393 est.
2303 3334 2610 3404 Cogitabat
2641 3347 2782 3389 vero
2817 3346 2961 3404 papa
2995 3332 3340 3389 mitissimus
3369 3346 3499 3387 eum
3527 3346 3707 3403 penes
3739 3347 3806 3388 se

2159 3425 2415 3481 retinere
2439 3422 2647 3479 diebus
2672 3425 2807 3477 vntaa
2832 3436 2972 3490 suae,
3000 3421 3099 3477 sed
3127 3420 3259 3491 quia
3284 3421 3434 3476 idem
3459 3420 3813 3476 anxiabatur

2154 3514 2270 3585 jam
2307 3527 2408 3583 per
2440 3526 2652 3568 annum
2687 3510 2976 3580 integrum
3005 3509 3346 3565 commissos
3362 3509 3471 3564 sibi
3514 3510 3729 3564 fratres
3748 3515 3813 3565 ct

2161 3602 2312 3659 filios
2332 3616 2393 3658 se
2418 3616 2529 3656 non
2553 3599 2789 3669 vidisse,
2815 3598 2952 3653 licet
2975 3596 3201 3653 doleret
3226 3597 3357 3654 illos
3380 3613 3492 3654 non
3517 3600 3581 3653 ut
3598 3597 3815 3654 decue-

2162 3696 2249 3748 rat
2283 3705 2412 3746 eum
2446 3704 2473 3745 a
2510 3702 2572 3744 se
2597 3686 2886 3743 dimisisse
2919 3705 2930 3740 :
2966 3686 3169 3742 videns
3197 3686 3446 3741 animum
3471 3686 3595 3756 ejus
3618 3686 3672 3740 in
3696 3685 3813 3740 hoc

2161 3794 2294 3837 esse
2312 3783 2377 3835 ut
2394 3776 2910 3844 fratresvisitaret,
2937 3774 3160 3831 dimisit
3183 3790 3334 3835 eum.
3360 3774 3629 3845 imposita
3654 3773 3705 3828 ei
3735 3773 3822 3830 le-

2162 3868 2396 3939 gatione
2450 3864 2801 3935 Colimbria),
2852 3865 2996 3920 dans
3046 3864 3278 3920 litteras
3327 3864 3397 3919 ad
3430 3862 3815 3918 Siscnandum

2166 3956 2486 4030 principem
2518 3953 2774 4025 prmfatae
2810 3952 3124 4023 provinciae
3147 3954 3318 4022 (188),
3349 3957 3409 4008 ut
3432 3951 3480 4006 ei
3517 3956 3815 4020 tamquam

2165 4045 2337 4101 alteri
2371 4042 2479 4099 sibi
2505 4041 2795 4098 crederet.
2823 4040 2974 4096 Misit
2996 4040 3170 4095 etiam
3193 4055 3298 4110 per
3318 4055 3467 4109 eum,
3494 4044 3551 4094 et
3575 4054 3678 4110 per
3707 4041 3818 4096 Pe-

2165 4139 2321 4191 trum
2354 4134 2587 4201 lgneum
2622 4128 2791 4200 (189),
2825 4133 2881 4184 et
2917 4144 3019 4198 per
3043 4128 3359 4198 principem
3381 4127 3817 4183 Salernitanum

2169 4220 2452 4277 Gisulfum
2469 4218 2716 4287 nomine,
2737 4232 2883 4288 quos
2901 4216 3234 4272 Cluniacum
3256 4215 3544 4285 mittebat,
3574 4213 3817 4273 litteras

2167 4309 2437 4366 omnibus
2471 4305 2759 4375 fidelibus,
2801 4305 2859 4361 in
2892 4305 3102 4374 quibus
3131 4313 3187 4359 et
3214 4302 3566 4360 calamitatis
3591 4308 3818 4361 sanctae

2168 4400 2440 4454 Romanae
2470 4394 2755 4451 aecclesiae
2785 4398 3115 4459 causam,et
3137 4407 3240 4450 cur
3273 4396 3434 4448 tanta
3471 4406 3677 4464 passus
3708 4392 3816 4463 sit,

414 4502 520 4546 nec
546 4486 735 4541 bestia
759 4498 885 4554 quae
911 4483 1176 4539 sarcinas
1202 4483 1425 4539 ferebat
1450 4490 1804 4555 remanente,
1839 4486 2055 4545 inveni—
2081 4479 2137 4542 D
2170 4485 2547 4559 quamobrem
2582 4482 2653 4539 ad
2684 4483 2792 4538 hec
2822 4482 3096 4554 patienda
3128 4481 3419 4538 adductus
3448 4482 3522 4536 sit
3557 4480 3822 4537 breviter

413 4578 503 4632 ret
528 4576 784 4629 Romana
807 4570 1052 4627 avaritia
1078 4585 1191 4640 quo
1213 4571 1560 4642 cupiditatis
1590 4572 1861 4642 ingenita)
1897 4576 2052 4633 frena

413 4664 661 4732 laxaret,
682 4661 878 4731 sicque
894 4658 1333 4715 maliciaeorum
1350 4665 1592 4730 propter
1603 4663 1865 4720 sarcinas
1881 4664 2058 4721 inter-

413 4758 590 4825 rupta
606 4754 714 4807 est.
735 4750 1067 4806 Intueamur
1082 4761 1233 4803 nunc
1248 4746 1623 4804 ﬂuctuantem
1638 4754 1696 4804 et
1710 4755 2057 4810 aestuantem

414 4841 668 4898 animum
683 4837 870 4910 patris
882 4835 952 4892 de
972 4840 1158 4891 morte
1173 4835 1361 4905 ﬁlii,et
1378 4835 1701 4906 cogitemus
1723 4854 1852 4910 qum
1877 4842 2062 4914 potuit

413 4934 623 5000 gentes
654 4925 980 4984 consolatio
998 4923 1364 4981 doloriillius
1378 4924 1615 4981 mederi.
1655 4929 1818 4999 Apud
1832 4935 2067 4988 exteras

420 5019 672 5089 positus,
719 5016 949 5072 duobus
980 5016 1206 5069 tantum
1242 5012 1420 5068 sociis
1460 5017 1516 5069 et
1544 5015 1653 5071 hoc
1693 5018 2068 5075 terciofultus

2169 4573 2534 4644 dilucidavit,
2556 4576 2613 4628 et
2640 4575 2701 4627 ut
2730 4571 2819 4627 sui
2838 4571 3258 4627 misererentur
3277 4570 3589 4626 ammonuit
3616 4569 3671 4624 in
3701 4569 3819 4626 hec

2165 4665 2345 4723 verba
2380 4682 2392 4717 :

2244 4772 2272 4804 «
2296 4746 2612 4819 Gregorius
2627 4747 2962 4819 episcopus,
2990 4761 3197 4802 servus
3226 4761 3527 4802 servorum
3547 4745 3667 4815 Dei,
3694 4759 3823 4800 om-

2173 4842 2344 4899 nibus
2362 4839 2420 4893 in
2444 4836 2674 4895 Christo
2689 4835 2980 4905 fidelibus,
2998 4834 3379 4907 apostolicam
3395 4835 3591 4891 sedem
3607 4848 3819 4891 revera

2176 4926 2575 4997 diligentibus,
2594 4923 3307 4995 salutcmetapostolicam
3326 4922 3817 4979 benedictionem.

2178 5014 2471 5085 Pervenit,
2507 5014 2721 5069 fratres
2751 5012 3059 5081 karissimi,
3085 5015 3198 5067 etc.
3219 5033 3243 5059 ιι
3265 5012 3495 5068 Exstat
3507 5010 3668 5068 inter
3694 5011 3824 5081 epi-

417 5106 553 5175 quid
573 5109 842 5176 putamus
854 5100 1160 5172 cordiejus
1173 5101 2071 5174 accesserit?Quicogitationum
2178 5105 2366 5164 stolas
2389 5102 2686 5174 Gregorii,
2708 5101 3073 5173 Ρατνοιοθίιε
3103 5100 3235 5157 tom.
3272 5098 3659 5171 CXLVIIl,col.
3687 5101 3819 5155 708.

1770 5230 2004 5285 νΑΡιυΕ
2044 5227 2443 5286 LECTIONES.

485 5325 552 5359 ιη
578 5325 670 5382 ita
698 5325 923 5396 codex;
950 5323 1356 5396 praestolamur
1385 5323 1647 5383 Labbeus
1670 5325 1879 5382 edidit.

1997 5396 2222 5455 NOTE.

487 5501 635 5575 (188)
669 5503 865 5575 Neque
894 5500 1017 5575 haec
1048 5513 1235 5573 neque
1257 5506 1579 5575 sequentes
1603 5502 1864 5574 Gregorii
1899 5502 2055 5562 litte-

418 5570 506 5634 rze'
528 5574 582 5631 in
616 5570 891 5647 Registro
924 5570 1220 5641 leguntur.
1255 5572 1317 5629 K.

2241 5502 2387 5573 (189)
2431 5497 2804 5558 cardinalem.
