  <div class='ocr_page' id='page_1' title='image "/cluster/home/n/w/nwhite01/storage/ocr_20150623/154/hvd.32044054760129/174.png"; bbox 0 0 3960 6052; ppageno 0'>
   <div class='ocr_carea' id='block_1_1' title="bbox 157 239 271 306">
    <p class='ocr_par' dir='ltr' id='par_1_1' title="bbox 157 239 271 306">
     <span class='ocr_line' id='line_1_1' title="bbox 157 239 271 306; baseline 0 -1"><span class='ocrx_word' id='word_1_1' title='bbox 157 239 271 306; x_wconf 76' lang='lat'>387</span> 
     </span>
    </p>
   </div>
   <div class='ocr_carea' id='block_1_2' title="bbox 1313 237 2328 312">
    <p class='ocr_par' dir='ltr' id='par_1_2' title="bbox 1313 237 2328 312">
     <span class='ocr_line' id='line_1_2' title="bbox 1313 237 2328 312; baseline 0.002 -2"><span class='ocrx_word' id='word_1_2' title='bbox 1313 269 1316 271; x_wconf 92' lang='grc'><strong>·</strong></span> <span class='ocrx_word' id='word_1_3' title='bbox 1411 238 1908 311; x_wconf 75' lang='lat' dir='ltr'>UHRONICON.</span> <span class='ocrx_word' id='word_1_4' title='bbox 1946 277 2026 291; x_wconf 91' lang='lat'><strong>--</strong></span> <span class='ocrx_word' id='word_1_5' title='bbox 2055 237 2206 310; x_wconf 88' lang='lat' dir='ltr'>LlB.</span> <span class='ocrx_word' id='word_1_6' title='bbox 2251 245 2328 312; x_wconf 87' lang='lat' dir='ltr'>II.</span> 
     </span>
    </p>
   </div>
   <div class='ocr_carea' id='block_1_3' title="bbox 3451 249 3572 319">
    <p class='ocr_par' dir='ltr' id='par_1_3' title="bbox 3451 249 3572 319">
     <span class='ocr_line' id='line_1_3' title="bbox 3451 249 3572 319; baseline 0.008 -1"><span class='ocrx_word' id='word_1_7' title='bbox 3451 249 3572 319; x_wconf 77' lang='lat'>838</span> 
     </span>
    </p>
   </div>
   <div class='ocr_carea' id='block_1_4' title="bbox 226 375 3574 461">
    <p class='ocr_par' dir='ltr' id='par_1_4' title="bbox 226 375 3574 461">
     <span class='ocr_line' id='line_1_4' title="bbox 226 375 3574 461; baseline 0.004 -25"><span class='ocrx_word' id='word_1_8' title='bbox 226 375 622 453; x_wconf 80' lang='lat' dir='ltr'>Abbsigitur</span> <span class='ocrx_word' id='word_1_9' title='bbox 643 377 1006 440; x_wconf 88' lang='lat' dir='ltr'>Divionensis</span> <span class='ocrx_word' id='word_1_10' title='bbox 1029 395 1158 439; x_wconf 90' lang='lat' dir='ltr'>cum</span> <span class='ocrx_word' id='word_1_11' title='bbox 1180 379 1356 440; x_wconf 88' lang='lat' dir='ltr'>Petro</span> <span class='ocrx_word' id='word_1_12' title='bbox 1378 379 1552 453; x_wconf 88' lang='lat' dir='ltr'>lgneo</span> <span class='ocrx_word' id='word_1_13' title='bbox 1572 383 1629 439; x_wconf 90' lang='lat' dir='ltr'>et</span> <span class='ocrx_word' id='word_1_14' title='bbox 1650 379 1809 456; x_wconf 85' lang='lat' dir='ltr'>prin-</span> <span class='ocrx_word' id='word_1_15' title='bbox 1836 377 1894 442; x_wconf 83' lang='lat' dir='ltr'><strong>A</strong></span> <span class='ocrx_word' id='word_1_16' title='bbox 1923 381 2044 453; x_wconf 91' lang='lat' dir='ltr'>net,</span> <span class='ocrx_word' id='word_1_17' title='bbox 2077 383 2242 441; x_wconf 89' lang='lat' dir='ltr'>tanto</span> <span class='ocrx_word' id='word_1_18' title='bbox 2277 383 2461 457; x_wconf 89' lang='lat' dir='ltr'>magis</span> <span class='ocrx_word' id='word_1_19' title='bbox 2489 386 2824 460; x_wconf 88' lang='lat' dir='ltr'>appetebat,</span> <span class='ocrx_word' id='word_1_20' title='bbox 2877 392 3096 461; x_wconf 89' lang='lat' dir='ltr'>quanto</span> <span class='ocrx_word' id='word_1_21' title='bbox 3127 403 3461 451; x_wconf 60' lang='lat' dir='ltr'>mammona</span> <span class='ocrx_word' id='word_1_22' title='bbox 3491 391 3574 451; x_wconf 89' lang='lat' dir='ltr'>fu-</span> 
     </span>
    </p>
   </div>
   <div class='ocr_carea' id='block_1_5' title="bbox 167 465 1810 543">
    <p class='ocr_par' dir='ltr' id='par_1_5' title="bbox 167 465 1810 543">
     <span class='ocr_line' id='line_1_5' title="bbox 167 465 1810 543; baseline 0.002 -19"><span class='ocrx_word' id='word_1_23' title='bbox 167 465 299 540; x_wconf 90' lang='lat' dir='ltr'>cipe</span> <span class='ocrx_word' id='word_1_24' title='bbox 328 468 697 528; x_wconf 88' lang='lat' dir='ltr'>Salernitano</span> <span class='ocrx_word' id='word_1_25' title='bbox 737 471 893 543; x_wconf 92' lang='lat' dir='ltr'>apud</span> <span class='ocrx_word' id='word_1_26' title='bbox 943 470 1362 528; x_wconf 88' lang='lat' dir='ltr'>Salernitanam</span> <span class='ocrx_word' id='word_1_27' title='bbox 1422 473 1625 529; x_wconf 84' lang='lat' dir='ltr'>urbem</span> <span class='ocrx_word' id='word_1_28' title='bbox 1653 486 1810 528; x_wconf 88' lang='lat' dir='ltr'>mare</span> 
     </span>
    </p>
   </div>
   <div class='ocr_carea' id='block_1_6' title="bbox 152 555 1847 632">
    <p class='ocr_par' dir='ltr' id='par_1_6' title="bbox 152 555 1847 632">
     <span class='ocr_line' id='line_1_6' title="bbox 152 555 1847 632; baseline 0.002 -21"><span class='ocrx_word' id='word_1_29' title='bbox 152 555 430 627; x_wconf 84' lang='lat' dir='ltr'>ingressi,</span> <span class='ocrx_word' id='word_1_30' title='bbox 465 558 599 629; x_wconf 84' lang='lat' dir='ltr'>quia</span> <span class='ocrx_word' id='word_1_31' title='bbox 628 564 962 630; x_wconf 86' lang='lat' dir='ltr'>perterram</span> <span class='ocrx_word' id='word_1_32' title='bbox 989 559 1072 615; x_wconf 89' lang='lat' dir='ltr'>ire</span> <span class='ocrx_word' id='word_1_33' title='bbox 1090 564 1335 632; x_wconf 75' lang='lat' dir='ltr'>propter</span> <span class='ocrx_word' id='word_1_34' title='bbox 1358 559 1810 618; x_wconf 87' lang='lat' dir='ltr'>discursantium</span> <span class='ocrx_word' id='word_1_35' title='bbox 1839 560 1847 583; x_wconf 76' lang='grc'>¹</span> 
     </span>
    </p>
   </div>
   <div class='ocr_carea' id='block_1_7' title="bbox 155 645 1812 720">
    <p class='ocr_par' dir='ltr' id='par_1_7' title="bbox 155 645 1812 720">
     <span class='ocr_line' id='line_1_7' title="bbox 155 645 1812 720; baseline 0.002 -20"><span class='ocrx_word' id='word_1_36' title='bbox 155 645 417 701; x_wconf 88' lang='lat' dir='ltr'>hostium</span> <span class='ocrx_word' id='word_1_37' title='bbox 439 645 693 718; x_wconf 90' lang='lat' dir='ltr'>impetus</span> <span class='ocrx_word' id='word_1_38' title='bbox 707 647 1227 719; x_wconf 83' lang='lat' dir='ltr'>pertimescebant,</span> <span class='ocrx_word' id='word_1_39' title='bbox 1255 647 1427 720; x_wconf 88' lang='lat' dir='ltr'>longa</span> <span class='ocrx_word' id='word_1_40' title='bbox 1443 647 1812 720; x_wconf 80' lang='lat' dir='ltr'>navigatione</span> 
     </span>
    </p>
   </div>
   <div class='ocr_carea' id='block_1_8' title="bbox 153 734 1815 808">
    <p class='ocr_par' dir='ltr' id='par_1_8' title="bbox 153 734 1815 808">
     <span class='ocr_line' id='line_1_8' title="bbox 153 734 1815 808; baseline 0.001 -19"><span class='ocrx_word' id='word_1_41' title='bbox 153 734 375 805; x_wconf 88' lang='lat' dir='ltr'>pertesi</span> <span class='ocrx_word' id='word_1_42' title='bbox 425 735 678 791; x_wconf 87' lang='lat' dir='ltr'>tamdem</span> <span class='ocrx_word' id='word_1_43' title='bbox 733 735 1144 806; x_wconf 74' lang='lat' dir='ltr'>applicuerunt</span> <span class='ocrx_word' id='word_1_44' title='bbox 1193 737 1344 808; x_wconf 87' lang='lat' dir='ltr'>apud</span> <span class='ocrx_word' id='word_1_45' title='bbox 1379 739 1653 794; x_wconf 89' lang='lat' dir='ltr'>Sanctum</span> <span class='ocrx_word' id='word_1_46' title='bbox 1688 737 1815 806; x_wconf 87' lang='lat' dir='ltr'>Egi-</span> 
     </span>
    </p>
   </div>
   <div class='ocr_carea' id='block_1_9' title="bbox 154 821 1816 897">
    <p class='ocr_par' dir='ltr' id='par_1_9' title="bbox 154 821 1816 897">
     <span class='ocr_line' id='line_1_9' title="bbox 154 821 1816 897; baseline 0.001 -19"><span class='ocrx_word' id='word_1_47' title='bbox 154 821 314 878; x_wconf 89' lang='lat' dir='ltr'>dium</span> <span class='ocrx_word' id='word_1_48' title='bbox 350 825 521 894; x_wconf 86' lang='lat' dir='ltr'>(l90),</span> <span class='ocrx_word' id='word_1_49' title='bbox 559 823 655 879; x_wconf 89' lang='lat' dir='ltr'>ubi</span> <span class='ocrx_word' id='word_1_50' title='bbox 691 824 969 880; x_wconf 77' lang='lat' dir='ltr'>diversis</span> <span class='ocrx_word' id='word_1_51' title='bbox 1023 839 1298 882; x_wconf 90' lang='lat' dir='ltr'>curarum</span> <span class='ocrx_word' id='word_1_52' title='bbox 1354 825 1600 883; x_wconf 67' lang='lat' dir='ltr'>aestibus</span> <span class='ocrx_word' id='word_1_53' title='bbox 1657 826 1816 897; x_wconf 82' lang='lat' dir='ltr'>cepit</span> 
     </span>
    </p>
   </div>
   <div class='ocr_carea' id='block_1_10' title="bbox 153 910 1815 985">
    <p class='ocr_par' dir='ltr' id='par_1_10' title="bbox 153 910 1815 985">
     <span class='ocr_line' id='line_1_10' title="bbox 153 910 1815 985; baseline 0.001 -19"><span class='ocrx_word' id='word_1_54' title='bbox 153 910 460 980; x_wconf 86' lang='lat' dir='ltr'>mensejus</span> <span class='ocrx_word' id='word_1_55' title='bbox 483 912 727 981; x_wconf 87' lang='lat' dir='ltr'>anxiari,</span> <span class='ocrx_word' id='word_1_56' title='bbox 751 916 946 970; x_wconf 90' lang='lat' dir='ltr'>utrum</span> <span class='ocrx_word' id='word_1_57' title='bbox 971 913 1127 969; x_wconf 81' lang='lat' dir='ltr'>sicut</span> <span class='ocrx_word' id='word_1_58' title='bbox 1151 927 1300 985; x_wconf 90' lang='lat' dir='ltr'>papa</span> <span class='ocrx_word' id='word_1_59' title='bbox 1325 917 1685 985; x_wconf 77' lang='lat' dir='ltr'>praeceperat</span> <span class='ocrx_word' id='word_1_60' title='bbox 1707 913 1815 969; x_wconf 93' lang='lat' dir='ltr'>iret</span> 
     </span>
    </p>
   </div>
   <div class='ocr_carea' id='block_1_11' title="bbox 153 999 1817 1072">
    <p class='ocr_par' dir='ltr' id='par_1_11' title="bbox 153 999 1817 1072">
     <span class='ocr_line' id='line_1_11' title="bbox 153 999 1817 1072; baseline 0 -17"><span class='ocrx_word' id='word_1_61' title='bbox 153 1004 320 1055; x_wconf 89' lang='lat' dir='ltr'>recto</span> <span class='ocrx_word' id='word_1_62' title='bbox 335 999 572 1056; x_wconf 78' lang='lat' dir='ltr'>tramite</span> <span class='ocrx_word' id='word_1_63' title='bbox 587 999 861 1057; x_wconf 87' lang='lat' dir='ltr'>Colimbri</span> <span class='ocrx_word' id='word_1_64' title='bbox 873 1015 1059 1072; x_wconf 90' lang='lat' dir='ltr'>am,an</span> <span class='ocrx_word' id='word_1_65' title='bbox 1080 1000 1188 1058; x_wconf 88' lang='lat' dir='ltr'>visi</span> <span class='ocrx_word' id='word_1_66' title='bbox 1200 1005 1349 1058; x_wconf 85' lang='lat' dir='ltr'>taret</span> <span class='ocrx_word' id='word_1_67' title='bbox 1370 1001 1521 1058; x_wconf 83' lang='lat' dir='ltr'>ﬁlios</span> <span class='ocrx_word' id='word_1_68' title='bbox 1537 1016 1683 1072; x_wconf 91' lang='lat' dir='ltr'>quos</span> <span class='ocrx_word' id='word_1_69' title='bbox 1701 1001 1817 1072; x_wconf 90' lang='lat' dir='ltr'>jam</span> 
     </span>
    </p>
   </div>
   <div class='ocr_carea' id='block_1_12' title="bbox 152 1090 1821 1163">
    <p class='ocr_par' dir='ltr' id='par_1_12' title="bbox 152 1090 1821 1163">
     <span class='ocr_line' id='line_1_12' title="bbox 152 1090 1821 1163; baseline 0.002 -20"><span class='ocrx_word' id='word_1_70' title='bbox 152 1102 396 1144; x_wconf 88' lang='lat' dir='ltr'>emenso</span> <span class='ocrx_word' id='word_1_71' title='bbox 426 1105 578 1146; x_wconf 88' lang='lat' dir='ltr'>anno</span> <span class='ocrx_word' id='word_1_72' title='bbox 609 1105 722 1147; x_wconf 91' lang='lat' dir='ltr'>non</span> <span class='ocrx_word' id='word_1_73' title='bbox 747 1090 995 1147; x_wconf 81' lang='lat' dir='ltr'>viderat.</span> <span class='ocrx_word' id='word_1_74' title='bbox 1022 1091 1081 1146; x_wconf 88' lang='lat' dir='ltr'>Ei</span> <span class='ocrx_word' id='word_1_75' title='bbox 1108 1091 1310 1161; x_wconf 82' lang='lat' dir='ltr'>itaque</span> <span class='ocrx_word' id='word_1_76' title='bbox 1339 1092 1650 1149; x_wconf 81' lang='lat' dir='ltr'>fluctuanti</span> <span class='ocrx_word' id='word_1_77' title='bbox 1691 1107 1821 1163; x_wconf 83' lang='lat' dir='ltr'>pro-</span> 
     </span>
    </p>
   </div>
   <div class='ocr_carea' id='block_1_13' title="bbox 152 1177 1822 1262">
    <p class='ocr_par' dir='ltr' id='par_1_13' title="bbox 152 1177 1822 1262">
     <span class='ocr_line' id='line_1_13' title="bbox 152 1177 1822 1262; baseline 0.002 -31"><span class='ocrx_word' id='word_1_78' title='bbox 152 1177 301 1232; x_wconf 90' lang='lat' dir='ltr'>vidit</span> <span class='ocrx_word' id='word_1_79' title='bbox 338 1184 652 1251; x_wconf 87' lang='lat' dir='ltr'>respectus</span> <span class='ocrx_word' id='word_1_80' title='bbox 685 1179 924 1250; x_wconf 89' lang='lat' dir='ltr'>pietatis</span> <span class='ocrx_word' id='word_1_81' title='bbox 959 1180 1186 1250; x_wconf 61' lang='lat' dir='ltr'>divinae,</span> <span class='ocrx_word' id='word_1_82' title='bbox 1235 1181 1530 1252; x_wconf 86' lang='lat' dir='ltr'>inspirans</span> <span class='ocrx_word' id='word_1_83' title='bbox 1560 1180 1724 1237; x_wconf 90' lang='lat' dir='ltr'>cordi</span> <span class='ocrx_word' id='word_1_84' title='bbox 1757 1179 1822 1262; x_wconf 67' lang='lat' dir='ltr'>il:</span> 
     </span>
    </p>
   </div>
   <div class='ocr_carea' id='block_1_14' title="bbox 154 1263 1796 1340">
    <p class='ocr_par' dir='ltr' id='par_1_14' title="bbox 154 1263 1796 1340">
     <span class='ocr_line' id='line_1_14' title="bbox 154 1263 1796 1340; baseline 0.003 -21"><span class='ocrx_word' id='word_1_85' title='bbox 154 1263 289 1335; x_wconf 90' lang='lat' dir='ltr'>lius,</span> <span class='ocrx_word' id='word_1_86' title='bbox 308 1270 380 1323; x_wconf 94' lang='lat' dir='ltr'>ut</span> <span class='ocrx_word' id='word_1_87' title='bbox 404 1267 737 1339; x_wconf 89' lang='lat' dir='ltr'>postposita</span> <span class='ocrx_word' id='word_1_88' title='bbox 755 1268 907 1324; x_wconf 88' lang='lat' dir='ltr'>omni</span> <span class='ocrx_word' id='word_1_89' title='bbox 933 1267 1468 1340; x_wconf 66' lang='lat' dir='ltr'>dubietatejfratres</span> <span class='ocrx_word' id='word_1_90' title='bbox 1482 1275 1540 1324; x_wconf 92' lang='lat' dir='ltr'>et</span> <span class='ocrx_word' id='word_1_91' title='bbox 1565 1269 1719 1324; x_wconf 86' lang='lat' dir='ltr'>filios</span> <span class='ocrx_word' id='word_1_92' title='bbox 1741 1268 1796 1324; x_wconf 91' lang='lat' dir='ltr'>vi</span> 
     </span>
    </p>
   </div>
   <div class='ocr_carea' id='block_1_15' title="bbox 155 1353 1818 1429">
    <p class='ocr_par' dir='ltr' id='par_1_15' title="bbox 155 1353 1818 1429">
     <span class='ocr_line' id='line_1_15' title="bbox 155 1353 1818 1429; baseline 0.002 -21"><span class='ocrx_word' id='word_1_93' title='bbox 155 1353 366 1410; x_wconf 87' lang='lat' dir='ltr'>sitaret</span> <span class='ocrx_word' id='word_1_94' title='bbox 387 1354 571 1426; x_wconf 90' lang='lat' dir='ltr'>;quod</span> <span class='ocrx_word' id='word_1_95' title='bbox 591 1360 652 1412; x_wconf 91' lang='lat' dir='ltr'>et</span> <span class='ocrx_word' id='word_1_96' title='bbox 680 1356 838 1426; x_wconf 89' lang='lat' dir='ltr'>fecit,</span> <span class='ocrx_word' id='word_1_97' title='bbox 864 1371 968 1412; x_wconf 92' lang='lat' dir='ltr'>nec</span> <span class='ocrx_word' id='word_1_98' title='bbox 989 1371 1122 1413; x_wconf 91' lang='lat' dir='ltr'>eum</span> <span class='ocrx_word' id='word_1_99' title='bbox 1141 1357 1350 1413; x_wconf 90' lang='lat' dir='ltr'>fecisse</span> <span class='ocrx_word' id='word_1_100' title='bbox 1377 1357 1652 1429; x_wconf 90' lang='lat' dir='ltr'>penituit.</span> <span class='ocrx_word' id='word_1_101' title='bbox 1681 1359 1818 1413; x_wconf 89' lang='lat' dir='ltr'>Nam</span> 
     </span>
    </p>
   </div>
   <div class='ocr_carea' id='block_1_16' title="bbox 155 1443 1820 1515">
    <p class='ocr_par' dir='ltr' id='par_1_16' title="bbox 155 1443 1820 1515">
     <span class='ocr_line' id='line_1_16' title="bbox 155 1443 1820 1515; baseline 0.001 -16"><span class='ocrx_word' id='word_1_102' title='bbox 155 1443 266 1500; x_wconf 85' lang='lat' dir='ltr'>nisi</span> <span class='ocrx_word' id='word_1_103' title='bbox 289 1444 404 1501; x_wconf 89' lang='lat' dir='ltr'>hoc</span> <span class='ocrx_word' id='word_1_104' title='bbox 427 1445 940 1515; x_wconf 86' lang='lat' dir='ltr'>fecisset,fortasse</span> <span class='ocrx_word' id='word_1_105' title='bbox 975 1446 1209 1502; x_wconf 90' lang='lat' dir='ltr'>rediens</span> <span class='ocrx_word' id='word_1_106' title='bbox 1231 1462 1261 1502; x_wconf 89' lang='lat' dir='ltr'>a</span> <span class='ocrx_word' id='word_1_107' title='bbox 1287 1446 1598 1504; x_wconf 88' lang='lat' dir='ltr'>Colimbria</span> <span class='ocrx_word' id='word_1_108' title='bbox 1613 1447 1712 1503; x_wconf 88' lang='lat' dir='ltr'>vix</span> <span class='ocrx_word' id='word_1_109' title='bbox 1735 1447 1820 1502; x_wconf 87' lang='lat' dir='ltr'>in-</span> 
     </span>
    </p>
   </div>
   <div class='ocr_carea' id='block_1_17' title="bbox 157 1533 1821 1606">
    <p class='ocr_par' dir='ltr' id='par_1_17' title="bbox 157 1533 1821 1606">
     <span class='ocr_line' id='line_1_17' title="bbox 157 1533 1821 1606; baseline 0.002 -19"><span class='ocrx_word' id='word_1_110' title='bbox 157 1533 421 1589; x_wconf 78' lang='lat' dir='ltr'>venisset</span> <span class='ocrx_word' id='word_1_111' title='bbox 439 1548 588 1604; x_wconf 92' lang='lat' dir='ltr'>quos</span> <span class='ocrx_word' id='word_1_112' title='bbox 602 1534 710 1589; x_wconf 91' lang='lat' dir='ltr'>visi</span> <span class='ocrx_word' id='word_1_113' title='bbox 720 1539 891 1590; x_wconf 89' lang='lat' dir='ltr'>taret.</span> <span class='ocrx_word' id='word_1_114' title='bbox 913 1536 1122 1606; x_wconf 78' lang='lat'>(1085.)</span> <span class='ocrx_word' id='word_1_115' title='bbox 1137 1535 1496 1591; x_wconf 84' lang='lat' dir='ltr'>Perdidissct</span> <span class='ocrx_word' id='word_1_116' title='bbox 1511 1535 1684 1590; x_wconf 91' lang='lat' dir='ltr'>etiam</span> <span class='ocrx_word' id='word_1_117' title='bbox 1700 1538 1757 1590; x_wconf 88' lang='lat' dir='ltr'>ta</span> <span class='ocrx_word' id='word_1_118' title='bbox 1768 1544 1821 1590; x_wconf 88' lang='lat' dir='ltr'>n&#39;</span> 
     </span>
    </p>
   </div>
   <div class='ocr_carea' id='block_1_18' title="bbox 159 1621 1812 1694">
    <p class='ocr_par' dir='ltr' id='par_1_18' title="bbox 159 1621 1812 1694">
     <span class='ocr_line' id='line_1_18' title="bbox 159 1621 1812 1694; baseline 0.001 -19"><span class='ocrx_word' id='word_1_119' title='bbox 159 1626 274 1676; x_wconf 89' lang='lat' dir='ltr'>tam</span> <span class='ocrx_word' id='word_1_120' title='bbox 325 1621 553 1692; x_wconf 79' lang='lat' dir='ltr'>frugem</span> <span class='ocrx_word' id='word_1_121' title='bbox 590 1623 904 1694; x_wconf 87' lang='lat' dir='ltr'>liliationis,</span> <span class='ocrx_word' id='word_1_122' title='bbox 939 1627 1211 1694; x_wconf 84' lang='lat' dir='ltr'>quantam</span> <span class='ocrx_word' id='word_1_123' title='bbox 1244 1638 1313 1679; x_wconf 90' lang='lat' dir='ltr'>eo</span> <span class='ocrx_word' id='word_1_124' title='bbox 1347 1637 1498 1680; x_wconf 89' lang='lat' dir='ltr'>anno</span> <span class='ocrx_word' id='word_1_125' title='bbox 1532 1623 1812 1694; x_wconf 90' lang='lat' dir='ltr'>suscepit,</span> 
     </span>
    </p>
   </div>
   <div class='ocr_carea' id='block_1_19' title="bbox 1923 472 3574 551">
    <p class='ocr_par' dir='ltr' id='par_1_19' title="bbox 1923 472 3574 551">
     <span class='ocr_line' id='line_1_19' title="bbox 1923 472 3574 551; baseline 0.007 -25"><span class='ocrx_word' id='word_1_126' title='bbox 1923 472 2108 529; x_wconf 88' lang='lat' dir='ltr'>rentis</span> <span class='ocrx_word' id='word_1_127' title='bbox 2133 479 2193 530; x_wconf 89' lang='lat' dir='ltr'>et</span> <span class='ocrx_word' id='word_1_128' title='bbox 2215 474 2516 533; x_wconf 88' lang='lat' dir='ltr'>illicientis</span> <span class='ocrx_word' id='word_1_129' title='bbox 2542 477 2782 534; x_wconf 80' lang='lat' dir='ltr'>fallaces</span> <span class='ocrx_word' id='word_1_130' title='bbox 2799 482 2854 534; x_wconf 91' lang='lat' dir='ltr'>et</span> <span class='ocrx_word' id='word_1_131' title='bbox 2891 493 3002 535; x_wconf 89' lang='lat' dir='ltr'>non</span> <span class='ocrx_word' id='word_1_132' title='bbox 3029 494 3200 537; x_wconf 87' lang='lat' dir='ltr'>veras</span> <span class='ocrx_word' id='word_1_133' title='bbox 3227 481 3574 551; x_wconf 87' lang='lat' dir='ltr'>aspernaba-</span> 
     </span>
    </p>
   </div>
   <div class='ocr_carea' id='block_1_20' title="bbox 1925 560 3572 639">
    <p class='ocr_par' dir='ltr' id='par_1_20' title="bbox 1925 560 3572 639">
     <span class='ocr_line' id='line_1_20' title="bbox 1925 560 3572 639; baseline 0.007 -24"><span class='ocrx_word' id='word_1_134' title='bbox 1925 562 2020 617; x_wconf 89' lang='lat' dir='ltr'>tur</span> <span class='ocrx_word' id='word_1_135' title='bbox 2041 560 2298 618; x_wconf 79' lang='lat' dir='ltr'>dil/itias.</span> <span class='ocrx_word' id='word_1_136' title='bbox 2326 565 2778 636; x_wconf 88' lang='lat' dir='ltr'>Astringebatur</span> <span class='ocrx_word' id='word_1_137' title='bbox 2799 567 2950 623; x_wconf 91' lang='lat' dir='ltr'>enim</span> <span class='ocrx_word' id='word_1_138' title='bbox 2977 567 3032 624; x_wconf 90' lang='lat' dir='ltr'>in</span> <span class='ocrx_word' id='word_1_139' title='bbox 3057 571 3310 639; x_wconf 89' lang='lat' dir='ltr'>utroque</span> <span class='ocrx_word' id='word_1_140' title='bbox 3331 569 3572 626; x_wconf 88' lang='lat' dir='ltr'>humero</span> 
     </span>
    </p>
   </div>
   <div class='ocr_carea' id='block_1_21' title="bbox 1923 651 3579 728">
    <p class='ocr_par' dir='ltr' id='par_1_21' title="bbox 1923 651 3579 728">
     <span class='ocr_line' id='line_1_21' title="bbox 1923 651 3579 728; baseline 0.005 -23"><span class='ocrx_word' id='word_1_141' title='bbox 1923 651 2210 708; x_wconf 85' lang='lat' dir='ltr'>velamine</span> <span class='ocrx_word' id='word_1_142' title='bbox 2227 654 2747 727; x_wconf 88' lang='lat' dir='ltr'>superbumeralis,</span> <span class='ocrx_word' id='word_1_143' title='bbox 2775 656 2869 726; x_wconf 91' lang='lat' dir='ltr'>qui</span> <span class='ocrx_word' id='word_1_144' title='bbox 2886 661 3090 714; x_wconf 91' lang='lat' dir='ltr'>contra</span> <span class='ocrx_word' id='word_1_145' title='bbox 3106 657 3351 712; x_wconf 90' lang='lat' dir='ltr'>adversa</span> <span class='ocrx_word' id='word_1_146' title='bbox 3365 661 3422 712; x_wconf 92' lang='lat' dir='ltr'>et</span> <span class='ocrx_word' id='word_1_147' title='bbox 3446 672 3579 728; x_wconf 90' lang='lat' dir='ltr'>pro-</span> 
     </span>
    </p>
   </div>
   <div class='ocr_carea' id='block_1_22' title="bbox 1926 741 3574 816">
    <p class='ocr_par' dir='ltr' id='par_1_22' title="bbox 1926 741 3574 816">
     <span class='ocr_line' id='line_1_22' title="bbox 1926 741 3574 816; baseline 0.005 -22"><span class='ocrx_word' id='word_1_148' title='bbox 1926 753 2095 810; x_wconf 89' lang='lat' dir='ltr'>spera</span> <span class='ocrx_word' id='word_1_149' title='bbox 2109 741 2391 798; x_wconf 90' lang='lat' dir='ltr'>virtutum</span> <span class='ocrx_word' id='word_1_150' title='bbox 2407 757 2527 798; x_wconf 91' lang='lat' dir='ltr'>sem</span> <span class='ocrx_word' id='word_1_151' title='bbox 2537 749 2994 814; x_wconf 90' lang='lat' dir='ltr'>perornamento</span> <span class='ocrx_word' id='word_1_152' title='bbox 3011 744 3398 816; x_wconf 87' lang='lat' dir='ltr'>muniebatur,</span> <span class='ocrx_word' id='word_1_153' title='bbox 3421 750 3480 800; x_wconf 89' lang='lat' dir='ltr'>et</span> <span class='ocrx_word' id='word_1_154' title='bbox 3503 747 3574 802; x_wconf 89' lang='lat' dir='ltr'>ad</span> 
     </span>
    </p>
   </div>
   <div class='ocr_carea' id='block_1_23' title="bbox 1927 829 3580 902">
    <p class='ocr_par' dir='ltr' id='par_1_23' title="bbox 1927 829 3580 902">
     <span class='ocr_line' id='line_1_23' title="bbox 1927 829 3580 902; baseline 0.004 -19"><span class='ocrx_word' id='word_1_155' title='bbox 1927 829 2053 884; x_wconf 89' lang='lat' dir='ltr'>sola</span> <span class='ocrx_word' id='word_1_156' title='bbox 2089 844 2216 900; x_wconf 72' lang='lat' dir='ltr'>quae</span> <span class='ocrx_word' id='word_1_157' title='bbox 2241 831 2537 887; x_wconf 86' lang='lat' dir='ltr'>anteriora</span> <span class='ocrx_word' id='word_1_158' title='bbox 2563 837 2700 888; x_wconf 90' lang='lat' dir='ltr'>sunt</span> <span class='ocrx_word' id='word_1_159' title='bbox 2723 833 2936 902; x_wconf 91' lang='lat' dir='ltr'>nitens,</span> <span class='ocrx_word' id='word_1_160' title='bbox 2960 833 3016 890; x_wconf 91' lang='lat' dir='ltr'>in</span> <span class='ocrx_word' id='word_1_161' title='bbox 3040 833 3202 891; x_wconf 93' lang='lat' dir='ltr'>nullo</span> <span class='ocrx_word' id='word_1_162' title='bbox 3235 833 3580 890; x_wconf 91' lang='lat' dir='ltr'>delectatio-</span> 
     </span>
    </p>
   </div>
   <div class='ocr_carea' id='block_1_24' title="bbox 1929 917 2973 978">
    <p class='ocr_par' dir='ltr' id='par_1_24' title="bbox 1929 917 2973 978">
     <span class='ocr_line' id='line_1_24' title="bbox 1929 917 2973 978; baseline 0.006 -8"><span class='ocrx_word' id='word_1_163' title='bbox 1929 917 2019 972; x_wconf 89' lang='lat' dir='ltr'>nis</span> <span class='ocrx_word' id='word_1_164' title='bbox 2050 917 2258 974; x_wconf 61' lang='lat' dir='ltr'>inﬁmae</span> <span class='ocrx_word' id='word_1_165' title='bbox 2292 919 2476 976; x_wconf 83' lang='lat' dir='ltr'>latere</span> <span class='ocrx_word' id='word_1_166' title='bbox 2509 921 2856 978; x_wconf 84' lang='lat' dir='ltr'>ﬂectebatur</span> <span class='ocrx_word' id='word_1_167' title='bbox 2887 921 2973 976; x_wconf 67' lang='lat'>“8.</span> 
     </span>
    </p>
   </div>
   <div class='ocr_carea' id='block_1_25' title="bbox 2003 1076 3580 1152">
    <p class='ocr_par' dir='ltr' id='par_1_25' title="bbox 2003 1076 3580 1152">
     <span class='ocr_line' id='line_1_25' title="bbox 2003 1076 3580 1152; baseline 0.004 -20"><span class='ocrx_word' id='word_1_168' title='bbox 2003 1077 2144 1146; x_wconf 85' lang='lat' dir='ltr'>(Fol.</span> <span class='ocrx_word' id='word_1_169' title='bbox 2180 1076 2323 1148; x_wconf 71' lang='lat'>132’)</span> <span class='ocrx_word' id='word_1_170' title='bbox 2371 1081 2492 1135; x_wconf 83' lang='lat' dir='ltr'>Jam</span> <span class='ocrx_word' id='word_1_171' title='bbox 2545 1081 2734 1135; x_wconf 87' lang='lat' dir='ltr'>autem</span> <span class='ocrx_word' id='word_1_172' title='bbox 2763 1083 2994 1152; x_wconf 89' lang='lat' dir='ltr'>tempus</span> <span class='ocrx_word' id='word_1_173' title='bbox 3043 1081 3228 1152; x_wconf 87' lang='lat' dir='ltr'>adest,</span> <span class='ocrx_word' id='word_1_174' title='bbox 3265 1087 3330 1140; x_wconf 93' lang='lat' dir='ltr'>ut</span> <span class='ocrx_word' id='word_1_175' title='bbox 3361 1083 3580 1140; x_wconf 88' lang='lat' dir='ltr'>resolu-</span> 
     </span>
    </p>
   </div>
   <div class='ocr_carea' id='block_1_26' title="bbox 1931 1166 3576 1240">
    <p class='ocr_par' dir='ltr' id='par_1_26' title="bbox 1931 1166 3576 1240">
     <span class='ocr_line' id='line_1_26' title="bbox 1931 1166 3576 1240; baseline 0.004 -20"><span class='ocrx_word' id='word_1_176' title='bbox 1931 1166 2110 1222; x_wconf 89' lang='lat' dir='ltr'>tionis</span> <span class='ocrx_word' id='word_1_177' title='bbox 2133 1167 2260 1236; x_wconf 90' lang='lat' dir='ltr'>ejus</span> <span class='ocrx_word' id='word_1_178' title='bbox 2283 1167 2468 1223; x_wconf 86' lang='lat' dir='ltr'>series</span> <span class='ocrx_word' id='word_1_179' title='bbox 2486 1169 2795 1238; x_wconf 84' lang='lat' dir='ltr'>referatur,</span> <span class='ocrx_word' id='word_1_180' title='bbox 2829 1174 2884 1224; x_wconf 91' lang='lat' dir='ltr'>et</span> <span class='ocrx_word' id='word_1_181' title='bbox 2909 1185 3022 1240; x_wconf 92' lang='lat' dir='ltr'>quo</span> <span class='ocrx_word' id='word_1_182' title='bbox 3047 1171 3156 1226; x_wconf 86' lang='lat' dir='ltr'>fine</span> <span class='ocrx_word' id='word_1_183' title='bbox 3177 1172 3247 1226; x_wconf 90' lang='lat' dir='ltr'>ad</span> <span class='ocrx_word' id='word_1_184' title='bbox 3275 1172 3576 1227; x_wconf 88' lang='lat' dir='ltr'>Dominum</span> 
     </span>
    </p>
   </div>
   <div class='ocr_carea' id='block_1_27' title="bbox 1932 1258 3577 1329">
    <p class='ocr_par' dir='ltr' id='par_1_27' title="bbox 1932 1258 3577 1329">
     <span class='ocr_line' id='line_1_27' title="bbox 1932 1258 3577 1329; baseline 0.002 -19"><span class='ocrx_word' id='word_1_185' title='bbox 1932 1270 2120 1324; x_wconf 89' lang='lat' dir='ltr'>suum,</span> <span class='ocrx_word' id='word_1_186' title='bbox 2147 1270 2254 1326; x_wconf 91' lang='lat' dir='ltr'>pro</span> <span class='ocrx_word' id='word_1_187' title='bbox 2279 1270 2390 1326; x_wconf 89' lang='lat' dir='ltr'>quo</span> <span class='ocrx_word' id='word_1_188' title='bbox 2422 1260 2580 1311; x_wconf 82' lang='lat' dir='ltr'>tanta</span> <span class='ocrx_word' id='word_1_189' title='bbox 2605 1271 2816 1327; x_wconf 89' lang='lat' dir='ltr'>passus</span> <span class='ocrx_word' id='word_1_190' title='bbox 2846 1262 2958 1328; x_wconf 92' lang='lat' dir='ltr'>est,</span> <span class='ocrx_word' id='word_1_191' title='bbox 2991 1258 3350 1329; x_wconf 83' lang='lat' dir='ltr'>migraverit,</span> <span class='ocrx_word' id='word_1_192' title='bbox 3387 1259 3577 1316; x_wconf 87' lang='lat' dir='ltr'>oratio</span> 
     </span>
    </p>
   </div>
   <div class='ocr_carea' id='block_1_28' title="bbox 1932 1343 3577 1418">
    <p class='ocr_par' dir='ltr' id='par_1_28' title="bbox 1932 1343 3577 1418">
     <span class='ocr_line' id='line_1_28' title="bbox 1932 1343 3577 1418; baseline 0.002 -20"><span class='ocrx_word' id='word_1_193' title='bbox 1932 1343 2127 1399; x_wconf 73' lang='lat' dir='ltr'>brevis</span> <span class='ocrx_word' id='word_1_194' title='bbox 2149 1357 2254 1398; x_wconf 91' lang='lat' dir='ltr'>nec</span> <span class='ocrx_word' id='word_1_195' title='bbox 2286 1343 2510 1400; x_wconf 90' lang='lat' dir='ltr'>tediosa</span> <span class='ocrx_word' id='word_1_196' title='bbox 2539 1348 2948 1416; x_wconf 87' lang='lat' dir='ltr'>prosequatur.</span> <span class='ocrx_word' id='word_1_197' title='bbox 2981 1345 3165 1418; x_wconf 78' lang='lat' dir='ltr'>(l085)</span> <span class='ocrx_word' id='word_1_198' title='bbox 3197 1347 3279 1401; x_wconf 83' lang='lat' dir='ltr'>Re</span> <span class='ocrx_word' id='word_1_199' title='bbox 3300 1346 3449 1402; x_wconf 90' lang='lat' dir='ltr'>enim</span> <span class='ocrx_word' id='word_1_200' title='bbox 3485 1359 3577 1402; x_wconf 88' lang='lat' dir='ltr'>ve-</span> 
     </span>
    </p>
   </div>
   <div class='ocr_carea' id='block_1_29' title="bbox 1932 1431 3578 1504">
    <p class='ocr_par' dir='ltr' id='par_1_29' title="bbox 1932 1431 3578 1504">
     <span class='ocr_line' id='line_1_29' title="bbox 1932 1431 3578 1504; baseline 0 -16"><span class='ocrx_word' id='word_1_201' title='bbox 1932 1449 1992 1488; x_wconf 90' lang='lat' dir='ltr'>ra</span> <span class='ocrx_word' id='word_1_202' title='bbox 2027 1432 2157 1488; x_wconf 87' lang='lat' dir='ltr'>linis</span> <span class='ocrx_word' id='word_1_203' title='bbox 2187 1431 2313 1502; x_wconf 86' lang='lat' dir='ltr'>ejus</span> <span class='ocrx_word' id='word_1_204' title='bbox 2337 1431 2464 1488; x_wconf 90' lang='lat' dir='ltr'>laus</span> <span class='ocrx_word' id='word_1_205' title='bbox 2487 1431 2708 1488; x_wconf 91' lang='lat' dir='ltr'>Domini</span> <span class='ocrx_word' id='word_1_206' title='bbox 2741 1437 2852 1503; x_wconf 92' lang='lat' dir='ltr'>est,</span> <span class='ocrx_word' id='word_1_207' title='bbox 2881 1433 3012 1504; x_wconf 90' lang='lat' dir='ltr'>quia</span> <span class='ocrx_word' id='word_1_208' title='bbox 3040 1434 3086 1490; x_wconf 93' lang='lat' dir='ltr'>si</span> <span class='ocrx_word' id='word_1_209' title='bbox 3121 1435 3308 1490; x_wconf 89' lang='lat' dir='ltr'>omnis</span> <span class='ocrx_word' id='word_1_210' title='bbox 3340 1434 3465 1498; x_wconf 88' lang='lat' dir='ltr'>laus</span> <span class='ocrx_word' id='word_1_211' title='bbox 3497 1433 3578 1489; x_wconf 86' lang='lat' dir='ltr'>in-</span> 
     </span>
    </p>
   </div>
   <div class='ocr_carea' id='block_1_30' title="bbox 1933 1521 3574 1594">
    <p class='ocr_par' dir='ltr' id='par_1_30' title="bbox 1933 1521 3574 1594">
     <span class='ocr_line' id='line_1_30' title="bbox 1933 1521 3574 1594; baseline 0.001 -18"><span class='ocrx_word' id='word_1_212' title='bbox 1933 1521 2042 1577; x_wconf 87' lang='lat' dir='ltr'>line</span> <span class='ocrx_word' id='word_1_213' title='bbox 2060 1521 2311 1589; x_wconf 87' lang='lat' dir='ltr'>canitur,</span> <span class='ocrx_word' id='word_1_214' title='bbox 2338 1536 2467 1577; x_wconf 89' lang='lat' dir='ltr'>cum</span> <span class='ocrx_word' id='word_1_215' title='bbox 2481 1526 2882 1578; x_wconf 87' lang='lat' dir='ltr'>consummata</span> <span class='ocrx_word' id='word_1_216' title='bbox 2906 1522 3025 1578; x_wconf 88' lang='lat' dir='ltr'>vita</span> <span class='ocrx_word' id='word_1_217' title='bbox 3039 1536 3165 1591; x_wconf 85' lang='lat' dir='ltr'>ejus</span> <span class='ocrx_word' id='word_1_218' title='bbox 3189 1526 3311 1580; x_wconf 89' lang='lat' dir='ltr'>tota</span> <span class='ocrx_word' id='word_1_219' title='bbox 3335 1521 3574 1594; x_wconf 85' lang='lat' dir='ltr'>sitapud</span> 
     </span>
    </p>
   </div>
   <div class='ocr_carea' id='block_1_31' title="bbox 1927 1609 3687 1680">
    <p class='ocr_par' dir='ltr' id='par_1_31' title="bbox 1927 1609 3687 1680">
     <span class='ocr_line' id='line_1_31' title="bbox 1927 1609 3687 1680; baseline 0 -15"><span class='ocrx_word' id='word_1_220' title='bbox 1927 1613 2104 1666; x_wconf 85' lang='lat' dir='ltr'>Deum</span> <span class='ocrx_word' id='word_1_221' title='bbox 2133 1609 2453 1680; x_wconf 84' lang='lat' dir='ltr'>gratiarum</span> <span class='ocrx_word' id='word_1_222' title='bbox 2483 1609 2658 1679; x_wconf 89' lang='lat' dir='ltr'>actio,</span> <span class='ocrx_word' id='word_1_223' title='bbox 2695 1609 2819 1680; x_wconf 89' lang='lat' dir='ltr'>ipsa</span> <span class='ocrx_word' id='word_1_224' title='bbox 2851 1609 3111 1679; x_wconf 88' lang='lat' dir='ltr'>ejusdem</span> <span class='ocrx_word' id='word_1_225' title='bbox 3156 1612 3578 1668; x_wconf 89' lang='lat' dir='ltr'>consummatio</span> <span class='ocrx_word' id='word_1_226' title='bbox 3679 1657 3687 1665; x_wconf 91' lang='lat'>.</span> 
     </span>
    </p>
   </div>
   <div class='ocr_carea' id='block_1_32' title="bbox 157 1697 1809 1792">
    <p class='ocr_par' dir='ltr' id='par_1_32' title="bbox 157 1708 1809 1784">
     <span class='ocr_line' id='line_1_32' title="bbox 157 1708 1809 1784; baseline 0.001 -19"><span class='ocrx_word' id='word_1_227' title='bbox 157 1708 327 1778; x_wconf 83' lang='lat' dir='ltr'>cujus</span> <span class='ocrx_word' id='word_1_228' title='bbox 361 1713 529 1767; x_wconf 89' lang='lat' dir='ltr'>tanta</span> <span class='ocrx_word' id='word_1_229' title='bbox 557 1711 754 1768; x_wconf 83' lang='lat' dir='ltr'>extitit</span> <span class='ocrx_word' id='word_1_230' title='bbox 796 1711 1230 1784; x_wconf 89' lang='lat' dir='ltr'>multiplicatio,</span> <span class='ocrx_word' id='word_1_231' title='bbox 1269 1716 1330 1768; x_wconf 90' lang='lat' dir='ltr'>ut</span> <span class='ocrx_word' id='word_1_232' title='bbox 1363 1713 1572 1768; x_wconf 90' lang='lat' dir='ltr'>merito</span> <span class='ocrx_word' id='word_1_233' title='bbox 1602 1712 1809 1768; x_wconf 87' lang='lat' dir='ltr'>debeat</span> 
     </span>
    </p>
   </div>
   <div class='ocr_carea' id='block_1_33' title="bbox 1951 1697 3577 1792">
    <p class='ocr_par' dir='ltr' id='par_1_33' title="bbox 1951 1697 3577 1775">
     <span class='ocr_line' id='line_1_33' title="bbox 1951 1697 3577 1775; baseline -0.001 -20"><span class='ocrx_word' id='word_1_234' title='bbox 1951 1698 2243 1755; x_wconf 62' lang='lat' dir='ltr'>terhennis</span> <span class='ocrx_word' id='word_1_235' title='bbox 2272 1701 2359 1754; x_wconf 91' lang='lat' dir='ltr'>est</span> <span class='ocrx_word' id='word_1_236' title='bbox 2396 1697 2450 1752; x_wconf 93' lang='lat' dir='ltr'>in</span> <span class='ocrx_word' id='word_1_237' title='bbox 2485 1697 2758 1754; x_wconf 90' lang='lat' dir='ltr'>laudibus</span> <span class='ocrx_word' id='word_1_238' title='bbox 2784 1698 2880 1753; x_wconf 90' lang='lat' dir='ltr'>Dei</span> <span class='ocrx_word' id='word_1_239' title='bbox 2901 1698 3196 1769; x_wconf 88' lang='lat' dir='ltr'>jubilatio.</span> <span class='ocrx_word' id='word_1_240' title='bbox 3225 1699 3577 1775; x_wconf 79' lang='lat' dir='ltr'>Sciensergo</span> 
     </span>
    </p>
   </div>
   <div class='ocr_carea' id='block_1_34' title="bbox 157 1797 1818 1872">
    <p class='ocr_par' dir='ltr' id='par_1_34' title="bbox 157 1797 1818 1872">
     <span class='ocr_line' id='line_1_34' title="bbox 157 1797 1818 1872; baseline 0.002 -20"><span class='ocrx_word' id='word_1_241' title='bbox 157 1797 530 1856; x_wconf 88' lang='lat' dir='ltr'>Divionensis</span> <span class='ocrx_word' id='word_1_242' title='bbox 579 1799 844 1856; x_wconf 68' lang='lat' dir='ltr'>aecclesia</span> <span class='ocrx_word' id='word_1_243' title='bbox 877 1816 1088 1856; x_wconf 89' lang='lat' dir='ltr'>annum</span> <span class='ocrx_word' id='word_1_244' title='bbox 1141 1801 1330 1872; x_wconf 91' lang='lat' dir='ltr'>ipsum</span> <span class='ocrx_word' id='word_1_245' title='bbox 1364 1800 1587 1858; x_wconf 89' lang='lat' dir='ltr'>meliori</span> <span class='ocrx_word' id='word_1_246' title='bbox 1622 1815 1818 1857; x_wconf 90' lang='lat' dir='ltr'>nume-</span> 
     </span>
    </p>
   </div>
   <div class='ocr_carea' id='block_1_35' title="bbox 153 1886 1818 1959">
    <p class='ocr_par' dir='ltr' id='par_1_35' title="bbox 153 1886 1818 1959">
     <span class='ocr_line' id='line_1_35' title="bbox 153 1886 1818 1959; baseline 0 -17"><span class='ocrx_word' id='word_1_247' title='bbox 153 1901 286 1944; x_wconf 89' lang='lat' dir='ltr'>rare</span> <span class='ocrx_word' id='word_1_248' title='bbox 311 1886 532 1959; x_wconf 90' lang='lat' dir='ltr'>lapillo.</span> <span class='ocrx_word' id='word_1_249' title='bbox 555 1889 722 1944; x_wconf 80' lang='lat' dir='ltr'>Venit</span> <span class='ocrx_word' id='word_1_250' title='bbox 748 1899 890 1958; x_wconf 88' lang='lat' dir='ltr'>ergo</span> <span class='ocrx_word' id='word_1_251' title='bbox 913 1888 1237 1958; x_wconf 89' lang='lat' dir='ltr'>Divionem,</span> <span class='ocrx_word' id='word_1_252' title='bbox 1263 1893 1321 1944; x_wconf 91' lang='lat' dir='ltr'>et</span> <span class='ocrx_word' id='word_1_253' title='bbox 1349 1903 1496 1959; x_wconf 91' lang='lat' dir='ltr'>quos</span> <span class='ocrx_word' id='word_1_254' title='bbox 1516 1889 1571 1944; x_wconf 92' lang='lat' dir='ltr'>in</span> <span class='ocrx_word' id='word_1_255' title='bbox 1598 1888 1818 1944; x_wconf 85' lang='lat' dir='ltr'>disces-</span> 
     </span>
    </p>
   </div>
   <div class='ocr_carea' id='block_1_36' title="bbox 163 1977 1816 2048">
    <p class='ocr_par' dir='ltr' id='par_1_36' title="bbox 163 1977 1816 2048">
     <span class='ocr_line' id='line_1_36' title="bbox 163 1977 1816 2048; baseline -0.001 -15"><span class='ocrx_word' id='word_1_256' title='bbox 163 1992 232 2033; x_wconf 90' lang='lat' dir='ltr'>su</span> <span class='ocrx_word' id='word_1_257' title='bbox 257 1991 370 2032; x_wconf 91' lang='lat' dir='ltr'>suo</span> <span class='ocrx_word' id='word_1_258' title='bbox 389 1991 599 2048; x_wconf 86' lang='lat' dir='ltr'>passus</span> <span class='ocrx_word' id='word_1_259' title='bbox 623 1979 812 2034; x_wconf 89' lang='lat' dir='ltr'>fuerat</span> <span class='ocrx_word' id='word_1_260' title='bbox 835 1978 1102 2048; x_wconf 87' lang='lat' dir='ltr'>infestos,</span> <span class='ocrx_word' id='word_1_261' title='bbox 1120 1977 1344 2033; x_wconf 90' lang='lat' dir='ltr'>invenit</span> <span class='ocrx_word' id='word_1_262' title='bbox 1364 1983 1488 2034; x_wconf 92' lang='lat' dir='ltr'>toto</span> <span class='ocrx_word' id='word_1_263' title='bbox 1506 1978 1614 2033; x_wconf 90' lang='lat' dir='ltr'>sibi</span> <span class='ocrx_word' id='word_1_264' title='bbox 1639 1979 1816 2034; x_wconf 86' lang='lat' dir='ltr'>corde</span> 
     </span>
    </p>
   </div>
   <div class='ocr_carea' id='block_1_37' title="bbox 159 2065 1818 2137">
    <p class='ocr_par' dir='ltr' id='par_1_37' title="bbox 159 2065 1818 2137">
     <span class='ocr_line' id='line_1_37' title="bbox 159 2065 1818 2137; baseline -0.001 -15"><span class='ocrx_word' id='word_1_265' title='bbox 159 2067 523 2122; x_wconf 84' lang='lat' dir='ltr'>substratos.</span> <span class='ocrx_word' id='word_1_266' title='bbox 549 2067 962 2122; x_wconf 89' lang='lat' dir='ltr'>lnvenitetiam</span> <span class='ocrx_word' id='word_1_267' title='bbox 981 2067 1223 2123; x_wconf 88' lang='lat' dir='ltr'>scissam</span> <span class='ocrx_word' id='word_1_268' title='bbox 1249 2066 1303 2121; x_wconf 91' lang='lat' dir='ltr'>in</span> <span class='ocrx_word' id='word_1_269' title='bbox 1321 2065 1614 2137; x_wconf 85' lang='lat' dir='ltr'>aliquibus</span> <span class='ocrx_word' id='word_1_270' title='bbox 1629 2066 1818 2122; x_wconf 89' lang='lat' dir='ltr'>cordi-</span> 
     </span>
    </p>
   </div>
   <div class='ocr_carea' id='block_1_38' title="bbox 155 2153 1818 2226">
    <p class='ocr_par' dir='ltr' id='par_1_38' title="bbox 155 2153 1818 2226">
     <span class='ocr_line' id='line_1_38' title="bbox 155 2153 1818 2226; baseline -0.001 -16"><span class='ocrx_word' id='word_1_271' title='bbox 155 2153 264 2210; x_wconf 89' lang='lat' dir='ltr'>bus</span> <span class='ocrx_word' id='word_1_272' title='bbox 291 2153 626 2224; x_wconf 89' lang='lat' dir='ltr'>caritatem,</span> <span class='ocrx_word' id='word_1_273' title='bbox 660 2168 790 2224; x_wconf 67' lang='lat' dir='ltr'>quaa</span> <span class='ocrx_word' id='word_1_274' title='bbox 850 2154 1080 2210; x_wconf 89' lang='lat' dir='ltr'>sanavit</span> <span class='ocrx_word' id='word_1_275' title='bbox 1111 2159 1287 2225; x_wconf 87' lang='lat' dir='ltr'>prout</span> <span class='ocrx_word' id='word_1_276' title='bbox 1323 2155 1511 2226; x_wconf 90' lang='lat' dir='ltr'>potuit</span> <span class='ocrx_word' id='word_1_277' title='bbox 1541 2159 1596 2209; x_wconf 90' lang='lat' dir='ltr'>et</span> <span class='ocrx_word' id='word_1_278' title='bbox 1631 2155 1818 2210; x_wconf 92' lang='lat' dir='ltr'>Domi-</span> 
     </span>
    </p>
   </div>
   <div class='ocr_carea' id='block_1_39' title="bbox 157 2240 1817 2314">
    <p class='ocr_par' dir='ltr' id='par_1_39' title="bbox 157 2240 1817 2314">
     <span class='ocr_line' id='line_1_39' title="bbox 157 2240 1817 2314; baseline 0.001 -18"><span class='ocrx_word' id='word_1_279' title='bbox 157 2255 268 2298; x_wconf 89' lang='lat' dir='ltr'>nus</span> <span class='ocrx_word' id='word_1_280' title='bbox 301 2240 488 2298; x_wconf 87' lang='lat' dir='ltr'>dedit.</span> <span class='ocrx_word' id='word_1_281' title='bbox 515 2243 776 2298; x_wconf 90' lang='lat' dir='ltr'>Nondum</span> <span class='ocrx_word' id='word_1_282' title='bbox 802 2242 1044 2298; x_wconf 89' lang='lat' dir='ltr'>multum</span> <span class='ocrx_word' id='word_1_283' title='bbox 1069 2243 1354 2314; x_wconf 89' lang='lat' dir='ltr'>temporis</span> <span class='ocrx_word' id='word_1_284' title='bbox 1383 2243 1654 2313; x_wconf 84' lang='lat' dir='ltr'>ﬂuxerat,</span> <span class='ocrx_word' id='word_1_285' title='bbox 1687 2258 1817 2300; x_wconf 91' lang='lat' dir='ltr'>cum</span> 
     </span>
    </p>
   </div>
   <div class='ocr_carea' id='block_1_40' title="bbox 161 2329 1818 2403">
    <p class='ocr_par' dir='ltr' id='par_1_40' title="bbox 161 2329 1818 2403">
     <span class='ocr_line' id='line_1_40' title="bbox 161 2329 1818 2403; baseline 0 -19"><span class='ocrx_word' id='word_1_286' title='bbox 161 2329 365 2385; x_wconf 87' lang='lat' dir='ltr'>audita</span> <span class='ocrx_word' id='word_1_287' title='bbox 392 2329 762 2386; x_wconf 89' lang='lat' dir='ltr'>dissensione</span> <span class='ocrx_word' id='word_1_288' title='bbox 784 2330 940 2386; x_wconf 90' lang='lat' dir='ltr'>inter</span> <span class='ocrx_word' id='word_1_289' title='bbox 960 2331 1380 2387; x_wconf 87' lang='lat' dir='ltr'>Virdunensem</span> <span class='ocrx_word' id='word_1_290' title='bbox 1404 2331 1737 2403; x_wconf 88' lang='lat' dir='ltr'>episcopum</span> <span class='ocrx_word' id='word_1_291' title='bbox 1761 2335 1818 2388; x_wconf 92' lang='lat' dir='ltr'>et</span> 
     </span>
    </p>
   </div>
   <div class='ocr_carea' id='block_1_41' title="bbox 161 2415 1820 2489">
    <p class='ocr_par' dir='ltr' id='par_1_41' title="bbox 161 2415 1820 2489">
     <span class='ocr_line' id='line_1_41' title="bbox 161 2415 1820 2489; baseline 0.002 -17"><span class='ocrx_word' id='word_1_292' title='bbox 161 2415 477 2488; x_wconf 74' lang='lat' dir='ltr'>religiosos</span> <span class='ocrx_word' id='word_1_293' title='bbox 503 2418 785 2489; x_wconf 89' lang='lat' dir='ltr'>quosdam</span> <span class='ocrx_word' id='word_1_294' title='bbox 841 2419 936 2489; x_wconf 92' lang='lat' dir='ltr'>qui</span> <span class='ocrx_word' id='word_1_295' title='bbox 965 2419 1018 2473; x_wconf 92' lang='lat' dir='ltr'>in</span> <span class='ocrx_word' id='word_1_296' title='bbox 1043 2419 1244 2475; x_wconf 87' lang='lat' dir='ltr'>eadem</span> <span class='ocrx_word' id='word_1_297' title='bbox 1275 2421 1419 2476; x_wconf 85' lang='lat' dir='ltr'>urbe</span> <span class='ocrx_word' id='word_1_298' title='bbox 1452 2419 1506 2474; x_wconf 91' lang='lat' dir='ltr'>in</span> <span class='ocrx_word' id='word_1_299' title='bbox 1556 2419 1820 2476; x_wconf 84' lang='lat' dir='ltr'>cenobiis</span> 
     </span>
    </p>
   </div>
   <div class='ocr_carea' id='block_1_42' title="bbox 158 2507 1822 2579">
    <p class='ocr_par' dir='ltr' id='par_1_42' title="bbox 158 2507 1822 2579">
     <span class='ocr_line' id='line_1_42' title="bbox 158 2507 1822 2579; baseline -0.001 -15"><span class='ocrx_word' id='word_1_300' title='bbox 158 2507 521 2564; x_wconf 86' lang='lat' dir='ltr'>suburbanis</span> <span class='ocrx_word' id='word_1_301' title='bbox 552 2508 865 2578; x_wconf 90' lang='lat' dir='ltr'>degebant,</span> <span class='ocrx_word' id='word_1_302' title='bbox 891 2509 1106 2579; x_wconf 89' lang='lat' dir='ltr'>quibus</span> <span class='ocrx_word' id='word_1_303' title='bbox 1135 2509 1492 2564; x_wconf 88' lang='lat' dir='ltr'>contrarium</span> <span class='ocrx_word' id='word_1_304' title='bbox 1525 2513 1652 2564; x_wconf 90' lang='lat' dir='ltr'>erat</span> <span class='ocrx_word' id='word_1_305' title='bbox 1685 2509 1822 2563; x_wconf 87' lang='lat' dir='ltr'>Wit-</span> 
     </span>
    </p>
   </div>
   <div class='ocr_carea' id='block_1_43' title="bbox 165 2595 1816 2668">
    <p class='ocr_par' dir='ltr' id='par_1_43' title="bbox 165 2595 1816 2668">
     <span class='ocr_line' id='line_1_43' title="bbox 165 2595 1816 2668; baseline 0.001 -17"><span class='ocrx_word' id='word_1_306' title='bbox 165 2595 446 2667; x_wconf 73' lang='lat' dir='ltr'>berto‘&quot;,</span> <span class='ocrx_word' id='word_1_307' title='bbox 471 2601 532 2652; x_wconf 90' lang='lat' dir='ltr'>et</span> <span class='ocrx_word' id='word_1_308' title='bbox 564 2597 652 2652; x_wconf 92' lang='lat' dir='ltr'>eis</span> <span class='ocrx_word' id='word_1_309' title='bbox 685 2599 784 2668; x_wconf 92' lang='lat' dir='ltr'>qui</span> <span class='ocrx_word' id='word_1_310' title='bbox 816 2596 1260 2654; x_wconf 65' lang='lat' dir='ltr'>Wibertistis”7</span> <span class='ocrx_word' id='word_1_311' title='bbox 1291 2597 1816 2667; x_wconf 90' lang='lat' dir='ltr'>communicabant,</span> 
     </span>
    </p>
   </div>
   <div class='ocr_carea' id='block_1_44' title="bbox 165 2684 1823 2756">
    <p class='ocr_par' dir='ltr' id='par_1_44' title="bbox 165 2684 1823 2756">
     <span class='ocr_line' id='line_1_44' title="bbox 165 2684 1823 2756; baseline 0 -16"><span class='ocrx_word' id='word_1_312' title='bbox 165 2685 440 2754; x_wconf 85' lang='lat' dir='ltr'>subesse,</span> <span class='ocrx_word' id='word_1_313' title='bbox 454 2685 849 2742; x_wconf 84' lang='lat' dir='ltr'>Bertiniacum</span> <span class='ocrx_word' id='word_1_314' title='bbox 873 2700 934 2742; x_wconf 89' lang='lat' dir='ltr'>se</span> <span class='ocrx_word' id='word_1_315' title='bbox 954 2685 1224 2755; x_wconf 90' lang='lat' dir='ltr'>contulit,</span> <span class='ocrx_word' id='word_1_316' title='bbox 1245 2684 1592 2756; x_wconf 69' lang='lat' dir='ltr'>praestolans</span> <span class='ocrx_word' id='word_1_317' title='bbox 1604 2687 1662 2740; x_wconf 93' lang='lat' dir='ltr'>et</span> <span class='ocrx_word' id='word_1_318' title='bbox 1679 2700 1823 2756; x_wconf 65' lang='lat' dir='ltr'>prae-</span> 
     </span>
    </p>
   </div>
   <div class='ocr_carea' id='block_1_45' title="bbox 164 2772 1822 2844">
    <p class='ocr_par' dir='ltr' id='par_1_45' title="bbox 164 2772 1822 2844">
     <span class='ocr_line' id='line_1_45' title="bbox 164 2772 1822 2844; baseline 0 -16"><span class='ocrx_word' id='word_1_319' title='bbox 164 2787 384 2828; x_wconf 90' lang='lat' dir='ltr'>cavens</span> <span class='ocrx_word' id='word_1_320' title='bbox 417 2773 464 2828; x_wconf 89' lang='lat' dir='ltr'>si</span> <span class='ocrx_word' id='word_1_321' title='bbox 497 2773 650 2830; x_wconf 90' lang='lat' dir='ltr'>forte</span> <span class='ocrx_word' id='word_1_322' title='bbox 679 2789 807 2829; x_wconf 91' lang='lat' dir='ltr'>cum</span> <span class='ocrx_word' id='word_1_323' title='bbox 840 2773 1029 2842; x_wconf 86' lang='lat' dir='ltr'>gratia</span> <span class='ocrx_word' id='word_1_324' title='bbox 1059 2773 1156 2829; x_wconf 91' lang='lat' dir='ltr'>Dei</span> <span class='ocrx_word' id='word_1_325' title='bbox 1194 2774 1407 2828; x_wconf 86' lang='lat' dir='ltr'>fratres</span> <span class='ocrx_word' id='word_1_326' title='bbox 1457 2772 1589 2828; x_wconf 90' lang='lat' dir='ltr'>illos</span> <span class='ocrx_word' id='word_1_327' title='bbox 1622 2777 1822 2844; x_wconf 88' lang='lat' dir='ltr'>posset</span> 
     </span>
    </p>
   </div>
   <div class='ocr_carea' id='block_1_46' title="bbox 164 2859 1820 2930">
    <p class='ocr_par' dir='ltr' id='par_1_46' title="bbox 164 2859 1820 2930">
     <span class='ocr_line' id='line_1_46' title="bbox 164 2859 1820 2930; baseline 0 -16"><span class='ocrx_word' id='word_1_328' title='bbox 164 2859 386 2928; x_wconf 84' lang='lat' dir='ltr'>venari,</span> <span class='ocrx_word' id='word_1_329' title='bbox 437 2863 497 2916; x_wconf 92' lang='lat' dir='ltr'>ut</span> <span class='ocrx_word' id='word_1_330' title='bbox 551 2860 623 2916; x_wconf 91' lang='lat' dir='ltr'>ad</span> <span class='ocrx_word' id='word_1_331' title='bbox 657 2875 720 2916; x_wconf 93' lang='lat' dir='ltr'>se</span> <span class='ocrx_word' id='word_1_332' title='bbox 749 2863 1152 2930; x_wconf 84' lang='lat' dir='ltr'>confugerent,</span> <span class='ocrx_word' id='word_1_333' title='bbox 1186 2861 1284 2917; x_wconf 91' lang='lat' dir='ltr'>ubi</span> <span class='ocrx_word' id='word_1_334' title='bbox 1318 2861 1372 2916; x_wconf 90' lang='lat' dir='ltr'>in</span> <span class='ocrx_word' id='word_1_335' title='bbox 1405 2860 1734 2916; x_wconf 90' lang='lat' dir='ltr'>innocentia</span> <span class='ocrx_word' id='word_1_336' title='bbox 1763 2864 1820 2916; x_wconf 90' lang='lat' dir='ltr'>et</span> 
     </span>
    </p>
   </div>
   <div class='ocr_carea' id='block_1_47' title="bbox 165 2947 1816 3020">
    <p class='ocr_par' dir='ltr' id='par_1_47' title="bbox 165 2947 1816 3020">
     <span class='ocr_line' id='line_1_47' title="bbox 165 2947 1816 3020; baseline -0.001 -16"><span class='ocrx_word' id='word_1_337' title='bbox 165 2948 366 3018; x_wconf 89' lang='lat' dir='ltr'>quiete</span> <span class='ocrx_word' id='word_1_338' title='bbox 389 2948 636 3006; x_wconf 91' lang='lat' dir='ltr'>modesti</span> <span class='ocrx_word' id='word_1_339' title='bbox 663 2949 911 3020; x_wconf 89' lang='lat' dir='ltr'>spiritus</span> <span class='ocrx_word' id='word_1_340' title='bbox 931 2951 1045 3006; x_wconf 93' lang='lat' dir='ltr'>Deo</span> <span class='ocrx_word' id='word_1_341' title='bbox 1069 2949 1254 3006; x_wconf 88' lang='lat' dir='ltr'>libere</span> <span class='ocrx_word' id='word_1_342' title='bbox 1278 2949 1502 3004; x_wconf 88' lang='lat' dir='ltr'>servire</span> <span class='ocrx_word' id='word_1_343' title='bbox 1527 2947 1816 3004; x_wconf 88' lang='lat' dir='ltr'>valerent.</span> 
     </span>
    </p>
   </div>
   <div class='ocr_carea' id='block_1_48' title="bbox 163 3036 1354 3094">
    <p class='ocr_par' dir='ltr' id='par_1_48' title="bbox 163 3036 1354 3094">
     <span class='ocr_line' id='line_1_48' title="bbox 163 3036 1354 3094; baseline 0.001 -4"><span class='ocrx_word' id='word_1_344' title='bbox 163 3036 380 3093; x_wconf 79' lang='lat' dir='ltr'>Verum</span> <span class='ocrx_word' id='word_1_345' title='bbox 406 3037 479 3094; x_wconf 88' lang='lat' dir='ltr'>de</span> <span class='ocrx_word' id='word_1_346' title='bbox 511 3037 602 3093; x_wconf 89' lang='lat' dir='ltr'>his</span> <span class='ocrx_word' id='word_1_347' title='bbox 635 3037 741 3094; x_wconf 89' lang='lat' dir='ltr'>hec</span> <span class='ocrx_word' id='word_1_348' title='bbox 771 3037 1004 3094; x_wconf 88' lang='lat' dir='ltr'>interim</span> <span class='ocrx_word' id='word_1_349' title='bbox 1031 3039 1186 3094; x_wconf 89' lang='lat' dir='ltr'>dicta</span> <span class='ocrx_word' id='word_1_350' title='bbox 1219 3037 1354 3094; x_wconf 91' lang='lat' dir='ltr'>sint.</span> 
     </span>
    </p>
   </div>
   <div class='ocr_carea' id='block_1_49' title="bbox 233 3124 1823 3197">
    <p class='ocr_par' dir='ltr' id='par_1_49' title="bbox 233 3124 1823 3197">
     <span class='ocr_line' id='line_1_49' title="bbox 233 3124 1823 3197; baseline 0.002 -19"><span class='ocrx_word' id='word_1_351' title='bbox 233 3124 426 3194; x_wconf 82' lang='lat' dir='ltr'>Igitur</span> <span class='ocrx_word' id='word_1_352' title='bbox 456 3140 602 3197; x_wconf 90' lang='lat' dir='ltr'>papa</span> <span class='ocrx_word' id='word_1_353' title='bbox 636 3126 942 3182; x_wconf 87' lang='lat' dir='ltr'>Salernum</span> <span class='ocrx_word' id='word_1_354' title='bbox 996 3127 1258 3194; x_wconf 90' lang='lat' dir='ltr'>veniens,</span> <span class='ocrx_word' id='word_1_355' title='bbox 1293 3125 1507 3182; x_wconf 89' lang='lat' dir='ltr'>ibidem</span> <span class='ocrx_word' id='word_1_356' title='bbox 1542 3126 1823 3183; x_wconf 88' lang='lat' dir='ltr'>remansit</span> 
     </span>
    </p>
   </div>
   <div class='ocr_carea' id='block_1_50' title="bbox 170 3212 1826 3284">
    <p class='ocr_par' dir='ltr' id='par_1_50' title="bbox 170 3212 1826 3284">
     <span class='ocr_line' id='line_1_50' title="bbox 170 3212 1826 3284; baseline 0.002 -18"><span class='ocrx_word' id='word_1_357' title='bbox 170 3212 290 3268; x_wconf 89' lang='lat' dir='ltr'>Deo</span> <span class='ocrx_word' id='word_1_358' title='bbox 322 3213 535 3270; x_wconf 87' lang='lat' dir='ltr'>devote</span> <span class='ocrx_word' id='word_1_359' title='bbox 565 3214 852 3284; x_wconf 85' lang='lat' dir='ltr'>serviens,</span> <span class='ocrx_word' id='word_1_360' title='bbox 889 3217 949 3270; x_wconf 86' lang='lat' dir='ltr'>et</span> <span class='ocrx_word' id='word_1_361' title='bbox 972 3215 1026 3269; x_wconf 93' lang='lat' dir='ltr'>in</span> <span class='ocrx_word' id='word_1_362' title='bbox 1063 3213 1544 3271; x_wconf 88' lang='lat' dir='ltr'>tribulationibus</span> <span class='ocrx_word' id='word_1_363' title='bbox 1577 3228 1704 3284; x_wconf 75' lang='lat' dir='ltr'>quae</span> <span class='ocrx_word' id='word_1_364' title='bbox 1744 3215 1826 3270; x_wconf 92' lang='lat' dir='ltr'>in-</span> 
     </span>
    </p>
   </div>
   <div class='ocr_carea' id='block_1_51' title="bbox 167 3301 1824 3374">
    <p class='ocr_par' dir='ltr' id='par_1_51' title="bbox 167 3301 1824 3374">
     <span class='ocr_line' id='line_1_51' title="bbox 167 3301 1824 3374; baseline 0.001 -18"><span class='ocrx_word' id='word_1_365' title='bbox 167 3306 488 3358; x_wconf 84' lang='lat' dir='ltr'>creverunt</span> <span class='ocrx_word' id='word_1_366' title='bbox 521 3316 701 3374; x_wconf 90' lang='lat' dir='ltr'>super</span> <span class='ocrx_word' id='word_1_367' title='bbox 725 3317 876 3371; x_wconf 91' lang='lat' dir='ltr'>eum,</span> <span class='ocrx_word' id='word_1_368' title='bbox 903 3301 1124 3372; x_wconf 78' lang='lat' dir='ltr'>gratias</span> <span class='ocrx_word' id='word_1_369' title='bbox 1146 3317 1340 3373; x_wconf 85' lang='lat' dir='ltr'>agens.</span> <span class='ocrx_word' id='word_1_370' title='bbox 1369 3303 1824 3360; x_wconf 82' lang='lat' dir='ltr'>Confortabatur</span> 
     </span>
    </p>
   </div>
   <div class='ocr_carea' id='block_1_52' title="bbox 166 3389 1821 3462">
    <p class='ocr_par' dir='ltr' id='par_1_52' title="bbox 166 3389 1821 3462">
     <span class='ocr_line' id='line_1_52' title="bbox 166 3389 1821 3462; baseline 0.001 -17"><span class='ocrx_word' id='word_1_371' title='bbox 166 3395 364 3445; x_wconf 84' lang='lat' dir='ltr'>autem</span> <span class='ocrx_word' id='word_1_372' title='bbox 399 3405 456 3445; x_wconf 82' lang='lat' dir='ltr'>1n</span> <span class='ocrx_word' id='word_1_373' title='bbox 487 3390 749 3461; x_wconf 91' lang='lat' dir='ltr'>Domino,</span> <span class='ocrx_word' id='word_1_374' title='bbox 775 3395 834 3446; x_wconf 91' lang='lat' dir='ltr'>et</span> <span class='ocrx_word' id='word_1_375' title='bbox 859 3391 1318 3462; x_wconf 86' lang='lat' dir='ltr'>prosperabatur</span> <span class='ocrx_word' id='word_1_376' title='bbox 1341 3389 1394 3444; x_wconf 91' lang='lat' dir='ltr'>in</span> <span class='ocrx_word' id='word_1_377' title='bbox 1417 3389 1662 3461; x_wconf 89' lang='lat' dir='ltr'>spiritu;</span> <span class='ocrx_word' id='word_1_378' title='bbox 1689 3391 1821 3460; x_wconf 88' lang='lat' dir='ltr'>quia</span> 
     </span>
    </p>
   </div>
   <div class='ocr_carea' id='block_1_53' title="bbox 167 3477 1822 3550">
    <p class='ocr_par' dir='ltr' id='par_1_53' title="bbox 167 3477 1822 3550">
     <span class='ocr_line' id='line_1_53' title="bbox 167 3477 1822 3550; baseline 0.001 -18"><span class='ocrx_word' id='word_1_379' title='bbox 167 3477 322 3534; x_wconf 88' lang='lat' dir='ltr'>sicut</span> <span class='ocrx_word' id='word_1_380' title='bbox 342 3477 532 3534; x_wconf 89' lang='lat' dir='ltr'>omnia</span> <span class='ocrx_word' id='word_1_381' title='bbox 557 3479 802 3535; x_wconf 88' lang='lat' dir='ltr'>adversa</span> <span class='ocrx_word' id='word_1_382' title='bbox 851 3479 1027 3536; x_wconf 88' lang='lat' dir='ltr'>habet</span> <span class='ocrx_word' id='word_1_383' title='bbox 1053 3479 1147 3549; x_wconf 93' lang='lat' dir='ltr'>qui</span> <span class='ocrx_word' id='word_1_384' title='bbox 1181 3477 1292 3534; x_wconf 88' lang='lat' dir='ltr'>sibi</span> <span class='ocrx_word' id='word_1_385' title='bbox 1322 3477 1616 3550; x_wconf 88' lang='lat' dir='ltr'>displicet,</span> <span class='ocrx_word' id='word_1_386' title='bbox 1651 3477 1730 3534; x_wconf 90' lang='lat' dir='ltr'>ita</span> <span class='ocrx_word' id='word_1_387' title='bbox 1761 3483 1822 3534; x_wconf 92' lang='lat' dir='ltr'>et</span> 
     </span>
    </p>
   </div>
   <div class='ocr_carea' id='block_1_54' title="bbox 169 3566 1822 3638">
    <p class='ocr_par' dir='ltr' id='par_1_54' title="bbox 169 3566 1822 3638">
     <span class='ocr_line' id='line_1_54' title="bbox 169 3566 1822 3638; baseline 0.001 -17"><span class='ocrx_word' id='word_1_388' title='bbox 169 3580 340 3635; x_wconf 86' lang='lat' dir='ltr'>quem</span> <span class='ocrx_word' id='word_1_389' title='bbox 361 3579 476 3623; x_wconf 87' lang='lat' dir='ltr'>non</span> <span class='ocrx_word' id='word_1_390' title='bbox 495 3567 1166 3624; x_wconf 88' lang='lat' dir='ltr'>remordetconscientia</span> <span class='ocrx_word' id='word_1_391' title='bbox 1201 3567 1467 3637; x_wconf 87' lang='lat' dir='ltr'>simplex,</span> <span class='ocrx_word' id='word_1_392' title='bbox 1497 3582 1636 3638; x_wconf 92' lang='lat' dir='ltr'>pura</span> <span class='ocrx_word' id='word_1_393' title='bbox 1662 3571 1719 3622; x_wconf 93' lang='lat' dir='ltr'>et</span> <span class='ocrx_word' id='word_1_394' title='bbox 1739 3566 1822 3623; x_wconf 89' lang='lat' dir='ltr'>lu-</span> 
     </span>
    </p>
   </div>
   <div class='ocr_carea' id='block_1_55' title="bbox 167 3653 1822 3728">
    <p class='ocr_par' dir='ltr' id='par_1_55' title="bbox 167 3653 1822 3728">
     <span class='ocr_line' id='line_1_55' title="bbox 167 3653 1822 3728; baseline 0.001 -19"><span class='ocrx_word' id='word_1_395' title='bbox 167 3653 322 3724; x_wconf 87' lang='lat' dir='ltr'>cida,</span> <span class='ocrx_word' id='word_1_396' title='bbox 348 3654 512 3711; x_wconf 90' lang='lat' dir='ltr'>nullo</span> <span class='ocrx_word' id='word_1_397' title='bbox 533 3657 683 3712; x_wconf 90' lang='lat' dir='ltr'>bono</span> <span class='ocrx_word' id='word_1_398' title='bbox 704 3655 943 3728; x_wconf 86' lang='lat' dir='ltr'>indiget.</span> <span class='ocrx_word' id='word_1_399' title='bbox 961 3655 1106 3727; x_wconf 87' lang='lat' dir='ltr'>(Fol.</span> <span class='ocrx_word' id='word_1_400' title='bbox 1135 3659 1279 3728; x_wconf 73' lang='lat'>132).</span> <span class='ocrx_word' id='word_1_401' title='bbox 1306 3657 1822 3712; x_wconf 80' lang='lat' dir='ltr'>Rememorabatur</span> 
     </span>
    </p>
   </div>
   <div class='ocr_carea' id='block_1_56' title="bbox 167 3741 1818 3815">
    <p class='ocr_par' dir='ltr' id='par_1_56' title="bbox 167 3741 1818 3815">
     <span class='ocr_line' id='line_1_56' title="bbox 167 3741 1818 3815; baseline 0.002 -18"><span class='ocrx_word' id='word_1_402' title='bbox 167 3741 678 3814; x_wconf 68' lang='lat' dir='ltr'>praedecessorum</span> <span class='ocrx_word' id='word_1_403' title='bbox 735 3759 970 3801; x_wconf 91' lang='lat' dir='ltr'>suorum</span> <span class='ocrx_word' id='word_1_404' title='bbox 1012 3745 1400 3801; x_wconf 85' lang='lat' dir='ltr'>Romanorum</span> <span class='ocrx_word' id='word_1_405' title='bbox 1461 3743 1818 3815; x_wconf 81' lang='lat' dir='ltr'>pontificum,</span> 
     </span>
    </p>
   </div>
   <div class='ocr_carea' id='block_1_57' title="bbox 174 3831 1824 3904">
    <p class='ocr_par' dir='ltr' id='par_1_57' title="bbox 174 3831 1824 3904">
     <span class='ocr_line' id='line_1_57' title="bbox 174 3831 1824 3904; baseline 0.002 -18"><span class='ocrx_word' id='word_1_406' title='bbox 174 3831 463 3902; x_wconf 83' lang='lat' dir='ltr'>Gregorii,</span> <span class='ocrx_word' id='word_1_407' title='bbox 485 3832 696 3889; x_wconf 89' lang='lat' dir='ltr'>Leonis</span> <span class='ocrx_word' id='word_1_408' title='bbox 717 3837 774 3888; x_wconf 92' lang='lat' dir='ltr'>et</span> <span class='ocrx_word' id='word_1_409' title='bbox 791 3832 1059 3904; x_wconf 91' lang='lat' dir='ltr'>aliorum,</span> <span class='ocrx_word' id='word_1_410' title='bbox 1086 3833 1182 3902; x_wconf 93' lang='lat' dir='ltr'>qui</span> <span class='ocrx_word' id='word_1_411' title='bbox 1199 3837 1416 3903; x_wconf 89' lang='lat' dir='ltr'>quanto</span> <span class='ocrx_word' id='word_1_412' title='bbox 1440 3833 1824 3903; x_wconf 89' lang='lat' dir='ltr'>perfectiores</span> 
     </span>
    </p>
   </div>
   <div class='ocr_carea' id='block_1_58' title="bbox 171 3918 1826 3992">
    <p class='ocr_par' dir='ltr' id='par_1_58' title="bbox 171 3918 1826 3992">
     <span class='ocr_line' id='line_1_58' title="bbox 171 3918 1826 3992; baseline 0.002 -18"><span class='ocrx_word' id='word_1_413' title='bbox 171 3918 226 3974; x_wconf 93' lang='lat' dir='ltr'>in</span> <span class='ocrx_word' id='word_1_414' title='bbox 260 3919 352 3976; x_wconf 88' lang='lat' dir='ltr'>via</span> <span class='ocrx_word' id='word_1_415' title='bbox 383 3919 486 3976; x_wconf 92' lang='lat' dir='ltr'>Dei</span> <span class='ocrx_word' id='word_1_416' title='bbox 520 3920 777 3992; x_wconf 90' lang='lat' dir='ltr'>fuerunt,</span> <span class='ocrx_word' id='word_1_417' title='bbox 831 3925 996 3978; x_wconf 90' lang='lat' dir='ltr'>tanto</span> <span class='ocrx_word' id='word_1_418' title='bbox 1023 3935 1051 3976; x_wconf 89' lang='lat' dir='ltr'>a</span> <span class='ocrx_word' id='word_1_419' title='bbox 1082 3921 1358 3977; x_wconf 80' lang='lat' dir='ltr'>Romanis</span> <span class='ocrx_word' id='word_1_420' title='bbox 1411 3921 1650 3990; x_wconf 89' lang='lat' dir='ltr'>gravius</span> <span class='ocrx_word' id='word_1_421' title='bbox 1678 3922 1826 3978; x_wconf 89' lang='lat' dir='ltr'>inse-</span> 
     </span>
    </p>
   </div>
   <div class='ocr_carea' id='block_1_59' title="bbox 169 4007 1827 4082">
    <p class='ocr_par' dir='ltr' id='par_1_59' title="bbox 169 4007 1827 4082">
     <span class='ocr_line' id='line_1_59' title="bbox 169 4007 1827 4082; baseline 0.001 -19"><span class='ocrx_word' id='word_1_422' title='bbox 169 4007 318 4063; x_wconf 84' lang='lat' dir='ltr'>ctati</span> <span class='ocrx_word' id='word_1_423' title='bbox 351 4012 510 4078; x_wconf 83' lang='lat' dir='ltr'>sunt,</span> <span class='ocrx_word' id='word_1_424' title='bbox 541 4013 601 4064; x_wconf 89' lang='lat' dir='ltr'>et</span> <span class='ocrx_word' id='word_1_425' title='bbox 631 4009 764 4065; x_wconf 91' lang='lat' dir='ltr'>ideo</span> <span class='ocrx_word' id='word_1_426' title='bbox 797 4009 955 4079; x_wconf 88' lang='lat' dir='ltr'>digni</span> <span class='ocrx_word' id='word_1_427' title='bbox 981 4008 1199 4064; x_wconf 85' lang='lat' dir='ltr'>inventi</span> <span class='ocrx_word' id='word_1_428' title='bbox 1234 4013 1386 4064; x_wconf 92' lang='lat' dir='ltr'>sunt.</span> <span class='ocrx_word' id='word_1_429' title='bbox 1415 4008 1672 4082; x_wconf 90' lang='lat' dir='ltr'>Simplex</span> <span class='ocrx_word' id='word_1_430' title='bbox 1694 4025 1827 4066; x_wconf 91' lang='lat' dir='ltr'>ocu-</span> 
     </span>
    </p>
   </div>
   <div class='ocr_carea' id='block_1_60' title="bbox 174 4093 1828 4176">
    <p class='ocr_par' dir='ltr' id='par_1_60' title="bbox 174 4093 1828 4176">
     <span class='ocr_line' id='line_1_60' title="bbox 174 4093 1828 4176; baseline 0.002 -25"><span class='ocrx_word' id='word_1_431' title='bbox 174 4093 266 4152; x_wconf 91' lang='lat' dir='ltr'>lus</span> <span class='ocrx_word' id='word_1_432' title='bbox 294 4110 518 4168; x_wconf 88' lang='lat' dir='ltr'>corpus</span> <span class='ocrx_word' id='word_1_433' title='bbox 537 4097 820 4154; x_wconf 83' lang='lat' dir='ltr'>reddebat</span> <span class='ocrx_word' id='word_1_434' title='bbox 851 4096 1630 4176; x_wconf 83' lang='lat' dir='ltr'>lucidissimum.lncedebat</span> <span class='ocrx_word' id='word_1_435' title='bbox 1659 4113 1828 4155; x_wconf 89' lang='lat' dir='ltr'>secu-</span> 
     </span>
    </p>
   </div>
   <div class='ocr_carea' id='block_1_61' title="bbox 175 4184 1826 4256">
    <p class='ocr_par' dir='ltr' id='par_1_61' title="bbox 175 4184 1826 4256">
     <span class='ocr_line' id='line_1_61' title="bbox 175 4184 1826 4256; baseline 0.002 -16"><span class='ocrx_word' id='word_1_436' title='bbox 175 4199 278 4241; x_wconf 90' lang='lat' dir='ltr'>rus</span> <span class='ocrx_word' id='word_1_437' title='bbox 300 4199 406 4255; x_wconf 89' lang='lat' dir='ltr'>per</span> <span class='ocrx_word' id='word_1_438' title='bbox 425 4184 678 4254; x_wconf 74' lang='lat' dir='ltr'>justiciae</span> <span class='ocrx_word' id='word_1_439' title='bbox 701 4186 960 4256; x_wconf 84' lang='lat' dir='ltr'>semitas,</span> <span class='ocrx_word' id='word_1_440' title='bbox 1005 4185 1099 4242; x_wconf 93' lang='lat' dir='ltr'>cui</span> <span class='ocrx_word' id='word_1_441' title='bbox 1127 4184 1525 4242; x_wconf 90' lang='lat' dir='ltr'>testimonium</span> <span class='ocrx_word' id='word_1_442' title='bbox 1562 4187 1826 4256; x_wconf 88' lang='lat' dir='ltr'>perhibe-</span> 
     </span>
    </p>
   </div>
   <div class='ocr_carea' id='block_1_62' title="bbox 175 4272 1825 4346">
    <p class='ocr_par' dir='ltr' id='par_1_62' title="bbox 175 4272 1825 4346">
     <span class='ocr_line' id='line_1_62' title="bbox 175 4272 1825 4346; baseline 0.002 -18"><span class='ocrx_word' id='word_1_443' title='bbox 175 4272 272 4328; x_wconf 90' lang='lat' dir='ltr'>bat</span> <span class='ocrx_word' id='word_1_444' title='bbox 296 4273 682 4344; x_wconf 89' lang='lat' dir='ltr'>conscientia,</span> <span class='ocrx_word' id='word_1_445' title='bbox 737 4274 889 4345; x_wconf 90' lang='lat' dir='ltr'>quod</span> <span class='ocrx_word' id='word_1_446' title='bbox 923 4289 1028 4346; x_wconf 91' lang='lat' dir='ltr'>pro</span> <span class='ocrx_word' id='word_1_447' title='bbox 1058 4273 1394 4330; x_wconf 87' lang='lat' dir='ltr'>defensione</span> <span class='ocrx_word' id='word_1_448' title='bbox 1427 4273 1696 4330; x_wconf 87' lang='lat' dir='ltr'>veritatis</span> <span class='ocrx_word' id='word_1_449' title='bbox 1731 4290 1825 4346; x_wconf 92' lang='lat' dir='ltr'>pa-</span> 
     </span>
    </p>
   </div>
   <div class='ocr_carea' id='block_1_63' title="bbox 177 4360 1824 4428">
    <p class='ocr_par' dir='ltr' id='par_1_63' title="bbox 177 4360 1824 4428">
     <span class='ocr_line' id='line_1_63' title="bbox 177 4360 1824 4428; baseline 0.004 -14"><span class='ocrx_word' id='word_1_450' title='bbox 177 4360 473 4428; x_wconf 88' lang='lat' dir='ltr'>tiebatur;</span> <span class='ocrx_word' id='word_1_451' title='bbox 491 4361 622 4418; x_wconf 90' lang='lat' dir='ltr'>ideo</span> <span class='ocrx_word' id='word_1_452' title='bbox 635 4361 1180 4419; x_wconf 87' lang='lat' dir='ltr'>nontribulabatur.</span> <span class='ocrx_word' id='word_1_453' title='bbox 1197 4361 1442 4418; x_wconf 84' lang='lat' dir='ltr'>Videbat</span> <span class='ocrx_word' id='word_1_454' title='bbox 1457 4361 1824 4420; x_wconf 86' lang='lat' dir='ltr'>etsollieitus</span> 
     </span>
    </p>
   </div>
   <div class='ocr_carea' id='block_1_64' title="bbox 1855 3084 1904 3148">
    <p class='ocr_par' dir='ltr' id='par_1_64' title="bbox 1855 3084 1904 3148">
     <span class='ocr_line' id='line_1_64' title="bbox 1855 3084 1904 3148; baseline 0 0"><span class='ocrx_word' id='word_1_455' title='bbox 1855 3084 1904 3148; x_wconf 91' lang='lat' dir='ltr'>C</span> 
     </span>
    </p>
   </div>
   <div class='ocr_carea' id='block_1_65' title="bbox 1932 1786 3580 1856">
    <p class='ocr_par' dir='ltr' id='par_1_65' title="bbox 1932 1786 3580 1856">
     <span class='ocr_line' id='line_1_65' title="bbox 1932 1786 3580 1856; baseline 0.001 -13"><span class='ocrx_word' id='word_1_456' title='bbox 1932 1789 2232 1843; x_wconf 89' lang='lat' dir='ltr'>imminere</span> <span class='ocrx_word' id='word_1_457' title='bbox 2256 1786 2405 1842; x_wconf 91' lang='lat' dir='ltr'>diem</span> <span class='ocrx_word' id='word_1_458' title='bbox 2429 1786 2754 1842; x_wconf 88' lang='lat' dir='ltr'>vocationis</span> <span class='ocrx_word' id='word_1_459' title='bbox 2775 1801 2915 1856; x_wconf 62' lang='lat' dir='ltr'>suae,</span> <span class='ocrx_word' id='word_1_460' title='bbox 2951 1786 3119 1856; x_wconf 88' lang='lat' dir='ltr'>longe</span> <span class='ocrx_word' id='word_1_461' title='bbox 3139 1792 3274 1843; x_wconf 86' lang='lat' dir='ltr'>ante</span> <span class='ocrx_word' id='word_1_462' title='bbox 3297 1803 3580 1844; x_wconf 86' lang='lat' dir='ltr'>convoca-</span> 
     </span>
    </p>
   </div>
   <div class='ocr_carea' id='block_1_66' title="bbox 1928 1874 3576 1948">
    <p class='ocr_par' dir='ltr' id='par_1_66' title="bbox 1928 1874 3576 1948">
     <span class='ocr_line' id='line_1_66' title="bbox 1928 1874 3576 1948; baseline 0.001 -16"><span class='ocrx_word' id='word_1_463' title='bbox 1928 1877 2008 1933; x_wconf 87' lang='lat' dir='ltr'>tis</span> <span class='ocrx_word' id='word_1_464' title='bbox 2061 1875 2461 1932; x_wconf 90' lang='lat' dir='ltr'>cardinalibus</span> <span class='ocrx_word' id='word_1_465' title='bbox 2506 1874 2802 1948; x_wconf 66' lang='lat' dir='ltr'>episcopis</span> <span class='ocrx_word' id='word_1_466' title='bbox 2832 1880 2890 1931; x_wconf 92' lang='lat' dir='ltr'>et</span> <span class='ocrx_word' id='word_1_467' title='bbox 2923 1875 3158 1932; x_wconf 70' lang='lat' dir='ltr'>caeteris</span> <span class='ocrx_word' id='word_1_468' title='bbox 3196 1877 3576 1948; x_wconf 87' lang='lat' dir='ltr'>eoneaptivis,</span> 
     </span>
    </p>
   </div>
   <div class='ocr_carea' id='block_1_67' title="bbox 1931 1963 3581 2035">
    <p class='ocr_par' dir='ltr' id='par_1_67' title="bbox 1931 1963 3581 2035">
     <span class='ocr_line' id='line_1_67' title="bbox 1931 1963 3581 2035; baseline -0.001 -14"><span class='ocrx_word' id='word_1_469' title='bbox 1931 1965 2082 2021; x_wconf 90' lang='lat' dir='ltr'>diem</span> <span class='ocrx_word' id='word_1_470' title='bbox 2105 1964 2303 2022; x_wconf 91' lang='lat' dir='ltr'>obitus</span> <span class='ocrx_word' id='word_1_471' title='bbox 2323 1963 2409 2021; x_wconf 90' lang='lat' dir='ltr'>sui</span> <span class='ocrx_word' id='word_1_472' title='bbox 2433 1963 2734 2034; x_wconf 68' lang='lat' dir='ltr'>prmdixit;</span> <span class='ocrx_word' id='word_1_473' title='bbox 2757 1963 3295 2035; x_wconf 88' lang='lat' dir='ltr'>consummatisque</span> <span class='ocrx_word' id='word_1_474' title='bbox 3311 1964 3581 2022; x_wconf 90' lang='lat' dir='ltr'>omnibus</span> 
     </span>
    </p>
   </div>
   <div class='ocr_carea' id='block_1_68' title="bbox 1929 2047 3578 2122">
    <p class='ocr_par' dir='ltr' id='par_1_68' title="bbox 1929 2047 3578 2122">
     <span class='ocr_line' id='line_1_68' title="bbox 1929 2047 3578 2122; baseline -0.002 -12"><span class='ocrx_word' id='word_1_475' title='bbox 1929 2052 2370 2110; x_wconf 67' lang='lat' dir='ltr'>aecclesiastica:</span> <span class='ocrx_word' id='word_1_476' title='bbox 2429 2047 2822 2109; x_wconf 61' lang='lat' dir='ltr'>institutionis</span> <span class='ocrx_word' id='word_1_477' title='bbox 2863 2051 3088 2122; x_wconf 70' lang='lat' dir='ltr'>officiis,</span> <span class='ocrx_word' id='word_1_478' title='bbox 3122 2055 3206 2108; x_wconf 80' lang='lat'>15.</span> <span class='ocrx_word' id='word_1_479' title='bbox 3271 2052 3392 2108; x_wconf 84' lang='lat' dir='ltr'>Kal.</span> <span class='ocrx_word' id='word_1_480' title='bbox 3425 2051 3578 2108; x_wconf 83' lang='lat' dir='ltr'>Junii</span> 
     </span>
    </p>
   </div>
   <div class='ocr_carea' id='block_1_69' title="bbox 1931 2139 3582 2214">
    <p class='ocr_par' dir='ltr' id='par_1_69' title="bbox 1931 2139 3582 2214">
     <span class='ocr_line' id='line_1_69' title="bbox 1931 2139 3582 2214; baseline -0.001 -17"><span class='ocrx_word' id='word_1_481' title='bbox 1931 2141 2249 2214; x_wconf 69' lang='lat' dir='ltr'>praedictos</span> <span class='ocrx_word' id='word_1_482' title='bbox 2266 2141 2479 2198; x_wconf 89' lang='lat' dir='ltr'>fratres</span> <span class='ocrx_word' id='word_1_483' title='bbox 2492 2141 2600 2196; x_wconf 92' lang='lat' dir='ltr'>sub</span> <span class='ocrx_word' id='word_1_484' title='bbox 2619 2139 2874 2196; x_wconf 86' lang='lat' dir='ltr'>districti</span> <span class='ocrx_word' id='word_1_485' title='bbox 2884 2140 3090 2212; x_wconf 89' lang='lat' dir='ltr'>judicii</span> <span class='ocrx_word' id='word_1_486' title='bbox 3108 2141 3582 2198; x_wconf 90' lang='lat' dir='ltr'>interminationc</span> 
     </span>
    </p>
   </div>
   <div class='ocr_carea' id='block_1_70' title="bbox 1931 2228 3579 2300">
    <p class='ocr_par' dir='ltr' id='par_1_70' title="bbox 1931 2228 3579 2300">
     <span class='ocr_line' id='line_1_70' title="bbox 1931 2228 3579 2300; baseline 0 -14"><span class='ocrx_word' id='word_1_487' title='bbox 1931 2234 1989 2286; x_wconf 92' lang='lat' dir='ltr'>et</span> <span class='ocrx_word' id='word_1_488' title='bbox 2041 2235 2258 2286; x_wconf 63' lang='lat' dir='ltr'>sanctae</span> <span class='ocrx_word' id='word_1_489' title='bbox 2295 2228 2645 2286; x_wconf 71' lang='lat' dir='ltr'>obedientize</span> <span class='ocrx_word' id='word_1_490' title='bbox 2677 2233 2975 2300; x_wconf 70' lang='lat' dir='ltr'>praecepto</span> <span class='ocrx_word' id='word_1_491' title='bbox 3007 2230 3378 2300; x_wconf 88' lang='lat' dir='ltr'>constrinxit,</span> <span class='ocrx_word' id='word_1_492' title='bbox 3416 2235 3498 2300; x_wconf 90' lang='lat' dir='ltr'>ut,</span> <span class='ocrx_word' id='word_1_493' title='bbox 3531 2230 3579 2286; x_wconf 90' lang='lat' dir='ltr'>si</span> 
     </span>
    </p>
   </div>
   <div class='ocr_carea' id='block_1_71' title="bbox 1933 2316 3580 2394">
    <p class='ocr_par' dir='ltr' id='par_1_71' title="bbox 1933 2316 3580 2394">
     <span class='ocr_line' id='line_1_71' title="bbox 1933 2316 3580 2394; baseline 0.001 -21"><span class='ocrx_word' id='word_1_494' title='bbox 1933 2333 2043 2389; x_wconf 76' lang='lat' dir='ltr'>qua</span> <span class='ocrx_word' id='word_1_495' title='bbox 2077 2318 2132 2374; x_wconf 87' lang='lat' dir='ltr'>in</span> <span class='ocrx_word' id='word_1_496' title='bbox 2164 2333 2228 2374; x_wconf 91' lang='lat' dir='ltr'>se</span> <span class='ocrx_word' id='word_1_497' title='bbox 2275 2317 2619 2394; x_wconf 85' lang='lat' dir='ltr'>corrigenda</span> <span class='ocrx_word' id='word_1_498' title='bbox 2666 2316 3212 2388; x_wconf 88' lang='lat' dir='ltr'>deprehendissent,</span> <span class='ocrx_word' id='word_1_499' title='bbox 3243 2317 3580 2376; x_wconf 87' lang='lat' dir='ltr'>nullatenus</span> 
     </span>
    </p>
   </div>
   <div class='ocr_carea' id='block_1_72' title="bbox 1934 2405 3580 2476">
    <p class='ocr_par' dir='ltr' id='par_1_72' title="bbox 1934 2405 3580 2476">
     <span class='ocr_line' id='line_1_72' title="bbox 1934 2405 3580 2476; baseline 0 -14"><span class='ocrx_word' id='word_1_500' title='bbox 1934 2411 2129 2462; x_wconf 88' lang='lat' dir='ltr'>tacere</span> <span class='ocrx_word' id='word_1_501' title='bbox 2159 2411 2598 2476; x_wconf 67' lang='lat' dir='ltr'>praesumerent.</span> <span class='ocrx_word' id='word_1_502' title='bbox 2623 2405 2847 2472; x_wconf 87' lang='lat' dir='ltr'>Quibus</span> <span class='ocrx_word' id='word_1_503' title='bbox 2869 2405 3342 2463; x_wconf 88' lang='lat' dir='ltr'>collaudantibus</span> <span class='ocrx_word' id='word_1_504' title='bbox 3362 2411 3422 2462; x_wconf 90' lang='lat' dir='ltr'>et</span> <span class='ocrx_word' id='word_1_505' title='bbox 3443 2407 3580 2462; x_wconf 69' lang='lat' dir='ltr'>vita:</span> 
     </span>
    </p>
   </div>
   <div class='ocr_carea' id='block_1_73' title="bbox 1933 2493 3582 2565">
    <p class='ocr_par' dir='ltr' id='par_1_73' title="bbox 1933 2493 3582 2565">
     <span class='ocr_line' id='line_1_73' title="bbox 1933 2493 3582 2565; baseline 0.001 -16"><span class='ocrx_word' id='word_1_506' title='bbox 1933 2495 2461 2565; x_wconf 88' lang='lat' dir='ltr'>conversationem,</span> <span class='ocrx_word' id='word_1_507' title='bbox 2497 2499 2556 2550; x_wconf 88' lang='lat' dir='ltr'>et</span> <span class='ocrx_word' id='word_1_508' title='bbox 2617 2493 2989 2565; x_wconf 86' lang='lat' dir='ltr'>disciplinam</span> <span class='ocrx_word' id='word_1_509' title='bbox 3022 2494 3306 2552; x_wconf 65' lang='lat' dir='ltr'>doctrinas</span> <span class='ocrx_word' id='word_1_510' title='bbox 3363 2498 3582 2551; x_wconf 61' lang='lat' dir='ltr'>sanctae</span> 
     </span>
    </p>
   </div>
   <div class='ocr_carea' id='block_1_74' title="bbox 1933 2583 3580 2653">
    <p class='ocr_par' dir='ltr' id='par_1_74' title="bbox 1933 2583 3580 2653">
     <span class='ocr_line' id='line_1_74' title="bbox 1933 2583 3580 2653; baseline 0 -15"><span class='ocrx_word' id='word_1_511' title='bbox 1933 2597 2276 2652; x_wconf 89' lang='lat' dir='ltr'>morumque</span> <span class='ocrx_word' id='word_1_512' title='bbox 2321 2583 2773 2653; x_wconf 89' lang='lat' dir='ltr'>institutionem,</span> <span class='ocrx_word' id='word_1_513' title='bbox 2809 2589 2868 2639; x_wconf 87' lang='lat' dir='ltr'>et</span> <span class='ocrx_word' id='word_1_514' title='bbox 2901 2583 3218 2640; x_wconf 91' lang='lat' dir='ltr'>secundum</span> <span class='ocrx_word' id='word_1_515' title='bbox 3277 2583 3580 2640; x_wconf 89' lang='lat' dir='ltr'>scientiam</span> 
     </span>
    </p>
   </div>
   <div class='ocr_carea' id='block_1_75' title="bbox 1934 2671 3584 2743">
    <p class='ocr_par' dir='ltr' id='par_1_75' title="bbox 1934 2671 3584 2743">
     <span class='ocr_line' id='line_1_75' title="bbox 1934 2671 3584 2743; baseline 0 -15"><span class='ocrx_word' id='word_1_516' title='bbox 1934 2671 2122 2728; x_wconf 90' lang='lat' dir='ltr'>sancti</span> <span class='ocrx_word' id='word_1_517' title='bbox 2148 2671 2256 2727; x_wconf 92' lang='lat' dir='ltr'>zeli</span> <span class='ocrx_word' id='word_1_518' title='bbox 2285 2673 2588 2743; x_wconf 88' lang='lat' dir='ltr'>fervorem,</span> <span class='ocrx_word' id='word_1_519' title='bbox 2615 2671 2895 2743; x_wconf 88' lang='lat' dir='ltr'>compulit</span> <span class='ocrx_word' id='word_1_520' title='bbox 2918 2685 3021 2727; x_wconf 89' lang='lat' dir='ltr'>eos</span> <span class='ocrx_word' id='word_1_521' title='bbox 3037 2672 3360 2742; x_wconf 90' lang='lat' dir='ltr'>apostolica</span> <span class='ocrx_word' id='word_1_522' title='bbox 3383 2676 3584 2728; x_wconf 86' lang='lat' dir='ltr'>aucto-</span> 
     </span>
    </p>
   </div>
   <div class='ocr_carea' id='block_1_76' title="bbox 1933 2759 3584 2833">
    <p class='ocr_par' dir='ltr' id='par_1_76' title="bbox 1933 2759 3584 2833">
     <span class='ocr_line' id='line_1_76' title="bbox 1933 2759 3584 2833; baseline 0 -18"><span class='ocrx_word' id='word_1_523' title='bbox 1933 2761 2110 2817; x_wconf 89' lang='lat' dir='ltr'>ritate</span> <span class='ocrx_word' id='word_1_524' title='bbox 2140 2760 2480 2833; x_wconf 89' lang='lat' dir='ltr'>singillatim</span> <span class='ocrx_word' id='word_1_525' title='bbox 2536 2761 2644 2818; x_wconf 85' lang='lat' dir='ltr'>sibi</span> <span class='ocrx_word' id='word_1_526' title='bbox 2689 2760 2930 2816; x_wconf 89' lang='lat' dir='ltr'>dextras</span> <span class='ocrx_word' id='word_1_527' title='bbox 2959 2760 3120 2830; x_wconf 91' lang='lat' dir='ltr'>dare,</span> <span class='ocrx_word' id='word_1_528' title='bbox 3171 2759 3584 2831; x_wconf 87' lang='lat' dir='ltr'>promittentes</span> 
     </span>
    </p>
   </div>
   <div class='ocr_carea' id='block_1_77' title="bbox 1935 2846 3588 2918">
    <p class='ocr_par' dir='ltr' id='par_1_77' title="bbox 1935 2846 3588 2918">
     <span class='ocr_line' id='line_1_77' title="bbox 1935 2846 3588 2918; baseline -0.002 -15"><span class='ocrx_word' id='word_1_529' title='bbox 1935 2849 2088 2918; x_wconf 92' lang='lat' dir='ltr'>quod</span> <span class='ocrx_word' id='word_1_530' title='bbox 2113 2849 2440 2906; x_wconf 88' lang='lat' dir='ltr'>hereticum</span> <span class='ocrx_word' id='word_1_531' title='bbox 2465 2849 2626 2905; x_wconf 90' lang='lat' dir='ltr'>illum</span> <span class='ocrx_word' id='word_1_532' title='bbox 2650 2849 3206 2906; x_wconf 66' lang='lat' dir='ltr'>invasoremsanctaa</span> <span class='ocrx_word' id='word_1_533' title='bbox 3229 2852 3287 2903; x_wconf 91' lang='lat' dir='ltr'>et</span> <span class='ocrx_word' id='word_1_534' title='bbox 3313 2846 3588 2918; x_wconf 89' lang='lat' dir='ltr'>apostoli-</span> 
     </span>
    </p>
   </div>
   <div class='ocr_carea' id='block_1_78' title="bbox 1935 2936 3585 3009">
    <p class='ocr_par' dir='ltr' id='par_1_78' title="bbox 1935 2936 3585 3009">
     <span class='ocr_line' id='line_1_78' title="bbox 1935 2936 3585 3009; baseline -0.001 -16"><span class='ocrx_word' id='word_1_535' title='bbox 1935 2952 2018 2994; x_wconf 70' lang='lat' dir='ltr'>cze</span> <span class='ocrx_word' id='word_1_536' title='bbox 2051 2937 2338 2994; x_wconf 67' lang='lat' dir='ltr'>mcclesim</span> <span class='ocrx_word' id='word_1_537' title='bbox 2369 2952 2679 3009; x_wconf 90' lang='lat' dir='ltr'>numquam</span> <span class='ocrx_word' id='word_1_538' title='bbox 2713 2937 3063 3008; x_wconf 87' lang='lat' dir='ltr'>reciperent,</span> <span class='ocrx_word' id='word_1_539' title='bbox 3097 2936 3209 2992; x_wconf 90' lang='lat' dir='ltr'>nisi</span> <span class='ocrx_word' id='word_1_540' title='bbox 3241 2936 3388 2992; x_wconf 88' lang='lat' dir='ltr'>forte</span> <span class='ocrx_word' id='word_1_541' title='bbox 3414 2951 3585 2992; x_wconf 87' lang='lat' dir='ltr'>cano-</span> 
     </span>
    </p>
   </div>
   <div class='ocr_carea' id='block_1_79' title="bbox 1936 3023 3584 3098">
    <p class='ocr_par' dir='ltr' id='par_1_79' title="bbox 1936 3023 3584 3098">
     <span class='ocr_line' id='line_1_79' title="bbox 1936 3023 3584 3098; baseline -0.002 -16"><span class='ocrx_word' id='word_1_542' title='bbox 1936 3027 2064 3083; x_wconf 89' lang='lat' dir='ltr'>nice</span> <span class='ocrx_word' id='word_1_543' title='bbox 2096 3027 2442 3098; x_wconf 89' lang='lat' dir='ltr'>resipieens,</span> <span class='ocrx_word' id='word_1_544' title='bbox 2486 3041 2686 3098; x_wconf 89' lang='lat' dir='ltr'>puram</span> <span class='ocrx_word' id='word_1_545' title='bbox 2717 3024 3138 3082; x_wconf 72' lang='lat' dir='ltr'>confessionem</span> <span class='ocrx_word' id='word_1_546' title='bbox 3185 3023 3584 3080; x_wconf 85' lang='lat' dir='ltr'>cardinalibus</span> 
     </span>
    </p>
   </div>
   <div class='ocr_carea' id='block_1_80' title="bbox 1933 3110 3586 3188">
    <p class='ocr_par' dir='ltr' id='par_1_80' title="bbox 1933 3110 3586 3188">
     <span class='ocr_line' id='line_1_80' title="bbox 1933 3110 3586 3188; baseline -0.004 -14"><span class='ocrx_word' id='word_1_547' title='bbox 1933 3115 2226 3188; x_wconf 83' lang='lat' dir='ltr'>episcOpis</span> <span class='ocrx_word' id='word_1_548' title='bbox 2255 3115 2493 3172; x_wconf 83' lang='lat' dir='ltr'>offerret</span> <span class='ocrx_word' id='word_1_549' title='bbox 2515 3115 2768 3172; x_wconf 76' lang='lat' dir='ltr'>nudatus</span> <span class='ocrx_word' id='word_1_550' title='bbox 2800 3113 2952 3171; x_wconf 89' lang='lat' dir='ltr'>omni</span> <span class='ocrx_word' id='word_1_551' title='bbox 2981 3112 3386 3170; x_wconf 76' lang='lat' dir='ltr'>aecclesiastici</span> <span class='ocrx_word' id='word_1_552' title='bbox 3431 3110 3586 3168; x_wconf 90' lang='lat' dir='ltr'>ordi-</span> 
     </span>
    </p>
   </div>
   <div class='ocr_carea' id='block_1_81' title="bbox 1933 3198 3580 3276">
    <p class='ocr_par' dir='ltr' id='par_1_81' title="bbox 1933 3198 3580 3276">
     <span class='ocr_line' id='line_1_81' title="bbox 1933 3198 3580 3276; baseline -0.006 -14"><span class='ocrx_word' id='word_1_553' title='bbox 1933 3205 2024 3262; x_wconf 91' lang='lat' dir='ltr'>nis</span> <span class='ocrx_word' id='word_1_554' title='bbox 2057 3205 2374 3276; x_wconf 85' lang='lat' dir='ltr'>dignitate;</span> <span class='ocrx_word' id='word_1_555' title='bbox 2405 3207 2749 3260; x_wconf 89' lang='lat' dir='ltr'>contestans</span> <span class='ocrx_word' id='word_1_556' title='bbox 2777 3206 2834 3258; x_wconf 90' lang='lat' dir='ltr'>et</span> <span class='ocrx_word' id='word_1_557' title='bbox 2867 3201 3158 3257; x_wconf 83' lang='lat' dir='ltr'>affirmans</span> <span class='ocrx_word' id='word_1_558' title='bbox 3185 3215 3387 3257; x_wconf 90' lang='lat' dir='ltr'>omnes</span> <span class='ocrx_word' id='word_1_559' title='bbox 3413 3198 3580 3256; x_wconf 89' lang='lat' dir='ltr'>simul</span> 
     </span>
    </p>
   </div>
   <div class='ocr_carea' id='block_1_82' title="bbox 1936 3289 3585 3366">
    <p class='ocr_par' dir='ltr' id='par_1_82' title="bbox 1936 3289 3585 3366">
     <span class='ocr_line' id='line_1_82' title="bbox 1936 3289 3585 3366; baseline -0.004 -16"><span class='ocrx_word' id='word_1_560' title='bbox 1936 3295 1992 3350; x_wconf 91' lang='lat' dir='ltr'>in</span> <span class='ocrx_word' id='word_1_561' title='bbox 2024 3298 2372 3366; x_wconf 90' lang='lat' dir='ltr'>perpetuum</span> <span class='ocrx_word' id='word_1_562' title='bbox 2405 3289 2936 3362; x_wconf 89' lang='lat' dir='ltr'>condempnandos,</span> <span class='ocrx_word' id='word_1_563' title='bbox 2962 3289 3310 3360; x_wconf 86' lang='lat' dir='ltr'>quicumque</span> <span class='ocrx_word' id='word_1_564' title='bbox 3333 3303 3585 3344; x_wconf 84' lang='lat' dir='ltr'>commu-</span> 
     </span>
    </p>
   </div>
   <div class='ocr_carea' id='block_1_83' title="bbox 1935 3376 3585 3454">
    <p class='ocr_par' dir='ltr' id='par_1_83' title="bbox 1935 3376 3585 3454">
     <span class='ocr_line' id='line_1_83' title="bbox 1935 3376 3585 3454; baseline -0.005 -14"><span class='ocrx_word' id='word_1_565' title='bbox 1935 3383 2134 3440; x_wconf 90' lang='lat' dir='ltr'>nicare</span> <span class='ocrx_word' id='word_1_566' title='bbox 2160 3381 2672 3454; x_wconf 65' lang='lat' dir='ltr'>priesumpsissent</span> <span class='ocrx_word' id='word_1_567' title='bbox 2691 3379 2958 3435; x_wconf 82' lang='lat' dir='ltr'>lleinrico</span> <span class='ocrx_word' id='word_1_568' title='bbox 2982 3376 3392 3449; x_wconf 86' lang='lat' dir='ltr'>archipyratae,</span> <span class='ocrx_word' id='word_1_569' title='bbox 3417 3392 3585 3433; x_wconf 91' lang='lat' dir='ltr'>usur-</span> 
     </span>
    </p>
   </div>
   <div class='ocr_carea' id='block_1_84' title="bbox 1936 3465 3584 3545">
    <p class='ocr_par' dir='ltr' id='par_1_84' title="bbox 1936 3465 3584 3545">
     <span class='ocr_line' id='line_1_84' title="bbox 1936 3465 3584 3545; baseline -0.004 -18"><span class='ocrx_word' id='word_1_570' title='bbox 1936 3471 2128 3545; x_wconf 88' lang='lat' dir='ltr'>patori</span> <span class='ocrx_word' id='word_1_571' title='bbox 2155 3469 2404 3542; x_wconf 90' lang='lat' dir='ltr'>imperii,</span> <span class='ocrx_word' id='word_1_572' title='bbox 2433 3467 2543 3524; x_wconf 90' lang='lat' dir='ltr'>nisi</span> <span class='ocrx_word' id='word_1_573' title='bbox 2571 3467 2834 3538; x_wconf 88' lang='lat' dir='ltr'>deposita</span> <span class='ocrx_word' id='word_1_574' title='bbox 2868 3467 3152 3537; x_wconf 83' lang='lat' dir='ltr'>dignitate</span> <span class='ocrx_word' id='word_1_575' title='bbox 3184 3465 3345 3536; x_wconf 87' lang='lat' dir='ltr'>regni</span> <span class='ocrx_word' id='word_1_576' title='bbox 3379 3479 3584 3522; x_wconf 89' lang='lat' dir='ltr'>secun-</span> 
     </span>
    </p>
   </div>
   <div class='ocr_carea' id='block_1_85' title="bbox 1935 3553 3581 3630">
    <p class='ocr_par' dir='ltr' id='par_1_85' title="bbox 1935 3553 3581 3630">
     <span class='ocr_line' id='line_1_85' title="bbox 1935 3553 3581 3630; baseline -0.004 -15"><span class='ocrx_word' id='word_1_577' title='bbox 1935 3561 2069 3617; x_wconf 89' lang='lat' dir='ltr'>dum</span> <span class='ocrx_word' id='word_1_578' title='bbox 2101 3563 2460 3630; x_wconf 75' lang='lat' dir='ltr'>praeceptum</span> <span class='ocrx_word' id='word_1_579' title='bbox 2483 3570 2684 3612; x_wconf 90' lang='lat' dir='ltr'>eorum</span> <span class='ocrx_word' id='word_1_580' title='bbox 2710 3560 2766 3611; x_wconf 91' lang='lat' dir='ltr'>et</span> <span class='ocrx_word' id='word_1_581' title='bbox 2791 3555 3148 3626; x_wconf 90' lang='lat' dir='ltr'>reliquorum</span> <span class='ocrx_word' id='word_1_582' title='bbox 3172 3553 3581 3624; x_wconf 85' lang='lat' dir='ltr'>religiosorum</span> 
     </span>
    </p>
   </div>
   <div class='ocr_carea' id='block_1_86' title="bbox 1934 3643 3584 3715">
    <p class='ocr_par' dir='ltr' id='par_1_86' title="bbox 1934 3643 3584 3715">
     <span class='ocr_line' id='line_1_86' title="bbox 1934 3643 3584 3715; baseline -0.005 -11"><span class='ocrx_word' id='word_1_583' title='bbox 1934 3650 1991 3704; x_wconf 91' lang='lat' dir='ltr'>in</span> <span class='ocrx_word' id='word_1_584' title='bbox 2015 3647 2372 3704; x_wconf 87' lang='lat' dir='ltr'>Theutonico</span> <span class='ocrx_word' id='word_1_585' title='bbox 2404 3660 2581 3715; x_wconf 86' lang='lat' dir='ltr'>regno</span> <span class='ocrx_word' id='word_1_586' title='bbox 2605 3645 3088 3702; x_wconf 83' lang='lat' dir='ltr'>commorantian</span> <span class='ocrx_word' id='word_1_587' title='bbox 3115 3643 3462 3712; x_wconf 88' lang='lat' dir='ltr'>condignam</span> <span class='ocrx_word' id='word_1_588' title='bbox 3489 3658 3584 3713; x_wconf 89' lang='lat' dir='ltr'>pe-</span> 
     </span>
    </p>
   </div>
   <div class='ocr_carea' id='block_1_87' title="bbox 1935 3731 3582 3804">
    <p class='ocr_par' dir='ltr' id='par_1_87' title="bbox 1935 3731 3582 3804">
     <span class='ocr_line' id='line_1_87' title="bbox 1935 3731 3582 3804; baseline -0.005 -11"><span class='ocrx_word' id='word_1_589' title='bbox 1935 3734 2242 3793; x_wconf 89' lang='lat' dir='ltr'>nitentiam</span> <span class='ocrx_word' id='word_1_590' title='bbox 2273 3739 2492 3804; x_wconf 87' lang='lat' dir='ltr'>ageret.</span> <span class='ocrx_word' id='word_1_591' title='bbox 2541 3733 2759 3789; x_wconf 85' lang='lat' dir='ltr'>Deinde</span> <span class='ocrx_word' id='word_1_592' title='bbox 2791 3732 3156 3790; x_wconf 80' lang='lat' dir='ltr'>confirmavit</span> <span class='ocrx_word' id='word_1_593' title='bbox 3206 3731 3390 3787; x_wconf 89' lang='lat' dir='ltr'>vicem</span> <span class='ocrx_word' id='word_1_594' title='bbox 3420 3744 3582 3786; x_wconf 90' lang='lat' dir='ltr'>suam</span> 
     </span>
    </p>
   </div>
   <div class='ocr_carea' id='block_1_88' title="bbox 1937 3817 3583 3896">
    <p class='ocr_par' dir='ltr' id='par_1_88' title="bbox 1937 3817 3583 3896">
     <span class='ocr_line' id='line_1_88' title="bbox 1937 3817 3583 3896; baseline -0.005 -15"><span class='ocrx_word' id='word_1_595' title='bbox 1937 3827 2409 3896; x_wconf 87' lang='lat' dir='ltr'>potestatemque</span> <span class='ocrx_word' id='word_1_596' title='bbox 2438 3821 2652 3891; x_wconf 89' lang='lat' dir='ltr'>ligandi</span> <span class='ocrx_word' id='word_1_597' title='bbox 2685 3825 2745 3876; x_wconf 88' lang='lat' dir='ltr'>et</span> <span class='ocrx_word' id='word_1_598' title='bbox 2768 3820 3032 3878; x_wconf 90' lang='lat' dir='ltr'>solvendi</span> <span class='ocrx_word' id='word_1_599' title='bbox 3057 3819 3327 3876; x_wconf 90' lang='lat' dir='ltr'>omnibus</span> <span class='ocrx_word' id='word_1_600' title='bbox 3348 3817 3583 3874; x_wconf 90' lang='lat' dir='ltr'>vicariis</span> 
     </span>
    </p>
   </div>
   <div class='ocr_carea' id='block_1_89' title="bbox 1935 3906 3583 3982">
    <p class='ocr_par' dir='ltr' id='par_1_89' title="bbox 1935 3906 3583 3982">
     <span class='ocr_line' id='line_1_89' title="bbox 1935 3906 3583 3982; baseline -0.005 -12"><span class='ocrx_word' id='word_1_601' title='bbox 1935 3912 2081 3982; x_wconf 90' lang='lat' dir='ltr'>suis,</span> <span class='ocrx_word' id='word_1_602' title='bbox 2108 3911 2264 3968; x_wconf 89' lang='lat' dir='ltr'>sicut</span> <span class='ocrx_word' id='word_1_603' title='bbox 2289 3911 2412 3981; x_wconf 91' lang='lat' dir='ltr'>ipse</span> <span class='ocrx_word' id='word_1_604' title='bbox 2434 3924 2537 3981; x_wconf 87' lang='lat' dir='ltr'>per</span> <span class='ocrx_word' id='word_1_605' title='bbox 2554 3910 2754 3965; x_wconf 90' lang='lat' dir='ltr'>orbem</span> <span class='ocrx_word' id='word_1_606' title='bbox 2771 3909 3190 3972; x_wconf 89' lang='lat' dir='ltr'>constituerat;</span> <span class='ocrx_word' id='word_1_607' title='bbox 3213 3911 3278 3963; x_wconf 91' lang='lat' dir='ltr'>ut</span> <span class='ocrx_word' id='word_1_608' title='bbox 3300 3923 3446 3978; x_wconf 89' lang='lat' dir='ltr'>quos</span> <span class='ocrx_word' id='word_1_609' title='bbox 3462 3906 3583 3978; x_wconf 89' lang='lat' dir='ltr'>ipse</span> 
     </span>
    </p>
   </div>
   <div class='ocr_carea' id='block_1_90' title="bbox 1936 3993 3584 4071">
    <p class='ocr_par' dir='ltr' id='par_1_90' title="bbox 1936 3993 3584 4071">
     <span class='ocr_line' id='line_1_90' title="bbox 1936 3993 3584 4071; baseline -0.003 -17"><span class='ocrx_word' id='word_1_610' title='bbox 1936 4001 2242 4071; x_wconf 88' lang='lat' dir='ltr'>ligaverat,</span> <span class='ocrx_word' id='word_1_611' title='bbox 2271 3997 2377 4069; x_wconf 92' lang='lat' dir='ltr'>ipsi</span> <span class='ocrx_word' id='word_1_612' title='bbox 2397 4001 2530 4069; x_wconf 93' lang='lat' dir='ltr'>post</span> <span class='ocrx_word' id='word_1_613' title='bbox 2544 3996 2888 4068; x_wconf 89' lang='lat' dir='ltr'>condignam</span> <span class='ocrx_word' id='word_1_614' title='bbox 2913 3995 3371 4052; x_wconf 85' lang='lat' dir='ltr'>satisfactionem</span> <span class='ocrx_word' id='word_1_615' title='bbox 3391 3993 3584 4051; x_wconf 87' lang='lat' dir='ltr'>absol-</span> 
     </span>
    </p>
   </div>
   <div class='ocr_carea' id='block_1_91' title="bbox 1934 4083 3584 4156">
    <p class='ocr_par' dir='ltr' id='par_1_91' title="bbox 1934 4083 3584 4156">
     <span class='ocr_line' id='line_1_91' title="bbox 1934 4083 3584 4156; baseline -0.005 -11"><span class='ocrx_word' id='word_1_616' title='bbox 1934 4093 2143 4146; x_wconf 85' lang='lat' dir='ltr'>verent</span> <span class='ocrx_word' id='word_1_617' title='bbox 2167 4087 2486 4143; x_wconf 89' lang='lat' dir='ltr'>secundum</span> <span class='ocrx_word' id='word_1_618' title='bbox 2528 4085 2866 4156; x_wconf 66' lang='lat' dir='ltr'>apostolicae</span> <span class='ocrx_word' id='word_1_619' title='bbox 2891 4084 3022 4141; x_wconf 84' lang='lat' dir='ltr'>ﬁdei</span> <span class='ocrx_word' id='word_1_620' title='bbox 3042 4099 3332 4149; x_wconf 87' lang='lat' dir='ltr'>normam;</span> <span class='ocrx_word' id='word_1_621' title='bbox 3364 4099 3474 4139; x_wconf 91' lang='lat' dir='ltr'>non</span> <span class='ocrx_word' id='word_1_622' title='bbox 3509 4083 3584 4138; x_wconf 87' lang='lat' dir='ltr'>si-</span> 
     </span>
    </p>
   </div>
   <div class='ocr_carea' id='block_1_92' title="bbox 1933 4171 3580 4249">
    <p class='ocr_par' dir='ltr' id='par_1_92' title="bbox 1933 4171 3580 4249">
     <span class='ocr_line' id='line_1_92' title="bbox 1933 4171 3580 4249; baseline -0.007 -13"><span class='ocrx_word' id='word_1_623' title='bbox 1933 4181 2034 4236; x_wconf 91' lang='lat' dir='ltr'>cut</span> <span class='ocrx_word' id='word_1_624' title='bbox 2055 4176 2287 4249; x_wconf 90' lang='lat' dir='ltr'>quidam</span> <span class='ocrx_word' id='word_1_625' title='bbox 2323 4189 2386 4232; x_wconf 91' lang='lat' dir='ltr'>se</span> <span class='ocrx_word' id='word_1_626' title='bbox 2430 4175 2593 4246; x_wconf 90' lang='lat' dir='ltr'>ipsos</span> <span class='ocrx_word' id='word_1_627' title='bbox 2622 4173 2910 4244; x_wconf 88' lang='lat' dir='ltr'>fallentes,</span> <span class='ocrx_word' id='word_1_628' title='bbox 2945 4177 3236 4240; x_wconf 86' lang='lat' dir='ltr'>errantes,</span> <span class='ocrx_word' id='word_1_629' title='bbox 3262 4177 3322 4226; x_wconf 91' lang='lat' dir='ltr'>et</span> <span class='ocrx_word' id='word_1_630' title='bbox 3351 4171 3496 4228; x_wconf 88' lang='lat' dir='ltr'>alios</span> <span class='ocrx_word' id='word_1_631' title='bbox 3526 4171 3580 4225; x_wconf 91' lang='lat' dir='ltr'>in</span> 
     </span>
    </p>
   </div>
   <div class='ocr_carea' id='block_1_93' title="bbox 1936 4261 3583 4333">
    <p class='ocr_par' dir='ltr' id='par_1_93' title="bbox 1936 4261 3583 4333">
     <span class='ocr_line' id='line_1_93' title="bbox 1936 4261 3583 4333; baseline -0.006 -9"><span class='ocrx_word' id='word_1_632' title='bbox 1936 4279 2198 4324; x_wconf 91' lang='lat' dir='ltr'>errorem</span> <span class='ocrx_word' id='word_1_633' title='bbox 2223 4263 2524 4321; x_wconf 86' lang='lat' dir='ltr'>trahentes</span> <span class='ocrx_word' id='word_1_634' title='bbox 2554 4261 2911 4333; x_wconf 82' lang='lat' dir='ltr'>contingunt,</span> <span class='ocrx_word' id='word_1_635' title='bbox 2947 4261 3098 4332; x_wconf 90' lang='lat' dir='ltr'>quod</span> <span class='ocrx_word' id='word_1_636' title='bbox 3128 4275 3328 4318; x_wconf 90' lang='lat' dir='ltr'>omnes</span> <span class='ocrx_word' id='word_1_637' title='bbox 3356 4275 3583 4316; x_wconf 89' lang='lat' dir='ltr'>excom-</span> 
     </span>
    </p>
   </div>
   <div class='ocr_carea' id='block_1_94' title="bbox 1941 4347 3584 4422">
    <p class='ocr_par' dir='ltr' id='par_1_94' title="bbox 1941 4347 3584 4422">
     <span class='ocr_line' id='line_1_94' title="bbox 1941 4347 3584 4422; baseline -0.005 -12"><span class='ocrx_word' id='word_1_638' title='bbox 1941 4355 2267 4411; x_wconf 89' lang='lat' dir='ltr'>municatos</span> <span class='ocrx_word' id='word_1_639' title='bbox 2299 4351 2616 4408; x_wconf 90' lang='lat' dir='ltr'>indiscrete</span> <span class='ocrx_word' id='word_1_640' title='bbox 2640 4351 2980 4422; x_wconf 88' lang='lat' dir='ltr'>absolverit,</span> <span class='ocrx_word' id='word_1_641' title='bbox 3009 4364 3073 4407; x_wconf 90' lang='lat' dir='ltr'>ac</span> <span class='ocrx_word' id='word_1_642' title='bbox 3095 4349 3141 4405; x_wconf 93' lang='lat' dir='ltr'>si</span> <span class='ocrx_word' id='word_1_643' title='bbox 3177 4354 3375 4422; x_wconf 90' lang='lat' dir='ltr'>posset</span> <span class='ocrx_word' id='word_1_644' title='bbox 3403 4347 3584 4404; x_wconf 77' lang='lat' dir='ltr'>viviti-</span> 
     </span>
    </p>
   </div>
   <div class='ocr_carea' id='block_1_95' title="bbox 176 4437 3584 4522">
    <p class='ocr_par' dir='ltr' id='par_1_95' title="bbox 176 4437 3584 4522">
     <span class='ocr_line' id='line_1_95' title="bbox 176 4437 3584 4522; baseline -0.004 -16"><span class='ocrx_word' id='word_1_645' title='bbox 176 4463 382 4506; x_wconf 81' lang='lat' dir='ltr'>secum</span> <span class='ocrx_word' id='word_1_646' title='bbox 417 4450 782 4506; x_wconf 89' lang='lat' dir='ltr'>retractabat</span> <span class='ocrx_word' id='word_1_647' title='bbox 805 4450 960 4522; x_wconf 91' lang='lat' dir='ltr'>quia,</span> <span class='ocrx_word' id='word_1_648' title='bbox 987 4451 1032 4506; x_wconf 89' lang='lat' dir='ltr'>si</span> <span class='ocrx_word' id='word_1_649' title='bbox 1061 4466 1204 4522; x_wconf 89' lang='lat' dir='ltr'>papa</span> <span class='ocrx_word' id='word_1_650' title='bbox 1227 4466 1358 4508; x_wconf 92' lang='lat' dir='ltr'>cum</span> <span class='ocrx_word' id='word_1_651' title='bbox 1387 4452 1502 4506; x_wconf 92' lang='lat' dir='ltr'>Deo</span> <span class='ocrx_word' id='word_1_652' title='bbox 1522 4464 1656 4506; x_wconf 90' lang='lat' dir='ltr'>esse</span> <span class='ocrx_word' id='word_1_653' title='bbox 1678 4451 1822 4522; x_wconf 91' lang='lat' dir='ltr'>vult,</span> <span class='ocrx_word' id='word_1_654' title='bbox 1855 4439 1909 4500; x_wconf 93' lang='lat' dir='ltr'>D</span> <span class='ocrx_word' id='word_1_655' title='bbox 1939 4458 2074 4500; x_wconf 90' lang='lat' dir='ltr'>care</span> <span class='ocrx_word' id='word_1_656' title='bbox 2105 4457 2210 4499; x_wconf 87' lang='lat' dir='ltr'>eos</span> <span class='ocrx_word' id='word_1_657' title='bbox 2237 4441 2332 4513; x_wconf 93' lang='lat' dir='ltr'>qui</span> <span class='ocrx_word' id='word_1_658' title='bbox 2366 4454 2474 4496; x_wconf 91' lang='lat' dir='ltr'>non</span> <span class='ocrx_word' id='word_1_659' title='bbox 2509 4438 2728 4496; x_wconf 90' lang='lat' dir='ltr'>vivunt.</span> <span class='ocrx_word' id='word_1_660' title='bbox 2763 4439 2980 4495; x_wconf 90' lang='lat' dir='ltr'>Deinde</span> <span class='ocrx_word' id='word_1_661' title='bbox 3013 4439 3166 4510; x_wconf 92' lang='lat' dir='ltr'>quod</span> <span class='ocrx_word' id='word_1_662' title='bbox 3196 4437 3424 4494; x_wconf 88' lang='lat' dir='ltr'>vanitas</span> <span class='ocrx_word' id='word_1_663' title='bbox 3459 4437 3584 4508; x_wconf 89' lang='lat' dir='ltr'>ipsa</span> 
     </span>
    </p>
   </div>
   <div class='ocr_carea' id='block_1_96' title="bbox 173 4538 1828 4611">
    <p class='ocr_par' dir='ltr' id='par_1_96' title="bbox 173 4538 1828 4611">
     <span class='ocr_line' id='line_1_96' title="bbox 173 4538 1828 4611; baseline -0.001 -16"><span class='ocrx_word' id='word_1_664' title='bbox 173 4553 403 4610; x_wconf 86' lang='lat' dir='ltr'>pauper</span> <span class='ocrx_word' id='word_1_665' title='bbox 435 4543 494 4594; x_wconf 92' lang='lat' dir='ltr'>et</span> <span class='ocrx_word' id='word_1_666' title='bbox 518 4539 684 4611; x_wconf 89' lang='lat' dir='ltr'>inops</span> <span class='ocrx_word' id='word_1_667' title='bbox 703 4538 1009 4605; x_wconf 75' lang='lat' dir='ltr'>efficietur;</span> <span class='ocrx_word' id='word_1_668' title='bbox 1034 4539 1130 4610; x_wconf 94' lang='lat' dir='ltr'>qui</span> <span class='ocrx_word' id='word_1_669' title='bbox 1155 4543 1346 4596; x_wconf 89' lang='lat' dir='ltr'>autem</span> <span class='ocrx_word' id='word_1_670' title='bbox 1371 4538 1530 4596; x_wconf 91' lang='lat' dir='ltr'>volet</span> <span class='ocrx_word' id='word_1_671' title='bbox 1551 4553 1678 4595; x_wconf 89' lang='lat' dir='ltr'>esse</span> <span class='ocrx_word' id='word_1_672' title='bbox 1700 4555 1828 4596; x_wconf 93' lang='lat' dir='ltr'>cum</span> 
     </span>
    </p>
   </div>
   <div class='ocr_carea' id='block_1_97' title="bbox 178 4626 1832 4700">
    <p class='ocr_par' dir='ltr' id='par_1_97' title="bbox 178 4626 1832 4700">
     <span class='ocr_line' id='line_1_97' title="bbox 178 4626 1832 4700; baseline 0 -16"><span class='ocrx_word' id='word_1_673' title='bbox 178 4626 401 4698; x_wconf 90' lang='lat' dir='ltr'>seculo,</span> <span class='ocrx_word' id='word_1_674' title='bbox 433 4631 494 4684; x_wconf 92' lang='lat' dir='ltr'>ut</span> <span class='ocrx_word' id='word_1_675' title='bbox 517 4631 723 4698; x_wconf 88' lang='lat' dir='ltr'>querat</span> <span class='ocrx_word' id='word_1_676' title='bbox 749 4642 877 4698; x_wconf 66' lang='lat' dir='ltr'>quae</span> <span class='ocrx_word' id='word_1_677' title='bbox 899 4642 1004 4684; x_wconf 90' lang='lat' dir='ltr'>sua</span> <span class='ocrx_word' id='word_1_678' title='bbox 1027 4630 1308 4698; x_wconf 91' lang='lat' dir='ltr'>sunt,non</span> <span class='ocrx_word' id='word_1_679' title='bbox 1336 4643 1461 4699; x_wconf 63' lang='lat' dir='ltr'>quae</span> <span class='ocrx_word' id='word_1_680' title='bbox 1503 4630 1660 4698; x_wconf 84' lang='lat' dir='ltr'>Jesu,</span> <span class='ocrx_word' id='word_1_681' title='bbox 1682 4641 1712 4684; x_wconf 90' lang='lat' dir='ltr'>a</span> <span class='ocrx_word' id='word_1_682' title='bbox 1743 4642 1832 4700; x_wconf 80' lang='lat' dir='ltr'>sy-</span> 
     </span>
    </p>
   </div>
   <div class='ocr_carea' id='block_1_98' title="bbox 179 4715 1830 4788">
    <p class='ocr_par' dir='ltr' id='par_1_98' title="bbox 179 4715 1830 4788">
     <span class='ocr_line' id='line_1_98' title="bbox 179 4715 1830 4788; baseline -0.001 -16"><span class='ocrx_word' id='word_1_683' title='bbox 179 4717 372 4772; x_wconf 88' lang='lat' dir='ltr'>monia</span> <span class='ocrx_word' id='word_1_684' title='bbox 401 4730 631 4772; x_wconf 86' lang='lat' dir='ltr'>manum</span> <span class='ocrx_word' id='word_1_685' title='bbox 671 4729 786 4771; x_wconf 90' lang='lat' dir='ltr'>non</span> <span class='ocrx_word' id='word_1_686' title='bbox 808 4715 1103 4787; x_wconf 87' lang='lat' dir='ltr'>cohibeat,</span> <span class='ocrx_word' id='word_1_687' title='bbox 1139 4715 1435 4788; x_wconf 89' lang='lat' dir='ltr'>iniquitati</span> <span class='ocrx_word' id='word_1_688' title='bbox 1469 4717 1676 4787; x_wconf 89' lang='lat' dir='ltr'>faveat,</span> <span class='ocrx_word' id='word_1_689' title='bbox 1716 4730 1830 4772; x_wconf 91' lang='lat' dir='ltr'>non</span> 
     </span>
    </p>
   </div>
   <div class='ocr_carea' id='block_1_99' title="bbox 181 4803 1832 4876">
    <p class='ocr_par' dir='ltr' id='par_1_99' title="bbox 181 4803 1832 4876">
     <span class='ocr_line' id='line_1_99' title="bbox 181 4803 1832 4876; baseline -0.002 -15"><span class='ocrx_word' id='word_1_690' title='bbox 181 4803 474 4876; x_wconf 67' lang='lat' dir='ltr'>equitati,</span> <span class='ocrx_word' id='word_1_691' title='bbox 495 4803 921 4874; x_wconf 85' lang='lat' dir='ltr'>congregandis</span> <span class='ocrx_word' id='word_1_692' title='bbox 955 4804 1218 4876; x_wconf 88' lang='lat' dir='ltr'>pecuniis</span> <span class='ocrx_word' id='word_1_693' title='bbox 1251 4805 1432 4862; x_wconf 87' lang='lat' dir='ltr'>inhiet</span> <span class='ocrx_word' id='word_1_694' title='bbox 1460 4825 1472 4860; x_wconf 92' lang='lat'>:</span> <span class='ocrx_word' id='word_1_695' title='bbox 1500 4805 1592 4862; x_wconf 90' lang='lat' dir='ltr'>hic</span> <span class='ocrx_word' id='word_1_696' title='bbox 1623 4803 1832 4861; x_wconf 88' lang='lat' dir='ltr'>ditabi-</span> 
     </span>
    </p>
   </div>
   <div class='ocr_carea' id='block_1_100' title="bbox 181 4892 1831 4966">
    <p class='ocr_par' dir='ltr' id='par_1_100' title="bbox 181 4892 1831 4966">
     <span class='ocr_line' id='line_1_100' title="bbox 181 4892 1831 4966; baseline 0 -18"><span class='ocrx_word' id='word_1_697' title='bbox 181 4897 278 4948; x_wconf 89' lang='lat' dir='ltr'>tur</span> <span class='ocrx_word' id='word_1_698' title='bbox 289 4893 526 4964; x_wconf 87' lang='lat' dir='ltr'>opibus,</span> <span class='ocrx_word' id='word_1_699' title='bbox 552 4895 610 4948; x_wconf 91' lang='lat' dir='ltr'>et</span> <span class='ocrx_word' id='word_1_700' title='bbox 625 4892 1144 4964; x_wconf 87' lang='lat' dir='ltr'>superabundabit.</span> <span class='ocrx_word' id='word_1_701' title='bbox 1163 4893 1296 4950; x_wconf 88' lang='lat' dir='ltr'>Ideo</span> <span class='ocrx_word' id='word_1_702' title='bbox 1310 4893 1646 4966; x_wconf 90' lang='lat' dir='ltr'>pauperiem</span> <span class='ocrx_word' id='word_1_703' title='bbox 1673 4892 1831 4949; x_wconf 82' lang='lat' dir='ltr'>Chri-</span> 
     </span>
    </p>
   </div>
   <div class='ocr_carea' id='block_1_101' title="bbox 183 4979 1832 5053">
    <p class='ocr_par' dir='ltr' id='par_1_101' title="bbox 183 4979 1832 5053">
     <span class='ocr_line' id='line_1_101' title="bbox 183 4979 1832 5053; baseline -0.001 -17"><span class='ocrx_word' id='word_1_704' title='bbox 183 4979 262 5036; x_wconf 89' lang='lat' dir='ltr'>sti</span> <span class='ocrx_word' id='word_1_705' title='bbox 295 4995 413 5038; x_wconf 91' lang='lat' dir='ltr'>non</span> <span class='ocrx_word' id='word_1_706' title='bbox 429 4979 700 5039; x_wconf 82' lang='lat' dir='ltr'>habentis</span> <span class='ocrx_word' id='word_1_707' title='bbox 723 4979 778 5036; x_wconf 92' lang='lat' dir='ltr'>in</span> <span class='ocrx_word' id='word_1_708' title='bbox 800 4980 978 5037; x_wconf 86' lang='lat' dir='ltr'>corde</span> <span class='ocrx_word' id='word_1_709' title='bbox 1002 4995 1312 5052; x_wconf 87' lang='lat' dir='ltr'>pravorum</span> <span class='ocrx_word' id='word_1_710' title='bbox 1340 4981 1436 5040; x_wconf 92' lang='lat' dir='ltr'>ubi</span> <span class='ocrx_word' id='word_1_711' title='bbox 1467 4985 1644 5053; x_wconf 89' lang='lat' dir='ltr'>caput</span> <span class='ocrx_word' id='word_1_712' title='bbox 1667 4979 1832 5036; x_wconf 89' lang='lat' dir='ltr'>recli-</span> 
     </span>
    </p>
   </div>
   <div class='ocr_carea' id='block_1_102' title="bbox 1941 4525 3588 4604">
    <p class='ocr_par' dir='ltr' id='par_1_102' title="bbox 1941 4525 3588 4604">
     <span class='ocr_line' id='line_1_102' title="bbox 1941 4525 3588 4604; baseline -0.004 -17"><span class='ocrx_word' id='word_1_713' title='bbox 1941 4548 2044 4604; x_wconf 89' lang='lat' dir='ltr'>per</span> <span class='ocrx_word' id='word_1_714' title='bbox 2091 4530 2271 4588; x_wconf 88' lang='lat' dir='ltr'>multa</span> <span class='ocrx_word' id='word_1_715' title='bbox 2323 4543 2497 4600; x_wconf 89' lang='lat' dir='ltr'>regna</span> <span class='ocrx_word' id='word_1_716' title='bbox 2531 4527 2943 4599; x_wconf 86' lang='lat' dir='ltr'>dissiparetur,</span> <span class='ocrx_word' id='word_1_717' title='bbox 2979 4527 3172 4582; x_wconf 89' lang='lat' dir='ltr'>divina</span> <span class='ocrx_word' id='word_1_718' title='bbox 3205 4525 3588 4597; x_wconf 89' lang='lat' dir='ltr'>inspiratione</span> 
     </span>
    </p>
   </div>
   <div class='ocr_carea' id='block_1_103' title="bbox 1941 4613 3586 4691">
    <p class='ocr_par' dir='ltr' id='par_1_103' title="bbox 1941 4613 3586 4691">
     <span class='ocr_line' id='line_1_103' title="bbox 1941 4613 3586 4691; baseline -0.007 -13"><span class='ocrx_word' id='word_1_719' title='bbox 1941 4621 2216 4691; x_wconf 88' lang='lat' dir='ltr'>cognovit</span> <span class='ocrx_word' id='word_1_720' title='bbox 2237 4623 2294 4674; x_wconf 92' lang='lat' dir='ltr'>et</span> <span class='ocrx_word' id='word_1_721' title='bbox 2319 4616 2610 4690; x_wconf 74' lang='lat' dir='ltr'>praedixit.</span> <span class='ocrx_word' id='word_1_722' title='bbox 2637 4617 2872 4673; x_wconf 89' lang='lat' dir='ltr'>Demum</span> <span class='ocrx_word' id='word_1_723' title='bbox 2899 4615 3382 4684; x_wconf 87' lang='lat' dir='ltr'>absolvitomnes,</span> <span class='ocrx_word' id='word_1_724' title='bbox 3409 4614 3505 4684; x_wconf 91' lang='lat' dir='ltr'>qui</span> <span class='ocrx_word' id='word_1_725' title='bbox 3533 4613 3586 4668; x_wconf 89' lang='lat' dir='ltr'>in</span> 
     </span>
    </p>
   </div>
   <div class='ocr_carea' id='block_1_104' title="bbox 1943 4703 3584 4778">
    <p class='ocr_par' dir='ltr' id='par_1_104' title="bbox 1943 4703 3584 4778">
     <span class='ocr_line' id='line_1_104' title="bbox 1943 4703 3584 4778; baseline -0.005 -13"><span class='ocrx_word' id='word_1_726' title='bbox 1943 4709 2055 4766; x_wconf 86' lang='lat' dir='ltr'>fide</span> <span class='ocrx_word' id='word_1_727' title='bbox 2081 4710 2208 4778; x_wconf 88' lang='lat' dir='ltr'>ista,</span> <span class='ocrx_word' id='word_1_728' title='bbox 2244 4722 2371 4778; x_wconf 60' lang='lat' dir='ltr'>qua;</span> <span class='ocrx_word' id='word_1_729' title='bbox 2428 4721 2530 4778; x_wconf 91' lang='lat' dir='ltr'>per</span> <span class='ocrx_word' id='word_1_730' title='bbox 2559 4705 2720 4762; x_wconf 93' lang='lat' dir='ltr'>illum</span> <span class='ocrx_word' id='word_1_731' title='bbox 2777 4704 3052 4774; x_wconf 93' lang='lat' dir='ltr'>innotuit,</span> <span class='ocrx_word' id='word_1_732' title='bbox 3102 4717 3286 4774; x_wconf 87' lang='lat' dir='ltr'>usque</span> <span class='ocrx_word' id='word_1_733' title='bbox 3313 4703 3382 4757; x_wconf 91' lang='lat' dir='ltr'>ad</span> <span class='ocrx_word' id='word_1_734' title='bbox 3417 4704 3584 4756; x_wconf 86' lang='lat' dir='ltr'>linem</span> 
     </span>
    </p>
   </div>
   <div class='ocr_carea' id='block_1_105' title="bbox 1943 4789 3586 4872">
    <p class='ocr_par' dir='ltr' id='par_1_105' title="bbox 1943 4789 3586 4872">
     <span class='ocr_line' id='line_1_105' title="bbox 1943 4789 3586 4872; baseline -0.006 -17"><span class='ocrx_word' id='word_1_735' title='bbox 1943 4795 2472 4872; x_wconf 88' lang='lat' dir='ltr'>perseveraverint,</span> <span class='ocrx_word' id='word_1_736' title='bbox 2507 4796 2580 4850; x_wconf 89' lang='lat' dir='ltr'>ab</span> <span class='ocrx_word' id='word_1_737' title='bbox 2628 4793 2893 4850; x_wconf 90' lang='lat' dir='ltr'>omnibus</span> <span class='ocrx_word' id='word_1_738' title='bbox 2941 4791 3202 4864; x_wconf 89' lang='lat' dir='ltr'>peccatis</span> <span class='ocrx_word' id='word_1_739' title='bbox 3233 4790 3384 4854; x_wconf 86' lang='lat' dir='ltr'>suis;</span> <span class='ocrx_word' id='word_1_740' title='bbox 3418 4793 3477 4844; x_wconf 91' lang='lat' dir='ltr'>et</span> <span class='ocrx_word' id='word_1_741' title='bbox 3504 4789 3586 4845; x_wconf 91' lang='lat' dir='ltr'>sic</span> 
     </span>
    </p>
   </div>
   <div class='ocr_carea' id='block_1_106' title="bbox 1944 4879 3581 4956">
    <p class='ocr_par' dir='ltr' id='par_1_106' title="bbox 1944 4879 3581 4956">
     <span class='ocr_line' id='line_1_106' title="bbox 1944 4879 3581 4956; baseline -0.009 -10"><span class='ocrx_word' id='word_1_742' title='bbox 1944 4886 2206 4946; x_wconf 87' lang='lat' dir='ltr'>Creatori</span> <span class='ocrx_word' id='word_1_743' title='bbox 2237 4884 2306 4918; x_wconf 67' lang='lat'>“9</span> <span class='ocrx_word' id='word_1_744' title='bbox 2360 4883 2626 4956; x_wconf 90' lang='lat' dir='ltr'>spiritum</span> <span class='ocrx_word' id='word_1_745' title='bbox 2683 4882 2938 4952; x_wconf 88' lang='lat' dir='ltr'>tradens,</span> <span class='ocrx_word' id='word_1_746' title='bbox 2972 4896 3123 4937; x_wconf 89' lang='lat' dir='ltr'>anno</span> <span class='ocrx_word' id='word_1_747' title='bbox 3175 4879 3246 4936; x_wconf 91' lang='lat' dir='ltr'>ab</span> <span class='ocrx_word' id='word_1_748' title='bbox 3279 4879 3386 4934; x_wconf 81' lang='lat' dir='ltr'>inc.</span> <span class='ocrx_word' id='word_1_749' title='bbox 3425 4880 3581 4934; x_wconf 90' lang='lat' dir='ltr'>Dom.</span> 
     </span>
    </p>
   </div>
   <div class='ocr_carea' id='block_1_107' title="bbox 1944 4969 3588 5043">
    <p class='ocr_par' dir='ltr' id='par_1_107' title="bbox 1944 4969 3588 5043">
     <span class='ocr_line' id='line_1_107' title="bbox 1944 4969 3588 5043; baseline -0.007 -11"><span class='ocrx_word' id='word_1_750' title='bbox 1944 4978 2101 5034; x_wconf 80' lang='grc'>1085.</span> <span class='ocrx_word' id='word_1_751' title='bbox 2137 4973 2282 5031; x_wconf 91' lang='lat' dir='ltr'>obiit</span> <span class='ocrx_word' id='word_1_752' title='bbox 2317 4975 2536 5043; x_wconf 70' lang='lat' dir='ltr'>martyr</span> <span class='ocrx_word' id='word_1_753' title='bbox 2563 4975 2622 5027; x_wconf 88' lang='lat' dir='ltr'>et</span> <span class='ocrx_word' id='word_1_754' title='bbox 2653 4971 2975 5027; x_wconf 84' lang='lat' dir='ltr'>confessor.</span> <span class='ocrx_word' id='word_1_755' title='bbox 3031 4969 3244 5024; x_wconf 87' lang='lat' dir='ltr'>Eodem</span> <span class='ocrx_word' id='word_1_756' title='bbox 3277 4981 3426 5023; x_wconf 90' lang='lat' dir='ltr'>anno</span> <span class='ocrx_word' id='word_1_757' title='bbox 3455 4981 3588 5022; x_wconf 91' lang='lat' dir='ltr'>ven-</span> 
     </span>
    </p>
   </div>
   <div class='ocr_carea' id='block_1_108' title="bbox 1571 5090 2252 5152">
    <p class='ocr_par' dir='ltr' id='par_1_108' title="bbox 1571 5090 2252 5152">
     <span class='ocr_line' id='line_1_108' title="bbox 1571 5090 2252 5152; baseline -0.012 0"><span class='ocrx_word' id='word_1_758' title='bbox 1571 5096 1810 5152; x_wconf 65' lang='lat' dir='ltr'><strong>VARle</strong></span> <span class='ocrx_word' id='word_1_759' title='bbox 1849 5090 2252 5150; x_wconf 83' lang='lat' dir='ltr'>LECTIONES.</span> 
     </span>
    </p>
   </div>
   <div class='ocr_carea' id='block_1_109' title="bbox 251 5289 1464 5364">
    <p class='ocr_par' dir='ltr' id='par_1_109' title="bbox 251 5289 1464 5364">
     <span class='ocr_line' id='line_1_109' title="bbox 251 5289 1464 5364; baseline 0.021 -41"><span class='ocrx_word' id='word_1_760' title='bbox 251 5289 322 5324; x_wconf 75' lang='grc' dir='ltr'>ιιτ</span> <span class='ocrx_word' id='word_1_761' title='bbox 351 5290 458 5350; x_wconf 67' lang='lat' dir='ltr'>Ita</span> <span class='ocrx_word' id='word_1_762' title='bbox 484 5303 535 5349; x_wconf 53' lang='grc' dir='ltr'><em>ο.</em></span> <span class='ocrx_word' id='word_1_763' title='bbox 649 5289 718 5324; x_wconf 76' lang='lat' dir='ltr'>us</span> <span class='ocrx_word' id='word_1_764' title='bbox 746 5290 984 5360; x_wconf 62' lang='lat' dir='ltr'>reliqua</span> <span class='ocrx_word' id='word_1_765' title='bbox 998 5290 1240 5364; x_wconf 70' lang='lat' dir='ltr'>pagina</span> <span class='ocrx_word' id='word_1_766' title='bbox 1267 5291 1464 5350; x_wconf 73' lang='lat' dir='ltr'>vacat.</span> 
     </span>
    </p>
   </div>
   <div class='ocr_carea' id='block_1_110' title="bbox 1574 5289 2304 5362">
    <p class='ocr_par' dir='ltr' id='par_1_110' title="bbox 1574 5289 2304 5362">
     <span class='ocr_line' id='line_1_110' title="bbox 1574 5289 2304 5362; baseline -0.011 -16"><span class='ocrx_word' id='word_1_767' title='bbox 1574 5289 1643 5324; x_wconf 68' lang='lat'>‘1&#39;</span> <span class='ocrx_word' id='word_1_768' title='bbox 1673 5303 1824 5362; x_wconf 90' lang='lat' dir='ltr'>spm.</span> <span class='ocrx_word' id='word_1_769' title='bbox 1860 5289 1925 5346; x_wconf 87' lang='lat' dir='ltr'>C.</span> <span class='ocrx_word' id='word_1_770' title='bbox 1969 5301 2122 5358; x_wconf 89' lang='lat' dir='ltr'>spm.</span> <span class='ocrx_word' id='word_1_771' title='bbox 2160 5289 2210 5340; x_wconf 93' lang='lat' dir='ltr'>t.</span> <span class='ocrx_word' id='word_1_772' title='bbox 2251 5299 2304 5340; x_wconf 81' lang='grc' dir='ltr'>ο.</span> 
     </span>
    </p>
   </div>
   <div class='ocr_carea' id='block_1_111' title="bbox 1782 5427 2001 5484">
    <p class='ocr_par' dir='ltr' id='par_1_111' title="bbox 1782 5427 2001 5484">
     <span class='ocr_line' id='line_1_111' title="bbox 1782 5427 2001 5484; baseline -0.009 -2"><span class='ocrx_word' id='word_1_773' title='bbox 1782 5427 2001 5484; x_wconf 65' lang='lat' dir='ltr'>NOTAE.</span> 
     </span>
    </p>
   </div>
   <div class='ocr_carea' id='block_1_112' title="bbox 259 5515 1304 5591">
    <p class='ocr_par' dir='ltr' id='par_1_112' title="bbox 259 5515 1304 5591">
     <span class='ocr_line' id='line_1_112' title="bbox 259 5515 1304 5591; baseline -0.005 -14"><span class='ocrx_word' id='word_1_774' title='bbox 259 5519 414 5591; x_wconf 82' lang='grc'>(190)</span> <span class='ocrx_word' id='word_1_775' title='bbox 447 5515 816 5576; x_wconf 83' lang='lat' dir='ltr'>Saint-Gilles</span> <span class='ocrx_word' id='word_1_776' title='bbox 847 5516 905 5576; x_wconf 89' lang='lat' dir='ltr'>in</span> <span class='ocrx_word' id='word_1_777' title='bbox 936 5515 1304 5590; x_wconf 85' lang='lat' dir='ltr'>Languedoc.</span> 
     </span>
    </p>
   </div>
  </div>
