  <div class='ocr_page' id='page_1' title='image "/cluster/home/n/w/nwhite01/storage/ocr_20150623/154/hvd.32044054760129/175.png"; bbox 0 0 3960 6052; ppageno 0'>
   <div class='ocr_carea' id='block_1_1' title="bbox 318 165 436 230">
    <p class='ocr_par' dir='ltr' id='par_1_1' title="bbox 318 165 436 230">
     <span class='ocr_line' id='line_1_1' title="bbox 318 165 436 230; baseline 0.034 -4"><span class='ocrx_word' id='word_1_1' title='bbox 318 165 436 230; x_wconf 82' lang='lat'><strong>339</strong></span> 
     </span>
    </p>
   </div>
   <div class='ocr_carea' id='block_1_2' title="bbox 1281 122 2757 245">
    <p class='ocr_par' dir='ltr' id='par_1_2' title="bbox 1281 122 2757 245">
     <span class='ocr_line' id='line_1_2' title="bbox 1281 122 2757 245; baseline 0.002 -16"><span class='ocrx_word' id='word_1_2' title='bbox 1281 161 1647 232; x_wconf 69' lang='lat' dir='ltr'><strong>HUGONIS</strong></span> <span class='ocrx_word' id='word_1_3' title='bbox 1690 167 2041 245; x_wconf 67' lang='lat' dir='ltr'><strong>ABBATIS</strong></span> <span class='ocrx_word' id='word_1_4' title='bbox 2083 122 2757 232; x_wconf 74' lang='lat' dir='ltr'><strong>FLAViNlACENSIS</strong></span> 
     </span>
    </p>
   </div>
   <div class='ocr_carea' id='block_1_3' title="bbox 3598 161 3720 230">
    <p class='ocr_par' dir='ltr' id='par_1_3' title="bbox 3598 161 3720 230">
     <span class='ocr_line' id='line_1_3' title="bbox 3598 161 3720 230; baseline -0.016 0"><span class='ocrx_word' id='word_1_5' title='bbox 3598 161 3720 230; x_wconf 74' lang='lat'><strong>340</strong></span> 
     </span>
    </p>
   </div>
   <div class='ocr_carea' id='block_1_4' title="bbox 317 297 3722 378">
    <p class='ocr_par' dir='ltr' id='par_1_4' title="bbox 317 297 3722 378">
     <span class='ocr_line' id='line_1_4' title="bbox 317 297 3722 378; baseline 0.001 -20"><span class='ocrx_word' id='word_1_6' title='bbox 317 301 436 374; x_wconf 89' lang='lat' dir='ltr'><strong>tus,</strong></span> <span class='ocrx_word' id='word_1_7' title='bbox 471 300 716 376; x_wconf 82' lang='lat' dir='ltr'><strong>grando,</strong></span> <span class='ocrx_word' id='word_1_8' title='bbox 753 299 982 376; x_wconf 79' lang='lat' dir='ltr'><strong>fulgura</strong></span> <span class='ocrx_word' id='word_1_9' title='bbox 1013 305 1070 362; x_wconf 86' lang='lat' dir='ltr'><strong>et</strong></span> <span class='ocrx_word' id='word_1_10' title='bbox 1107 300 1383 378; x_wconf 77' lang='lat' dir='ltr'><strong>tonitrua,</strong></span> <span class='ocrx_word' id='word_1_11' title='bbox 1417 304 1469 362; x_wconf 74' lang='grc'><strong>4.</strong></span> <span class='ocrx_word' id='word_1_12' title='bbox 1501 307 1559 363; x_wconf 90' lang='lat' dir='ltr'><strong>et</strong></span> <span class='ocrx_word' id='word_1_13' title='bbox 1592 305 1644 363; x_wconf 88' lang='lat'><strong>3.</strong></span> <span class='ocrx_word' id='word_1_14' title='bbox 1679 299 1801 362; x_wconf 78' lang='lat' dir='ltr'><strong>Kal.</strong></span> <span class='ocrx_word' id='word_1_15' title='bbox 1823 298 1956 362; x_wconf 80' lang='lat' dir='ltr'><strong>Julii</strong></span> <span class='ocrx_word' id='word_1_16' title='bbox 1989 299 2046 366; x_wconf 83' lang='lat' dir='ltr'><strong>A</strong></span> <span class='ocrx_word' id='word_1_17' title='bbox 2075 316 2212 365; x_wconf 83' lang='lat' dir='ltr'><strong>rans</strong></span> <span class='ocrx_word' id='word_1_18' title='bbox 2235 302 2555 372; x_wconf 77' lang='lat' dir='ltr'><strong>videretur,</strong></span> <span class='ocrx_word' id='word_1_19' title='bbox 2589 301 2636 364; x_wconf 87' lang='lat' dir='ltr'><strong>si</strong></span> <span class='ocrx_word' id='word_1_20' title='bbox 2666 301 2798 378; x_wconf 86' lang='lat' dir='ltr'><strong>quis</strong></span> <span class='ocrx_word' id='word_1_21' title='bbox 2827 303 3142 365; x_wconf 87' lang='lat' dir='ltr'><strong>Romanum</strong></span> <span class='ocrx_word' id='word_1_22' title='bbox 3173 297 3424 363; x_wconf 85' lang='lat' dir='ltr'><strong>electum</strong></span> <span class='ocrx_word' id='word_1_23' title='bbox 3455 301 3594 376; x_wconf 86' lang='lat' dir='ltr'><strong>post</strong></span> <span class='ocrx_word' id='word_1_24' title='bbox 3621 301 3722 362; x_wconf 90' lang='lat' dir='ltr'><strong>ab-</strong></span> 
     </span>
    </p>
   </div>
   <div class='ocr_carea' id='block_1_5' title="bbox 319 390 964 450">
    <p class='ocr_par' dir='ltr' id='par_1_5' title="bbox 319 390 964 450">
     <span class='ocr_line' id='line_1_5' title="bbox 319 390 964 450; baseline 0.006 -4"><span class='ocrx_word' id='word_1_25' title='bbox 319 390 560 448; x_wconf 88' lang='lat' dir='ltr'><strong>Galliam</strong></span> <span class='ocrx_word' id='word_1_26' title='bbox 586 391 964 450; x_wconf 88' lang='lat' dir='ltr'><strong>attriverunt.</strong></span> 
     </span>
    </p>
   </div>
   <div class='ocr_carea' id='block_1_6' title="bbox 315 479 1958 570">
    <p class='ocr_par' dir='ltr' id='par_1_6' title="bbox 315 479 1958 570">
     <span class='ocr_line' id='line_1_6' title="bbox 315 479 1958 570; baseline 0.002 -34"><span class='ocrx_word' id='word_1_27' title='bbox 315 550 336 570; x_wconf 47' lang='grc'><strong>.</strong></span> <span class='ocrx_word' id='word_1_28' title='bbox 391 479 530 544; x_wconf 84' lang='lat' dir='ltr'><strong>(Fel.</strong></span> <span class='ocrx_word' id='word_1_29' title='bbox 564 481 717 555; x_wconf 74' lang='lat' dir='ltr'><strong>13Gb)</strong></span> <span class='ocrx_word' id='word_1_30' title='bbox 750 481 904 538; x_wconf 80' lang='lat' dir='ltr'><strong>Dixit</strong></span> <span class='ocrx_word' id='word_1_31' title='bbox 938 483 1085 555; x_wconf 83' lang='lat'><strong>(191)</strong></span> <span class='ocrx_word' id='word_1_32' title='bbox 1129 483 1398 541; x_wconf 83' lang='lat' dir='ltr'><strong>Urbanus</strong></span> <span class='ocrx_word' id='word_1_33' title='bbox 1447 497 1590 555; x_wconf 90' lang='lat' dir='ltr'><strong>papa</strong></span> <span class='ocrx_word' id='word_1_34' title='bbox 1625 483 1680 540; x_wconf 90' lang='lat' dir='ltr'><strong>in</strong></span> <span class='ocrx_word' id='word_1_35' title='bbox 1713 482 1958 556; x_wconf 91' lang='lat' dir='ltr'><strong>quadam</strong></span> 
     </span>
    </p>
   </div>
   <div class='ocr_carea' id='block_1_7' title="bbox 318 570 1961 645">
    <p class='ocr_par' dir='ltr' id='par_1_7' title="bbox 318 570 1961 645">
     <span class='ocr_line' id='line_1_7' title="bbox 318 570 1961 645; baseline 0.004 -21"><span class='ocrx_word' id='word_1_36' title='bbox 318 570 568 640; x_wconf 91' lang='lat' dir='ltr'><strong>epistola</strong></span> <span class='ocrx_word' id='word_1_37' title='bbox 585 587 686 628; x_wconf 90' lang='lat' dir='ltr'><strong>sua</strong></span> <span class='ocrx_word' id='word_1_38' title='bbox 705 590 718 627; x_wconf 87' lang='lat'><strong>:</strong></span> <span class='ocrx_word' id='word_1_39' title='bbox 739 571 1054 630; x_wconf 84' lang='lat' dir='ltr'><strong>«Dominus</strong></span> <span class='ocrx_word' id='word_1_40' title='bbox 1071 577 1270 630; x_wconf 89' lang='lat' dir='ltr'><strong>noster</strong></span> <span class='ocrx_word' id='word_1_41' title='bbox 1285 587 1432 645; x_wconf 91' lang='lat' dir='ltr'><strong>papa</strong></span> <span class='ocrx_word' id='word_1_42' title='bbox 1449 573 1762 643; x_wconf 77' lang='lat' dir='ltr'><strong>Gregorius</strong></span> <span class='ocrx_word' id='word_1_43' title='bbox 1776 573 1961 630; x_wconf 63' lang='lat' dir='ltr'><strong>beata)</strong></span> 
     </span>
    </p>
   </div>
   <div class='ocr_carea' id='block_1_8' title="bbox 318 658 1963 732">
    <p class='ocr_par' dir='ltr' id='par_1_8' title="bbox 318 658 1963 732">
     <span class='ocr_line' id='line_1_8' title="bbox 318 658 1963 732; baseline 0.003 -19"><span class='ocrx_word' id='word_1_44' title='bbox 318 671 386 714; x_wconf 91' lang='lat' dir='ltr'><strong>ac</strong></span> <span class='ocrx_word' id='word_1_45' title='bbox 405 658 593 729; x_wconf 74' lang='lat' dir='ltr'><strong>dignae</strong></span> <span class='ocrx_word' id='word_1_46' title='bbox 617 659 910 717; x_wconf 71' lang='lat' dir='ltr'><strong>memoria:</strong></span> <span class='ocrx_word' id='word_1_47' title='bbox 941 676 1068 717; x_wconf 90' lang='lat' dir='ltr'><strong>cum</strong></span> <span class='ocrx_word' id='word_1_48' title='bbox 1097 661 1252 732; x_wconf 90' lang='lat' dir='ltr'><strong>apud</strong></span> <span class='ocrx_word' id='word_1_49' title='bbox 1290 661 1587 718; x_wconf 87' lang='lat' dir='ltr'><strong>Salernum</strong></span> <span class='ocrx_word' id='word_1_50' title='bbox 1618 661 1780 730; x_wconf 79' lang='lat' dir='ltr'><strong>gravi</strong></span> <span class='ocrx_word' id='word_1_51' title='bbox 1806 665 1963 718; x_wconf 89' lang='lat' dir='ltr'><strong>tene-</strong></span> 
     </span>
    </p>
   </div>
   <div class='ocr_carea' id='block_1_9' title="bbox 321 748 1962 822">
    <p class='ocr_par' dir='ltr' id='par_1_9' title="bbox 321 748 1962 822">
     <span class='ocr_line' id='line_1_9' title="bbox 321 748 1962 822; baseline 0.003 -21"><span class='ocrx_word' id='word_1_52' title='bbox 321 751 482 803; x_wconf 91' lang='lat' dir='ltr'><strong>retur</strong></span> <span class='ocrx_word' id='word_1_53' title='bbox 512 748 870 818; x_wconf 75' lang='lat' dir='ltr'><strong>infirmitate,</strong></span> <span class='ocrx_word' id='word_1_54' title='bbox 905 748 1054 805; x_wconf 91' lang='lat' dir='ltr'><strong>unde</strong></span> <span class='ocrx_word' id='word_1_55' title='bbox 1088 749 1213 822; x_wconf 87' lang='lat' dir='ltr'><strong>ipse</strong></span> <span class='ocrx_word' id='word_1_56' title='bbox 1249 753 1451 819; x_wconf 89' lang='lat' dir='ltr'><strong>postea</strong></span> <span class='ocrx_word' id='word_1_57' title='bbox 1492 749 1658 820; x_wconf 91' lang='lat' dir='ltr'><strong>obiit,</strong></span> <span class='ocrx_word' id='word_1_58' title='bbox 1680 763 1962 806; x_wconf 90' lang='lat' dir='ltr'><strong>convene-</strong></span> 
     </span>
    </p>
   </div>
   <div class='ocr_carea' id='block_1_10' title="bbox 319 835 1965 909">
    <p class='ocr_par' dir='ltr' id='par_1_10' title="bbox 319 835 1965 909">
     <span class='ocr_line' id='line_1_10' title="bbox 319 835 1965 909; baseline 0.002 -19"><span class='ocrx_word' id='word_1_59' title='bbox 319 835 541 892; x_wconf 88' lang='lat' dir='ltr'><strong>runtad</strong></span> <span class='ocrx_word' id='word_1_60' title='bbox 564 851 692 893; x_wconf 91' lang='lat' dir='ltr'><strong>eum</strong></span> <span class='ocrx_word' id='word_1_61' title='bbox 725 837 988 908; x_wconf 89' lang='lat' dir='ltr'><strong>episc0pi</strong></span> <span class='ocrx_word' id='word_1_62' title='bbox 1013 842 1068 892; x_wconf 86' lang='lat' dir='ltr'><strong>et</strong></span> <span class='ocrx_word' id='word_1_63' title='bbox 1111 836 1441 894; x_wconf 85' lang='lat' dir='ltr'><strong>cardinales</strong></span> <span class='ocrx_word' id='word_1_64' title='bbox 1459 838 1816 909; x_wconf 88' lang='lat' dir='ltr'><strong>Romaniqui</strong></span> <span class='ocrx_word' id='word_1_65' title='bbox 1859 837 1965 894; x_wconf 93' lang='lat' dir='ltr'><strong>ibi-</strong></span> 
     </span>
    </p>
   </div>
   <div class='ocr_carea' id='block_1_11' title="bbox 317 923 1962 996">
    <p class='ocr_par' dir='ltr' id='par_1_11' title="bbox 317 923 1962 996">
     <span class='ocr_line' id='line_1_11' title="bbox 317 923 1962 996; baseline 0.001 -17"><span class='ocrx_word' id='word_1_66' title='bbox 317 923 446 980; x_wconf 89' lang='lat' dir='ltr'><strong>dem</strong></span> <span class='ocrx_word' id='word_1_67' title='bbox 473 924 732 994; x_wconf 90' lang='lat' dir='ltr'><strong>aderant,</strong></span> <span class='ocrx_word' id='word_1_68' title='bbox 758 929 1036 994; x_wconf 81' lang='lat' dir='ltr'><strong>rogantes</strong></span> <span class='ocrx_word' id='word_1_69' title='bbox 1055 939 1185 980; x_wconf 90' lang='lat' dir='ltr'><strong>eum</strong></span> <span class='ocrx_word' id='word_1_70' title='bbox 1203 928 1263 980; x_wconf 90' lang='lat' dir='ltr'><strong>et</strong></span> <span class='ocrx_word' id='word_1_71' title='bbox 1287 925 1676 996; x_wconf 80' lang='lat' dir='ltr'><strong>postulantes,</strong></span> <span class='ocrx_word' id='word_1_72' title='bbox 1706 931 1768 981; x_wconf 90' lang='lat' dir='ltr'><strong>ut</strong></span> <span class='ocrx_word' id='word_1_73' title='bbox 1793 939 1962 996; x_wconf 86' lang='lat' dir='ltr'><strong>quem</strong></span> 
     </span>
    </p>
   </div>
   <div class='ocr_carea' id='block_1_12' title="bbox 321 1009 1964 1085">
    <p class='ocr_par' dir='ltr' id='par_1_12' title="bbox 321 1009 1964 1085">
     <span class='ocr_line' id='line_1_12' title="bbox 321 1009 1964 1085; baseline 0 -17"><span class='ocrx_word' id='word_1_74' title='bbox 321 1011 434 1068; x_wconf 82' lang='lat' dir='ltr'><strong>sibi</strong></span> <span class='ocrx_word' id='word_1_75' title='bbox 469 1009 644 1068; x_wconf 67' lang='lat' dir='ltr'><strong>vellet</strong></span> <span class='ocrx_word' id='word_1_76' title='bbox 669 1012 977 1082; x_wconf 79' lang='lat' dir='ltr'><strong>subrogari</strong></span> <span class='ocrx_word' id='word_1_77' title='bbox 1001 1027 1402 1069; x_wconf 88' lang='lat' dir='ltr'><strong>successorem</strong></span> <span class='ocrx_word' id='word_1_78' title='bbox 1423 1014 1478 1069; x_wconf 91' lang='lat' dir='ltr'><strong>in</strong></span> <span class='ocrx_word' id='word_1_79' title='bbox 1504 1013 1848 1085; x_wconf 84' lang='lat' dir='ltr'><strong>pontificatu</strong></span> <span class='ocrx_word' id='word_1_80' title='bbox 1877 1014 1964 1070; x_wconf 91' lang='lat' dir='ltr'><strong>eis</strong></span> 
     </span>
    </p>
   </div>
   <div class='ocr_carea' id='block_1_13' title="bbox 319 1098 1960 1172">
    <p class='ocr_par' dir='ltr' id='par_1_13' title="bbox 319 1098 1960 1172">
     <span class='ocr_line' id='line_1_13' title="bbox 319 1098 1960 1172; baseline 0.002 -17"><span class='ocrx_word' id='word_1_81' title='bbox 319 1098 676 1156; x_wconf 74' lang='lat' dir='ltr'><strong>ostenderet.</strong></span> <span class='ocrx_word' id='word_1_82' title='bbox 710 1102 785 1155; x_wconf 87' lang='lat' dir='ltr'><strong>At</strong></span> <span class='ocrx_word' id='word_1_83' title='bbox 839 1099 936 1157; x_wconf 91' lang='lat' dir='ltr'><strong>ille</strong></span> <span class='ocrx_word' id='word_1_84' title='bbox 965 1115 1162 1156; x_wconf 85' lang='lat' dir='ltr'><strong>secum</strong></span> <span class='ocrx_word' id='word_1_85' title='bbox 1217 1101 1643 1172; x_wconf 88' lang='lat' dir='ltr'><strong>aliquantulum</strong></span> <span class='ocrx_word' id='word_1_86' title='bbox 1673 1101 1960 1172; x_wconf 88' lang='lat' dir='ltr'><strong>cogitans,</strong></span> 
     </span>
    </p>
   </div>
   <div class='ocr_carea' id='block_1_14' title="bbox 321 1187 1962 1260">
    <p class='ocr_par' dir='ltr' id='par_1_14' title="bbox 321 1187 1962 1260">
     <span class='ocr_line' id='line_1_14' title="bbox 321 1187 1962 1260; baseline 0.002 -18"><span class='ocrx_word' id='word_1_87' title='bbox 321 1187 425 1243; x_wconf 92' lang='lat' dir='ltr'><strong>hec</strong></span> <span class='ocrx_word' id='word_1_88' title='bbox 448 1187 566 1244; x_wconf 90' lang='lat' dir='ltr'><strong>illis</strong></span> <span class='ocrx_word' id='word_1_89' title='bbox 598 1189 777 1244; x_wconf 88' lang='lat' dir='ltr'><strong>verba</strong></span> <span class='ocrx_word' id='word_1_90' title='bbox 807 1187 972 1245; x_wconf 89' lang='lat' dir='ltr'><strong>dedit</strong></span> <span class='ocrx_word' id='word_1_91' title='bbox 1007 1207 1019 1243; x_wconf 89' lang='lat'>:</span> <span class='ocrx_word' id='word_1_92' title='bbox 1057 1189 1490 1260; x_wconf 68' lang='lat' dir='ltr'><strong>Quemcumque</strong></span> <span class='ocrx_word' id='word_1_93' title='bbox 1517 1191 1726 1248; x_wconf 76' lang='lat' dir='ltr'><strong>horam</strong></span> <span class='ocrx_word' id='word_1_94' title='bbox 1757 1190 1962 1260; x_wconf 77' lang='lat' dir='ltr'><strong>trium,</strong></span> 
     </span>
    </p>
   </div>
   <div class='ocr_carea' id='block_1_15' title="bbox 317 1277 1968 1350">
    <p class='ocr_par' dir='ltr' id='par_1_15' title="bbox 317 1277 1968 1350">
     <span class='ocr_line' id='line_1_15' title="bbox 317 1277 1968 1350; baseline 0.001 -16"><span class='ocrx_word' id='word_1_95' title='bbox 317 1277 633 1334; x_wconf 78' lang='lat' dir='ltr'><strong>anensem</strong></span> <span class='ocrx_word' id='word_1_96' title='bbox 643 1278 876 1336; x_wconf 76' lang='lat' dir='ltr'><strong>scilicet</strong></span> <span class='ocrx_word' id='word_1_97' title='bbox 885 1279 1236 1350; x_wconf 56' lang='lat' dir='ltr'><strong>episcopatu,</strong></span> <span class='ocrx_word' id='word_1_98' title='bbox 1259 1280 1604 1350; x_wconf 75' lang='lat' dir='ltr'><strong>Ostiensem,</strong></span> <span class='ocrx_word' id='word_1_99' title='bbox 1619 1279 1968 1336; x_wconf 71' lang='lat' dir='ltr'><strong>antarclzie-</strong></span> 
     </span>
    </p>
   </div>
   <div class='ocr_carea' id='block_1_16' title="bbox 307 1365 1970 1438">
    <p class='ocr_par' dir='ltr' id='par_1_16' title="bbox 307 1365 1970 1438">
     <span class='ocr_line' id='line_1_16' title="bbox 307 1365 1970 1438; baseline 0.001 -16"><span class='ocrx_word' id='word_1_100' title='bbox 307 1366 617 1437; x_wconf 71' lang='lat' dir='ltr'><strong>piscopnm</strong></span> <span class='ocrx_word' id='word_1_101' title='bbox 694 1367 1142 1436; x_wconf 75' lang='lat' dir='ltr'><strong>Lugdunensem</strong></span> <span class='ocrx_word' id='word_1_102' title='bbox 1171 1365 1388 1424; x_wconf 71' lang='lat' dir='ltr'><strong>habere</strong></span> <span class='ocrx_word' id='word_1_103' title='bbox 1409 1367 1706 1438; x_wconf 63' lang='lat' dir='ltr'><strong>potet-itis,</strong></span> <span class='ocrx_word' id='word_1_104' title='bbox 1736 1368 1803 1424; x_wconf 88' lang='lat' dir='ltr'><strong>in</strong></span> <span class='ocrx_word' id='word_1_105' title='bbox 1829 1381 1970 1438; x_wconf 79' lang='lat' dir='ltr'><strong>pon-</strong></span> 
     </span>
    </p>
   </div>
   <div class='ocr_carea' id='block_1_17' title="bbox 321 1452 1970 1525">
    <p class='ocr_par' dir='ltr' id='par_1_17' title="bbox 321 1452 1970 1525">
     <span class='ocr_line' id='line_1_17' title="bbox 321 1452 1970 1525; baseline 0.002 -19"><span class='ocrx_word' id='word_1_106' title='bbox 321 1452 538 1523; x_wconf 77' lang='lat' dir='ltr'><strong>tiﬁcem</strong></span> <span class='ocrx_word' id='word_1_107' title='bbox 557 1453 783 1525; x_wconf 71' lang='lat' dir='ltr'><strong>eligite.</strong></span> <span class='ocrx_word' id='word_1_108' title='bbox 817 1456 898 1510; x_wconf 92' lang='lat' dir='ltr'><strong>De</strong></span> <span class='ocrx_word' id='word_1_109' title='bbox 923 1455 1441 1510; x_wconf 86' lang='lat' dir='ltr'><strong>excommunicatis</strong></span> <span class='ocrx_word' id='word_1_110' title='bbox 1473 1458 1663 1510; x_wconf 88' lang='lat' dir='ltr'><strong>autem</strong></span> <span class='ocrx_word' id='word_1_111' title='bbox 1698 1454 1970 1511; x_wconf 90' lang='lat' dir='ltr'><strong>similiter</strong></span> 
     </span>
    </p>
   </div>
   <div class='ocr_carea' id='block_1_18' title="bbox 322 1541 1970 1614">
    <p class='ocr_par' dir='ltr' id='par_1_18' title="bbox 322 1541 1970 1614">
     <span class='ocr_line' id='line_1_18' title="bbox 322 1541 1970 1614; baseline 0.003 -20"><span class='ocrx_word' id='word_1_112' title='bbox 322 1541 644 1610; x_wconf 86' lang='lat' dir='ltr'><strong>requisitus</strong></span> <span class='ocrx_word' id='word_1_113' title='bbox 669 1541 1003 1614; x_wconf 85' lang='lat' dir='ltr'><strong>respondit:</strong></span> <span class='ocrx_word' id='word_1_114' title='bbox 1026 1542 1238 1598; x_wconf 76' lang='lat' dir='ltr'><strong>Preter</strong></span> <span class='ocrx_word' id='word_1_115' title='bbox 1259 1543 1613 1600; x_wconf 75' lang='lat' dir='ltr'><strong>Heinricnm</strong></span> <span class='ocrx_word' id='word_1_116' title='bbox 1631 1557 1829 1614; x_wconf 69' lang='lat' dir='ltr'><strong>regem</strong></span> <span class='ocrx_word' id='word_1_117' title='bbox 1851 1543 1970 1599; x_wconf 82' lang='lat' dir='ltr'><strong>dic-</strong></span> 
     </span>
    </p>
   </div>
   <div class='ocr_carea' id='block_1_19' title="bbox 2074 393 3719 467">
    <p class='ocr_par' dir='ltr' id='par_1_19' title="bbox 2074 393 3719 467">
     <span class='ocr_line' id='line_1_19' title="bbox 2074 393 3719 467; baseline -0.003 -14"><span class='ocrx_word' id='word_1_118' title='bbox 2074 395 2424 454; x_wconf 88' lang='lat' dir='ltr'><strong>solutionem</strong></span> <span class='ocrx_word' id='word_1_119' title='bbox 2457 409 2488 452; x_wconf 93' lang='lat' dir='ltr'><strong>a</strong></span> <span class='ocrx_word' id='word_1_120' title='bbox 2524 394 2862 452; x_wconf 63' lang='lat' dir='ltr'><strong>beatissimo</strong></span> <span class='ocrx_word' id='word_1_121' title='bbox 2885 409 3032 467; x_wconf 90' lang='lat' dir='ltr'><strong>papa</strong></span> <span class='ocrx_word' id='word_1_122' title='bbox 3057 393 3335 465; x_wconf 73' lang='lat' dir='ltr'><strong>Gregorio</strong></span> <span class='ocrx_word' id='word_1_123' title='bbox 3359 397 3719 466; x_wconf 89' lang='lat' dir='ltr'><strong>susceptam,</strong></span> 
     </span>
    </p>
   </div>
   <div class='ocr_carea' id='block_1_20' title="bbox 2073 482 3724 554">
    <p class='ocr_par' dir='ltr' id='par_1_20' title="bbox 2073 482 3724 554">
     <span class='ocr_line' id='line_1_20' title="bbox 2073 482 3724 554; baseline -0.002 -14"><span class='ocrx_word' id='word_1_124' title='bbox 2073 483 2638 541; x_wconf 84' lang='lat' dir='ltr'><strong>excommunicatum</strong></span> <span class='ocrx_word' id='word_1_125' title='bbox 2668 483 2954 553; x_wconf 82' lang='lat' dir='ltr'><strong>garriret;</strong></span> <span class='ocrx_word' id='word_1_126' title='bbox 2991 482 3103 539; x_wconf 90' lang='lat' dir='ltr'><strong>nisi</strong></span> <span class='ocrx_word' id='word_1_127' title='bbox 3135 483 3258 554; x_wconf 90' lang='lat' dir='ltr'><strong>ipse</strong></span> <span class='ocrx_word' id='word_1_128' title='bbox 3291 483 3560 538; x_wconf 75' lang='lat' dir='ltr'><strong>Attonem</strong></span> <span class='ocrx_word' id='word_1_129' title='bbox 3595 495 3724 539; x_wconf 88' lang='lat' dir='ltr'><strong>car-</strong></span> 
     </span>
    </p>
   </div>
   <div class='ocr_carea' id='block_1_21' title="bbox 2073 571 3722 643">
    <p class='ocr_par' dir='ltr' id='par_1_21' title="bbox 2073 571 3722 643">
     <span class='ocr_line' id='line_1_21' title="bbox 2073 571 3722 643; baseline -0.002 -12"><span class='ocrx_word' id='word_1_130' title='bbox 2073 573 2324 631; x_wconf 89' lang='lat' dir='ltr'><strong>dinalem</strong></span> <span class='ocrx_word' id='word_1_131' title='bbox 2376 571 2862 628; x_wconf 84' lang='lat' dir='ltr'><strong>Mediolanensem</strong></span> <span class='ocrx_word' id='word_1_132' title='bbox 2893 571 3142 630; x_wconf 91' lang='lat' dir='ltr'><strong>electum</strong></span> <span class='ocrx_word' id='word_1_133' title='bbox 3173 587 3203 628; x_wconf 90' lang='lat' dir='ltr'><strong>a</strong></span> <span class='ocrx_word' id='word_1_134' title='bbox 3235 571 3519 643; x_wconf 71' lang='lat' dir='ltr'><strong>praedicto</strong></span> <span class='ocrx_word' id='word_1_135' title='bbox 3567 585 3722 642; x_wconf 84' lang='lat' dir='ltr'><strong>papa</strong></span> 
     </span>
    </p>
   </div>
   <div class='ocr_carea' id='block_1_22' title="bbox 2071 658 3724 732">
    <p class='ocr_par' dir='ltr' id='par_1_22' title="bbox 2071 658 3724 732">
     <span class='ocr_line' id='line_1_22' title="bbox 2071 658 3724 732; baseline -0.003 -13"><span class='ocrx_word' id='word_1_136' title='bbox 2071 663 2277 720; x_wconf 88' lang='lat' dir='ltr'><strong>eodem</strong></span> <span class='ocrx_word' id='word_1_137' title='bbox 2307 662 2520 719; x_wconf 86' lang='lat' dir='ltr'><strong>abbate</strong></span> <span class='ocrx_word' id='word_1_138' title='bbox 2549 660 2960 718; x_wconf 83' lang='lat' dir='ltr'><strong>subscribente</strong></span> <span class='ocrx_word' id='word_1_139' title='bbox 2992 659 3226 732; x_wconf 88' lang='lat' dir='ltr'><strong>publice</strong></span> <span class='ocrx_word' id='word_1_140' title='bbox 3257 658 3724 716; x_wconf 81' lang='lat' dir='ltr'><strong>excommunica-</strong></span> 
     </span>
    </p>
   </div>
   <div class='ocr_carea' id='block_1_23' title="bbox 2076 746 3724 822">
    <p class='ocr_par' dir='ltr' id='par_1_23' title="bbox 2076 746 3724 822">
     <span class='ocr_line' id='line_1_23' title="bbox 2076 746 3724 822; baseline -0.002 -16"><span class='ocrx_word' id='word_1_141' title='bbox 2076 755 2218 822; x_wconf 90' lang='lat' dir='ltr'><strong>tum,</strong></span> <span class='ocrx_word' id='word_1_142' title='bbox 2247 754 2305 807; x_wconf 91' lang='lat' dir='ltr'><strong>et</strong></span> <span class='ocrx_word' id='word_1_143' title='bbox 2339 750 2463 807; x_wconf 90' lang='lat' dir='ltr'><strong>sine</strong></span> <span class='ocrx_word' id='word_1_144' title='bbox 2496 748 2814 820; x_wconf 89' lang='lat' dir='ltr'><strong>penitentia</strong></span> <span class='ocrx_word' id='word_1_145' title='bbox 2840 749 3198 816; x_wconf 82' lang='lat' dir='ltr'><strong>defunctum,</strong></span> <span class='ocrx_word' id='word_1_146' title='bbox 3225 762 3335 804; x_wconf 89' lang='lat' dir='ltr'><strong>non</strong></span> <span class='ocrx_word' id='word_1_147' title='bbox 3369 747 3557 804; x_wconf 90' lang='lat' dir='ltr'><strong>solum</strong></span> <span class='ocrx_word' id='word_1_148' title='bbox 3589 746 3724 802; x_wconf 89' lang='lat' dir='ltr'><strong>bea-</strong></span> 
     </span>
    </p>
   </div>
   <div class='ocr_carea' id='block_1_24' title="bbox 2077 836 3725 908">
    <p class='ocr_par' dir='ltr' id='par_1_24' title="bbox 2077 836 3725 908">
     <span class='ocr_line' id='line_1_24' title="bbox 2077 836 3725 908; baseline -0.002 -12"><span class='ocrx_word' id='word_1_149' title='bbox 2077 843 2194 898; x_wconf 90' lang='lat' dir='ltr'><strong>tum</strong></span> <span class='ocrx_word' id='word_1_150' title='bbox 2219 840 2274 895; x_wconf 92' lang='lat' dir='ltr'><strong>in</strong></span> <span class='ocrx_word' id='word_1_151' title='bbox 2296 837 2584 897; x_wconf 89' lang='lat' dir='ltr'><strong>communi</strong></span> <span class='ocrx_word' id='word_1_152' title='bbox 2610 843 2810 895; x_wconf 90' lang='lat' dir='ltr'><strong>nostra</strong></span> <span class='ocrx_word' id='word_1_153' title='bbox 2832 837 3130 894; x_wconf 88' lang='lat' dir='ltr'><strong>audientia</strong></span> <span class='ocrx_word' id='word_1_154' title='bbox 3157 836 3476 908; x_wconf 63' lang='lat' dir='ltr'><strong>praedicare</strong></span> <span class='ocrx_word' id='word_1_155' title='bbox 3502 851 3725 907; x_wconf 70' lang='lat' dir='ltr'><strong>praesu-</strong></span> 
     </span>
    </p>
   </div>
   <div class='ocr_carea' id='block_1_25' title="bbox 2074 923 3722 1000">
    <p class='ocr_par' dir='ltr' id='par_1_25' title="bbox 2074 923 3722 1000">
     <span class='ocr_line' id='line_1_25' title="bbox 2074 923 3722 1000; baseline -0.002 -15"><span class='ocrx_word' id='word_1_156' title='bbox 2074 933 2280 1000; x_wconf 79' lang='lat' dir='ltr'><strong>meret,</strong></span> <span class='ocrx_word' id='word_1_157' title='bbox 2329 943 2532 984; x_wconf 88' lang='lat' dir='ltr'><strong>verum</strong></span> <span class='ocrx_word' id='word_1_158' title='bbox 2572 927 2748 984; x_wconf 90' lang='lat' dir='ltr'><strong>etiam</strong></span> <span class='ocrx_word' id='word_1_159' title='bbox 2799 925 3052 998; x_wconf 85' lang='lat' dir='ltr'><strong>seipsqu</strong></span> <span class='ocrx_word' id='word_1_160' title='bbox 3085 925 3286 982; x_wconf 88' lang='lat' dir='ltr'><strong>nonin</strong></span> <span class='ocrx_word' id='word_1_161' title='bbox 3334 925 3467 993; x_wconf 89' lang='lat' dir='ltr'><strong>alia,</strong></span> <span class='ocrx_word' id='word_1_162' title='bbox 3521 923 3630 980; x_wconf 89' lang='lat' dir='ltr'><strong>nisi</strong></span> <span class='ocrx_word' id='word_1_163' title='bbox 3663 924 3722 981; x_wconf 91' lang='lat' dir='ltr'><strong>in</strong></span> 
     </span>
    </p>
   </div>
   <div class='ocr_carea' id='block_1_26' title="bbox 2077 1013 3730 1088">
    <p class='ocr_par' dir='ltr' id='par_1_26' title="bbox 2077 1013 3730 1088">
     <span class='ocr_line' id='line_1_26' title="bbox 2077 1013 3730 1088; baseline -0.005 -12"><span class='ocrx_word' id='word_1_164' title='bbox 2077 1033 2187 1088; x_wconf 91' lang='lat' dir='ltr'><strong>qua</strong></span> <span class='ocrx_word' id='word_1_165' title='bbox 2213 1017 2308 1074; x_wconf 91' lang='lat' dir='ltr'><strong>ille</strong></span> <span class='ocrx_word' id='word_1_166' title='bbox 2327 1019 2436 1087; x_wconf 90' lang='lat' dir='ltr'><strong>est,</strong></span> <span class='ocrx_word' id='word_1_167' title='bbox 2481 1014 2668 1086; x_wconf 81' lang='lat' dir='ltr'><strong>gloria</strong></span> <span class='ocrx_word' id='word_1_168' title='bbox 2714 1015 2976 1071; x_wconf 81' lang='lat' dir='ltr'><strong>futurum</strong></span> <span class='ocrx_word' id='word_1_169' title='bbox 3026 1014 3337 1070; x_wconf 80' lang='lat' dir='ltr'><strong>oraret&#39;Hn</strong></span> <span class='ocrx_word' id='word_1_170' title='bbox 3371 1013 3586 1084; x_wconf 91' lang='lat' dir='ltr'><strong>quibus</strong></span> <span class='ocrx_word' id='word_1_171' title='bbox 3606 1028 3730 1069; x_wconf 87' lang='lat' dir='ltr'><strong>om-</strong></span> 
     </span>
    </p>
   </div>
   <div class='ocr_carea' id='block_1_27' title="bbox 2075 1101 3726 1164">
    <p class='ocr_par' dir='ltr' id='par_1_27' title="bbox 2075 1101 3726 1164">
     <span class='ocr_line' id='line_1_27' title="bbox 2075 1101 3726 1164; baseline -0.005 -1"><span class='ocrx_word' id='word_1_172' title='bbox 2075 1107 2248 1164; x_wconf 89' lang='lat' dir='ltr'><strong>nibus</strong></span> <span class='ocrx_word' id='word_1_173' title='bbox 2271 1104 2694 1163; x_wconf 88' lang='lat' dir='ltr'><strong>dilectissimos</strong></span> <span class='ocrx_word' id='word_1_174' title='bbox 2717 1104 2930 1160; x_wconf 87' lang='lat' dir='ltr'><strong>fratres</strong></span> <span class='ocrx_word' id='word_1_175' title='bbox 2956 1106 3195 1159; x_wconf 89' lang='lat' dir='ltr'><strong>nostros</strong></span> <span class='ocrx_word' id='word_1_176' title='bbox 3222 1104 3322 1158; x_wconf 87' lang='lat' dir='ltr'><strong>lle.</strong></span> <span class='ocrx_word' id='word_1_177' title='bbox 3355 1105 3412 1158; x_wconf 90' lang='lat' dir='ltr'><strong>et</strong></span> <span class='ocrx_word' id='word_1_178' title='bbox 3440 1103 3499 1158; x_wconf 90' lang='grc' dir='ltr'><strong>Β.</strong></span> <span class='ocrx_word' id='word_1_179' title='bbox 3534 1101 3726 1158; x_wconf 89' lang='lat' dir='ltr'><strong>cardi-</strong></span> 
     </span>
    </p>
   </div>
   <div class='ocr_carea' id='block_1_28' title="bbox 2076 1189 3727 1265">
    <p class='ocr_par' dir='ltr' id='par_1_28' title="bbox 2076 1189 3727 1265">
     <span class='ocr_line' id='line_1_28' title="bbox 2076 1189 3727 1265; baseline -0.004 -14"><span class='ocrx_word' id='word_1_180' title='bbox 2076 1193 2258 1264; x_wconf 88' lang='lat' dir='ltr'><strong>nales,</strong></span> <span class='ocrx_word' id='word_1_181' title='bbox 2287 1208 2434 1265; x_wconf 89' lang='lat' dir='ltr'><strong>quos</strong></span> <span class='ocrx_word' id='word_1_182' title='bbox 2461 1191 2764 1250; x_wconf 87' lang='lat' dir='ltr'><strong>vobiscum</strong></span> <span class='ocrx_word' id='word_1_183' title='bbox 2785 1205 2918 1247; x_wconf 91' lang='lat' dir='ltr'><strong>esse</strong></span> <span class='ocrx_word' id='word_1_184' title='bbox 2945 1195 3233 1260; x_wconf 88' lang='lat' dir='ltr'><strong>putamus,</strong></span> <span class='ocrx_word' id='word_1_185' title='bbox 3260 1193 3446 1246; x_wconf 79' lang='lat' dir='ltr'><strong>testes</strong></span> <span class='ocrx_word' id='word_1_186' title='bbox 3478 1189 3727 1245; x_wconf 60' lang='lat' dir='ltr'><strong>advoca.</strong></span> 
     </span>
    </p>
   </div>
   <div class='ocr_carea' id='block_1_29' title="bbox 2078 1277 3727 1354">
    <p class='ocr_par' dir='ltr' id='par_1_29' title="bbox 2078 1277 3727 1354">
     <span class='ocr_line' id='line_1_29' title="bbox 2078 1277 3727 1354; baseline -0.004 -14"><span class='ocrx_word' id='word_1_187' title='bbox 2078 1299 2223 1353; x_wconf 91' lang='lat' dir='ltr'><strong>mus,</strong></span> <span class='ocrx_word' id='word_1_188' title='bbox 2269 1283 2366 1354; x_wconf 87' lang='lat' dir='ltr'><strong>qui</strong></span> <span class='ocrx_word' id='word_1_189' title='bbox 2408 1280 2502 1338; x_wconf 87' lang='lat' dir='ltr'><strong>vel</strong></span> <span class='ocrx_word' id='word_1_190' title='bbox 2543 1280 2654 1352; x_wconf 90' lang='lat' dir='ltr'><strong>ipsi</strong></span> <span class='ocrx_word' id='word_1_191' title='bbox 2691 1279 2761 1335; x_wconf 91' lang='lat' dir='ltr'><strong>de</strong></span> <span class='ocrx_word' id='word_1_192' title='bbox 2793 1278 2920 1347; x_wconf 86' lang='lat' dir='ltr'><strong>ejus</strong></span> <span class='ocrx_word' id='word_1_193' title='bbox 2943 1294 3042 1334; x_wconf 87' lang='lat' dir='ltr'><strong>ore</strong></span> <span class='ocrx_word' id='word_1_194' title='bbox 3072 1277 3402 1347; x_wconf 87' lang='lat' dir='ltr'><strong>audierunt,</strong></span> <span class='ocrx_word' id='word_1_195' title='bbox 3435 1277 3524 1334; x_wconf 88' lang='lat' dir='ltr'><strong>vel</strong></span> <span class='ocrx_word' id='word_1_196' title='bbox 3555 1277 3727 1334; x_wconf 90' lang='lat' dir='ltr'><strong>bonis</strong></span> 
     </span>
    </p>
   </div>
   <div class='ocr_carea' id='block_1_30' title="bbox 2080 1365 3726 1442">
    <p class='ocr_par' dir='ltr' id='par_1_30' title="bbox 2080 1365 3726 1442">
     <span class='ocr_line' id='line_1_30' title="bbox 2080 1365 3726 1442; baseline -0.004 -15"><span class='ocrx_word' id='word_1_197' title='bbox 2080 1371 2242 1440; x_wconf 89' lang='lat' dir='ltr'><strong>viris,</strong></span> <span class='ocrx_word' id='word_1_198' title='bbox 2261 1371 2476 1442; x_wconf 88' lang='lat' dir='ltr'><strong>quibus</strong></span> <span class='ocrx_word' id='word_1_199' title='bbox 2503 1367 2905 1425; x_wconf 86' lang='lat' dir='ltr'><strong>indubitanter</strong></span> <span class='ocrx_word' id='word_1_200' title='bbox 2928 1366 3196 1434; x_wconf 83' lang='lat' dir='ltr'><strong>credunt,</strong></span> <span class='ocrx_word' id='word_1_201' title='bbox 3221 1365 3632 1435; x_wconf 80' lang='lat' dir='ltr'><strong>referentibus,</strong></span> <span class='ocrx_word' id='word_1_202' title='bbox 3658 1379 3726 1420; x_wconf 90' lang='lat' dir='ltr'><strong>se</strong></span> 
     </span>
    </p>
   </div>
   <div class='ocr_carea' id='block_1_31' title="bbox 2082 1453 3727 1524">
    <p class='ocr_par' dir='ltr' id='par_1_31' title="bbox 2082 1453 3727 1524">
     <span class='ocr_line' id='line_1_31' title="bbox 2082 1453 3727 1524; baseline -0.005 -8"><span class='ocrx_word' id='word_1_203' title='bbox 2082 1459 2315 1516; x_wconf 88' lang='lat' dir='ltr'><strong>audisse</strong></span> <span class='ocrx_word' id='word_1_204' title='bbox 2340 1459 2636 1514; x_wconf 76' lang='lat' dir='ltr'><strong>dixerunt.</strong></span> <span class='ocrx_word' id='word_1_205' title='bbox 2662 1455 2942 1522; x_wconf 86' lang='lat' dir='ltr'><strong>Quotiens</strong></span> <span class='ocrx_word' id='word_1_206' title='bbox 2957 1455 3195 1510; x_wconf 86' lang='lat' dir='ltr'><strong>decreta</strong></span> <span class='ocrx_word' id='word_1_207' title='bbox 3209 1453 3424 1510; x_wconf 88' lang='lat' dir='ltr'><strong>domini</strong></span> <span class='ocrx_word' id='word_1_208' title='bbox 3446 1453 3534 1508; x_wconf 87' lang='lat' dir='ltr'><strong>sui</strong></span> <span class='ocrx_word' id='word_1_209' title='bbox 3559 1467 3727 1524; x_wconf 68' lang='lat' dir='ltr'><strong>papa}</strong></span> 
     </span>
    </p>
   </div>
   <div class='ocr_carea' id='block_1_32' title="bbox 2081 1541 3732 1616">
    <p class='ocr_par' dir='ltr' id='par_1_32' title="bbox 2081 1541 3732 1616">
     <span class='ocr_line' id='line_1_32' title="bbox 2081 1541 3732 1616; baseline -0.002 -14"><span class='ocrx_word' id='word_1_210' title='bbox 2081 1547 2340 1616; x_wconf 84' lang='lat' dir='ltr'><strong>Gregorii</strong></span> <span class='ocrx_word' id='word_1_211' title='bbox 2365 1547 2730 1616; x_wconf 89' lang='lat' dir='ltr'><strong>aliorumque</strong></span> <span class='ocrx_word' id='word_1_212' title='bbox 2769 1548 3106 1600; x_wconf 84' lang='lat' dir='ltr'><strong>sanctorum</strong></span> <span class='ocrx_word' id='word_1_213' title='bbox 3141 1547 3368 1614; x_wconf 86' lang='lat' dir='ltr'><strong>patrum</strong></span> <span class='ocrx_word' id='word_1_214' title='bbox 3393 1557 3505 1598; x_wconf 91' lang='lat' dir='ltr'><strong>non</strong></span> <span class='ocrx_word' id='word_1_215' title='bbox 3539 1541 3732 1598; x_wconf 90' lang='lat' dir='ltr'><strong>solum</strong></span> 
     </span>
    </p>
   </div>
   <div class='ocr_carea' id='block_1_33' title="bbox 323 1629 3730 1717">
    <p class='ocr_par' dir='ltr' id='par_1_33' title="bbox 323 1629 3730 1717">
     <span class='ocr_line' id='line_1_33' title="bbox 323 1629 3730 1717; baseline 0.001 -33"><span class='ocrx_word' id='word_1_216' title='bbox 323 1629 464 1699; x_wconf 80' lang='lat' dir='ltr'><strong>tum,</strong></span> <span class='ocrx_word' id='word_1_217' title='bbox 497 1631 555 1686; x_wconf 86' lang='lat' dir='ltr'><strong>et</strong></span> <span class='ocrx_word' id='word_1_218' title='bbox 581 1631 988 1687; x_wconf 71' lang='lat' dir='ltr'><strong>Ravennatem</strong></span> <span class='ocrx_word' id='word_1_219' title='bbox 1017 1630 1676 1702; x_wconf 67' lang='lat' dir='ltr'><strong>arcitiepiscopnmmisi</strong></span> <span class='ocrx_word' id='word_1_220' title='bbox 1689 1632 1860 1704; x_wconf 78' lang='lat' dir='ltr'><strong>forte</strong></span> <span class='ocrx_word' id='word_1_221' title='bbox 1889 1631 1971 1688; x_wconf 87' lang='lat' dir='ltr'><strong>ad</strong></span> <span class='ocrx_word' id='word_1_222' title='bbox 1995 1655 2051 1717; x_wconf 81' lang='grc' dir='ltr'>Β</span> <span class='ocrx_word' id='word_1_223' title='bbox 2084 1638 2261 1692; x_wconf 91' lang='lat' dir='ltr'><strong>verbo</strong></span> <span class='ocrx_word' id='word_1_224' title='bbox 2286 1640 2488 1707; x_wconf 87' lang='lat' dir='ltr'><strong>aperte</strong></span> <span class='ocrx_word' id='word_1_225' title='bbox 2518 1632 2960 1705; x_wconf 68' lang='lat' dir='ltr'><strong>improbaveiit,</strong></span> <span class='ocrx_word' id='word_1_226' title='bbox 2988 1646 3186 1687; x_wconf 89' lang='lat' dir='ltr'><strong>verum</strong></span> <span class='ocrx_word' id='word_1_227' title='bbox 3204 1630 3378 1688; x_wconf 87' lang='lat' dir='ltr'><strong>etiam</strong></span> <span class='ocrx_word' id='word_1_228' title='bbox 3401 1629 3730 1686; x_wconf 82' lang='lat' dir='ltr'><strong>manifestis</strong></span> 
     </span>
    </p>
   </div>
   <div class='ocr_carea' id='block_1_34' title="bbox 319 1717 1970 1791">
    <p class='ocr_par' dir='ltr' id='par_1_34' title="bbox 319 1717 1970 1791">
     <span class='ocr_line' id='line_1_34' title="bbox 319 1717 1970 1791; baseline 0.003 -19"><span class='ocrx_word' id='word_1_229' title='bbox 319 1717 648 1788; x_wconf 67' lang='lat' dir='ltr'><strong>coapr&#39;oate</strong></span> <span class='ocrx_word' id='word_1_230' title='bbox 661 1717 786 1776; x_wconf 76' lang='lat' dir='ltr'><strong>abis</strong></span> <span class='ocrx_word' id='word_1_231' title='bbox 813 1718 1136 1788; x_wconf 72' lang='lat' dir='ltr'><strong>eidebitnr,</strong></span> <span class='ocrx_word' id='word_1_232' title='bbox 1161 1719 1244 1776; x_wconf 85' lang='lat' dir='ltr'><strong>ad</strong></span> <span class='ocrx_word' id='word_1_233' title='bbox 1267 1721 1513 1791; x_wconf 74' lang='lat' dir='ltr'><strong>dignam</strong></span> <span class='ocrx_word' id='word_1_234' title='bbox 1529 1721 1710 1790; x_wconf 73' lang='lat' dir='ltr'><strong>atque</strong></span> <span class='ocrx_word' id='word_1_235' title='bbox 1730 1723 1970 1777; x_wconf 85' lang='lat' dir='ltr'><strong>canoni-</strong></span> 
     </span>
    </p>
   </div>
   <div class='ocr_carea' id='block_1_35' title="bbox 321 1807 1971 1880">
    <p class='ocr_par' dir='ltr' id='par_1_35' title="bbox 321 1807 1971 1880">
     <span class='ocr_line' id='line_1_35' title="bbox 321 1807 1971 1880; baseline 0.002 -19"><span class='ocrx_word' id='word_1_236' title='bbox 321 1819 453 1862; x_wconf 89' lang='lat' dir='ltr'><strong>cam</strong></span> <span class='ocrx_word' id='word_1_237' title='bbox 472 1807 742 1864; x_wconf 75' lang='lat' dir='ltr'><strong>venerint</strong></span> <span class='ocrx_word' id='word_1_238' title='bbox 764 1807 1562 1879; x_wconf 58' lang='lat' dir='ltr'><strong>satisfactionem,etp-ater</strong></span> <span class='ocrx_word' id='word_1_239' title='bbox 1581 1823 1780 1866; x_wconf 86' lang='lat' dir='ltr'><strong>omnes</strong></span> <span class='ocrx_word' id='word_1_240' title='bbox 1799 1810 1971 1880; x_wconf 73' lang='lat' dir='ltr'><strong>prin-</strong></span> 
     </span>
    </p>
   </div>
   <div class='ocr_carea' id='block_1_36' title="bbox 321 1895 1977 1968">
    <p class='ocr_par' dir='ltr' id='par_1_36' title="bbox 321 1895 1977 1968">
     <span class='ocr_line' id='line_1_36' title="bbox 321 1895 1977 1968; baseline 0.001 -18"><span class='ocrx_word' id='word_1_241' title='bbox 321 1895 544 1965; x_wconf 54' lang='lat' dir='ltr'><strong>crinales</strong></span> <span class='ocrx_word' id='word_1_242' title='bbox 549 1909 852 1966; x_wconf 81' lang='lat' dir='ltr'><strong>personas,</strong></span> <span class='ocrx_word' id='word_1_243' title='bbox 867 1909 999 1966; x_wconf 74' lang='lat' dir='ltr'><strong>qna</strong></span> <span class='ocrx_word' id='word_1_244' title='bbox 1010 1895 1380 1952; x_wconf 79' lang='lat' dir='ltr'><strong>aatconsilio</strong></span> <span class='ocrx_word' id='word_1_245' title='bbox 1393 1895 1977 1968; x_wconf 75' lang='lat' dir='ltr'><strong>autanailiofacent</strong></span> 
     </span>
    </p>
   </div>
   <div class='ocr_carea' id='block_1_37' title="bbox 321 1983 1974 2054">
    <p class='ocr_par' dir='ltr' id='par_1_37' title="bbox 321 1983 1974 2054">
     <span class='ocr_line' id='line_1_37' title="bbox 321 1983 1974 2054; baseline 0.003 -18"><span class='ocrx_word' id='word_1_246' title='bbox 321 1996 433 2053; x_wconf 74' lang='lat' dir='ltr'><strong>neq</strong></span> <span class='ocrx_word' id='word_1_247' title='bbox 443 1983 872 2041; x_wconf 76' lang='lat' dir='ltr'><strong>nicireillornm</strong></span> <span class='ocrx_word' id='word_1_248' title='bbox 886 1985 1032 2042; x_wconf 83' lang='lat' dir='ltr'><strong>etim</strong></span> <span class='ocrx_word' id='word_1_249' title='bbox 1027 1984 1477 2054; x_wconf 74' lang='lat' dir='ltr'><strong>pietati,emnes</strong></span> <span class='ocrx_word' id='word_1_250' title='bbox 1492 1983 1728 2041; x_wconf 68' lang='lat' dir='ltr'><strong>absolvo</strong></span> <span class='ocrx_word' id='word_1_251' title='bbox 1742 1985 1801 2041; x_wconf 87' lang='lat' dir='ltr'><strong>et</strong></span> <span class='ocrx_word' id='word_1_252' title='bbox 1811 1983 1974 2041; x_wconf 78' lang='lat' dir='ltr'><strong>bene-</strong></span> 
     </span>
    </p>
   </div>
   <div class='ocr_carea' id='block_1_38' title="bbox 326 2071 1974 2144">
    <p class='ocr_par' dir='ltr' id='par_1_38' title="bbox 326 2071 1974 2144">
     <span class='ocr_line' id='line_1_38' title="bbox 326 2071 1974 2144; baseline 0.002 -17"><span class='ocrx_word' id='word_1_253' title='bbox 326 2071 474 2140; x_wconf 78' lang='lat' dir='ltr'><strong>dice,</strong></span> <span class='ocrx_word' id='word_1_254' title='bbox 509 2073 867 2144; x_wconf 72' lang='lat' dir='ltr'><strong>quicumque</strong></span> <span class='ocrx_word' id='word_1_255' title='bbox 893 2072 1152 2129; x_wconf 83' lang='lat' dir='ltr'><strong>melzanc</strong></span> <span class='ocrx_word' id='word_1_256' title='bbox 1189 2071 1406 2129; x_wconf 73' lang='lat' dir='ltr'><strong>habere</strong></span> <span class='ocrx_word' id='word_1_257' title='bbox 1427 2072 1974 2144; x_wconf 71' lang='lat' dir='ltr'><strong>potestatemspiri-</strong></span> 
     </span>
    </p>
   </div>
   <div class='ocr_carea' id='block_1_39' title="bbox 324 2161 1973 2232">
    <p class='ocr_par' dir='ltr' id='par_1_39' title="bbox 324 2161 1973 2232">
     <span class='ocr_line' id='line_1_39' title="bbox 324 2161 1973 2232; baseline 0.002 -16"><span class='ocrx_word' id='word_1_258' title='bbox 324 2161 764 2219; x_wconf 75' lang='lat' dir='ltr'><strong>tnalemineice</strong></span> <span class='ocrx_word' id='word_1_259' title='bbox 799 2162 996 2219; x_wconf 79' lang='lat' dir='ltr'><strong>sancti</strong></span> <span class='ocrx_word' id='word_1_260' title='bbox 1024 2161 1196 2218; x_wconf 80' lang='lat' dir='ltr'><strong>Petri</strong></span> <span class='ocrx_word' id='word_1_261' title='bbox 1222 2161 1471 2232; x_wconf 64' lang='lat' dir='ltr'><strong>apostoli</strong></span> <span class='ocrx_word' id='word_1_262' title='bbox 1484 2161 1973 2220; x_wconf 77' lang='lat' dir='ltr'><strong>crednntindnbi-</strong></span> 
     </span>
    </p>
   </div>
   <div class='ocr_carea' id='block_1_40' title="bbox 324 2247 602 2304">
    <p class='ocr_par' dir='ltr' id='par_1_40' title="bbox 324 2247 602 2304">
     <span class='ocr_line' id='line_1_40' title="bbox 324 2247 602 2304; baseline -0.025 0"><span class='ocrx_word' id='word_1_263' title='bbox 324 2247 536 2304; x_wconf 63' lang='lat' dir='ltr'><strong>tante-2&#39;.</strong></span> <span class='ocrx_word' id='word_1_264' title='bbox 575 2267 602 2298; x_wconf 89' lang='lat'>»</span> 
     </span>
    </p>
   </div>
   <div class='ocr_carea' id='block_1_41' title="bbox 397 2333 1972 2406">
    <p class='ocr_par' dir='ltr' id='par_1_41' title="bbox 397 2333 1972 2406">
     <span class='ocr_line' id='line_1_41' title="bbox 397 2333 1972 2406; baseline 0.003 -17"><span class='ocrx_word' id='word_1_265' title='bbox 397 2335 539 2405; x_wconf 85' lang='lat' dir='ltr'><strong>(Fel.</strong></span> <span class='ocrx_word' id='word_1_266' title='bbox 575 2333 714 2402; x_wconf 74' lang='lat'><strong>132’)</strong></span> <span class='ocrx_word' id='word_1_267' title='bbox 739 2337 877 2392; x_wconf 88' lang='lat' dir='ltr'><strong>Post</strong></span> <span class='ocrx_word' id='word_1_268' title='bbox 901 2336 1240 2406; x_wconf 83' lang='lat' dir='ltr'><strong>Gregorium</strong></span> <span class='ocrx_word' id='word_1_269' title='bbox 1259 2336 1592 2393; x_wconf 88' lang='lat' dir='ltr'><strong>Desiderius</strong></span> <span class='ocrx_word' id='word_1_270' title='bbox 1611 2336 1972 2394; x_wconf 90' lang='lat' dir='ltr'><strong>Cassinensis</strong></span> 
     </span>
    </p>
   </div>
   <div class='ocr_carea' id='block_1_42' title="bbox 327 2423 1972 2497">
    <p class='ocr_par' dir='ltr' id='par_1_42' title="bbox 327 2423 1972 2497">
     <span class='ocr_line' id='line_1_42' title="bbox 327 2423 1972 2497; baseline 0.001 -19"><span class='ocrx_word' id='word_1_271' title='bbox 327 2423 509 2479; x_wconf 84' lang='lat' dir='ltr'><strong>abbas</strong></span> <span class='ocrx_word' id='word_1_272' title='bbox 534 2425 834 2495; x_wconf 81' lang='lat' dir='ltr'><strong>pontificio</strong></span> <span class='ocrx_word' id='word_1_273' title='bbox 857 2426 1126 2481; x_wconf 64' lang='lat' dir='ltr'><strong>Romanae</strong></span> <span class='ocrx_word' id='word_1_274' title='bbox 1151 2425 1316 2482; x_wconf 84' lang='lat' dir='ltr'><strong>urbis</strong></span> <span class='ocrx_word' id='word_1_275' title='bbox 1337 2431 1654 2497; x_wconf 88' lang='lat' dir='ltr'><strong>assumpto,</strong></span> <span class='ocrx_word' id='word_1_276' title='bbox 1681 2426 1972 2481; x_wconf 81' lang='lat' dir='ltr'><strong>Victorem</strong></span> 
     </span>
    </p>
   </div>
   <div class='ocr_carea' id='block_1_43' title="bbox 325 2511 1974 2584">
    <p class='ocr_par' dir='ltr' id='par_1_43' title="bbox 325 2511 1974 2584">
     <span class='ocr_line' id='line_1_43' title="bbox 325 2511 1974 2584; baseline 0.001 -18"><span class='ocrx_word' id='word_1_277' title='bbox 325 2526 388 2567; x_wconf 91' lang='lat' dir='ltr'><strong>se</strong></span> <span class='ocrx_word' id='word_1_278' title='bbox 410 2512 748 2569; x_wconf 81' lang='lat' dir='ltr'><strong>nominavit.</strong></span> <span class='ocrx_word' id='word_1_279' title='bbox 769 2511 1339 2584; x_wconf 85' lang='lat' dir='ltr'><strong>Cujusqualisl‘uerit</strong></span> <span class='ocrx_word' id='word_1_280' title='bbox 1361 2513 1592 2582; x_wconf 87' lang='lat' dir='ltr'><strong>electio,</strong></span> <span class='ocrx_word' id='word_1_281' title='bbox 1611 2513 1900 2584; x_wconf 89' lang='lat' dir='ltr'><strong>promotio</strong></span> <span class='ocrx_word' id='word_1_282' title='bbox 1913 2517 1974 2569; x_wconf 90' lang='lat' dir='ltr'><strong>et</strong></span> 
     </span>
    </p>
   </div>
   <div class='ocr_carea' id='block_1_44' title="bbox 324 2601 1974 2672">
    <p class='ocr_par' dir='ltr' id='par_1_44' title="bbox 324 2601 1974 2672">
     <span class='ocr_line' id='line_1_44' title="bbox 324 2601 1974 2672; baseline 0.002 -18"><span class='ocrx_word' id='word_1_283' title='bbox 324 2602 708 2670; x_wconf 88' lang='lat' dir='ltr'><strong>consecratio,</strong></span> <span class='ocrx_word' id='word_1_284' title='bbox 725 2601 972 2658; x_wconf 88' lang='lat' dir='ltr'><strong>domnus</strong></span> <span class='ocrx_word' id='word_1_285' title='bbox 993 2603 1036 2656; x_wconf 86' lang='lat' dir='ltr'><strong>ll</strong></span> <span class='ocrx_word' id='word_1_286' title='bbox 1047 2617 1154 2670; x_wconf 87' lang='lat' dir='ltr'><strong>ugo</strong></span> <span class='ocrx_word' id='word_1_287' title='bbox 1173 2601 1568 2672; x_wconf 81' lang='lat' dir='ltr'><strong>Lugdunensis</strong></span> <span class='ocrx_word' id='word_1_288' title='bbox 1583 2603 1728 2658; x_wconf 87' lang='lat' dir='ltr'><strong>satis</strong></span> <span class='ocrx_word' id='word_1_289' title='bbox 1740 2603 1974 2658; x_wconf 89' lang='lat' dir='ltr'><strong>eviden-</strong></span> 
     </span>
    </p>
   </div>
   <div class='ocr_carea' id='block_1_45' title="bbox 325 2689 1974 2760">
    <p class='ocr_par' dir='ltr' id='par_1_45' title="bbox 325 2689 1974 2760">
     <span class='ocr_line' id='line_1_45' title="bbox 325 2689 1974 2760; baseline 0.002 -18"><span class='ocrx_word' id='word_1_290' title='bbox 325 2692 417 2745; x_wconf 92' lang='lat' dir='ltr'><strong>ter</strong></span> <span class='ocrx_word' id='word_1_291' title='bbox 451 2689 767 2760; x_wconf 80' lang='lat' dir='ltr'><strong>expressit,</strong></span> <span class='ocrx_word' id='word_1_292' title='bbox 811 2689 1076 2745; x_wconf 91' lang='lat' dir='ltr'><strong>scribens</strong></span> <span class='ocrx_word' id='word_1_293' title='bbox 1118 2690 1438 2746; x_wconf 66' lang='lat' dir='ltr'><strong>comitissae</strong></span> <span class='ocrx_word' id='word_1_294' title='bbox 1481 2689 1810 2745; x_wconf 86' lang='lat' dir='ltr'><strong>Mathildiiu</strong></span> <span class='ocrx_word' id='word_1_295' title='bbox 1851 2690 1974 2746; x_wconf 74' lang='lat' dir='ltr'><strong>hzec</strong></span> 
     </span>
    </p>
   </div>
   <div class='ocr_carea' id='block_1_46' title="bbox 327 2781 524 2832">
    <p class='ocr_par' dir='ltr' id='par_1_46' title="bbox 327 2781 524 2832">
     <span class='ocr_line' id='line_1_46' title="bbox 327 2781 524 2832; baseline -0.01 0"><span class='ocrx_word' id='word_1_296' title='bbox 327 2781 524 2832; x_wconf 89' lang='lat' dir='ltr'><strong>verba.</strong></span> 
     </span>
    </p>
   </div>
   <div class='ocr_carea' id='block_1_47' title="bbox 404 2865 1975 2936">
    <p class='ocr_par' dir='ltr' id='par_1_47' title="bbox 404 2865 1975 2936">
     <span class='ocr_line' id='line_1_47' title="bbox 404 2865 1975 2936; baseline 0.001 -16"><span class='ocrx_word' id='word_1_297' title='bbox 404 2886 430 2916; x_wconf 78' lang='grc' dir='ltr'><strong>(ι</strong></span> <span class='ocrx_word' id='word_1_298' title='bbox 460 2867 624 2936; x_wconf 83' lang='lat' dir='ltr'><strong>[iugo</strong></span> <span class='ocrx_word' id='word_1_299' title='bbox 647 2871 864 2923; x_wconf 78' lang='lat' dir='ltr'><strong>sanetae</strong></span> <span class='ocrx_word' id='word_1_300' title='bbox 905 2865 1308 2936; x_wconf 83' lang='lat' dir='ltr'><strong>Lugdunensis</strong></span> <span class='ocrx_word' id='word_1_301' title='bbox 1329 2865 1613 2924; x_wconf 68' lang='lat' dir='ltr'><strong>aecclesize</strong></span> <span class='ocrx_word' id='word_1_302' title='bbox 1633 2880 1856 2936; x_wconf 91' lang='lat' dir='ltr'><strong>servus,</strong></span> <span class='ocrx_word' id='word_1_303' title='bbox 1892 2865 1975 2921; x_wconf 91' lang='lat' dir='ltr'><strong>di-</strong></span> 
     </span>
    </p>
   </div>
   <div class='ocr_carea' id='block_1_48' title="bbox 327 2951 1976 3025">
    <p class='ocr_par' dir='ltr' id='par_1_48' title="bbox 327 2951 1976 3025">
     <span class='ocr_line' id='line_1_48' title="bbox 327 2951 1976 3025; baseline 0.002 -17"><span class='ocrx_word' id='word_1_304' title='bbox 327 2951 666 3012; x_wconf 68' lang='lat' dir='ltr'><strong>lectissimze</strong></span> <span class='ocrx_word' id='word_1_305' title='bbox 691 2954 746 3010; x_wconf 92' lang='lat' dir='ltr'><strong>in</strong></span> <span class='ocrx_word' id='word_1_306' title='bbox 771 2953 1002 3011; x_wconf 89' lang='lat' dir='ltr'><strong>Christo</strong></span> <span class='ocrx_word' id='word_1_307' title='bbox 1025 2954 1211 3010; x_wconf 88' lang='lat' dir='ltr'><strong>sorori</strong></span> <span class='ocrx_word' id='word_1_308' title='bbox 1236 2953 1516 3025; x_wconf 80' lang='lat' dir='ltr'><strong>Mathildi,</strong></span> <span class='ocrx_word' id='word_1_309' title='bbox 1537 2953 1746 3012; x_wconf 64' lang='lat' dir='ltr'><strong>divinae</strong></span> <span class='ocrx_word' id='word_1_310' title='bbox 1769 2969 1976 3011; x_wconf 73' lang='lat' dir='ltr'><strong>conso-</strong></span> 
     </span>
    </p>
   </div>
   <div class='ocr_carea' id='block_1_49' title="bbox 327 3040 1974 3114">
    <p class='ocr_par' dir='ltr' id='par_1_49' title="bbox 327 3040 1974 3114">
     <span class='ocr_line' id='line_1_49' title="bbox 327 3040 1974 3114; baseline 0.002 -17"><span class='ocrx_word' id='word_1_311' title='bbox 327 3040 563 3100; x_wconf 84' lang='lat' dir='ltr'><strong>lationis</strong></span> <span class='ocrx_word' id='word_1_312' title='bbox 587 3043 939 3100; x_wconf 88' lang='lat' dir='ltr'><strong>uberrimam</strong></span> <span class='ocrx_word' id='word_1_313' title='bbox 961 3042 1230 3112; x_wconf 84' lang='lat' dir='ltr'><strong>gratiam.</strong></span> <span class='ocrx_word' id='word_1_314' title='bbox 1253 3046 1404 3109; x_wconf 76' lang='lat' dir='ltr'><strong>Quot</strong></span> <span class='ocrx_word' id='word_1_315' title='bbox 1425 3047 1484 3099; x_wconf 91' lang='lat' dir='ltr'><strong>et</strong></span> <span class='ocrx_word' id='word_1_316' title='bbox 1503 3043 1737 3114; x_wconf 90' lang='lat' dir='ltr'><strong>quantis</strong></span> <span class='ocrx_word' id='word_1_317' title='bbox 1759 3047 1974 3100; x_wconf 70' lang='lat' dir='ltr'><strong>sanctae</strong></span> 
     </span>
    </p>
   </div>
   <div class='ocr_carea' id='block_1_50' title="bbox 327 3129 1978 3202">
    <p class='ocr_par' dir='ltr' id='par_1_50' title="bbox 327 3129 1978 3202">
     <span class='ocr_line' id='line_1_50' title="bbox 327 3129 1978 3202; baseline -0.001 -14"><span class='ocrx_word' id='word_1_318' title='bbox 327 3131 598 3190; x_wconf 72' lang='lat' dir='ltr'><strong>Romamn</strong></span> <span class='ocrx_word' id='word_1_319' title='bbox 617 3129 896 3189; x_wconf 65' lang='lat' dir='ltr'><strong>Ecclesiae</strong></span> <span class='ocrx_word' id='word_1_320' title='bbox 919 3130 1153 3202; x_wconf 87' lang='lat' dir='ltr'><strong>litteris,</strong></span> <span class='ocrx_word' id='word_1_321' title='bbox 1171 3135 1229 3186; x_wconf 91' lang='lat' dir='ltr'><strong>et</strong></span> <span class='ocrx_word' id='word_1_322' title='bbox 1249 3131 1742 3188; x_wconf 68' lang='lat' dir='ltr'><strong>reverentissimm</strong></span> <span class='ocrx_word' id='word_1_323' title='bbox 1767 3146 1978 3187; x_wconf 88' lang='lat' dir='ltr'><strong>memo-</strong></span> 
     </span>
    </p>
   </div>
   <div class='ocr_carea' id='block_1_51' title="bbox 329 3219 1974 3290">
    <p class='ocr_par' dir='ltr' id='par_1_51' title="bbox 329 3219 1974 3290">
     <span class='ocr_line' id='line_1_51' title="bbox 329 3219 1974 3290; baseline -0.002 -13"><span class='ocrx_word' id='word_1_324' title='bbox 329 3221 432 3278; x_wconf 70' lang='lat' dir='ltr'><strong>rias</strong></span> <span class='ocrx_word' id='word_1_325' title='bbox 457 3221 614 3278; x_wconf 84' lang='lat' dir='ltr'><strong>beati</strong></span> <span class='ocrx_word' id='word_1_326' title='bbox 642 3219 920 3290; x_wconf 88' lang='lat' dir='ltr'><strong>Anselmi,</strong></span> <span class='ocrx_word' id='word_1_327' title='bbox 937 3223 998 3275; x_wconf 86' lang='lat' dir='ltr'><strong>et</strong></span> <span class='ocrx_word' id='word_1_328' title='bbox 1021 3219 1237 3277; x_wconf 87' lang='lat' dir='ltr'><strong>vestris</strong></span> <span class='ocrx_word' id='word_1_329' title='bbox 1260 3223 1376 3275; x_wconf 91' lang='lat' dir='ltr'><strong>tam</strong></span> <span class='ocrx_word' id='word_1_330' title='bbox 1401 3220 1974 3290; x_wconf 87' lang='lat' dir='ltr'><strong>legationibusquam</strong></span> 
     </span>
    </p>
   </div>
   <div class='ocr_carea' id='block_1_52' title="bbox 328 3309 1978 3380">
    <p class='ocr_par' dir='ltr' id='par_1_52' title="bbox 328 3309 1978 3380">
     <span class='ocr_line' id='line_1_52' title="bbox 328 3309 1978 3380; baseline -0.002 -14"><span class='ocrx_word' id='word_1_331' title='bbox 328 3314 388 3366; x_wconf 90' lang='lat' dir='ltr'><strong>et</strong></span> <span class='ocrx_word' id='word_1_332' title='bbox 411 3309 630 3365; x_wconf 89' lang='lat' dir='ltr'><strong>litteris</strong></span> <span class='ocrx_word' id='word_1_333' title='bbox 648 3313 910 3378; x_wconf 88' lang='lat' dir='ltr'><strong>coactus,</strong></span> <span class='ocrx_word' id='word_1_334' title='bbox 933 3310 1168 3364; x_wconf 83' lang='lat' dir='ltr'><strong>Romam</strong></span> <span class='ocrx_word' id='word_1_335' title='bbox 1183 3309 1462 3378; x_wconf 91' lang='lat' dir='ltr'><strong>venerim,</strong></span> <span class='ocrx_word' id='word_1_336' title='bbox 1483 3314 1817 3380; x_wconf 90' lang='lat' dir='ltr'><strong>quantoque</strong></span> <span class='ocrx_word' id='word_1_337' title='bbox 1833 3313 1978 3364; x_wconf 88' lang='lat' dir='ltr'><strong>tem-</strong></span> 
     </span>
    </p>
   </div>
   <div class='ocr_carea' id='block_1_53' title="bbox 329 3393 1975 3470">
    <p class='ocr_par' dir='ltr' id='par_1_53' title="bbox 329 3393 1975 3470">
     <span class='ocr_line' id='line_1_53' title="bbox 329 3393 1975 3470; baseline -0.001 -17"><span class='ocrx_word' id='word_1_338' title='bbox 329 3412 469 3470; x_wconf 87' lang='lat' dir='ltr'><strong>pore</strong></span> <span class='ocrx_word' id='word_1_339' title='bbox 495 3397 549 3452; x_wconf 93' lang='lat' dir='ltr'><strong>in</strong></span> <span class='ocrx_word' id='word_1_340' title='bbox 577 3393 1045 3468; x_wconf 66' lang='lat' dir='ltr'><strong>partibusltalizc</strong></span> <span class='ocrx_word' id='word_1_341' title='bbox 1065 3400 1267 3452; x_wconf 87' lang='lat' dir='ltr'><strong>contra</strong></span> <span class='ocrx_word' id='word_1_342' title='bbox 1289 3396 1461 3452; x_wconf 81' lang='lat' dir='ltr'><strong>oﬂicii</strong></span> <span class='ocrx_word' id='word_1_343' title='bbox 1485 3397 1592 3453; x_wconf 81' lang='lat' dir='ltr'><strong>mei</strong></span> <span class='ocrx_word' id='word_1_344' title='bbox 1615 3396 1975 3468; x_wconf 89' lang='lat' dir='ltr'><strong>propositum</strong></span> 
     </span>
    </p>
   </div>
   <div class='ocr_carea' id='block_1_54' title="bbox 328 3483 1973 3556">
    <p class='ocr_par' dir='ltr' id='par_1_54' title="bbox 328 3483 1973 3556">
     <span class='ocr_line' id='line_1_54' title="bbox 328 3483 1973 3556; baseline -0.001 -15"><span class='ocrx_word' id='word_1_345' title='bbox 328 3491 592 3542; x_wconf 88' lang='lat' dir='ltr'><strong>moratus</strong></span> <span class='ocrx_word' id='word_1_346' title='bbox 624 3484 750 3555; x_wconf 91' lang='lat' dir='ltr'><strong>sim,</strong></span> <span class='ocrx_word' id='word_1_347' title='bbox 786 3483 1098 3556; x_wconf 87' lang='lat' dir='ltr'><strong>prudentia</strong></span> <span class='ocrx_word' id='word_1_348' title='bbox 1127 3489 1322 3540; x_wconf 81' lang='lat' dir='ltr'><strong>vestra</strong></span> <span class='ocrx_word' id='word_1_349' title='bbox 1355 3484 1552 3540; x_wconf 89' lang='lat' dir='ltr'><strong>doceri</strong></span> <span class='ocrx_word' id='word_1_350' title='bbox 1585 3501 1695 3540; x_wconf 91' lang='lat' dir='ltr'><strong>nou</strong></span> <span class='ocrx_word' id='word_1_351' title='bbox 1731 3484 1973 3554; x_wconf 83' lang='lat' dir='ltr'><strong>indiget.</strong></span> 
     </span>
    </p>
   </div>
   <div class='ocr_carea' id='block_1_55' title="bbox 328 3561 1978 3644">
    <p class='ocr_par' dir='ltr' id='par_1_55' title="bbox 328 3561 1978 3644">
     <span class='ocr_line' id='line_1_55' title="bbox 328 3561 1978 3644; baseline 0 -14"><span class='ocrx_word' id='word_1_352' title='bbox 328 3572 686 3635; x_wconf 88' lang='lat' dir='ltr'><strong>Electionem</strong></span> <span class='ocrx_word' id='word_1_353' title='bbox 710 3587 851 3630; x_wconf 89' lang='lat' dir='ltr'><strong>vero</strong></span> <span class='ocrx_word' id='word_1_354' title='bbox 870 3572 1242 3629; x_wconf 90' lang='lat' dir='ltr'><strong>Cassincnsis</strong></span> <span class='ocrx_word' id='word_1_355' title='bbox 1273 3573 1506 3630; x_wconf 90' lang='lat' dir='ltr'><strong>abbatis</strong></span> <span class='ocrx_word' id='word_1_356' title='bbox 1540 3561 1849 3644; x_wconf 62' lang='lat' dir='ltr'><strong>arﬁeqnam</strong></span> <span class='ocrx_word' id='word_1_357' title='bbox 1871 3587 1978 3642; x_wconf 85' lang='lat' dir='ltr'><strong>ego</strong></span> 
     </span>
    </p>
   </div>
   <div class='ocr_carea' id='block_1_56' title="bbox 328 3660 1977 3731">
    <p class='ocr_par' dir='ltr' id='par_1_56' title="bbox 328 3660 1977 3731">
     <span class='ocr_line' id='line_1_56' title="bbox 328 3660 1977 3731; baseline -0.001 -13"><span class='ocrx_word' id='word_1_358' title='bbox 328 3662 564 3718; x_wconf 82' lang='lat' dir='ltr'><strong>Romam</strong></span> <span class='ocrx_word' id='word_1_359' title='bbox 610 3661 867 3718; x_wconf 90' lang='lat' dir='ltr'><strong>venerim</strong></span> <span class='ocrx_word' id='word_1_360' title='bbox 918 3662 1150 3729; x_wconf 73' lang='lat' dir='ltr'><strong>factam,</strong></span> <span class='ocrx_word' id='word_1_361' title='bbox 1187 3661 1544 3717; x_wconf 81' lang='lat' dir='ltr'><strong>sutilcienter</strong></span> <span class='ocrx_word' id='word_1_362' title='bbox 1563 3661 1830 3731; x_wconf 88' lang='lat' dir='ltr'><strong>audistis,</strong></span> <span class='ocrx_word' id='word_1_363' title='bbox 1883 3660 1977 3717; x_wconf 91' lang='lat' dir='ltr'><strong>cui</strong></span> 
     </span>
    </p>
   </div>
   <div class='ocr_carea' id='block_1_57' title="bbox 330 3748 1979 3820">
    <p class='ocr_par' dir='ltr' id='par_1_57' title="bbox 330 3748 1979 3820">
     <span class='ocr_line' id='line_1_57' title="bbox 330 3748 1979 3820; baseline 0 -14"><span class='ocrx_word' id='word_1_364' title='bbox 330 3755 445 3806; x_wconf 90' lang='lat' dir='ltr'><strong>tam</strong></span> <span class='ocrx_word' id='word_1_365' title='bbox 467 3765 576 3820; x_wconf 86' lang='lat' dir='ltr'><strong>ego</strong></span> <span class='ocrx_word' id='word_1_366' title='bbox 598 3763 767 3820; x_wconf 90' lang='lat' dir='ltr'><strong>quam</strong></span> <span class='ocrx_word' id='word_1_367' title='bbox 787 3755 848 3805; x_wconf 92' lang='lat' dir='ltr'><strong>et</strong></span> <span class='ocrx_word' id='word_1_368' title='bbox 867 3748 1054 3805; x_wconf 80' lang='lat' dir='ltr'><strong>ceteri</strong></span> <span class='ocrx_word' id='word_1_369' title='bbox 1081 3749 1294 3806; x_wconf 82' lang='lat' dir='ltr'><strong>fratres</strong></span> <span class='ocrx_word' id='word_1_370' title='bbox 1317 3749 1424 3804; x_wconf 91' lang='lat' dir='ltr'><strong>mei</strong></span> <span class='ocrx_word' id='word_1_371' title='bbox 1463 3753 1684 3806; x_wconf 64' lang='lat' dir='ltr'><strong>sanctae</strong></span> <span class='ocrx_word' id='word_1_372' title='bbox 1709 3751 1979 3806; x_wconf 66' lang='lat' dir='ltr'><strong>Romanae</strong></span> 
     </span>
    </p>
   </div>
   <div class='ocr_carea' id='block_1_58' title="bbox 328 3835 1978 3908">
    <p class='ocr_par' dir='ltr' id='par_1_58' title="bbox 328 3835 1978 3908">
     <span class='ocr_line' id='line_1_58' title="bbox 328 3835 1978 3908; baseline -0.003 -11"><span class='ocrx_word' id='word_1_373' title='bbox 328 3838 562 3897; x_wconf 85' lang='lat' dir='ltr'><strong>eclesiae</strong></span> <span class='ocrx_word' id='word_1_374' title='bbox 621 3836 744 3907; x_wconf 90' lang='lat' dir='ltr'><strong>filii,</strong></span> <span class='ocrx_word' id='word_1_375' title='bbox 807 3835 1118 3908; x_wconf 89' lang='lat' dir='ltr'><strong>diligentes</strong></span> <span class='ocrx_word' id='word_1_376' title='bbox 1163 3837 1346 3907; x_wconf 89' lang='lat' dir='ltr'><strong>magis</strong></span> <span class='ocrx_word' id='word_1_377' title='bbox 1375 3837 1621 3907; x_wconf 86' lang='lat' dir='ltr'><strong>gloriam</strong></span> <span class='ocrx_word' id='word_1_378' title='bbox 1683 3837 1978 3894; x_wconf 88' lang='lat' dir='ltr'><strong>hominum</strong></span> 
     </span>
    </p>
   </div>
   <div class='ocr_carea' id='block_1_59' title="bbox 331 3926 1982 4000">
    <p class='ocr_par' dir='ltr' id='par_1_59' title="bbox 331 3926 1982 4000">
     <span class='ocr_line' id='line_1_59' title="bbox 331 3926 1982 4000; baseline 0 -16"><span class='ocrx_word' id='word_1_379' title='bbox 331 3943 498 4000; x_wconf 91' lang='lat' dir='ltr'><strong>quam</strong></span> <span class='ocrx_word' id='word_1_380' title='bbox 531 3926 653 3997; x_wconf 91' lang='lat' dir='ltr'><strong>Dei,</strong></span> <span class='ocrx_word' id='word_1_381' title='bbox 680 3941 786 3998; x_wconf 90' lang='lat' dir='ltr'><strong>pro</strong></span> <span class='ocrx_word' id='word_1_382' title='bbox 810 3927 1094 3998; x_wconf 87' lang='lat' dir='ltr'><strong>temporis</strong></span> <span class='ocrx_word' id='word_1_383' title='bbox 1139 3926 1477 3982; x_wconf 83' lang='lat' dir='ltr'><strong>infirmitate</strong></span> <span class='ocrx_word' id='word_1_384' title='bbox 1503 3941 1804 3984; x_wconf 89' lang='lat' dir='ltr'><strong>assensum</strong></span> <span class='ocrx_word' id='word_1_385' title='bbox 1839 3942 1982 3998; x_wconf 69' lang='lat' dir='ltr'><strong>pra:-</strong></span> 
     </span>
    </p>
   </div>
   <div class='ocr_carea' id='block_1_60' title="bbox 331 4015 1977 4086">
    <p class='ocr_par' dir='ltr' id='par_1_60' title="bbox 331 4015 1977 4086">
     <span class='ocr_line' id='line_1_60' title="bbox 331 4015 1977 4086; baseline -0.002 -13"><span class='ocrx_word' id='word_1_386' title='bbox 331 4017 580 4074; x_wconf 91' lang='lat' dir='ltr'><strong>buimus.</strong></span> <span class='ocrx_word' id='word_1_387' title='bbox 644 4017 959 4086; x_wconf 88' lang='lat' dir='ltr'><strong>Postquam</strong></span> <span class='ocrx_word' id='word_1_388' title='bbox 1018 4020 1210 4071; x_wconf 88' lang='lat' dir='ltr'><strong>autem</strong></span> <span class='ocrx_word' id='word_1_389' title='bbox 1245 4015 1316 4072; x_wconf 92' lang='lat' dir='ltr'><strong>ad</strong></span> <span class='ocrx_word' id='word_1_390' title='bbox 1350 4019 1602 4072; x_wconf 89' lang='lat' dir='ltr'><strong>montem</strong></span> <span class='ocrx_word' id='word_1_391' title='bbox 1657 4016 1977 4085; x_wconf 89' lang='lat' dir='ltr'><strong>Cassinum,</strong></span> 
     </span>
    </p>
   </div>
   <div class='ocr_carea' id='block_1_61' title="bbox 331 4105 1982 4177">
    <p class='ocr_par' dir='ltr' id='par_1_61' title="bbox 331 4105 1982 4177">
     <span class='ocr_line' id='line_1_61' title="bbox 331 4105 1982 4177; baseline -0.002 -14"><span class='ocrx_word' id='word_1_392' title='bbox 331 4120 445 4177; x_wconf 92' lang='lat' dir='ltr'><strong>quo</strong></span> <span class='ocrx_word' id='word_1_393' title='bbox 468 4105 722 4176; x_wconf 75' lang='lat' dir='ltr'><strong>ipseiam</strong></span> <span class='ocrx_word' id='word_1_394' title='bbox 749 4109 1148 4176; x_wconf 80' lang='lat' dir='ltr'><strong>praecesserat,</strong></span> <span class='ocrx_word' id='word_1_395' title='bbox 1186 4106 1379 4161; x_wconf 69' lang='lat' dir='ltr'><strong>Romae</strong></span> <span class='ocrx_word' id='word_1_396' title='bbox 1404 4105 1764 4176; x_wconf 86' lang='lat' dir='ltr'><strong>aliquamdiu</strong></span> <span class='ocrx_word' id='word_1_397' title='bbox 1799 4119 1982 4160; x_wconf 83' lang='lat' dir='ltr'><strong>mora-</strong></span> 
     </span>
    </p>
   </div>
   <div class='ocr_carea' id='block_1_62' title="bbox 330 4193 1983 4267">
    <p class='ocr_par' dir='ltr' id='par_1_62' title="bbox 330 4193 1983 4267">
     <span class='ocr_line' id='line_1_62' title="bbox 330 4193 1983 4267; baseline 0 -18"><span class='ocrx_word' id='word_1_398' title='bbox 330 4195 396 4266; x_wconf 92' lang='lat' dir='ltr'><strong>ti,</strong></span> <span class='ocrx_word' id='word_1_399' title='bbox 420 4195 605 4267; x_wconf 88' lang='lat' dir='ltr'><strong>ipsius</strong></span> <span class='ocrx_word' id='word_1_400' title='bbox 627 4193 844 4250; x_wconf 86' lang='lat' dir='ltr'><strong>ducatu</strong></span> <span class='ocrx_word' id='word_1_401' title='bbox 885 4193 1277 4265; x_wconf 82' lang='lat' dir='ltr'><strong>pervenimus.</strong></span> <span class='ocrx_word' id='word_1_402' title='bbox 1305 4209 1375 4250; x_wconf 87' lang='lat' dir='ltr'><strong>ex</strong></span> <span class='ocrx_word' id='word_1_403' title='bbox 1400 4194 1661 4263; x_wconf 85' lang='lat' dir='ltr'><strong>ejusdem</strong></span> <span class='ocrx_word' id='word_1_404' title='bbox 1691 4193 1983 4250; x_wconf 82' lang='lat' dir='ltr'><strong>familiari-</strong></span> 
     </span>
    </p>
   </div>
   <div class='ocr_carea' id='block_1_63' title="bbox 331 4270 1982 4352">
    <p class='ocr_par' dir='ltr' id='par_1_63' title="bbox 331 4270 1982 4352">
     <span class='ocr_line' id='line_1_63' title="bbox 331 4270 1982 4352; baseline 0 -14"><span class='ocrx_word' id='word_1_405' title='bbox 331 4284 441 4340; x_wconf 88' lang='lat' dir='ltr'><strong>bus</strong></span> <span class='ocrx_word' id='word_1_406' title='bbox 461 4270 762 4340; x_wconf 84' lang='lat' dir='ltr'><strong>nobiscum</strong></span> <span class='ocrx_word' id='word_1_407' title='bbox 785 4281 1122 4352; x_wconf 79' lang='lat' dir='ltr'><strong>colloquiis,</strong></span> <span class='ocrx_word' id='word_1_408' title='bbox 1163 4283 1296 4338; x_wconf 89' lang='lat' dir='ltr'><strong>dum</strong></span> <span class='ocrx_word' id='word_1_409' title='bbox 1325 4282 1600 4337; x_wconf 88' lang='lat' dir='ltr'><strong>videlicet</strong></span> <span class='ocrx_word' id='word_1_410' title='bbox 1637 4281 1982 4338; x_wconf 76' lang='lat' dir='ltr'><strong>nefandissi-</strong></span> 
     </span>
    </p>
   </div>
   <div class='ocr_carea' id='block_1_64' title="bbox 2083 1716 3732 1797">
    <p class='ocr_par' dir='ltr' id='par_1_64' title="bbox 2083 1716 3732 1797">
     <span class='ocr_line' id='line_1_64' title="bbox 2083 1716 3732 1797; baseline -0.004 -16"><span class='ocrx_word' id='word_1_411' title='bbox 2083 1725 2360 1797; x_wconf 89' lang='lat' dir='ltr'><strong>operibus</strong></span> <span class='ocrx_word' id='word_1_412' title='bbox 2380 1727 2584 1795; x_wconf 90' lang='lat' dir='ltr'><strong>postea</strong></span> <span class='ocrx_word' id='word_1_413' title='bbox 2609 1719 2992 1786; x_wconf 83' lang='lat' dir='ltr'><strong>destruxerit,</strong></span> <span class='ocrx_word' id='word_1_414' title='bbox 3017 1719 3072 1775; x_wconf 88' lang='lat' dir='ltr'><strong>in</strong></span> <span class='ocrx_word' id='word_1_415' title='bbox 3098 1725 3238 1790; x_wconf 92' lang='lat' dir='ltr'><strong>quot</strong></span> <span class='ocrx_word' id='word_1_416' title='bbox 3263 1723 3320 1775; x_wconf 92' lang='lat' dir='ltr'><strong>et</strong></span> <span class='ocrx_word' id='word_1_417' title='bbox 3346 1717 3557 1789; x_wconf 90' lang='lat' dir='ltr'><strong>quibus</strong></span> <span class='ocrx_word' id='word_1_418' title='bbox 3579 1716 3732 1775; x_wconf 89' lang='lat' dir='ltr'><strong>locis</strong></span> 
     </span>
    </p>
   </div>
   <div class='ocr_carea' id='block_1_65' title="bbox 2081 1807 3734 1870">
    <p class='ocr_par' dir='ltr' id='par_1_65' title="bbox 2081 1807 3734 1870">
     <span class='ocr_line' id='line_1_65' title="bbox 2081 1807 3734 1870; baseline -0.004 -1"><span class='ocrx_word' id='word_1_419' title='bbox 2081 1813 2428 1870; x_wconf 88' lang='lat' dir='ltr'><strong>electionem</strong></span> <span class='ocrx_word' id='word_1_420' title='bbox 2447 1825 2606 1868; x_wconf 88' lang='lat' dir='ltr'><strong>suam</strong></span> <span class='ocrx_word' id='word_1_421' title='bbox 2626 1825 2734 1866; x_wconf 91' lang='lat' dir='ltr'><strong>non</strong></span> <span class='ocrx_word' id='word_1_422' title='bbox 2757 1808 3078 1865; x_wconf 89' lang='lat' dir='ltr'><strong>secundum</strong></span> <span class='ocrx_word' id='word_1_423' title='bbox 3091 1807 3397 1868; x_wconf 70' lang='lat' dir='ltr'><strong>Deumsed</strong></span> <span class='ocrx_word' id='word_1_424' title='bbox 3412 1807 3734 1864; x_wconf 87' lang='lat' dir='ltr'><strong>tumultua-</strong></span> 
     </span>
    </p>
   </div>
   <div class='ocr_carea' id='block_1_66' title="bbox 2082 1895 3734 1970">
    <p class='ocr_par' dir='ltr' id='par_1_66' title="bbox 2082 1895 3734 1970">
     <span class='ocr_line' id='line_1_66' title="bbox 2082 1895 3734 1970; baseline -0.004 -11"><span class='ocrx_word' id='word_1_425' title='bbox 2082 1903 2168 1959; x_wconf 89' lang='lat' dir='ltr'><strong>rie</strong></span> <span class='ocrx_word' id='word_1_426' title='bbox 2182 1903 2390 1960; x_wconf 85' lang='lat' dir='ltr'><strong>factam</strong></span> <span class='ocrx_word' id='word_1_427' title='bbox 2405 1897 3016 1970; x_wconf 87' lang='lat' dir='ltr'><strong>asseverans,publice</strong></span> <span class='ocrx_word' id='word_1_428' title='bbox 3034 1895 3734 1967; x_wconf 85' lang='lat' dir='ltr'><strong>refutaverit,(l‘ol.133)et</strong></span> 
     </span>
    </p>
   </div>
   <div class='ocr_carea' id='block_1_67' title="bbox 2082 1983 3737 2062">
    <p class='ocr_par' dir='ltr' id='par_1_67' title="bbox 2082 1983 3737 2062">
     <span class='ocr_line' id='line_1_67' title="bbox 2082 1983 3737 2062; baseline -0.004 -16"><span class='ocrx_word' id='word_1_429' title='bbox 2082 2005 2390 2062; x_wconf 88' lang='lat' dir='ltr'><strong>numquam</strong></span> <span class='ocrx_word' id='word_1_430' title='bbox 2416 2003 2477 2044; x_wconf 87' lang='lat' dir='ltr'><strong>se</strong></span> <span class='ocrx_word' id='word_1_431' title='bbox 2501 1987 2892 2058; x_wconf 89' lang='lat' dir='ltr'><strong>adquievisse,</strong></span> <span class='ocrx_word' id='word_1_432' title='bbox 2926 1985 3018 2042; x_wconf 91' lang='lat' dir='ltr'><strong>vel</strong></span> <span class='ocrx_word' id='word_1_433' title='bbox 3041 1985 3096 2040; x_wconf 90' lang='lat' dir='ltr'><strong>in</strong></span> <span class='ocrx_word' id='word_1_434' title='bbox 3121 1989 3468 2056; x_wconf 90' lang='lat' dir='ltr'><strong>perpetuum</strong></span> <span class='ocrx_word' id='word_1_435' title='bbox 3495 1983 3737 2055; x_wconf 85' lang='lat' dir='ltr'><strong>adquie-</strong></span> 
     </span>
    </p>
   </div>
   <div class='ocr_carea' id='block_1_68' title="bbox 2083 2073 3734 2148">
    <p class='ocr_par' dir='ltr' id='par_1_68' title="bbox 2083 2073 3734 2148">
     <span class='ocr_line' id='line_1_68' title="bbox 2083 2073 3734 2148; baseline -0.004 -12"><span class='ocrx_word' id='word_1_436' title='bbox 2083 2079 2414 2148; x_wconf 87' lang='lat' dir='ltr'><strong>turum,sub</strong></span> <span class='ocrx_word' id='word_1_437' title='bbox 2431 2075 2680 2133; x_wconf 87' lang='lat' dir='ltr'><strong>terribili</strong></span> <span class='ocrx_word' id='word_1_438' title='bbox 2701 2074 3082 2131; x_wconf 74' lang='lat' dir='ltr'><strong>attestatione</strong></span> <span class='ocrx_word' id='word_1_439' title='bbox 3100 2073 3494 2139; x_wconf 80' lang='lat' dir='ltr'><strong>aﬂirmaverit;</strong></span> <span class='ocrx_word' id='word_1_440' title='bbox 3511 2086 3734 2144; x_wconf 87' lang='lat' dir='ltr'><strong>quasve</strong></span> 
     </span>
    </p>
   </div>
   <div class='ocr_carea' id='block_1_69' title="bbox 2083 2159 3740 2240">
    <p class='ocr_par' dir='ltr' id='par_1_69' title="bbox 2083 2159 3740 2240">
     <span class='ocr_line' id='line_1_69' title="bbox 2083 2159 3740 2240; baseline -0.006 -16"><span class='ocrx_word' id='word_1_441' title='bbox 2083 2165 2722 2240; x_wconf 88' lang='lat' dir='ltr'><strong>personaselectionem</strong></span> <span class='ocrx_word' id='word_1_442' title='bbox 2747 2161 3047 2220; x_wconf 88' lang='lat' dir='ltr'><strong>reddendo</strong></span> <span class='ocrx_word' id='word_1_443' title='bbox 3069 2161 3350 2218; x_wconf 71' lang='lat' dir='ltr'><strong>mcclesiae</strong></span> <span class='ocrx_word' id='word_1_444' title='bbox 3366 2161 3605 2217; x_wconf 86' lang='lat' dir='ltr'><strong>idoneas</strong></span> <span class='ocrx_word' id='word_1_445' title='bbox 3627 2159 3740 2216; x_wconf 89' lang='lat' dir='ltr'><strong>eli-</strong></span> 
     </span>
    </p>
   </div>
   <div class='ocr_carea' id='block_1_70' title="bbox 2083 2248 3738 2327">
    <p class='ocr_par' dir='ltr' id='par_1_70' title="bbox 2083 2248 3738 2327">
     <span class='ocr_line' id='line_1_70' title="bbox 2083 2248 3738 2327; baseline -0.004 -17"><span class='ocrx_word' id='word_1_446' title='bbox 2083 2257 2138 2327; x_wconf 82' lang='lat' dir='ltr'><strong>gi</strong></span> <span class='ocrx_word' id='word_1_447' title='bbox 2163 2257 2218 2311; x_wconf 89' lang='lat' dir='ltr'><strong>in</strong></span> <span class='ocrx_word' id='word_1_448' title='bbox 2247 2257 2564 2312; x_wconf 88' lang='lat' dir='ltr'><strong>Romanum</strong></span> <span class='ocrx_word' id='word_1_449' title='bbox 2588 2251 2922 2324; x_wconf 88' lang='lat' dir='ltr'><strong>pontificem</strong></span> <span class='ocrx_word' id='word_1_450' title='bbox 2946 2249 3182 2319; x_wconf 87' lang='lat' dir='ltr'><strong>dixerit,</strong></span> <span class='ocrx_word' id='word_1_451' title='bbox 3208 2248 3360 2304; x_wconf 91' lang='lat' dir='ltr'><strong>inter</strong></span> <span class='ocrx_word' id='word_1_452' title='bbox 3382 2263 3527 2319; x_wconf 91' lang='lat' dir='ltr'><strong>quas</strong></span> <span class='ocrx_word' id='word_1_453' title='bbox 3558 2263 3738 2319; x_wconf 89' lang='lat' dir='ltr'><strong>quen-</strong></span> 
     </span>
    </p>
   </div>
   <div class='ocr_carea' id='block_1_71' title="bbox 2084 2336 3738 2409">
    <p class='ocr_par' dir='ltr' id='par_1_71' title="bbox 2084 2336 3738 2409">
     <span class='ocr_line' id='line_1_71' title="bbox 2084 2336 3738 2409; baseline -0.005 -8"><span class='ocrx_word' id='word_1_454' title='bbox 2084 2344 2214 2402; x_wconf 90' lang='lat' dir='ltr'><strong>dam</strong></span> <span class='ocrx_word' id='word_1_455' title='bbox 2239 2343 2406 2400; x_wconf 91' lang='lat' dir='ltr'><strong>vobis</strong></span> <span class='ocrx_word' id='word_1_456' title='bbox 2427 2358 2497 2398; x_wconf 87' lang='lat' dir='ltr'><strong>ex</strong></span> <span class='ocrx_word' id='word_1_457' title='bbox 2539 2341 2792 2409; x_wconf 91' lang='lat' dir='ltr'><strong>nomine,</strong></span> <span class='ocrx_word' id='word_1_458' title='bbox 2823 2341 3164 2394; x_wconf 87' lang='lat' dir='ltr'><strong>Mettensem</strong></span> <span class='ocrx_word' id='word_1_459' title='bbox 3187 2336 3416 2393; x_wconf 90' lang='lat' dir='ltr'><strong>scilicet</strong></span> <span class='ocrx_word' id='word_1_460' title='bbox 3441 2337 3738 2394; x_wconf 83' lang='lat' dir='ltr'><strong>Heriman-</strong></span> 
     </span>
    </p>
   </div>
   <div class='ocr_carea' id='block_1_72' title="bbox 2085 2425 3735 2502">
    <p class='ocr_par' dir='ltr' id='par_1_72' title="bbox 2085 2425 3735 2502">
     <span class='ocr_line' id='line_1_72' title="bbox 2085 2425 3735 2502; baseline -0.005 -12"><span class='ocrx_word' id='word_1_461' title='bbox 2085 2448 2218 2490; x_wconf 90' lang='lat' dir='ltr'><strong>num</strong></span> <span class='ocrx_word' id='word_1_462' title='bbox 2257 2429 2636 2502; x_wconf 87' lang='lat' dir='ltr'><strong>quorumdam</strong></span> <span class='ocrx_word' id='word_1_463' title='bbox 2687 2426 2935 2486; x_wconf 91' lang='lat' dir='ltr'><strong>consilio</strong></span> <span class='ocrx_word' id='word_1_464' title='bbox 2973 2425 3234 2498; x_wconf 87' lang='lat' dir='ltr'><strong>scripsit,</strong></span> <span class='ocrx_word' id='word_1_465' title='bbox 3267 2425 3532 2496; x_wconf 88' lang='lat' dir='ltr'><strong>quoniam</strong></span> <span class='ocrx_word' id='word_1_466' title='bbox 3563 2425 3735 2483; x_wconf 88' lang='lat' dir='ltr'><strong>vobis</strong></span> 
     </span>
    </p>
   </div>
   <div class='ocr_carea' id='block_1_73' title="bbox 2090 2511 3738 2589">
    <p class='ocr_par' dir='ltr' id='par_1_73' title="bbox 2090 2511 3738 2589">
     <span class='ocr_line' id='line_1_73' title="bbox 2090 2511 3738 2589; baseline -0.005 -14"><span class='ocrx_word' id='word_1_467' title='bbox 2090 2533 2296 2588; x_wconf 88' lang='lat' dir='ltr'><strong>magna</strong></span> <span class='ocrx_word' id='word_1_468' title='bbox 2319 2533 2390 2574; x_wconf 85' lang='lat' dir='ltr'><strong>ex</strong></span> <span class='ocrx_word' id='word_1_469' title='bbox 2414 2523 2580 2589; x_wconf 90' lang='lat' dir='ltr'><strong>parte</strong></span> <span class='ocrx_word' id='word_1_470' title='bbox 2605 2515 2908 2574; x_wconf 84' lang='lat' dir='ltr'><strong>manifesta</strong></span> <span class='ocrx_word' id='word_1_471' title='bbox 2934 2517 3088 2576; x_wconf 80' lang='lat' dir='ltr'><strong>sunt.</strong></span> <span class='ocrx_word' id='word_1_472' title='bbox 3124 2517 3184 2568; x_wconf 91' lang='lat' dir='ltr'><strong>et</strong></span> <span class='ocrx_word' id='word_1_473' title='bbox 3205 2511 3580 2583; x_wconf 89' lang='lat' dir='ltr'><strong>epistolarem</strong></span> <span class='ocrx_word' id='word_1_474' title='bbox 3614 2527 3738 2568; x_wconf 88' lang='lat' dir='ltr'><strong>mo-</strong></span> 
     </span>
    </p>
   </div>
   <div class='ocr_carea' id='block_1_74' title="bbox 2085 2600 3736 2678">
    <p class='ocr_par' dir='ltr' id='par_1_74' title="bbox 2085 2600 3736 2678">
     <span class='ocr_line' id='line_1_74' title="bbox 2085 2600 3736 2678; baseline -0.004 -16"><span class='ocrx_word' id='word_1_475' title='bbox 2085 2607 2223 2664; x_wconf 89' lang='lat' dir='ltr'><strong>dum</strong></span> <span class='ocrx_word' id='word_1_476' title='bbox 2251 2607 2471 2678; x_wconf 89' lang='lat' dir='ltr'><strong>scripta</strong></span> <span class='ocrx_word' id='word_1_477' title='bbox 2496 2604 2868 2672; x_wconf 84' lang='lat' dir='ltr'><strong>excederent,</strong></span> <span class='ocrx_word' id='word_1_478' title='bbox 2894 2617 2966 2658; x_wconf 83' lang='lat' dir='ltr'><strong>ex</strong></span> <span class='ocrx_word' id='word_1_479' title='bbox 2987 2601 3192 2658; x_wconf 90' lang='lat' dir='ltr'><strong>ordine</strong></span> <span class='ocrx_word' id='word_1_480' title='bbox 3224 2600 3486 2658; x_wconf 88' lang='lat' dir='ltr'><strong>scribere</strong></span> <span class='ocrx_word' id='word_1_481' title='bbox 3515 2600 3736 2656; x_wconf 87' lang='lat' dir='ltr'><strong>omitti-</strong></span> 
     </span>
    </p>
   </div>
   <div class='ocr_carea' id='block_1_75' title="bbox 2084 2688 3735 2763">
    <p class='ocr_par' dir='ltr' id='par_1_75' title="bbox 2084 2688 3735 2763">
     <span class='ocr_line' id='line_1_75' title="bbox 2084 2688 3735 2763; baseline -0.005 -11"><span class='ocrx_word' id='word_1_482' title='bbox 2084 2711 2229 2752; x_wconf 91' lang='lat' dir='ltr'><strong>mus.</strong></span> <span class='ocrx_word' id='word_1_483' title='bbox 2255 2697 2416 2752; x_wconf 85' lang='lat' dir='ltr'><strong>Nunc</strong></span> <span class='ocrx_word' id='word_1_484' title='bbox 2441 2709 2599 2763; x_wconf 89' lang='lat' dir='ltr'><strong>vero,</strong></span> <span class='ocrx_word' id='word_1_485' title='bbox 2645 2707 2774 2749; x_wconf 91' lang='lat' dir='ltr'><strong>cum</strong></span> <span class='ocrx_word' id='word_1_486' title='bbox 2794 2692 2910 2762; x_wconf 87' lang='lat' dir='ltr'><strong>jam</strong></span> <span class='ocrx_word' id='word_1_487' title='bbox 2961 2691 3192 2746; x_wconf 87' lang='lat' dir='ltr'><strong>tandem</strong></span> <span class='ocrx_word' id='word_1_488' title='bbox 3221 2693 3349 2761; x_wconf 91' lang='lat' dir='ltr'><strong>post</strong></span> <span class='ocrx_word' id='word_1_489' title='bbox 3404 2693 3622 2746; x_wconf 88' lang='lat' dir='ltr'><strong>tantum</strong></span> <span class='ocrx_word' id='word_1_490' title='bbox 3654 2688 3735 2744; x_wconf 92' lang='lat' dir='ltr'><strong>la-</strong></span> 
     </span>
    </p>
   </div>
   <div class='ocr_carea' id='block_1_76' title="bbox 2086 2775 3727 2852">
    <p class='ocr_par' dir='ltr' id='par_1_76' title="bbox 2086 2775 3727 2852">
     <span class='ocr_line' id='line_1_76' title="bbox 2086 2775 3727 2852; baseline -0.005 -11"><span class='ocrx_word' id='word_1_491' title='bbox 2086 2787 2281 2841; x_wconf 87' lang='lat' dir='ltr'><strong>borem</strong></span> <span class='ocrx_word' id='word_1_492' title='bbox 2302 2783 2553 2839; x_wconf 89' lang='lat' dir='ltr'><strong>inaniter</strong></span> <span class='ocrx_word' id='word_1_493' title='bbox 2576 2781 2932 2852; x_wconf 90' lang='lat' dir='ltr'><strong>insumptum</strong></span> <span class='ocrx_word' id='word_1_494' title='bbox 2953 2777 3246 2848; x_wconf 85' lang='lat' dir='ltr'><strong>respirare</strong></span> <span class='ocrx_word' id='word_1_495' title='bbox 3278 2775 3638 2846; x_wconf 89' lang='lat' dir='ltr'><strong>videbamur,</strong></span> <span class='ocrx_word' id='word_1_496' title='bbox 3666 2781 3727 2833; x_wconf 91' lang='lat' dir='ltr'><strong>et</strong></span> 
     </span>
    </p>
   </div>
   <div class='ocr_carea' id='block_1_77' title="bbox 2083 2864 3731 2936">
    <p class='ocr_par' dir='ltr' id='par_1_77' title="bbox 2083 2864 3731 2936">
     <span class='ocr_line' id='line_1_77' title="bbox 2083 2864 3731 2936; baseline -0.005 -7"><span class='ocrx_word' id='word_1_497' title='bbox 2083 2872 2430 2929; x_wconf 88' lang='lat' dir='ltr'><strong>electionem</strong></span> <span class='ocrx_word' id='word_1_498' title='bbox 2457 2870 2674 2934; x_wconf 84' lang='lat' dir='ltr'><strong>totiens</strong></span> <span class='ocrx_word' id='word_1_499' title='bbox 2699 2868 3031 2936; x_wconf 77' lang='lat' dir='ltr'><strong>refutatum,</strong></span> <span class='ocrx_word' id='word_1_500' title='bbox 3057 2871 3114 2921; x_wconf 90' lang='lat' dir='ltr'><strong>et</strong></span> <span class='ocrx_word' id='word_1_501' title='bbox 3139 2865 3420 2922; x_wconf 86' lang='lat' dir='ltr'><strong>aecclesiae</strong></span> <span class='ocrx_word' id='word_1_502' title='bbox 3439 2864 3731 2920; x_wconf 87' lang='lat' dir='ltr'><strong>redditam</strong></span> 
     </span>
    </p>
   </div>
   <div class='ocr_carea' id='block_1_78' title="bbox 2085 2951 3729 3030">
    <p class='ocr_par' dir='ltr' id='par_1_78' title="bbox 2085 2951 3729 3030">
     <span class='ocr_line' id='line_1_78' title="bbox 2085 2951 3729 3030; baseline -0.005 -14"><span class='ocrx_word' id='word_1_503' title='bbox 2085 2961 2275 3016; x_wconf 87' lang='lat' dir='ltr'><strong>divina</strong></span> <span class='ocrx_word' id='word_1_504' title='bbox 2311 2959 2519 3030; x_wconf 86' lang='lat' dir='ltr'><strong>gratia,</strong></span> <span class='ocrx_word' id='word_1_505' title='bbox 2559 2964 2620 3014; x_wconf 89' lang='lat' dir='ltr'><strong>et</strong></span> <span class='ocrx_word' id='word_1_506' title='bbox 2659 2961 2862 3012; x_wconf 89' lang='lat' dir='ltr'><strong>vestro</strong></span> <span class='ocrx_word' id='word_1_507' title='bbox 2887 2954 3014 3010; x_wconf 82' lang='lat' dir='ltr'><strong>fulti</strong></span> <span class='ocrx_word' id='word_1_508' title='bbox 3037 2953 3286 3010; x_wconf 89' lang='lat' dir='ltr'><strong>consilio</strong></span> <span class='ocrx_word' id='word_1_509' title='bbox 3309 2957 3367 3008; x_wconf 90' lang='lat' dir='ltr'><strong>et</strong></span> <span class='ocrx_word' id='word_1_510' title='bbox 3400 2951 3637 3023; x_wconf 81' lang='lat' dir='ltr'><strong>auxilio,</strong></span> <span class='ocrx_word' id='word_1_511' title='bbox 3671 2953 3729 3008; x_wconf 89' lang='lat' dir='ltr'><strong>in</strong></span> 
     </span>
    </p>
   </div>
   <div class='ocr_carea' id='block_1_79' title="bbox 2086 3039 3730 3122">
    <p class='ocr_par' dir='ltr' id='par_1_79' title="bbox 2086 3039 3730 3122">
     <span class='ocr_line' id='line_1_79' title="bbox 2086 3039 3730 3122; baseline -0.005 -18"><span class='ocrx_word' id='word_1_512' title='bbox 2086 3049 2351 3122; x_wconf 82' lang='lat' dir='ltr'><strong>proxime</strong></span> <span class='ocrx_word' id='word_1_513' title='bbox 2381 3047 2562 3102; x_wconf 88' lang='lat' dir='ltr'><strong>libere</strong></span> <span class='ocrx_word' id='word_1_514' title='bbox 2609 3046 2802 3101; x_wconf 81' lang='lat' dir='ltr'><strong>facere</strong></span> <span class='ocrx_word' id='word_1_515' title='bbox 2831 3043 3232 3114; x_wconf 87' lang='lat' dir='ltr'><strong>sperabamus,</strong></span> <span class='ocrx_word' id='word_1_516' title='bbox 3282 3042 3394 3098; x_wconf 91' lang='lat' dir='ltr'><strong>sub</strong></span> <span class='ocrx_word' id='word_1_517' title='bbox 3424 3039 3730 3098; x_wconf 87' lang='lat' dir='ltr'><strong>occasione</strong></span> 
     </span>
    </p>
   </div>
   <div class='ocr_carea' id='block_1_80' title="bbox 2085 3130 3729 3206">
    <p class='ocr_par' dir='ltr' id='par_1_80' title="bbox 2085 3130 3729 3206">
     <span class='ocr_line' id='line_1_80' title="bbox 2085 3130 3729 3206; baseline -0.004 -13"><span class='ocrx_word' id='word_1_518' title='bbox 2085 3137 2338 3206; x_wconf 86' lang='lat' dir='ltr'><strong>eligendi</strong></span> <span class='ocrx_word' id='word_1_519' title='bbox 2370 3137 2687 3191; x_wconf 86' lang='lat' dir='ltr'><strong>Romanum</strong></span> <span class='ocrx_word' id='word_1_520' title='bbox 2738 3132 3068 3205; x_wconf 87' lang='lat' dir='ltr'><strong>pontificem</strong></span> <span class='ocrx_word' id='word_1_521' title='bbox 3098 3130 3411 3187; x_wconf 89' lang='lat' dir='ltr'><strong>concilium</strong></span> <span class='ocrx_word' id='word_1_522' title='bbox 3443 3130 3498 3185; x_wconf 90' lang='lat' dir='ltr'><strong>in</strong></span> <span class='ocrx_word' id='word_1_523' title='bbox 3532 3131 3729 3200; x_wconf 86' lang='lat' dir='ltr'><strong>Capua</strong></span> 
     </span>
    </p>
   </div>
   <div class='ocr_carea' id='block_1_81' title="bbox 2087 3218 3740 3294">
    <p class='ocr_par' dir='ltr' id='par_1_81' title="bbox 2087 3218 3740 3294">
     <span class='ocr_line' id='line_1_81' title="bbox 2087 3218 3740 3294; baseline -0.004 -12"><span class='ocrx_word' id='word_1_524' title='bbox 2087 3226 2242 3282; x_wconf 88' lang='lat' dir='ltr'><strong>sicut</strong></span> <span class='ocrx_word' id='word_1_525' title='bbox 2257 3224 2486 3281; x_wconf 88' lang='lat' dir='ltr'><strong>illarum</strong></span> <span class='ocrx_word' id='word_1_526' title='bbox 2503 3223 2753 3294; x_wconf 88' lang='lat' dir='ltr'><strong>partium</strong></span> <span class='ocrx_word' id='word_1_527' title='bbox 2770 3219 3132 3294; x_wconf 88' lang='lat' dir='ltr'><strong>apostolicus</strong></span> <span class='ocrx_word' id='word_1_528' title='bbox 3153 3218 3410 3276; x_wconf 86' lang='lat' dir='ltr'><strong>vicarius</strong></span> <span class='ocrx_word' id='word_1_529' title='bbox 3423 3233 3740 3288; x_wconf 84' lang='lat' dir='ltr'><strong>congrega-</strong></span> 
     </span>
    </p>
   </div>
   <div class='ocr_carea' id='block_1_82' title="bbox 2088 3306 3740 3384">
    <p class='ocr_par' dir='ltr' id='par_1_82' title="bbox 2088 3306 3740 3384">
     <span class='ocr_line' id='line_1_82' title="bbox 2088 3306 3740 3384; baseline -0.005 -14"><span class='ocrx_word' id='word_1_530' title='bbox 2088 3315 2189 3370; x_wconf 91' lang='lat' dir='ltr'><strong>vit.</strong></span> <span class='ocrx_word' id='word_1_531' title='bbox 2220 3313 2302 3370; x_wconf 79' lang='lat' dir='ltr'><strong>Ad</strong></span> <span class='ocrx_word' id='word_1_532' title='bbox 2327 3311 2480 3384; x_wconf 91' lang='lat' dir='ltr'><strong>quod</strong></span> <span class='ocrx_word' id='word_1_533' title='bbox 2508 3325 2616 3382; x_wconf 86' lang='lat' dir='ltr'><strong>ego</strong></span> <span class='ocrx_word' id='word_1_534' title='bbox 2638 3315 2698 3366; x_wconf 90' lang='lat' dir='ltr'><strong>et</strong></span> <span class='ocrx_word' id='word_1_535' title='bbox 2721 3309 2902 3366; x_wconf 87' lang='lat' dir='ltr'><strong>abbas</strong></span> <span class='ocrx_word' id='word_1_536' title='bbox 2930 3307 3304 3364; x_wconf 86' lang='lat' dir='ltr'><strong>Massiliensis</strong></span> <span class='ocrx_word' id='word_1_537' title='bbox 3333 3310 3508 3378; x_wconf 89' lang='lat' dir='ltr'><strong>atque</strong></span> <span class='ocrx_word' id='word_1_538' title='bbox 3547 3306 3740 3362; x_wconf 88' lang='lat' dir='ltr'><strong>archi-</strong></span> 
     </span>
    </p>
   </div>
   <div class='ocr_carea' id='block_1_83' title="bbox 2087 3395 3736 3474">
    <p class='ocr_par' dir='ltr' id='par_1_83' title="bbox 2087 3395 3736 3474">
     <span class='ocr_line' id='line_1_83' title="bbox 2087 3395 3736 3474; baseline -0.004 -15"><span class='ocrx_word' id='word_1_539' title='bbox 2087 3403 2404 3474; x_wconf 85' lang='lat' dir='ltr'><strong>episcopus</strong></span> <span class='ocrx_word' id='word_1_540' title='bbox 2441 3399 2732 3471; x_wconf 83' lang='lat' dir='ltr'><strong>Aquensis</strong></span> <span class='ocrx_word' id='word_1_541' title='bbox 2763 3396 2914 3468; x_wconf 89' lang='lat' dir='ltr'><strong>apud</strong></span> <span class='ocrx_word' id='word_1_542' title='bbox 2949 3395 3247 3452; x_wconf 87' lang='lat' dir='ltr'><strong>Salernum</strong></span> <span class='ocrx_word' id='word_1_543' title='bbox 3279 3397 3736 3462; x_wconf 90' lang='lat' dir='ltr'><strong>commorantes,</strong></span> 
     </span>
    </p>
   </div>
   <div class='ocr_carea' id='block_1_84' title="bbox 2087 3483 3744 3562">
    <p class='ocr_par' dir='ltr' id='par_1_84' title="bbox 2087 3483 3744 3562">
     <span class='ocr_line' id='line_1_84' title="bbox 2087 3483 3744 3562; baseline -0.007 -14"><span class='ocrx_word' id='word_1_544' title='bbox 2087 3492 2158 3548; x_wconf 88' lang='lat' dir='ltr'><strong>ab</strong></span> <span class='ocrx_word' id='word_1_545' title='bbox 2183 3491 2457 3562; x_wconf 87' lang='lat' dir='ltr'><strong>episcopo</strong></span> <span class='ocrx_word' id='word_1_546' title='bbox 2483 3486 2738 3544; x_wconf 90' lang='lat' dir='ltr'><strong>Ostiensi</strong></span> <span class='ocrx_word' id='word_1_547' title='bbox 2762 3491 2821 3542; x_wconf 90' lang='lat' dir='ltr'><strong>et</strong></span> <span class='ocrx_word' id='word_1_548' title='bbox 2849 3484 3110 3556; x_wconf 89' lang='lat' dir='ltr'><strong>principe</strong></span> <span class='ocrx_word' id='word_1_549' title='bbox 3124 3483 3490 3540; x_wconf 86' lang='lat' dir='ltr'><strong>Salernitano</strong></span> <span class='ocrx_word' id='word_1_550' title='bbox 3512 3489 3570 3539; x_wconf 89' lang='lat' dir='ltr'><strong>et</strong></span> <span class='ocrx_word' id='word_1_551' title='bbox 3595 3484 3744 3538; x_wconf 88' lang='lat' dir='ltr'><strong>Cen-</strong></span> 
     </span>
    </p>
   </div>
   <div class='ocr_carea' id='block_1_85' title="bbox 2088 3570 3734 3647">
    <p class='ocr_par' dir='ltr' id='par_1_85' title="bbox 2088 3570 3734 3647">
     <span class='ocr_line' id='line_1_85' title="bbox 2088 3570 3734 3647; baseline -0.005 -12"><span class='ocrx_word' id='word_1_552' title='bbox 2088 3579 2256 3635; x_wconf 89' lang='lat' dir='ltr'><strong>ciano</strong></span> <span class='ocrx_word' id='word_1_553' title='bbox 2279 3580 2536 3635; x_wconf 88' lang='lat' dir='ltr'><strong>Romano</strong></span> <span class='ocrx_word' id='word_1_554' title='bbox 2557 3580 2812 3647; x_wconf 77' lang='lat' dir='ltr'><strong>exparte</strong></span> <span class='ocrx_word' id='word_1_555' title='bbox 2835 3573 3036 3630; x_wconf 89' lang='lat' dir='ltr'><strong>vicarii</strong></span> <span class='ocrx_word' id='word_1_556' title='bbox 3061 3576 3120 3629; x_wconf 85' lang='lat' dir='ltr'><strong>et</strong></span> <span class='ocrx_word' id='word_1_557' title='bbox 3145 3573 3413 3630; x_wconf 67' lang='lat' dir='ltr'><strong>Romanae</strong></span> <span class='ocrx_word' id='word_1_558' title='bbox 3443 3570 3734 3630; x_wconf 72' lang='lat' dir='ltr'><strong>aecclesize</strong></span> 
     </span>
    </p>
   </div>
   <div class='ocr_carea' id='block_1_86' title="bbox 2089 3659 3741 3737">
    <p class='ocr_par' dir='ltr' id='par_1_86' title="bbox 2089 3659 3741 3737">
     <span class='ocr_line' id='line_1_86' title="bbox 2089 3659 3741 3737; baseline -0.005 -14"><span class='ocrx_word' id='word_1_559' title='bbox 2089 3667 2344 3737; x_wconf 90' lang='lat' dir='ltr'><strong>invitati,</strong></span> <span class='ocrx_word' id='word_1_560' title='bbox 2371 3677 2429 3721; x_wconf 84' lang='lat' dir='ltr'><strong>ut</strong></span> <span class='ocrx_word' id='word_1_561' title='bbox 2453 3663 2744 3722; x_wconf 89' lang='lat' dir='ltr'><strong>communi</strong></span> <span class='ocrx_word' id='word_1_562' title='bbox 2768 3661 3016 3719; x_wconf 91' lang='lat' dir='ltr'><strong>consilio</strong></span> <span class='ocrx_word' id='word_1_563' title='bbox 3063 3663 3380 3718; x_wconf 83' lang='lat' dir='ltr'><strong>Romanum</strong></span> <span class='ocrx_word' id='word_1_564' title='bbox 3405 3659 3741 3733; x_wconf 85' lang='lat' dir='ltr'><strong>pontificem</strong></span> 
     </span>
    </p>
   </div>
   <div class='ocr_carea' id='block_1_87' title="bbox 2088 3747 3743 3828">
    <p class='ocr_par' dir='ltr' id='par_1_87' title="bbox 2088 3747 3743 3828">
     <span class='ocr_line' id='line_1_87' title="bbox 2088 3747 3743 3828; baseline -0.007 -14"><span class='ocrx_word' id='word_1_565' title='bbox 2088 3759 2462 3828; x_wconf 84' lang='lat' dir='ltr'><strong>eligeremus,</strong></span> <span class='ocrx_word' id='word_1_566' title='bbox 2495 3753 2783 3810; x_wconf 82' lang='lat' dir='ltr'><strong>veniendo</strong></span> <span class='ocrx_word' id='word_1_567' title='bbox 2830 3749 3214 3807; x_wconf 88' lang='lat' dir='ltr'><strong>obedivimus.</strong></span> <span class='ocrx_word' id='word_1_568' title='bbox 3250 3751 3377 3806; x_wconf 87' lang='lat' dir='ltr'><strong>Dux</strong></span> <span class='ocrx_word' id='word_1_569' title='bbox 3405 3748 3582 3805; x_wconf 90' lang='lat' dir='ltr'><strong>etiam</strong></span> <span class='ocrx_word' id='word_1_570' title='bbox 3615 3747 3743 3819; x_wconf 86' lang='lat' dir='ltr'><strong>qui-</strong></span> 
     </span>
    </p>
   </div>
   <div class='ocr_carea' id='block_1_88' title="bbox 2091 3835 3742 3909">
    <p class='ocr_par' dir='ltr' id='par_1_88' title="bbox 2091 3835 3742 3909">
     <span class='ocr_line' id='line_1_88' title="bbox 2091 3835 3742 3909; baseline -0.007 -7"><span class='ocrx_word' id='word_1_571' title='bbox 2091 3845 2336 3904; x_wconf 88' lang='lat' dir='ltr'><strong>busdam</strong></span> <span class='ocrx_word' id='word_1_572' title='bbox 2355 3841 2956 3901; x_wconf 85' lang='lat' dir='ltr'><strong>circumventionibus</strong></span> <span class='ocrx_word' id='word_1_573' title='bbox 2975 3853 3005 3895; x_wconf 92' lang='lat' dir='ltr'><strong>a</strong></span> <span class='ocrx_word' id='word_1_574' title='bbox 3024 3837 3277 3894; x_wconf 76' lang='lat' dir='ltr'><strong>Iordane</strong></span> <span class='ocrx_word' id='word_1_575' title='bbox 3299 3836 3558 3909; x_wconf 89' lang='lat' dir='ltr'><strong>principe</strong></span> <span class='ocrx_word' id='word_1_576' title='bbox 3573 3835 3742 3906; x_wconf 86' lang='lat' dir='ltr'><strong>juve-</strong></span> 
     </span>
    </p>
   </div>
   <div class='ocr_carea' id='block_1_89' title="bbox 2089 3923 3741 3997">
    <p class='ocr_par' dir='ltr' id='par_1_89' title="bbox 2089 3923 3741 3997">
     <span class='ocr_line' id='line_1_89' title="bbox 2089 3923 3741 3997; baseline -0.007 -5"><span class='ocrx_word' id='word_1_577' title='bbox 2089 3935 2290 3992; x_wconf 89' lang='lat' dir='ltr'><strong>niliter</strong></span> <span class='ocrx_word' id='word_1_578' title='bbox 2323 3931 2577 3997; x_wconf 86' lang='lat' dir='ltr'><strong>illectus,</strong></span> <span class='ocrx_word' id='word_1_579' title='bbox 2614 3929 2750 3984; x_wconf 91' lang='lat' dir='ltr'><strong>illuc</strong></span> <span class='ocrx_word' id='word_1_580' title='bbox 2782 3927 2960 3984; x_wconf 89' lang='lat' dir='ltr'><strong>venit.</strong></span> <span class='ocrx_word' id='word_1_581' title='bbox 2997 3928 3135 3982; x_wconf 90' lang='lat' dir='ltr'><strong>Cum</strong></span> <span class='ocrx_word' id='word_1_582' title='bbox 3167 3940 3308 3995; x_wconf 87' lang='lat' dir='ltr'><strong>ergo</strong></span> <span class='ocrx_word' id='word_1_583' title='bbox 3337 3924 3410 3980; x_wconf 90' lang='lat' dir='ltr'><strong>de</strong></span> <span class='ocrx_word' id='word_1_584' title='bbox 3433 3923 3741 3996; x_wconf 85' lang='lat' dir='ltr'><strong>proposito</strong></span> 
     </span>
    </p>
   </div>
   <div class='ocr_carea' id='block_1_90' title="bbox 2091 4011 3730 4093">
    <p class='ocr_par' dir='ltr' id='par_1_90' title="bbox 2091 4011 3730 4093">
     <span class='ocr_line' id='line_1_90' title="bbox 2091 4011 3730 4093; baseline -0.008 -15"><span class='ocrx_word' id='word_1_585' title='bbox 2091 4021 2333 4093; x_wconf 86' lang='lat' dir='ltr'><strong>negocio</strong></span> <span class='ocrx_word' id='word_1_586' title='bbox 2364 4023 2625 4076; x_wconf 88' lang='lat' dir='ltr'><strong>tractare</strong></span> <span class='ocrx_word' id='word_1_587' title='bbox 2657 4018 3122 4088; x_wconf 89' lang='lat' dir='ltr'><strong>disponeremus,</strong></span> <span class='ocrx_word' id='word_1_588' title='bbox 3165 4014 3347 4069; x_wconf 88' lang='lat' dir='ltr'><strong>abbas</strong></span> <span class='ocrx_word' id='word_1_589' title='bbox 3379 4011 3730 4082; x_wconf 87' lang='lat' dir='ltr'><strong>quibusdam</strong></span> 
     </span>
    </p>
   </div>
   <div class='ocr_carea' id='block_1_91' title="bbox 2093 4102 3743 4180">
    <p class='ocr_par' dir='ltr' id='par_1_91' title="bbox 2093 4102 3743 4180">
     <span class='ocr_line' id='line_1_91' title="bbox 2093 4102 3743 4180; baseline -0.006 -12"><span class='ocrx_word' id='word_1_590' title='bbox 2093 4113 2368 4169; x_wconf 89' lang='lat' dir='ltr'><strong>mollibus</strong></span> <span class='ocrx_word' id='word_1_591' title='bbox 2399 4116 2460 4166; x_wconf 89' lang='lat' dir='ltr'><strong>et</strong></span> <span class='ocrx_word' id='word_1_592' title='bbox 2491 4108 2788 4180; x_wconf 87' lang='lat' dir='ltr'><strong>gestuosis</strong></span> <span class='ocrx_word' id='word_1_593' title='bbox 2840 4103 3279 4176; x_wconf 88' lang='lat' dir='ltr'><strong>repulsionibus</strong></span> <span class='ocrx_word' id='word_1_594' title='bbox 3313 4102 3569 4158; x_wconf 81' lang='lat' dir='ltr'><strong>fautores</strong></span> <span class='ocrx_word' id='word_1_595' title='bbox 3599 4115 3743 4158; x_wconf 88' lang='lat' dir='ltr'><strong>suos</strong></span> 
     </span>
    </p>
   </div>
   <div class='ocr_carea' id='block_1_92' title="bbox 2091 4190 3744 4272">
    <p class='ocr_par' dir='ltr' id='par_1_92' title="bbox 2091 4190 3744 4272">
     <span class='ocr_line' id='line_1_92' title="bbox 2091 4190 3744 4272; baseline -0.008 -14"><span class='ocrx_word' id='word_1_596' title='bbox 2091 4201 2398 4272; x_wconf 90' lang='lat' dir='ltr'><strong>episcopos</strong></span> <span class='ocrx_word' id='word_1_597' title='bbox 2423 4202 2481 4254; x_wconf 92' lang='lat' dir='ltr'><strong>et</strong></span> <span class='ocrx_word' id='word_1_598' title='bbox 2502 4196 2824 4268; x_wconf 88' lang='lat' dir='ltr'><strong>principem</strong></span> <span class='ocrx_word' id='word_1_599' title='bbox 2858 4195 2928 4252; x_wconf 92' lang='lat' dir='ltr'><strong>ad</strong></span> <span class='ocrx_word' id='word_1_600' title='bbox 2952 4190 3418 4264; x_wconf 88' lang='lat' dir='ltr'><strong>compellendum</strong></span> <span class='ocrx_word' id='word_1_601' title='bbox 3443 4203 3506 4246; x_wconf 90' lang='lat' dir='ltr'><strong>se</strong></span> <span class='ocrx_word' id='word_1_602' title='bbox 3532 4203 3744 4260; x_wconf 91' lang='lat' dir='ltr'><strong>provo-</strong></span> 
     </span>
    </p>
   </div>
   <div class='ocr_carea' id='block_1_93' title="bbox 2093 4280 3744 4358">
    <p class='ocr_par' dir='ltr' id='par_1_93' title="bbox 2093 4280 3744 4358">
     <span class='ocr_line' id='line_1_93' title="bbox 2093 4280 3744 4358; baseline -0.008 -12"><span class='ocrx_word' id='word_1_603' title='bbox 2093 4304 2227 4347; x_wconf 90' lang='lat' dir='ltr'><strong>care</strong></span> <span class='ocrx_word' id='word_1_604' title='bbox 2249 4287 2448 4358; x_wconf 80' lang='lat' dir='ltr'><strong>cmpit.</strong></span> <span class='ocrx_word' id='word_1_605' title='bbox 2477 4288 2780 4356; x_wconf 85' lang='lat' dir='ltr'><strong>Comperta</strong></span> <span class='ocrx_word' id='word_1_606' title='bbox 2806 4288 2999 4340; x_wconf 89' lang='lat' dir='ltr'><strong>autem</strong></span> <span class='ocrx_word' id='word_1_607' title='bbox 3025 4280 3283 4337; x_wconf 84' lang='lat' dir='ltr'><strong>versutia</strong></span> <span class='ocrx_word' id='word_1_608' title='bbox 3306 4295 3430 4349; x_wconf 90' lang='lat' dir='ltr'><strong>sua,</strong></span> <span class='ocrx_word' id='word_1_609' title='bbox 3447 4293 3576 4336; x_wconf 90' lang='lat' dir='ltr'><strong>cum</strong></span> <span class='ocrx_word' id='word_1_610' title='bbox 3599 4293 3744 4350; x_wconf 73' lang='lat' dir='ltr'><strong>prae-</strong></span> 
     </span>
    </p>
   </div>
   <div class='ocr_carea' id='block_1_94' title="bbox 331 4359 3745 4444">
    <p class='ocr_par' dir='ltr' id='par_1_94' title="bbox 331 4359 3745 4444">
     <span class='ocr_line' id='line_1_94' title="bbox 331 4359 3745 4444; baseline -0.001 -19"><span class='ocrx_word' id='word_1_611' title='bbox 331 4384 460 4426; x_wconf 89' lang='lat' dir='ltr'><strong>mos</strong></span> <span class='ocrx_word' id='word_1_612' title='bbox 492 4375 660 4427; x_wconf 92' lang='lat' dir='ltr'><strong>actus</strong></span> <span class='ocrx_word' id='word_1_613' title='bbox 693 4384 830 4426; x_wconf 90' lang='lat' dir='ltr'><strong>suos</strong></span> <span class='ocrx_word' id='word_1_614' title='bbox 853 4370 909 4425; x_wconf 91' lang='lat' dir='ltr'><strong>in</strong></span> <span class='ocrx_word' id='word_1_615' title='bbox 933 4370 1176 4425; x_wconf 90' lang='lat' dir='ltr'><strong>auribus</strong></span> <span class='ocrx_word' id='word_1_616' title='bbox 1207 4370 1616 4440; x_wconf 86' lang='lat' dir='ltr'><strong>episcoporum</strong></span> <span class='ocrx_word' id='word_1_617' title='bbox 1641 4375 1698 4425; x_wconf 89' lang='lat' dir='ltr'><strong>et</strong></span> <span class='ocrx_word' id='word_1_618' title='bbox 1720 4370 1982 4426; x_wconf 87' lang='lat' dir='ltr'><strong>cardina-</strong></span> <span class='ocrx_word' id='word_1_619' title='bbox 2010 4359 2066 4421; x_wconf 91' lang='lat' dir='ltr'><strong>D</strong></span> <span class='ocrx_word' id='word_1_620' title='bbox 2097 4378 2238 4434; x_wconf 73' lang='lat' dir='ltr'><strong>dicti</strong></span> <span class='ocrx_word' id='word_1_621' title='bbox 2274 4377 2342 4432; x_wconf 72' lang='lat' dir='ltr'><strong>ad</strong></span> <span class='ocrx_word' id='word_1_622' title='bbox 2377 4375 2814 4432; x_wconf 61' lang='lat' dir='ltr'><strong>restitutionem</strong></span> <span class='ocrx_word' id='word_1_623' title='bbox 2839 4373 2924 4430; x_wconf 80' lang='lat' dir='ltr'><strong>sui</strong></span> <span class='ocrx_word' id='word_1_624' title='bbox 2970 4372 3134 4444; x_wconf 82' lang='lat' dir='ltr'><strong>quasi</strong></span> <span class='ocrx_word' id='word_1_625' title='bbox 3161 4371 3404 4429; x_wconf 81' lang='lat' dir='ltr'><strong>invitum</strong></span> <span class='ocrx_word' id='word_1_626' title='bbox 3425 4383 3558 4426; x_wconf 89' lang='lat' dir='ltr'><strong>eum</strong></span> <span class='ocrx_word' id='word_1_627' title='bbox 3587 4381 3745 4424; x_wconf 86' lang='lat' dir='ltr'><strong>com-</strong></span> 
     </span>
    </p>
   </div>
   <div class='ocr_carea' id='block_1_95' title="bbox 345 4457 1984 4530">
    <p class='ocr_par' dir='ltr' id='par_1_95' title="bbox 345 4457 1984 4530">
     <span class='ocr_line' id='line_1_95' title="bbox 345 4457 1984 4530; baseline 0.002 -18"><span class='ocrx_word' id='word_1_628' title='bbox 345 4458 482 4514; x_wconf 88' lang='lat' dir='ltr'><strong>lium</strong></span> <span class='ocrx_word' id='word_1_629' title='bbox 513 4457 808 4526; x_wconf 83' lang='lat' dir='ltr'><strong>jactanter</strong></span> <span class='ocrx_word' id='word_1_630' title='bbox 838 4457 1089 4512; x_wconf 87' lang='lat' dir='ltr'><strong>recitare</strong></span> <span class='ocrx_word' id='word_1_631' title='bbox 1122 4472 1234 4512; x_wconf 90' lang='lat' dir='ltr'><strong>non</strong></span> <span class='ocrx_word' id='word_1_632' title='bbox 1268 4459 1665 4527; x_wconf 88' lang='lat' dir='ltr'><strong>erubesceret,</strong></span> <span class='ocrx_word' id='word_1_633' title='bbox 1710 4459 1984 4530; x_wconf 91' lang='lat' dir='ltr'><strong>coposius</strong></span> 
     </span>
    </p>
   </div>
   <div class='ocr_carea' id='block_1_96' title="bbox 335 4544 1986 4616">
    <p class='ocr_par' dir='ltr' id='par_1_96' title="bbox 335 4544 1986 4616">
     <span class='ocr_line' id='line_1_96' title="bbox 335 4544 1986 4616; baseline 0.001 -15"><span class='ocrx_word' id='word_1_634' title='bbox 335 4545 671 4602; x_wconf 88' lang='lat' dir='ltr'><strong>necessario</strong></span> <span class='ocrx_word' id='word_1_635' title='bbox 729 4544 1245 4616; x_wconf 89' lang='lat' dir='ltr'><strong>deprehendimus,</strong></span> <span class='ocrx_word' id='word_1_636' title='bbox 1298 4560 1468 4615; x_wconf 85' lang='lat' dir='ltr'><strong>quam</strong></span> <span class='ocrx_word' id='word_1_637' title='bbox 1531 4545 1986 4603; x_wconf 86' lang='lat' dir='ltr'><strong>intolerabiliter</strong></span> 
     </span>
    </p>
   </div>
   <div class='ocr_carea' id='block_1_97' title="bbox 333 4631 1983 4706">
    <p class='ocr_par' dir='ltr' id='par_1_97' title="bbox 333 4631 1983 4706">
     <span class='ocr_line' id='line_1_97' title="bbox 333 4631 1983 4706; baseline 0.001 -18"><span class='ocrx_word' id='word_1_638' title='bbox 333 4635 512 4690; x_wconf 90' lang='lat' dir='ltr'><strong>Deum</strong></span> <span class='ocrx_word' id='word_1_639' title='bbox 541 4635 595 4689; x_wconf 92' lang='lat' dir='ltr'><strong>in</strong></span> <span class='ocrx_word' id='word_1_640' title='bbox 631 4633 818 4705; x_wconf 90' lang='lat' dir='ltr'><strong>ipsius</strong></span> <span class='ocrx_word' id='word_1_641' title='bbox 847 4631 1136 4688; x_wconf 88' lang='lat' dir='ltr'><strong>electione</strong></span> <span class='ocrx_word' id='word_1_642' title='bbox 1169 4631 1605 4690; x_wconf 75' lang='lat' dir='ltr'><strong>offenderimus.</strong></span> <span class='ocrx_word' id='word_1_643' title='bbox 1639 4634 1780 4699; x_wconf 86' lang='lat' dir='ltr'><strong>Quis</strong></span> <span class='ocrx_word' id='word_1_644' title='bbox 1810 4635 1983 4706; x_wconf 90' lang='lat' dir='ltr'><strong>enim,</strong></span> 
     </span>
    </p>
   </div>
   <div class='ocr_carea' id='block_1_98' title="bbox 340 4721 1990 4794">
    <p class='ocr_par' dir='ltr' id='par_1_98' title="bbox 340 4721 1990 4794">
     <span class='ocr_line' id='line_1_98' title="bbox 340 4721 1990 4794; baseline 0.002 -16"><span class='ocrx_word' id='word_1_645' title='bbox 340 4722 451 4780; x_wconf 89' lang='lat' dir='ltr'><strong>nisi</strong></span> <span class='ocrx_word' id='word_1_646' title='bbox 475 4737 547 4779; x_wconf 89' lang='lat' dir='ltr'><strong>ex</strong></span> <span class='ocrx_word' id='word_1_647' title='bbox 573 4723 756 4794; x_wconf 89' lang='lat' dir='ltr'><strong>ipsius</strong></span> <span class='ocrx_word' id='word_1_648' title='bbox 785 4734 888 4777; x_wconf 89' lang='lat' dir='ltr'><strong>ore</strong></span> <span class='ocrx_word' id='word_1_649' title='bbox 907 4721 1190 4791; x_wconf 87' lang='lat' dir='ltr'><strong>audisset,</strong></span> <span class='ocrx_word' id='word_1_650' title='bbox 1210 4735 1476 4790; x_wconf 89' lang='lat' dir='ltr'><strong>umquam</strong></span> <span class='ocrx_word' id='word_1_651' title='bbox 1499 4723 1790 4792; x_wconf 86' lang='lat' dir='ltr'><strong>crederet,</strong></span> <span class='ocrx_word' id='word_1_652' title='bbox 1824 4725 1990 4781; x_wconf 87' lang='lat' dir='ltr'><strong>llein-</strong></span> 
     </span>
    </p>
   </div>
   <div class='ocr_carea' id='block_1_99' title="bbox 336 4807 1988 4884">
    <p class='ocr_par' dir='ltr' id='par_1_99' title="bbox 336 4807 1988 4884">
     <span class='ocr_line' id='line_1_99' title="bbox 336 4807 1988 4884; baseline 0.003 -20"><span class='ocrx_word' id='word_1_653' title='bbox 336 4811 459 4867; x_wconf 91' lang='lat' dir='ltr'><strong>rice</strong></span> <span class='ocrx_word' id='word_1_654' title='bbox 482 4811 641 4867; x_wconf 89' lang='lat' dir='ltr'><strong>dicto</strong></span> <span class='ocrx_word' id='word_1_655' title='bbox 667 4809 789 4880; x_wconf 85' lang='lat' dir='ltr'><strong>regi</strong></span> <span class='ocrx_word' id='word_1_656' title='bbox 827 4807 994 4865; x_wconf 91' lang='lat' dir='ltr'><strong>fidem</strong></span> <span class='ocrx_word' id='word_1_657' title='bbox 1025 4824 1153 4865; x_wconf 90' lang='lat' dir='ltr'><strong>cum</strong></span> <span class='ocrx_word' id='word_1_658' title='bbox 1189 4809 1442 4878; x_wconf 85' lang='lat' dir='ltr'><strong>dedisse,</strong></span> <span class='ocrx_word' id='word_1_659' title='bbox 1480 4815 1540 4867; x_wconf 89' lang='lat' dir='ltr'><strong>ut</strong></span> <span class='ocrx_word' id='word_1_660' title='bbox 1574 4811 1644 4867; x_wconf 90' lang='lat' dir='ltr'><strong>de</strong></span> <span class='ocrx_word' id='word_1_661' title='bbox 1674 4813 1988 4884; x_wconf 88' lang='lat' dir='ltr'><strong>optinenda</strong></span> 
     </span>
    </p>
   </div>
   <div class='ocr_carea' id='block_1_100' title="bbox 339 4897 1988 4970">
    <p class='ocr_par' dir='ltr' id='par_1_100' title="bbox 339 4897 1988 4970">
     <span class='ocr_line' id='line_1_100' title="bbox 339 4897 1988 4970; baseline 0.001 -16"><span class='ocrx_word' id='word_1_662' title='bbox 339 4898 580 4955; x_wconf 85' lang='lat' dir='ltr'><strong>Romani</strong></span> <span class='ocrx_word' id='word_1_663' title='bbox 607 4897 833 4970; x_wconf 89' lang='lat' dir='ltr'><strong>imperii</strong></span> <span class='ocrx_word' id='word_1_664' title='bbox 859 4911 1075 4954; x_wconf 91' lang='lat' dir='ltr'><strong>corona</strong></span> <span class='ocrx_word' id='word_1_665' title='bbox 1102 4897 1355 4954; x_wconf 83' lang='lat' dir='ltr'><strong>ﬁdeliter</strong></span> <span class='ocrx_word' id='word_1_666' title='bbox 1378 4912 1506 4954; x_wconf 66' lang='lat' dir='ltr'><strong>eum</strong></span> <span class='ocrx_word' id='word_1_667' title='bbox 1526 4898 1988 4970; x_wconf 83' lang='lat' dir='ltr'><strong>adjuvaret?Aut</strong></span> 
     </span>
    </p>
   </div>
   <div class='ocr_carea' id='block_1_101' title="bbox 333 4985 1988 5059">
    <p class='ocr_par' dir='ltr' id='par_1_101' title="bbox 333 4985 1988 5059">
     <span class='ocr_line' id='line_1_101' title="bbox 333 4985 1988 5059; baseline 0.002 -17"><span class='ocrx_word' id='word_1_668' title='bbox 333 4987 502 5058; x_wconf 87' lang='lat' dir='ltr'><strong>cujus</strong></span> <span class='ocrx_word' id='word_1_669' title='bbox 518 4987 816 5044; x_wconf 89' lang='lat' dir='ltr'><strong>accusatio</strong></span> <span class='ocrx_word' id='word_1_670' title='bbox 839 4989 1042 5044; x_wconf 90' lang='lat' dir='ltr'><strong>contra</strong></span> <span class='ocrx_word' id='word_1_671' title='bbox 1068 4985 1241 5041; x_wconf 89' lang='lat' dir='ltr'><strong>talem</strong></span> <span class='ocrx_word' id='word_1_672' title='bbox 1261 4985 1447 5043; x_wconf 88' lang='lat' dir='ltr'><strong>virum</strong></span> <span class='ocrx_word' id='word_1_673' title='bbox 1474 4988 1857 5059; x_wconf 86' lang='lat' dir='ltr'><strong>reciperetur,</strong></span> <span class='ocrx_word' id='word_1_674' title='bbox 1877 4990 1988 5046; x_wconf 90' lang='lat' dir='ltr'><strong>nisi</strong></span> 
     </span>
    </p>
   </div>
   <div class='ocr_carea' id='block_1_102' title="bbox 338 5073 1991 5146">
    <p class='ocr_par' dir='ltr' id='par_1_102' title="bbox 338 5073 1991 5146">
     <span class='ocr_line' id='line_1_102' title="bbox 338 5073 1991 5146; baseline 0.004 -18"><span class='ocrx_word' id='word_1_675' title='bbox 338 5074 462 5146; x_wconf 88' lang='lat' dir='ltr'><strong>ipse</strong></span> <span class='ocrx_word' id='word_1_676' title='bbox 485 5077 648 5146; x_wconf 90' lang='lat' dir='ltr'><strong>quasi</strong></span> <span class='ocrx_word' id='word_1_677' title='bbox 687 5075 757 5130; x_wconf 91' lang='lat' dir='ltr'><strong>ad</strong></span> <span class='ocrx_word' id='word_1_678' title='bbox 786 5075 1078 5132; x_wconf 89' lang='lat' dir='ltr'><strong>cumulum</strong></span> <span class='ocrx_word' id='word_1_679' title='bbox 1105 5073 1307 5144; x_wconf 69' lang='lat' dir='ltr'><strong>gloriae</strong></span> <span class='ocrx_word' id='word_1_680' title='bbox 1332 5090 1452 5132; x_wconf 59' lang='lat' dir='ltr'><strong>suae</strong></span> <span class='ocrx_word' id='word_1_681' title='bbox 1475 5075 1863 5134; x_wconf 88' lang='lat' dir='ltr'><strong>adscribendo</strong></span> <span class='ocrx_word' id='word_1_682' title='bbox 1894 5093 1991 5135; x_wconf 84' lang='lat' dir='ltr'><strong>uo-</strong></span> 
     </span>
    </p>
   </div>
   <div class='ocr_carea' id='block_1_103' title="bbox 339 5162 1990 5234">
    <p class='ocr_par' dir='ltr' id='par_1_103' title="bbox 339 5162 1990 5234">
     <span class='ocr_line' id='line_1_103' title="bbox 339 5162 1990 5234; baseline 0.002 -16"><span class='ocrx_word' id='word_1_683' title='bbox 339 5162 428 5220; x_wconf 88' lang='lat' dir='ltr'><strong>bis</strong></span> <span class='ocrx_word' id='word_1_684' title='bbox 445 5164 1115 5234; x_wconf 71' lang='lat' dir='ltr'><strong>nurrasset,pra3dictum</strong></span> <span class='ocrx_word' id='word_1_685' title='bbox 1133 5178 1326 5233; x_wconf 83' lang='lat' dir='ltr'><strong>regem</strong></span> <span class='ocrx_word' id='word_1_686' title='bbox 1340 5164 1408 5219; x_wconf 88' lang='lat' dir='ltr'><strong>ad</strong></span> <span class='ocrx_word' id='word_1_687' title='bbox 1429 5163 1784 5221; x_wconf 90' lang='lat' dir='ltr'><strong>invadendas</strong></span> <span class='ocrx_word' id='word_1_688' title='bbox 1799 5169 1990 5222; x_wconf 87' lang='lat' dir='ltr'><strong>terras</strong></span> 
     </span>
    </p>
   </div>
   <div class='ocr_carea' id='block_1_104' title="bbox 341 5251 1990 5325">
    <p class='ocr_par' dir='ltr' id='par_1_104' title="bbox 341 5251 1990 5325">
     <span class='ocr_line' id='line_1_104' title="bbox 341 5251 1990 5325; baseline 0.004 -19"><span class='ocrx_word' id='word_1_689' title='bbox 341 5251 498 5307; x_wconf 87' lang='lat' dir='ltr'><strong>beati</strong></span> <span class='ocrx_word' id='word_1_690' title='bbox 525 5251 678 5306; x_wconf 84' lang='lat' dir='ltr'><strong>Petri</strong></span> <span class='ocrx_word' id='word_1_691' title='bbox 697 5265 1010 5324; x_wconf 87' lang='lat' dir='ltr'><strong>nunquam,</strong></span> <span class='ocrx_word' id='word_1_692' title='bbox 1029 5251 1134 5307; x_wconf 71' lang='lat' dir='ltr'><strong>nis:</strong></span> <span class='ocrx_word' id='word_1_693' title='bbox 1148 5264 1259 5309; x_wconf 83' lang='lat' dir='ltr'><strong>suo</strong></span> <span class='ocrx_word' id='word_1_694' title='bbox 1273 5252 1592 5310; x_wconf 91' lang='lat' dir='ltr'><strong>eonsilioet</strong></span> <span class='ocrx_word' id='word_1_695' title='bbox 1610 5255 1990 5325; x_wconf 90' lang='lat' dir='ltr'><strong>persuasione</strong></span> 
     </span>
    </p>
   </div>
   <div class='ocr_carea' id='block_1_105' title="bbox 345 5338 1993 5413">
    <p class='ocr_par' dir='ltr' id='par_1_105' title="bbox 345 5338 1993 5413">
     <span class='ocr_line' id='line_1_105' title="bbox 345 5338 1993 5413; baseline 0.002 -19"><span class='ocrx_word' id='word_1_696' title='bbox 345 5338 722 5406; x_wconf 82' lang='lat' dir='ltr'><strong>animaretur,</strong></span> <span class='ocrx_word' id='word_1_697' title='bbox 758 5339 992 5394; x_wconf 89' lang='lat' dir='ltr'><strong>Romam</strong></span> <span class='ocrx_word' id='word_1_698' title='bbox 1025 5339 1343 5397; x_wconf 87' lang='lat' dir='ltr'><strong>transisse?</strong></span> <span class='ocrx_word' id='word_1_699' title='bbox 1386 5341 1673 5413; x_wconf 87' lang='lat' dir='ltr'><strong>Numquid</strong></span> <span class='ocrx_word' id='word_1_700' title='bbox 1706 5356 1818 5398; x_wconf 92' lang='lat' dir='ltr'><strong>non</strong></span> <span class='ocrx_word' id='word_1_701' title='bbox 1851 5342 1993 5399; x_wconf 88' lang='lat' dir='ltr'><strong>deli-</strong></span> 
     </span>
    </p>
   </div>
   <div class='ocr_carea' id='block_1_106' title="bbox 2101 4457 3742 4540">
    <p class='ocr_par' dir='ltr' id='par_1_106' title="bbox 2101 4457 3742 4540">
     <span class='ocr_line' id='line_1_106' title="bbox 2101 4457 3742 4540; baseline -0.008 -16"><span class='ocrx_word' id='word_1_702' title='bbox 2101 4467 2402 4540; x_wconf 87' lang='lat' dir='ltr'><strong>pellerent,</strong></span> <span class='ocrx_word' id='word_1_703' title='bbox 2422 4478 2527 4520; x_wconf 91' lang='lat' dir='ltr'><strong>nos</strong></span> <span class='ocrx_word' id='word_1_704' title='bbox 2545 4462 2948 4536; x_wconf 71' lang='lat' dir='ltr'><strong>praenominati</strong></span> <span class='ocrx_word' id='word_1_705' title='bbox 2964 4477 3094 4518; x_wconf 90' lang='lat' dir='ltr'><strong>cum</strong></span> <span class='ocrx_word' id='word_1_706' title='bbox 3116 4459 3368 4518; x_wconf 90' lang='lat' dir='ltr'><strong>Ostiensi</strong></span> <span class='ocrx_word' id='word_1_707' title='bbox 3387 4457 3666 4530; x_wconf 89' lang='lat' dir='ltr'><strong>episcopo</strong></span> <span class='ocrx_word' id='word_1_708' title='bbox 3679 4458 3742 4512; x_wconf 89' lang='lat' dir='ltr'><strong>et</strong></span> 
     </span>
    </p>
   </div>
   <div class='ocr_carea' id='block_1_107' title="bbox 2101 4553 3744 4630">
    <p class='ocr_par' dir='ltr' id='par_1_107' title="bbox 2101 4553 3744 4630">
     <span class='ocr_line' id='line_1_107' title="bbox 2101 4553 3744 4630; baseline -0.007 -9"><span class='ocrx_word' id='word_1_709' title='bbox 2101 4562 2432 4622; x_wconf 85' lang='lat' dir='ltr'><strong>Witmundo</strong></span> <span class='ocrx_word' id='word_1_710' title='bbox 2474 4561 2754 4617; x_wconf 88' lang='lat' dir='ltr'><strong>monacho</strong></span> <span class='ocrx_word' id='word_1_711' title='bbox 2793 4563 2848 4616; x_wconf 89' lang='lat' dir='ltr'><strong>et</strong></span> <span class='ocrx_word' id='word_1_712' title='bbox 2877 4557 3223 4630; x_wconf 91' lang='lat' dir='ltr'><strong>quibusdam</strong></span> <span class='ocrx_word' id='word_1_713' title='bbox 3271 4557 3402 4614; x_wconf 87' lang='lat' dir='ltr'><strong>aliis</strong></span> <span class='ocrx_word' id='word_1_714' title='bbox 3433 4553 3744 4612; x_wconf 90' lang='lat' dir='ltr'><strong>consilium</strong></span> 
     </span>
    </p>
   </div>
   <div class='ocr_carea' id='block_1_108' title="bbox 2100 4653 3746 4728">
    <p class='ocr_par' dir='ltr' id='par_1_108' title="bbox 2100 4653 3746 4728">
     <span class='ocr_line' id='line_1_108' title="bbox 2100 4653 3746 4728; baseline -0.007 -12"><span class='ocrx_word' id='word_1_715' title='bbox 2100 4655 2938 4728; x_wconf 66' lang='lat' dir='ltr'><strong>habuimus.qualiterastutiae</strong></span> <span class='ocrx_word' id='word_1_716' title='bbox 2953 4653 3746 4712; x_wconf 86' lang='lat' dir='ltr'><strong>illmscontrairemus.Post-</strong></span> 
     </span>
    </p>
   </div>
   <div class='ocr_carea' id='block_1_109' title="bbox 2101 4746 3746 4830">
    <p class='ocr_par' dir='ltr' id='par_1_109' title="bbox 2101 4746 3746 4830">
     <span class='ocr_line' id='line_1_109' title="bbox 2101 4746 3746 4830; baseline -0.009 -15"><span class='ocrx_word' id='word_1_717' title='bbox 2101 4772 2268 4830; x_wconf 93' lang='lat' dir='ltr'><strong>quam</strong></span> <span class='ocrx_word' id='word_1_718' title='bbox 2295 4769 2434 4825; x_wconf 90' lang='lat' dir='ltr'><strong>ergo</strong></span> <span class='ocrx_word' id='word_1_719' title='bbox 2467 4754 2721 4826; x_wconf 88' lang='lat' dir='ltr'><strong>ipsejam</strong></span> <span class='ocrx_word' id='word_1_720' title='bbox 2749 4757 2990 4824; x_wconf 88' lang='lat' dir='ltr'><strong>paratus</strong></span> <span class='ocrx_word' id='word_1_721' title='bbox 3012 4755 3140 4808; x_wconf 90' lang='lat' dir='ltr'><strong>erat</strong></span> <span class='ocrx_word' id='word_1_722' title='bbox 3168 4749 3414 4820; x_wconf 88' lang='lat' dir='ltr'><strong>insignia</strong></span> <span class='ocrx_word' id='word_1_723' title='bbox 3437 4746 3746 4820; x_wconf 84' lang='lat' dir='ltr'><strong>pontifica—</strong></span> 
     </span>
    </p>
   </div>
   <div class='ocr_carea' id='block_1_110' title="bbox 2101 4848 3744 4921">
    <p class='ocr_par' dir='ltr' id='par_1_110' title="bbox 2101 4848 3744 4921">
     <span class='ocr_line' id='line_1_110' title="bbox 2101 4848 3744 4921; baseline -0.005 -10"><span class='ocrx_word' id='word_1_724' title='bbox 2101 4862 2197 4911; x_wconf 91' lang='lat' dir='ltr'><strong>tus</strong></span> <span class='ocrx_word' id='word_1_725' title='bbox 2231 4866 2548 4921; x_wconf 87' lang='lat' dir='ltr'><strong>resumere,</strong></span> <span class='ocrx_word' id='word_1_726' title='bbox 2575 4855 2633 4908; x_wconf 89' lang='lat' dir='ltr'><strong>et</strong></span> <span class='ocrx_word' id='word_1_727' title='bbox 2655 4851 2996 4907; x_wconf 90' lang='lat' dir='ltr'><strong>electionem</strong></span> <span class='ocrx_word' id='word_1_728' title='bbox 3015 4849 3268 4905; x_wconf 91' lang='lat' dir='ltr'><strong>etiamin</strong></span> <span class='ocrx_word' id='word_1_729' title='bbox 3302 4848 3430 4920; x_wconf 91' lang='lat' dir='ltr'><strong>ipso</strong></span> <span class='ocrx_word' id='word_1_730' title='bbox 3448 4848 3744 4904; x_wconf 90' lang='lat' dir='ltr'><strong>conventu</strong></span> 
     </span>
    </p>
   </div>
   <div class='ocr_carea' id='block_1_111' title="bbox 2102 4941 3745 5016">
    <p class='ocr_par' dir='ltr' id='par_1_111' title="bbox 2102 4941 3745 5016">
     <span class='ocr_line' id='line_1_111' title="bbox 2102 4941 3745 5016; baseline -0.007 -8"><span class='ocrx_word' id='word_1_731' title='bbox 2102 4950 2406 5008; x_wconf 87' lang='lat' dir='ltr'><strong>multoties</strong></span> <span class='ocrx_word' id='word_1_732' title='bbox 2427 4949 2736 5005; x_wconf 77' lang='lat' dir='ltr'><strong>refutatum</strong></span> <span class='ocrx_word' id='word_1_733' title='bbox 2758 4947 2969 5004; x_wconf 87' lang='lat' dir='ltr'><strong>iterum</strong></span> <span class='ocrx_word' id='word_1_734' title='bbox 2996 4948 3047 5002; x_wconf 91' lang='lat' dir='ltr'><strong>in</strong></span> <span class='ocrx_word' id='word_1_735' title='bbox 3070 4961 3134 5003; x_wconf 90' lang='lat' dir='ltr'><strong>se</strong></span> <span class='ocrx_word' id='word_1_736' title='bbox 3154 4951 3516 5016; x_wconf 87' lang='lat' dir='ltr'><strong>retorquere,</strong></span> <span class='ocrx_word' id='word_1_737' title='bbox 3534 4941 3745 5014; x_wconf 69' lang='lat' dir='ltr'><strong>praedi-</strong></span> 
     </span>
    </p>
   </div>
   <div class='ocr_carea' id='block_1_112' title="bbox 2100 5041 3742 5112">
    <p class='ocr_par' dir='ltr' id='par_1_112' title="bbox 2100 5041 3742 5112">
     <span class='ocr_line' id='line_1_112' title="bbox 2100 5041 3742 5112; baseline -0.007 -5"><span class='ocrx_word' id='word_1_738' title='bbox 2100 5053 2331 5107; x_wconf 91' lang='lat' dir='ltr'><strong>ctorum</strong></span> <span class='ocrx_word' id='word_1_739' title='bbox 2372 5047 2640 5112; x_wconf 89' lang='lat' dir='ltr'><strong>consilio,</strong></span> <span class='ocrx_word' id='word_1_740' title='bbox 2671 5061 2777 5102; x_wconf 91' lang='lat' dir='ltr'><strong>nos</strong></span> <span class='ocrx_word' id='word_1_741' title='bbox 2821 5049 3042 5102; x_wconf 88' lang='lat' dir='ltr'><strong>tantam</strong></span> <span class='ocrx_word' id='word_1_742' title='bbox 3076 5043 3326 5102; x_wconf 90' lang='lat' dir='ltr'><strong>hominis</strong></span> <span class='ocrx_word' id='word_1_743' title='bbox 3355 5041 3654 5098; x_wconf 89' lang='lat' dir='ltr'><strong>levitatem</strong></span> <span class='ocrx_word' id='word_1_744' title='bbox 3683 5043 3742 5096; x_wconf 89' lang='lat' dir='ltr'><strong>et</strong></span> 
     </span>
    </p>
   </div>
   <div class='ocr_carea' id='block_1_113' title="bbox 2101 5136 3747 5221">
    <p class='ocr_par' dir='ltr' id='par_1_113' title="bbox 2101 5136 3747 5221">
     <span class='ocr_line' id='line_1_113' title="bbox 2101 5136 3747 5221; baseline -0.008 -17"><span class='ocrx_word' id='word_1_745' title='bbox 2101 5145 2391 5221; x_wconf 89' lang='lat' dir='ltr'><strong>propositi</strong></span> <span class='ocrx_word' id='word_1_746' title='bbox 2413 5145 2502 5202; x_wconf 91' lang='lat' dir='ltr'><strong>sui</strong></span> <span class='ocrx_word' id='word_1_747' title='bbox 2527 5143 2976 5202; x_wconf 89' lang='lat' dir='ltr'><strong>mutabilitatem</strong></span> <span class='ocrx_word' id='word_1_748' title='bbox 2998 5142 3413 5214; x_wconf 86' lang='lat' dir='ltr'><strong>improbantes,</strong></span> <span class='ocrx_word' id='word_1_749' title='bbox 3436 5136 3747 5194; x_wconf 89' lang='lat' dir='ltr'><strong>inaudien—</strong></span> 
     </span>
    </p>
   </div>
   <div class='ocr_carea' id='block_1_114' title="bbox 2101 5235 3743 5312">
    <p class='ocr_par' dir='ltr' id='par_1_114' title="bbox 2101 5235 3743 5312">
     <span class='ocr_line' id='line_1_114' title="bbox 2101 5235 3743 5312; baseline -0.008 -12"><span class='ocrx_word' id='word_1_750' title='bbox 2101 5245 2182 5300; x_wconf 90' lang='lat' dir='ltr'><strong>tia</strong></span> <span class='ocrx_word' id='word_1_751' title='bbox 2220 5243 2474 5301; x_wconf 88' lang='lat' dir='ltr'><strong>omnium</strong></span> <span class='ocrx_word' id='word_1_752' title='bbox 2507 5257 2612 5300; x_wconf 90' lang='lat' dir='ltr'><strong>nos</strong></span> <span class='ocrx_word' id='word_1_753' title='bbox 2661 5256 3023 5312; x_wconf 88' lang='lat' dir='ltr'><strong>nequaquam</strong></span> <span class='ocrx_word' id='word_1_754' title='bbox 3057 5252 3358 5296; x_wconf 89' lang='lat' dir='ltr'><strong>assensum</strong></span> <span class='ocrx_word' id='word_1_755' title='bbox 3390 5235 3743 5309; x_wconf 65' lang='lat' dir='ltr'><strong>praebituros</strong></span> 
     </span>
    </p>
   </div>
   <div class='ocr_carea' id='block_1_115' title="bbox 2103 5334 3743 5412">
    <p class='ocr_par' dir='ltr' id='par_1_115' title="bbox 2103 5334 3743 5412">
     <span class='ocr_line' id='line_1_115' title="bbox 2103 5334 3743 5412; baseline -0.007 -13"><span class='ocrx_word' id='word_1_756' title='bbox 2103 5339 2515 5408; x_wconf 89' lang='lat' dir='ltr'><strong>diximus;nisi</strong></span> <span class='ocrx_word' id='word_1_757' title='bbox 2539 5340 2610 5397; x_wconf 89' lang='lat' dir='ltr'><strong>de</strong></span> <span class='ocrx_word' id='word_1_758' title='bbox 2635 5339 2980 5412; x_wconf 88' lang='lat' dir='ltr'><strong>quibusdam</strong></span> <span class='ocrx_word' id='word_1_759' title='bbox 3013 5342 3220 5396; x_wconf 87' lang='lat' dir='ltr'><strong>contra</strong></span> <span class='ocrx_word' id='word_1_760' title='bbox 3251 5337 3456 5393; x_wconf 82' lang='lat' dir='ltr'><strong>famam</strong></span> <span class='ocrx_word' id='word_1_761' title='bbox 3488 5346 3653 5391; x_wconf 88' lang='lat' dir='ltr'><strong>suam</strong></span> <span class='ocrx_word' id='word_1_762' title='bbox 3683 5334 3743 5388; x_wconf 91' lang='lat' dir='ltr'><strong>et</strong></span> 
     </span>
    </p>
   </div>
   <div class='ocr_carea' id='block_1_116' title="bbox 417 5439 1966 5602">
    <p class='ocr_par' dir='ltr' id='par_1_116' title="bbox 417 5442 1966 5602">
     <span class='ocr_line' id='line_1_116' title="bbox 417 5442 1966 5602; baseline 0.001 -21"><span class='ocrx_word' id='word_1_763' title='bbox 417 5525 566 5596; x_wconf 82' lang='grc'>(191)</span> <span class='ocrx_word' id='word_1_764' title='bbox 601 5523 689 5580; x_wconf 84' lang='lat' dir='ltr'><strong>Cf.</strong></span> <span class='ocrx_word' id='word_1_765' title='bbox 729 5523 866 5581; x_wconf 88' lang='lat' dir='ltr'><strong>eod.</strong></span> <span class='ocrx_word' id='word_1_766' title='bbox 904 5523 1157 5581; x_wconf 78' lang='lat' dir='ltr'><strong>Uualrici</strong></span> <span class='ocrx_word' id='word_1_767' title='bbox 1191 5525 1254 5579; x_wconf 76' lang='grc' dir='ltr'><strong>Ν.</strong></span> <span class='ocrx_word' id='word_1_768' title='bbox 1291 5525 1521 5582; x_wconf 78' lang='lat' dir='ltr'><strong>CLXVI.</strong></span> <span class='ocrx_word' id='word_1_769' title='bbox 1569 5525 1622 5582; x_wconf 92' lang='lat' dir='ltr'><strong>in</strong></span> <span class='ocrx_word' id='word_1_770' title='bbox 1656 5526 1751 5584; x_wconf 87' lang='lat' dir='ltr'><strong>SS.</strong></span> <span class='ocrx_word' id='word_1_771' title='bbox 1786 5531 1828 5584; x_wconf 93' lang='lat' dir='ltr'><strong>t.</strong></span> 
     </span>
    </p>
   </div>
   <div class='ocr_carea' id='block_1_117' title="bbox 2098 5439 2630 5602">
    <p class='ocr_par' dir='ltr' id='par_1_117' title="bbox 2098 5439 2630 5598">
     <span class='ocr_line' id='line_1_117' title="bbox 2098 5439 2630 5598; baseline -0.009 -12"><span class='ocrx_word' id='word_1_772' title='bbox 2226 5526 2270 5584; x_wconf 97' lang='lat' dir='ltr'><strong>l.</strong></span> <span class='ocrx_word' id='word_1_773' title='bbox 2313 5541 2463 5598; x_wconf 63' lang='grc' dir='ltr'><strong>χιιι,</strong></span> <span class='ocrx_word' id='word_1_774' title='bbox 2497 5541 2630 5598; x_wconf 90' lang='lat' dir='ltr'><strong>sqq.</strong></span> 
     </span>
    </p>
   </div>
  </div>
