3960 6052
179 231 293 294 flii

1411 212 1918 290 CHRONIGON.
1962 252 2040 269 -—
2091 222 2240 291 LIB.
2288 226 2362 294 II.

1996 120 2023 146 ο

3466 162 3608 289 312⁵

177 365 333 426 tanti
364 363 588 426 ordinis
602 362 967 436 dignitatem,
992 336 1125 436 qum
1145 362 1278 436 post
1297 354 1643 420 electionem
1666 369 1829 417 suam
1856 348 1915 416 A
1945 355 2055 420 bus
2078 358 2149 420 de
2178 365 2375 423 monte
2408 361 2646 424 Cassino
2678 359 3000 438 qui.secum
3023 356 3265 419 aderant
3304 357 3577 433 pracepit

177 457 355 515 nobis
383 456 453 513 de
467 471 537 513 eo
558 456 956 523 innotuerant,
986 453 1228 526 primum
1249 447 1831 509 canoniceexamina-

174 549 263 603 tio
296 547 482 602 fleret.
518 544 678 610 Quod
717 544 729 598 i
741 559 843 615 pse
877 542 1110 613 indigne
1144 542 1353 611 ferens,
1387 554 1572 611 neque
1597 537 1668 595 ad
1700 551 1832 595 exa-

178 634 557 691 minationem
589 636 923 700 venturum,
955 645 1143 701 neque
1174 629 1520 686 electionem
1562 640 1829 697 umquam

174 728 595 794 suscepturum
629 735 709 787 se,
733 721 967 792 publice
999 719 1325 789 afﬁrmavit,
1368 717 1576 790 (1087.)
1623 716 1832 785 Sicque

175 813 317 868 data
345 811 513 866 nobis
537 811 745 866 iterum
785 809 1019 864 licentia
1038 810 1109 865 ab
1146 823 1215 865 eo
1232 822 1400 876 quem
1432 805 1715 861 vellemus
1731 802 1833 859 eli-

175 915 343 972 gere,
376 898 677 956 excutiens
712 897 948 954 brachia
978 911 1101 961 sua,
1127 896 1281 968 cepit
1312 911 1341 952 a
1365 895 1533 952 nobis
1550 892 1832 949 recedere

179 1006 317 1049 cum
348 988 721 1045 Witmnndus
759 1004 827 1043 ῆι
846 986 1090 1044 consilio
1123 985 1407 1043 Ostiensis
1425 981 1689 1055 episcopi
1735 996 1834 1052 pu-

183 1080 342 1137 blice
363 1077 734 1147 exclamavit,
770 1076 1037 1133 infamem
1070 1090 1374 1148 personam
1409 1089 1518 1130 non
1547 1070 1833 1129 deberein

180 1170 518 1226 Romanum
548 1166 875 1239 pontiﬁcem
892 1165 1026 1235 eligi
1058 1165 1438 1233 velordinari,
1461 1166 1835 1219 cumconsta-

179 1262 274 1313 ret
312 1271 448 1313 cum
471 1253 1177 1312 indubitantcrinfamiam
1196 1252 1536 1317 incurrisse,
1564 1248 1833 1321 quoniam

182 1344 423 1416 quidem
445 1341 1101 1399 excommunicationcm
1130 1340 1322 1398 domni
1378 1355 1445 1411 pa
1459 1354 1540 1411 pae
1572 1336 1833 1406 Gregorii

180 1450 291 1507 per
325 1448 540 1490 annum
572 1432 863 1501 integrum
896 1432 952 1487 et
988 1430 1327 1487 continuum
1360 1433 1511 1485 eteo
1558 1426 1684 1499 plus
1712 1425 1835 1481 sine

182 1522 472 1580 canonica
506 1519 823 1592 penitentia
840 1518 1244 1576 sustinuisset.
1283 1513 1836 1584 Taliteritaquedis—

180 1611 381 1669 soluto
414 1613 728 1679 conventu,
744 1611 801 1664 et
820 1607 953 1679 quia
970 1622 1083 1663 nox
1109 1606 1468 1675 imminebat,
1494 1605 1663 1660 nobis
1680 1616 1837 1658 rece-

1944 462 2007 507 se
2037 450 2137 509 illo
2169 454 2403 527 deferri,
2438 461 2497 512 et
2525 454 2580 512 in
2614 453 2875 528 capitulo
2909 466 3022 509 non
3076 454 3136 507 ut
3192 464 3414 522 papam,
3480 448 3578 506 sed

1942 546 2005 599 ut
2038 541 2306 599 abbatem
2341 544 2600 616 sepeliri.

2014 631 2135 697 (fol.
2166 630 2331 706 133’.)
2365 634 2466 689 His
2498 647 2639 703 ergo
2672 632 2751 688 ita
2778 630 3050 702 digestis,
3096 628 3227 699 quia
3284 627 3400 698 jam
3431 624 3501 681 ad
3526 624 3580 680 id

1944 719 2201 778 locorum
2226 720 2582 791 devenimus,
2622 726 2683 777 ut
2743 720 2814 775 de
2872 717 3343 791 peregrinatione
3385 717 3581 770 nostra

1944 809 2109 866 nobis
2139 810 2422 880 agendum
2456 810 2819 882 sitJoremus
2848 809 3027 864 Deum
3062 810 3122 863 ut
3167 803 3328 862 cordi
3381 806 3583 859 nostro

1943 898 2247 954 scientiam
2273 899 2434 955 verbi
2467 898 2750 968 infundat,
2780 896 3085 968 sapientiae
3100 893 3347 964 gratiam
3377 890 3585 961 largia-

1941 990 2058 1057 tur,
2093 991 2152 1042 ut
2189 1002 2387 1044 verum
2423 988 2684 1044 dicentes
2717 1000 2827 1041 non
2860 986 3206 1041 laboremus.
3239 984 3437 1038 Annus
3459 982 3584 1036 erat

1944 1077 2017 1132 ab
2048 1077 2159 1133 inc.
2185 1077 2344 1132 Dom.
2381 1080 2536 1147 1085,
2564 1080 2619 1131 et
2654 1074 2933 1131 efferatus
2988 1074 3241 1145 impetus
3282 1069 3581 1126 Teoderici

1945 1166 2329 1222 Virdunensis
2358 1164 2615 1237 episcopi
2652 1179 2754 1236 pro
2789 1160 3151 1219 defendenda
3183 1157 3581 1215 etattollenda

1948 1256 2112 1326 parte
2144 1255 2416 1310 Witberti
2450 1252 2803 1310 Ravennatis
2834 1251 3076 1308 heretici
3125 1249 3283 1305 nullo
3337 1246 3583 1319 justitizc

1947 1341 2337 1399 moderamine
2354 1341 2804 1413 reprimebatur,
2825 1339 3131 1410 quominus
3148 1338 3303 1393 illum
3318 1339 3581 1391 sanetum

1939 1430 2163 1501 justum
2196 1430 2545 1487 catholicum
2569 1435 2628 1485 et
2661 1428 2989 1501 pontificem
3036 1429 3346 1483 Romanum
3368 1438 3584 1480 annun-

1944 1520 2148 1589 eiaret,
2183 1524 2240 1575 et
2298 1518 2763 1577 annunciandum
2794 1516 3175 1588 praeciperet:
3221 1514 3365 1570 adeo
3398 1519 3461 1569 ut
3494 1526 3585 1567 so-

1948 1607 2207 1679 lempues
2235 1624 2337 1679 pro
2361 1608 2499 1664 eoin
2527 1604 3362 1671 aeeclesiaorationesdiec-ret,
3390 1602 3495 1658 sub
3516 1615 3585 1655 eo

180 1699 467 1755 dentibus
481 1678 893 1753 remansitdux
906 1711 1034 1752 cum
1048 1711 1137 1761 eo,
1159 1700 1389 1751 retento
1410 1708 1601 1750 secum
1618 1692 1838 1747 Ostien-
1863 1708 1917 1767 Β
1948 1678 2348 1754 ordinationes
2383 1698 2621 1766 faceret,
2643 1699 2700 1751 et
2726 1693 3008 1766 quidquid
3036 1693 3186 1760 juris
3203 1694 3404 1746 sancto
3423 1703 3585 1760 papie
3628 1678 3637 1687 ’

179 1788 226 1844 si
243 1802 382 1844 cum
398 1784 619 1843 ceteris
630 1785 904 1841 Romanis
918 1783 1209 1856 episcopis
1231 1789 1364 1839 etca
1377 1778 1831 1837 rdinalibus.Ubi

183 1890 317 1932 cum
345 1874 449 1931 diu
482 1873 743 1943 rogando
774 1871 891 1928 dux
915 1872 1245 1937 institisset,
1290 1869 1652 1940 utquendam
1687 1866 1834 1921 Alfa-

80 2032 85 2039 Δ
182 1978 322 2019 num
354 1962 414 2018 in
451 1962 877 2017 Salernitanum
908 1960 1248 2032 episcopum
1279 1961 1674 2015 consecraret.
1729 1956 1832 2011 sed

184 2050 447 2108 Ostiensi
481 2048 1123 2106 contradicenteabbas
1156 2046 1516 2103 voluntatem
1535 2044 1702 2100 ducis
1755 2045 1838 2099 in-

185 2140 354 2209 plere
377 2152 495 2195 non
528 2136 1081 2207 auderet,quoniam
1102 2135 1173 2191 de
1214 2133 1682 2191 manifestissima
1725 2147 1837 2188 am-

181 2227 417 2282 bitione
446 2224 688 2282 Alfanus
702 2225 1015 2282 convictus
1045 2227 1256 2293 fuerat,
1275 2224 1391 2281 dux
1414 2222 1674 2294 graviter
1694 2221 1839 2276 indi-

183 2319 405 2385 gnatus
439 2313 689 2370 recessit
716 2313 790 2369 ab
813 2314 915 2370 eis.
954 2313 1148 2369 Abbas
1174 2311 1551 2382 igiturgratia
1595 2309 1839 2365 destitu-

186 2410 303 2474 tus,
336 2402 612 2474 quoniam
672 2405 799 2458 sine
829 2417 897 2458 eo
936 2402 1005 2458 ad
1054 2403 1370 2457 Romanum
1436 2399 1836 2471 pontiﬁcatum

182 2491 459 2563 aspirare
488 2491 860 2562 desperabat,
905 2489 1194 2561 profunda
1249 2488 1364 2559 jam
1404 2492 1577 2544 nocte
1609 2484 1838 2542 cunctis

184 2576 995 2647 dormientibuslegationem
1016 2579 1085 2633 ad
1104 2577 1308 2634 ducem
1329 2575 1716 2645 misit,sicque
1738 2574 1840 2629 du-

183 2682 252 2724 ce
294 2668 371 2723 ad
390 2666 981 2731 abbatemredeunte,
999 2668 1057 2720 et
1086 2666 1268 2720 abbas
1302 2664 1547 2735 gratiam
1563 2663 1714 2734 apud
1740 2661 1840 2718 du-

185 2769 313 2813 cem
331 2759 565 2827 utpapa
592 2754 853 2821 fieret,et
903 2768 1020 2808 nux
1055 2753 1208 2823 quod
1255 2753 1539 2823 querebat
1582 2751 1839 2823 optinuit

192 2843 662 2915 apudabbatem,
705 2846 770 2898 ut
798 2841 1038 2898 Alfanus
1088 2845 1536 2899 consecraretur
1570 2844 1838 2911 sequenti

192 2932 311 3002 die,
328 2930 613 2988 videlicet
628 2929 913 2986 dominica
929 2931 983 2984 in
1002 2930 1233 3001 palmis,
1254 2944 1323 2985 ex
1352 2935 1650 3001 praecepto
1666 2930 1842 2986 abba-

193 3021 271 3077 tis
283 3020 344 3076 id
360 3035 421 3077 se
436 3019 670 3077 cunctis
687 3020 875 3076 facere
891 3020 1399 3091 respondentibus.
1420 3018 1627 3075 Eadem
1645 3019 1841 3089 itaque

198 3108 293 3164 die
307 3123 442 3164 cum
461 3112 595 3179 post
614 3106 917 3179 prandium
936 3108 1135 3177 abbas,
1159 3109 1273 3163 dux
1289 3114 1343 3164 et
1362 3108 1652 3179 princeps,
1687 3111 1844 3163 uter-

198 3209 361 3267 quea
377 3211 580 3253 somno
599 3194 919 3251 meridiano
933 3195 1350 3265 surrexissent,
1372 3193 1492 3251 sole
1513 3193 1842 3250 declinante

195 3284 267 3340 ad
285 3283 586 3356 inferiora,
618 3287 711 3341 set
724 3284 858 3339 vino
876 3284 1112 3355 eptinen
1125 3289 1179 3340 te
1195 3283 1513 3354 superiora,
1532 3283 1672 3339 heu!
1700 3280 1841 3355 proh

195 3372 398 3429 dolor!
416 3373 598 3430 abbas
613 3387 717 3445 pro
733 3373 999 3429 mercede
1013 3372 1443 3430 nefandissimm
1457 3370 1845 3428 consecratio-

197 3461 306 3527 nis,
346 3459 535 3517 fultus
557 3460 913 3518 auctoritate
937 3460 1125 3530 ducis,
1143 3461 1455 3532 pluvialem
1475 3459 1584 3515 sibi
1607 3458 1844 3529 ipseim-

197 3548 425 3620 posuit,
454 3548 709 3605 Ostiensi
768 3552 830 3605 et
886 3549 1056 3604 nobis
1098 3548 1461 3617 inconsultis,
1505 3551 1560 3603 et
1603 3562 1843 3619 prorsus

197 3636 634 3706 ignorantibus.
654 3635 852 3694 Hisita
865 3637 1072 3707 gestis,
1087 3651 1216 3693 cum
1236 3636 1521 3693 Ostiensis
1534 3636 1844 3707 episcOpus

195 3726 511 3782 nobiscum
537 3727 680 3783 bene
705 3740 807 3798 per
831 3726 1021 3783 omnia
1038 3726 1420 3789 eucurrisset,
1445 3732 1509 3782 ut
1532 3724 1672 3781 vidit
1690 3725 1842 3795 quod

196 3813 841 3885 abbasperpotentiam
866 3813 1392 3885 principisJordani
1416 3814 1484 3869 ad
1500 3828 1845 3869 consecran-

198 3901 338 3958 dum
364 3916 429 3957 se
460 3902 694 3957 Romam
728 3901 813 3958 ire
843 3902 1203 3965 intendebat,
1258 3901 1631 3958 timensforte
1661 3916 1729 3957 ne
1753 3901 1839 3958 sui

199 3991 495 4061 dignitate
519 3991 873 4062 privaretur,
902 3991 944 4048 si
975 3992 1048 4047 ab
1071 3990 1185 4048 alio
1206 3992 1389 4063 prima
1414 4007 1616 4049 manus
1642 4006 1843 4048 conse-

199 4079 394 4135 cratio
422 4080 482 4135 et
506 4078 925 4151 imponeretur,
954 4085 1376 4135 conversusest
1402 4078 1567 4135 indie
1588 4079 1723 4134 belli
1751 4083 1839 4142 ;et

200 4168 509 4224 immemor
523 4168 712 4224 factus
730 4167 1012 4239 propositi
1030 4172 1090 4224 et
1117 4168 1282 4224 factm
1307 4168 1475 4224 nobis
1491 4168 1840 4240 sponsionis,

200 4257 356 4328 quod
393 4256 588 4313 dicere
612 4256 816 4329 pudet,
833 4272 962 4313 cum
985 4257 1194 4314 abbate
1210 4270 1406 4329 pacem
1434 4257 1666 4323 faciens,
1687 4270 1846 4312 reve-

200 4345 455 4403 rentiam
487 4346 539 4402 ei
560 4360 665 4418 per
692 4345 880 4402 omnia
905 4345 1059 4402 sicut
1079 4361 1241 4418 papae
1262 4345 1559 4418 persolvit.
1583 4345 1847 4410 Qualiter

198 4440 401 4492 autem
430 4434 521 4491 vel
547 4434 836 4505 quomodo
856 4435 1090 4490 Romam
1128 4435 1210 4490 ire
1227 4434 1519 4504 disponat,
1574 4434 1843 4504 quoniam

201 4523 752 4595 przesentiumlator
781 4526 839 4579 et
871 4523 1186 4595 peregrini,
1222 4522 1500 4593 quidquid
1541 4526 1845 4594 postquam

201 4630 231 4669 a
264 4612 437 4670 nobis
470 4616 850 4670 recesserunt
909 4626 1010 4683 per
1067 4613 1317 4682 Capuam
1355 4616 1730 4668 transeuntes
1775 4614 1848 4669 de

203 4701 547 4772 huiusmodi
579 4704 863 4773 apparatu
878 4699 1003 4755 ﬁeri
1026 4697 1317 4768 viderunt,
1343 4698 1433 4755 vel
1452 4699 1582 4755 aliis
1597 4701 1850 4757 referen-

199 4790 361 4846 tibus
404 4789 763 4858 didicerunt,
800 4787 1028 4860 plenius
1052 4788 1219 4844 vobis
1279 4790 1499 4844 referre
1546 4793 1845 4861 poterunt,

202 4878 415 4935 inutile
440 4876 831 4948 judicavimus
862 4874 1124 4932 scribere
1152 4874 1326 4947 (192.)

274 4967 381 5022 Hic
410 4965 591 5036 igitur
612 4967 998 5021 consecratus
1017 4963 1088 5019 ab
1123 4963 1690 5037 Ostiensiepiseopo,
1717 4981 1846 5023 cum

203 5055 416 5112 missas
428 5055 580 5127 apud
599 5054 868 5110 Sanctum
883 5055 1118 5110 Petrum
1138 5053 1383 5124 diceret,
1402 5055 1544 5110 infra
1561 5055 1849 5113 actionem

194 5143 420 5213 judicio
450 5143 547 5199 Dei
583 5155 902 5215 percussus
920 5145 1032 5197 est.
1051 5142 1400 5212 thuamvis
1431 5144 1622 5213 tarde,
1641 5159 1851 5215 cogno-

204 5247 379 5289 scens
411 5246 475 5288 se
490 5245 738 5301 errasse,
765 5245 826 5286 se
860 5231 986 5302 ipse
1017 5230 1305 5302 deposuit,
1351 5234 1408 5286 et
1435 5231 1641 5288 accitis
1657 5233 1852 5291 fratri-

1948 1786 2215 1856 debetur,
2249 1786 2382 1842 huic
2416 1789 2618 1841 contra
2637 1784 2734 1854 jus
2762 1787 2817 1838 et
2838 1785 2921 1838 fas
2945 1784 3017 1838 ab
3040 1780 3306 1836 omnibus
3322 1778 3587 1836 exsolve-

1947 1879 2128 1931 retur.
2167 1876 2287 1930 Non
2320 1872 2641 1946 potuitboc
2676 1871 2895 1929 diutius
2930 1871 3046 1941 pati
3074 1869 3307 1925 abbatis
3356 1864 3585 1922 Rodulil

1945 1962 2311 2034 simplicitas,
2344 1961 2588 2017 maxime
2611 1975 2741 2018 cum
2773 1961 2829 2014 in
2860 1974 2991 2015 eum
3014 1957 3267 2015 omnium
3291 1954 3586 2027 praecipue

1947 2052 2282 2127 deseviren‘t
2314 2051 2523 2121 omnia,
2570 2049 2735 2125 quasi
2770 2048 3089 2104 dolentium
3125 2046 3276 2117 quod
3308 2044 3467 2100 solus
3514 2046 3586 2098 ab

1945 2141 2031 2197 eis
2062 2139 2426 2208 dissentiret,
2450 2139 2545 2210 qui
2563 2137 2957 2196 unusillorum
2976 2142 3034 2192 et
3051 2135 3205 2191 inter
3222 2135 3583 2207 primosesse

1947 2230 2208 2300 deberet,
2241 2235 2302 2285 et
2333 2243 2486 2285 nunc
2520 2228 2588 2283 ad
2615 2227 2847 2283 illorum
2869 2224 3283 2282 contumeliam
3304 2238 3485 2279 novas
3506 2221 3583 2277 le-

1945 2332 2065 2388 ges,
2102 2332 2280 2375 novas
2311 2314 2715 2372 institutiones
2730 2317 2932 2370 contra
2966 2312 3287 2384 principem
3322 2311 3481 2381 regni
3525 2314 3581 2365 et

1949 2406 2287 2463 sacerdotes
2323 2407 2692 2476 proponeret.
2728 2404 2797 2457 Et
2831 2401 2964 2473 quia
2997 2405 3217 2457 tectum
3259 2400 3453 2455 odium
3513 2399 3585 2454 ad

1949 2498 2184 2567 apertas
2209 2492 2678 2563 jaminimieitias
2695 2489 3071 2563 procedebat,
3098 2487 3419 2544 cedendum
3446 2492 3587 2541 tem-

1950 2583 2071 2654 pori
2105 2586 2268 2639 ratus
2299 2581 2693 2638 Flaviniacum
2728 2593 2788 2636 se
2830 2577 3102 2646 contulit,
3158 2591 3285 2647 quae
3318 2579 3407 2631 est
3439 2573 3577 2631 villa

1949 2670 2153 2726 ditioni
2186 2669 2455 2726 ecclesiae
2487 2667 2883 2725 sanctiVitoni
2916 2666 3173 2735 subdita,
3201 2666 3254 2719 in
3273 2661 3581 2719 territorio

1950 2758 2202 2814 Tullensi
2236 2758 2343 2814 sita
2379 2776 2391 2813 :
2426 2762 2508 2823 ut,
2545 2754 2967 2827 aliquantulum
2992 2758 3298 2810 semotusa
3321 2751 3583 2819 civitate,

1950 2848 2288 2918 expectaret
2321 2845 2367 2900 si
2400 2844 2530 2915 quis
2546 2842 2968 2899 dareturlocus
2984 2840 3245 2909 remedii,
3274 2837 3583 2895 utillisali-

1954 2934 2295 3007 quantisper
2324 2933 2544 2989 sedatis
2576 2933 2701 3003 ipse
2726 2932 2793 2987 ad
2832 2931 3044 2987 fratres
3063 2933 3263 3001 posset
3309 2927 3541 2998 regredi
3570 2945 3583 2991 ;

1953 3024 2053 3081 sed
2085 3024 2374 3081 incassum
2410 3036 2502 3077 res
2534 3021 2833 3090 agebatur.
2869 3020 3460 3074 Tractaveratautcm
3521 3015 3591 3069 de

1953 3113 2043 3170 his
2076 3127 2260 3184 nuper
2281 3126 2411 3168 cum
2445 3110 2656 3166 abbate
2686 3105 3036 3175 Divionensi,
3070 3109 3126 3161 et
3170 3104 3401 3161 consilii
3432 3103 3591 3158 illius

1954 3200 2076 3257 haec
2110 3200 2211 3256 fuit
2246 3194 3070 3263 determinatio,vanissimum
3088 3207 3236 3261 esse,
3257 3192 3300 3247 si
3331 3207 3459 3248 cum
3479 3193 3589 3245 fra-

1953 3289 2162 3357 tribus,
2181 3290 2244 3343 ut
2260 3286 2650 3358 disposuerat,
2672 3281 3033 3356 peregrinari
3055 3279 3250 3350 vellet,
3271 3295 3401 3336 cum
3430 3294 3595 3350 aper-

1953 3383 2011 3433 ta
2035 3377 2295 3434 essetvia
2318 3373 2647 3448 periculi,si
2668 3374 2883 3429 fratres
2918 3370 3163 3442 juvenes
3205 3372 3261 3425 et
3306 3364 3588 3435 moderni,

1954 3467 2049 3537 qui
2066 3479 2133 3521 eo
2148 3470 2319 3522 tenus
2338 3463 2445 3521 sub
2463 3468 2586 3519 arta
2603 3460 2869 3518 custodia
2885 3461 2999 3515 Deo
3021 3458 3075 3515 in
3104 3456 3461 3513 monasterio
3476 3469 3597 3512 ser-

1954 3554 2200 3622 vierant,
2227 3551 2423 3609 seculo
2444 3553 2906 3622 exponerentur;
2928 3549 2983 3603 id
3010 3546 3216 3604 melius
3241 3546 3381 3615 fore,
3399 3550 3459 3601 ut
3504 3561 3597 3616 pa-

1955 3648 2046 3697 ter
2068 3641 2383 3698 simulcum
2425 3638 2925 3709 filiis,quiainsuo
2970 3650 3103 3692 esse
3167 3634 3349 3706 quieti
3397 3634 3598 3703 nequi-

1955 3731 2112 3801 bant,
2131 3728 2381 3800 aliquem
2404 3727 2592 3784 locum
2636 3725 2916 3795 religione
2958 3724 3315 3780 nominatum
3367 3727 3600 3792 expete-

1960 3818 2186 3887 rent,in
2213 3832 2326 3888 quo
2369 3818 2484 3873 Deo
2535 3830 2665 3872 cum
2705 3813 2891 3884 gratia
2935 3816 2997 3869 et
3052 3813 3248 3883 quiete
3282 3811 3593 3877 servirent,

1955 3908 2143 3963 donec
2167 3906 2417 3962 decurso
2441 3903 2640 3960 nubilo
2654 3902 2875 3958 erroris
2889 3899 3150 3971 ejusdem
3172 3898 3241 3954 ad
3259 3913 3360 3954 sua
3406 3898 3598 3954 redire

1956 3998 2215 4067 possent.
2228 3991 2451 4062 Adiecit
2471 3990 2648 4047 etiam
2664 3990 2979 4062 praedictus
2994 3988 3175 4043 abbas
3190 4000 3252 4041 se
3275 3990 3487 4057 praesto
3512 4002 3599 4040 es-

1955 4098 2017 4140 se
2033 4083 2127 4154 qui
2144 4083 2266 4138 haee
2281 4079 2399 4135 illis
2414 4094 2528 4135 non
2545 4077 2911 4148 negaret,qui
2928 4090 3037 4132 non
3058 4088 3159 4130 sua
3185 4074 3271 4129 eis
3288 4073 3474 4141 daret,
3498 4081 3599 4127 seu

1958 4186 2085 4243 quae
2119 4169 2351 4226 illorum
2382 4170 2550 4224 erant
2583 4165 2668 4221 eis
2700 4180 2829 4222 cum
2860 4164 3072 4235 gaudio
3105 4161 3598 4231 assignaret,quia

1960 4262 2106 4318 bona
2131 4256 2416 4314 aecclesiae
2431 4254 2702 4311 omnibus
2724 4252 2858 4309 filiis
2888 4251 3153 4309 ecclesia:
3182 4254 3316 4306 sunt
3347 4263 3602 4304 commu-

1960 4349 2051 4404 nia
2086 4365 2101 4413 ;
2132 4346 2535 4403 Divionensem
2574 4340 2895 4397 :ecelesiam
2938 4339 3103 4395 bonis
3154 4338 3422 4394 omnibus
3462 4337 3603 4392 assi-

1958 4441 2214 4508 gnatam,
2240 4448 2368 4505 quaa
2392 4432 2449 4486 in
2466 4418 2755 4487 ea‘essent
2779 4429 2927 4485 bona
2953 4425 3292 4498 temporalia
3313 4425 3605 4495 religiosis

1959 4525 2225 4582 omnibus
2259 4536 2371 4576 non
2398 4520 2691 4575 defutura.
2730 4516 2941 4572 Aderat
2976 4520 3035 4571 et
3064 4520 3203 4571 tunc
3245 4515 3370 4587 ipse
3411 4514 3462 4568 in
3483 4528 3606 4584 pro-

1962 4615 2114 4670 ximo
2146 4609 2295 4681 apud
2331 4607 2721 4664 Bertiniacum
2747 4605 2975 4661 scilicet
3008 4603 3249 4660 fundum
3288 4603 3474 4675 ipsius
3516 4601 3604 4655 Di-

1960 4699 2256 4760 vionensis
2287 4696 2571 4754 meelesiae
2597 4695 2651 4750 in
2693 4691 3165 4751 eodemTullensi
3194 4691 3499 4746 territorio
3532 4690 3605 4745 si-

1958 4794 2103 4859 tum,
2135 4792 2378 4859 paratus
2410 4784 2580 4839 fidem
2615 4783 2804 4837 facere
2848 4780 3172 4853 promissis,
3219 4778 3384 4847 longa
3447 4793 3600 4833 mora

1964 4877 2310 4950 praestolans
2343 4873 2653 4939 siveniret,
2689 4869 2990 4926 etcrebris
3025 4868 3253 4924 nunciis
3287 4866 3605 4921 admonens

1964 4972 2025 5024 ut
2059 4966 2282 5021 veniret
2321 4962 2511 5033 ;quo<l
2543 4966 2602 5016 et
2628 4960 2708 5030 ita
2744 4960 2953 5015 factum
2980 4963 3086 5012 est.
3115 4953 3606 5009 Vidensenimab-

1912 5066 1925 5069 “
1966 5059 2067 5112 bas
2097 5053 2385 5110 Rodulfus
2441 5065 2664 5105 omnem
2718 5046 3068 5104 reversionis
3126 5043 3234 5099 sibi
3290 5041 3605 5098 intercludi

1965 5145 2206 5213 aditum,
2241 5139 2680 5208 malisundique
2713 5133 3134 5205 multiplicatis,
3168 5132 3322 5188 venit
3376 5132 3446 5188 ad
3476 5147 3606 5187 cum

1966 5235 2035 5292 ad
2072 5231 2408 5305 prmdictam
2444 5226 2637 5282 villam
2670 5223 3078 5289 Bertiniacum,
3135 5221 3258 5292 ipsa
3285 5220 3482 5290 vigilia
3515 5234 3610 5275 an-

1798 5352 2016 5408 NOTAE.

277 5432 438 5504 (192);
464 5431 662 5504 Aliam
691 5432 945 5504 Hugonis
994 5431 1300 5504 epistolam

205 5501 575 5562 chartulario
605 5501 969 5561 Cluniacensi
1002 5501 1186 5561 edidit
1219 5501 1503 5577 d’Acbery
1534 5508 1599 5562 Il.
1637 5510 1708 5565 Κ.

1392 5436 1486 5489 ost
1511 5435 1725 5493 Urbani
1778 5441 1823 5495 II
1873 5439 2219 5496 electionem
2267 5430 2338 5487 ad
2370 5428 2697 5491 Mathildam
2748 5426 2817 5484 de
2865 5425 3068 5483 eadem
3113 5440 3175 5482 re
3222 5423 3500 5497 scriptam
3539 5439 3610 5480 ex
