3950 6048
304 266 422 330 348

1262 264 1634 328 HUGONIS
1682 262 1843 324 ABB
1868 259 2031 323 \TIS
2071 258 2758 327 FLAVINIACENSIS
2806 344 2809 349 _

3505 346 3509 351 τ
3600 268 3725 331 344

305 401 699 465 nunciationis
719 400 1051 476 Dominicaa,
1072 407 1132 463 et
1165 401 1376 463 festum
1409 401 1597 476 ipsum
1648 405 1817 460 nocte
1873 415 1966 458 ea-
1992 395 2049 461 A
2079 399 2299 459 servire
2329 401 2456 474 tibi,
2488 402 2621 475 quia
2636 401 2906 461 videbam
2930 400 3423 463 redundantemin
3449 420 3536 464 me
3551 404 3729 464 mise-

306 492 435 549 dem
467 493 681 552 ibidem
712 494 1156 553 celebravimus.
1196 497 1252 551 In
1309 492 1567 551 crastino
1640 491 1966 562 Linguonas

304 582 594 653 venimus,
625 588 685 641 et
716 584 802 640 sic
835 584 928 640 die
956 584 1136 640 tercia
1160 584 1454 640 Divionem
1481 581 1960 654 peraeeessimus,

308 671 408 727 ubi
440 672 757 730 honoriﬁce
788 677 849 729 et
877 672 1123 729 caritate
1174 671 1457 744 suscepti,
1520 668 1963 742 congregationi

312 761 657 818 monasterii
692 762 899 819 sociati
927 777 1146 819 sumus.

382 850 644 908 Delectat
679 867 784 908 nos
816 850 908 907 hic
944 850 1243 922 paulisper
1268 849 1561 905 immorari
1597 847 1963 905 meditationi

312 940 610 998 memoriae
645 940 995 997 mirabilium
1027 938 1271 1008 Domini,
1316 953 1445 1009 quae
1480 937 1614 994 fecit
1659 936 1960 993 nobiscum

313 1030 594 1086 Dominus
622 1031 793 1100 Deus,
854 1029 951 1099 qui
1002 1033 1281 1100 operatur
1325 1041 1526 1097 magna
1560 1026 1614 1082 in
1673 1041 1960 1098 pauperes

311 1132 452 1174 suos
479 1138 491 1172 :
531 1121 588 1174 ut
617 1117 1034 1174 conﬁteaturei
1071 1121 1191 1173 tota
1218 1116 1550 1173 substantia
1584 1120 1803 1185 nostra,
1827 1116 1959 1186 quia

317 1207 448 1262 fecit
483 1207 780 1263 nobiscum
814 1222 925 1262 non
962 1207 1282 1263 secundum
1319 1206 1527 1274 merita
1569 1211 1793 1275 nostra,
1858 1205 1960 1260 sed

317 1295 636 1353 secundum
669 1295 949 1353 beneficia
981 1311 1105 1353 sua.
1141 1297 1309 1352 Juvat
1341 1310 1481 1365 ergo
1506 1293 1813 1351 memorari
1837 1293 1962 1351 dul-

315 1384 539 1441 cedinis
569 1384 990 1441 misericordia":
1014 1385 1158 1454 ejus,
1183 1384 1449 1454 quoniam
1480 1385 1664 1439 bonus
1680 1388 1789 1451 est,
1823 1397 1962 1452 quo-

317 1473 470 1529 niam
503 1473 694 1530 dnlcis
725 1478 839 1544 est,
863 1475 1030 1545 cujus
1050 1474 1239 1543 gratia
1256 1472 1515 1543 gratuita
1539 1476 1646 1542 est,
1665 1471 1962 1543 eujuspie-

318 1565 408 1618 tas
439 1562 939 1634 incomparabilis,
971 1562 1374 1619 misericordia
1414 1561 1786 1625 inedicibilis,
1849 1576 1960 1630 qua

317 1651 503 1707 salvat
538 1665 640 1707 eos
671 1650 846 1707 etiam
878 1651 975 1721 qui
1011 1650 1258 1707 salutem
1289 1665 1399 1722 qua
1460 1649 1674 1706 salvari
1709 1650 1957 1705 debeant

2077 492 2391 549 riccrdiam
2426 497 2581 550 tuam
2615 495 2685 550 ad
2712 493 3018 550 delendam
3053 493 3421 566 iniquitatem
3454 511 3635 553 meam
3658 500 3726 554 et

2073 581 2516 639 confortandam
2551 582 2946 639 humilitatem
2978 598 3181 639 meam.
3203 586 3261 639 ln
3286 585 3555 643 omnibus
3609 586 3726 643 tibi

2073 671 2298 741 gratias
2330 672 2449 741 agit
2481 671 2652 729 exilis
2685 676 2742 727 et
2770 671 2961 728 inﬁma
2994 672 3293 729 humilitas
3320 678 3539 743 nostra,
3584 675 3724 746 quia

2074 774 2164 816 me
2187 774 2216 816 a
2251 760 2547 817 consortio
2567 760 3009 830 malignantium
3032 761 3323 832 eripuisti,
3347 765 3404 818 et
3421 778 3448 817 a
3478 763 3731 820 tribula-

2073 848 2333 906 tionibus
2363 864 2491 920 quaa
2516 848 2892 906 increverunt
2923 864 3099 920 super
3114 865 3316 906 servos
3343 853 3480 907 tuos
3507 852 3726 916 fratres

2073 941 2332 1008 nostros,
2370 941 2679 1009 postquam
2708 953 2739 993 a
2771 938 2940 995 nobis
2956 939 3280 995 discessum
3315 946 3426 1011 est,
3458 941 3726 1008 gratuita

2074 1027 2293 1099 pietate
2326 1026 2609 1083 liberasti.
2650 1027 3003 1099 Captienim,
3037 1042 3166 1084 cum
3191 1029 3728 1099 exprobrationeet

2072 1116 2410 1187 inproperio
2428 1117 2768 1188 conspectui
2788 1116 3172 1173 Virduuensis
3186 1116 3346 1172 illius
3362 1117 3568 1173 bestiae
3583 1133 3731 1189 prae-

2072 1206 2287 1261 scutati
2321 1209 2458 1261 sunt
2506 1209 2799 1276 quototus
2817 1209 3057 1262 senatus
3073 1205 3236 1263 urbis
3263 1211 3727 1277 eonvenerat,et

2073 1294 2235 1364 quasi
2264 1293 2372 1350 ﬁde
2405 1293 2475 1350 de
2504 1294 2748 1364 agendo,
2786 1308 2952 1364 quem
2989 1295 3519 1365 papambabcrent,
3549 1312 3726 1367 quem

2072 1396 2267 1451 regem
2298 1387 2741 1452 venerarentur,
2771 1382 3117 1453 inquisitum
3139 1388 3245 1439 est.
3285 1383 3506 1450 Quibus
3548 1384 3731 1441 silen-

2074 1469 2252 1539 tibus,
2275 1470 2619 1527 adiuaudita
2648 1485 2779 1526 mox
2796 1477 3128 1542 perrectum
3159 1477 3268 1527 est.
3295 1474 3510 1529 Textus
3550 1489 3731 1530 evan-

2070 1557 2207 1627 gelii
2243 1558 2297 1614 in
2331 1559 2522 1615 medio
2556 1558 2786 1630 positus
2814 1563 2924 1629 est,
2962 1559 3093 1615 inde
3127 1560 3260 1617 data
3291 1562 3582 1617 sententia
3619 1564 3728 1617 uta

2073 1647 2322 1703 maximo
2354 1662 2537 1717 usque
2568 1647 2639 1703 ad
2674 1648 2969 1705 minimum
2999 1664 3201 1706 omnes
3233 1650 3523 1720 jurarent,
3582 1652 3734 1707 Wit-

320 1737 638 1809 refugiunt,
674 1754 821 1809 quos
846 1743 966 1810 tua,
991 1739 1252 1809 Domine,
1276 1738 1461 1808 gratia
1486 1738 1557 1793 ad
1572 1738 1821 1795 salutem
1847 1742 1962 1792 tra-
1991 1755 2044 1815 B
2077 1735 2306 1792 bertum
2336 1740 2724 1804 cognomento
2760 1736 3111 1794 Clementem
3131 1752 3336 1810 papam
3356 1739 3731 1808 essejustum

324 1826 409 1881 hit
442 1827 620 1882 etiam
644 1826 878 1882 invitos.
905 1829 1080 1883 Tuum
1107 1831 1218 1897 est,
1253 1827 1508 1895 Domine,
1557 1841 1818 1895 regnum,
1861 1829 1961 1881 tua

319 1915 529 1984 virtus,
560 1919 655 1971 tua
693 1915 949 1987 potentia
978 1933 992 1981 ;
1029 1915 1133 1971 tibi
1166 1916 1275 1972 soli
1309 1931 1436 1972 cum
1462 1917 1635 1970 Patre
1668 1920 1721 1970 et
1743 1913 1963 1985 Spiritu

323 2007 523 2059 sancto
555 2003 740 2060 honor
773 2003 1021 2060 debetur
1037 2007 1094 2059 et
1118 2003 1324 2074 gloria,
1348 2003 1477 2060 laus
1515 2003 1878 2074 etjubilatio,
1905 2007 1965 2058 et

322 2091 597 2161 perennis
626 2091 949 2160 gratiarum
984 2092 1156 2148 actio.
1182 2093 1261 2147 Tu
1313 2108 1421 2161 me,
1476 2091 1734 2161 Domine,
1796 2090 1967 2160 hujus

321 2179 410 2235 tui
445 2180 703 2236 muneris
720 2181 1065 2252 participem
1100 2180 1312 2251 fecisti,
1349 2185 1409 2237 tu
1446 2196 1533 2235 me
1590 2178 1877 2249 refugium
1907 2182 1963 2234 et

324 2267 511 2324 aliena
545 2269 729 2339 magis
761 2274 1101 2341 querentem
1126 2273 1184 2325 et
1228 2271 1337 2326 sub
1368 2269 1565 2341 specie
1588 2267 1847 2325 discendi
1881 2281 1970 2323 sc-

323 2356 457 2413 culo
489 2356 771 2415 adherere
795 2359 1087 2416 volentem
1119 2374 1223 2430 per
1253 2372 1481 2415 servum
1502 2362 1663 2413 tuum
1698 2356 1965 2412 abbatem

327 2444 695 2504 Rodulfuma
731 2448 988 2503 vanitate
1020 2446 1203 2504 seculi
1265 2446 1635 2518 subripuisti,
1698 2450 1755 2500 et
1808 2459 1969 2515 pere-

329 2533 677 2601 grinationis
709 2535 883 2605 hujus
915 2537 1186 2592 comitem
1242 2534 1642 2601 constituisti;
1694 2531 1971 2604 multipli-

330 2637 470 2679 cans
509 2624 757 2691 gratiam
788 2630 946 2681 tuam
977 2625 1032 2679 in
1067 2639 1172 2695 me,
1209 2629 1269 2680 nt
1298 2640 1405 2679 non
1438 2639 1527 2679 me
1565 2623 1812 2679 taederet
1837 2622 1974 2677 ado-

332 2708 721 2768 lescentulum
755 2717 946 2781 notos,
972 2713 1188 2783 afﬁnes,
1225 2712 1493 2783 patriam,
1525 2716 1582 2767 et
1628 2711 1825 2766 nidum
1859 2724 1971 2780 quo

331 2798 663 2855 coalueram
692 2799 1067 2871 relinquere;
1095 2800 1265 2856 immo
1286 2801 1625 2870 gauderem,
1661 2803 1716 2855 et
1757 2798 1976 2868 gratias

334 2900 584 2957 agerem,
621 2888 903 2960 quidquid
936 2890 1276 2961 paternitati
1309 2889 1379 2945 de
1430 2904 1518 2945 me
1559 2887 1855 2957 libuisset,
1917 2889 1974 2940 et

333 2990 549 3048 corpus
593 2983 649 3034 et
703 2979 951 3035 animam
1003 2984 1303 3051 totamque
1348 2978 1534 3035 nostri
1591 2975 1976 3035 substantiam

338 3064 445 3119 tibi
501 3066 763 3136 gaudens
798 3067 1163 3137 devoverem,
1200 3072 1260 3123 et
1292 3068 1347 3123 in
1405 3071 1510 3124 tuo
1541 3065 1785 3123 servitio
1816 3065 1979 3137 quid-

2074 1828 2133 1879 et
2155 1824 2531 1895 catholicum,
2566 1826 2897 1884 Heinrieum
2931 1827 3346 1899 imperatorem
3368 1842 3397 1883 a
3430 1830 3547 1885 Deo
3592 1829 3733 1886 zele-

2075 1917 2232 1969 ctum
2263 1918 2318 1970 et
2351 1920 2696 1971 coronatum
2731 1915 2919 1986 ;quod
2941 1916 3037 1986 qui
3067 1932 3182 1973 non
3204 1917 3460 1988 fecisset,
3479 1933 3611 1975 cum
3629 1917 3733 1975 de-

2077 2002 2287 2059 decore
2318 2007 2375 2057 et
2409 2003 2717 2073 ignominia
2752 2005 3019 2061 vestibus
3050 2005 3304 2063 nudatus
3333 2007 3404 2061 ab
3430 2007 3573 2062 urbe
3608 2006 3734 2078 pel-

2075 2090 2319 2148 leretur.
2341 2094 2575 2149 Factum
2590 2097 2675 2149 est
2704 2095 2831 2165 hoc,
2853 2099 2915 2152 ut
2931 2095 3163 2164 probati
3182 2095 3471 2152 manifesti
3493 2096 3728 2152 ﬁerent.

2077 2181 2323 2235 Noverat
2353 2182 2540 2253 pietas
2571 2185 2691 2250 tua,
2717 2182 2954 2239 Domine
2984 2185 3153 2250 Deus,
3207 2198 3437 2240 servum
3482 2184 3734 2241 tuumil-

2078 2267 2195 2325 lum
2219 2270 2449 2339 Rufum,
2481 2270 2928 2328 latenteminter
2951 2271 3177 2343 lapides
3208 2273 3585 2342 margaritam
3602 2273 3729 2345 Dei,

2081 2358 2173 2427 qui
2208 2358 2517 2428 Spoliatus,
2553 2374 2750 2431 cesus,
2778 2360 3114 2431 fastigatus,
3142 2362 3494 2432 quiajurare
3510 2362 3730 2431 noluit,

2080 2462 2183 2517 per
2212 2448 2464 2504 medium
2499 2449 2659 2505 urbis
2678 2449 2929 2519 fugatus,
2955 2450 3326 2520 ignominiam
3357 2450 3554 2507 crucis
3586 2455 3730 2520 tuae,

2081 2535 2335 2603 Christe,
2370 2536 2426 2591 in
2443 2552 2689 2608 corpore
2706 2541 2943 2609 portare
2966 2548 3074 2595 non
3090 2539 3346 2595 erubuit.
3364 2538 3567 2595 Nudus
3584 2554 3732 2609 ergo

2084 2638 2136 2678 in
2162 2623 2289 2680 sola
2311 2625 2580 2681 staminia
2616 2626 3023 2698 (l93)perocto
3051 2627 3285 2693 fugatus
3301 2625 3569 2697 miliaria,
3592 2643 3728 2683 cum

2084 2726 2113 2766 a
2139 2712 2482 2781 quibusdam
2508 2714 2694 2769 servis
2726 2714 2823 2769 Dei
2857 2713 3214 2784 aliquantula
3254 2719 3416 2771 veste
3472 2716 3733 2773 donatus

2085 2804 2263 2867 esset,
2299 2801 2527 2857 tandem
2561 2802 2716 2858 venit
2750 2802 3069 2872 Divioncm,
3093 2808 3154 2858 et
3185 2819 3314 2859 cum
3353 2803 3567 2873 gaudio
3603 2819 3735 2861 sus-

2086 2893 2311 2959 ceptus,
2356 2888 2509 2945 etde
2541 2889 2741 2945 labore
2799 2890 3162 2948 refocillatus
3211 2896 3323 2948 est.
3385 2891 3739 2963 Multiplica~

2091 2977 2262 3033 batur
2286 2977 2518 3033 interim
2551 2992 2826 3035 numerus
2858 2981 3099 3035 fratrum
3116 2980 3652 3049 advenientium,et
3676 2985 3737 3037 ut

2089 3066 2398 3122 concordia
2424 3070 2481 3122 et
2497 3066 2658 3137 pacis
2674 3067 3192 3124 unanimitasinter
3214 3071 3495 3139 utrasque
3511 3073 3742 3125 turmas

341 3153 478 3223 quid
510 3134 738 3214 vvirium
797 3162 958 3214 esset
999 3134 1277 3227 juvenilis
1335 3156 1600 3227 corporis
1648 3134 1978 3226 expendere
2006 3134 2055 3196 ί)
2089 3154 2278 3210 artius
2304 3134 2663 3224 servaretur,
2687 3156 2756 3211 de
2787 3156 3179 3227 promittenda
3209 3134 3746 3214 stabili-tatemone-

340 3248 729 3316 praeoptarem
803 3240 924 3315 (fol.
1014 3246 1162 3315 134.)
1216 3244 1506 3301 Addidisti
1596 3243 1835 3315 insuper
1899 3243 1981 3299 in-

341 3330 475 3387 ﬁmo
500 3332 637 3388 mihi
693 3337 752 3389 et
784 3333 1075 3389 immerito
1105 3333 1351 3402 gratiam
1412 3336 1469 3388 et
1533 3331 1979 3388 benivolentiam

343 3418 497 3474 servi
528 3420 612 3475 tui
638 3419 868 3477 abbatis
894 3420 1281 3491 Divicnensrs,
1337 3434 1448 3491 qua
1478 3435 1612 3476 mox
1636 3424 1700 3476 ut
1730 3435 1819 3476 me
1837 3419 1981 3475 vidit

341 3509 399 3561 et
417 3508 672 3578 agnovit,
700 3509 958 3566 totumin
977 3513 1137 3580 se,te
1161 3508 1415 3579 volente,
1443 3513 1501 3563 te
1525 3511 1774 3579 favente,
1800 3513 1985 3564 trans-

344 3593 513 3663 fudit,
545 3611 789 3667 sperans
819 3601 875 3654 ct
908 3597 1158 3654 credens
1181 3602 1241 3653 ut
1276 3612 1427 3668 reor,
1474 3597 1694 3667 aliquid
1718 3596 1893 3653 bonia
1926 3600 1984 3652 te

348 3687 714 3741 manaturnm
747 3685 800 3740 in
851 3685 1033 3742 nobis.
1094 3686 1163 3741 Et
1213 3686 1431 3742 utinam
1488 3686 1640 3756 quod
1701 3687 1981 3757 speravit,

353 3771 505 3841 quod
538 3770 811 3843 credidit,
846 3773 998 3844 quod
1021 3774 1273 3844 quesivit
1290 3779 1349 3830 et
1365 3774 1602 3845 querita
1622 3778 1679 3831 te
1702 3776 1772 3830 de
1799 3775 1982 3845 nobis,

352 3859 452 3916 ﬁat
478 3868 590 3932 'per
619 3862 866 3934 gratiam
904 3866 1057 3919 tuam
1092 3864 1147 3919 in
1181 3864 1368 3933 nobis,
1405 3869 1468 3920 ut
1496 3863 1988 3934 gaudeatdepro-

352 3950 508 4007 fectu
538 3955 760 4021 nostro,
823 3965 994 4022 quem
1016 3951 1254 4008 voluisti
1281 3954 1341 4008 ut
1400 3967 1508 4009 nos
1559 3951 1830 4022 diligeret
1886 3967 1989 4022 pro

350 4054 546 4097 amore
576 4043 697 4096 tuo.
733 4038 883 4106 Quid
906 4040 1057 4097 enim
1077 4044 1202 4097 erat
1236 4040 1291 4096 in
1331 4041 1523 4112 nobis,
1584 4038 1761 4111 quod‘
1790 4044 1988 4096 tantus

347 4128 440 4186 vir
470 4132 634 4186 tanto
658 4128 924 4186 caritatis
953 4129 1163 4187 aﬁ'ectn
1188 4128 1479 4200 diligeret,
1508 4129 1618 4186 nisi
1652 4134 1771 4201 tua,
1806 4128 1990 4185 Domi-

351 4235 442 4289 ne,
501 4218 691 4289 gratia
751 4233 921 4289 quam
953 4219 1228 4290 sperabat
1260 4224 1317 4275 et
1361 4220 1707 4291 expectabat
1759 4234 1789 4275 a
1841 4220 1989 4275 tein

354 4307 564 4364 nobis?
594 4308 738 4377 Fiat,
764 4307 1022 4379 Domine,
1041 4323 1143 4378 per
1175 4309 1422 4376 gratiam
1462 4311 1618 4363 tuam
1659 4308 1992 4364 fructuosus

355 4396 682 4452 devotionis
714 4395 839 4465 ejus
870 4394 1115 4451 affectus
1145 4395 1198 4450 in
1224 4395 1412 4465 nobis,
1457 4401 1516 4452 ut
1552 4396 1787 4453 laatctur
1809 4396 1994 4454 dulcis

2093 3244 2324 3299 bantur.
2360 3242 2523 3309 Quod
2548 3245 2786 3299 verbum
2820 3244 2950 3300 ideo
2976 3244 3091 3301 illis
3130 3250 3260 3301 erat
3305 3245 3740 3316 gravissimum,

2093 3332 2224 3402 quia
2255 3332 2422 3401 quasi
2449 3332 2806 3389 abhorrebat
2823 3347 2852 3389 a
2870 3337 3052 3404 recto,
3070 3348 3139 3389 eo
3162 3334 3317 3404 quod
3368 3348 3475 3390 nec
3492 3334 3744 3405 primam

2094 3419 2261 3475 ﬁdem
2279 3420 2614 3490 infringere,
2636 3436 2740 3477 nec
2766 3423 3081 3478 secundam
3113 3421 3533 3493 professionem
3550 3423 3747 3478 facere

2094 3523 2155 3564 se
2187 3523 2377 3579 posse,
2412 3508 2570 3564 salva
2589 3508 2769 3579 prima
2786 3524 2954 3579 quam
2977 3511 3257 3579 fecerant,
3305 3524 3508 3567 sanum
3550 3509 3638 3567 cis
3662 3510 3750 3565 vi-

2095 3595 2362 3651 debatur.
2403 3595 2704 3651 Timebant
2743 3597 2894 3653 enim
2935 3597 3185 3668 primum
3222 3603 3440 3658 votum,
3496 3597 3747 3669 primam

2094 3684 2515 3754 professionem
2546 3683 2785 3754 violare,
2812 3689 2867 3740 et
2903 3685 3033 3741 ideo
3077 3686 3148 3742 de
3189 3685 3441 3743 secunda
3476 3685 3747 3741 facienda

2096 3772 2259 3828 nefas
2292 3772 2572 3842 putabant
2608 3772 2699 3827 vel
2729 3788 3054 3829 sermonem
3102 3774 3326 3840 audire,
3368 3789 3499 3830 cum
3550 3773 3607 3829 id
3659 3774 3751 3830 eis

2098 3859 2329 3916 omnino
2361 3859 2729 3917 intolerabile
2763 3862 3084 3931 videretur,
3110 3862 3526 3918 monasterium
3551 3862 3607 3917 in
3625 3876 3746 3933 quo

2098 3948 2481 4004 stabilitatem
2513 3948 2628 4004 Deo
2652 3954 2950 4019 voverant,
2987 3950 3258 4007 deserere
3281 3950 3374 4006 vel
3406 3950 3475 4007 ad
3507 3951 3746 4017 horam;

2099 4036 2254 4107 quod
2278 4036 2510 4092 omnino
2528 4034 2906 4109 abnegarent,
2942 4038 3318 4095 sisecundam
3356 4038 3745 4095 stabilitatem

2100 4125 2152 4180 in
2170 4124 2355 4181 aliena
2384 4124 2653 4182 zecclcsia
2694 4126 3009 4182 ﬁrmarent.
3062 4126 3369 4193 Quesierat
3421 4142 3599 4199 super
3638 4127 3748 4184 hac

2101 4228 2162 4269 re
2195 4213 2502 4270 consilium
2537 4214 2718 4270 abbas
2770 4214 3052 4272 Rodulfus
3082 4231 3111 4270 a
3159 4216 3627 4288 quampluribus,
3688 4219 3747 4271 et

2101 4302 2455 4359 Lanfrancus
2480 4303 2922 4359 Cantuariorum
2948 4303 3426 4377 archiepiscopus
3446 4305 3560 4361 tale
3583 4304 3635 4359 ei
3663 4320 3751 4361 re-

2104 4406 2380 4463 sponsum
2405 4391 2762 4461 reddiderat,
2781 4392 3050 4449 scribcns
3065 4393 3137 4449 ad
3151 4408 3281 4450 eum
3297 4394 3355 4449 in
3376 4395 3498 4450 haec
3524 4394 3706 4450 verba
3733 4414 3746 4449 :

356 4483 485 4553 ejus
516 4484 703 4539 anima
734 4497 910 4553 super
935 4482 1294 4552 benignitate
1314 4489 1429 4553 tua,
1464 4499 1591 4555 quae
1620 4500 1723 4541 nos
1736 4484 1863 4553 ejus
1880 4499 1994 4540 me-
2023 4478 2074 4536 D
2176 4479 3085 4553 LC'antaariaarc/iiepiscopas
3101 4481 3574 4555 Rodal/‘oabbati
3591 4482 3755 4541 sala-

360 4569 518 4640 ritis,
552 4573 1024 4649 tuacooperante
1046 4569 1235 4638 gratia
1249 4571 1585 4626 confortare
1613 4575 1671 4626 et
1695 4571 1995 4641 regeredi-

358 4663 589 4729 gnetur,
617 4661 680 4715 ut
714 4658 768 4713 in
800 4657 899 4713 illo
921 4657 1058 4713 etin
1091 4657 1257 4714 nobis
1282 4658 1679 4715 misericordia
1728 4664 1826 4715 tua
1854 4676 1999 4731 prae-

358 4749 671 4805 dicetur’et
703 4746 1140 4803 honoriﬁcetur.
1174 4747 1317 4804 Nolo
1340 4747 1491 4803 enim
1535 4748 1836 4804 beneﬁciis
1879 4749 2000 4806 tuis

359 4839 622 4908 ingratus
652 4850 801 4906 esse,
837 4834 967 4892 nolo
991 4834 1176 4907 patris
1200 4835 1371 4907 hujus
1414 4836 1716 4905 beneﬁcia,
1738 4852 1866 4908 quae
1896 4839 2000 4894 abs

359 4932 419 4984 te
452 4932 609 4996 sunt,
633 4933 751 4982 tam
782 4924 953 4996 longe
987 4926 1298 4997 projicere,
1338 4932 1397 4981 ut
1429 4930 1597 4982 extra
1618 4930 1998 4998 conspectum

364 5016 499 5072 sint.
535 5017 678 5073 Volo
710 5020 771 5073 ut
798 5017 1071 5074 frequens
1102 5014 1494 5085 illacogitatio
1514 5021 1786 5072 exerceat
1814 5021 1874 5072 et
1918 5032 2004 5073 re-

365 5108 560 5174 novet,
595 5110 982 5176 utnumquam
1006 5106 1297 5161 memoria
1321 5106 1745 5175 subducantur,
1772 5120 1900 5176 quae
1920 5106 2004 5161 ni-

367 5192 482 5250 chil
513 5193 730 5265 perdit,
768 5193 879 5249 nisi
910 5194 983 5250 ad
1013 5194 1300 5265 quodnon
1351 5208 1486 5266 sepe
1527 5193 1875 5265 respexerit.
1942 5196 2003 5248 ln

366 5281 548 5353 prima
582 5284 748 5353 parte
770 5281 941 5337 animi
976 5286 1283 5353 ponantur,
1310 5286 1372 5339 ut
1395 5297 1627 5355 semper
1665 5287 2000 5339 occurrant.

368 5369 719 5440 Delegiergo
744 5370 1107 5441 propensiori
1124 5371 1333 5429 affectu
1356 5375 1413 5428 et
1442 5370 1778 5428 ferventiori
1806 5370 2004 5427 studio

2108 4569 2590 4627 temJndicatam
2601 4569 2851 4626 estmille:
2862 4572 3011 4641 quia
3024 4571 3094 4627 de
3106 4570 3205 4627 tuo
3219 4572 3574 4629 monasterio
3593 4586 3753 4630 rece-

2107 4658 2239 4714 dere
2254 4659 2348 4715 eis
2361 4658 2455 4714 :do
2454 4660 2759 4730 promissa
2770 4658 3108 4717 stabilitate
3116 4674 3178 4716 so
3186 4660 3414 4719 [licitas
3426 4675 3582 4731 came
3593 4663 3754 4720 unde

2108 4748 2296 4804 Deam
2298 4745 2551 4818 placare
2562 4745 2752 4818 debes,
2766 4748 2907 4804 inde
2918 4762 2948 4803 ο
2943 4747 3200 4822 ferulas.
3221 4750 3432 4824 Dequo
3452 4753 3753 4809 rationm

2112 4835 2291 4892 talem
2305 4834 2561 4906 ostendo,
2580 4836 2713 4894 etin
2725 4837 3075 4894 ostendendo
3088 4851 3178 4894 me
3216 4839 3626 4912 inexemplam
3662 4839 3755 4898 sic

2110 4926 2201 4982 do.
2225 4926 2301 4982 Si
2316 4939 2418 4997 ego
2438 4928 2501 4983 ι.
2517 4940 2703 4983 manu
2703 4927 2959 4998 propria
2970 4940 3060 4982 me
3081 4927 3150 4984 do
3171 4928 3380 4999 aliquo
3394 4928 3754 4986 monasterio

2109 5029 2225 5071 non
2236 5027 2605 5073 recesswram
2605 5016 2930 5086 jarassem,
2944 5016 3205 5074 viderem
3243 5017 3441 5075 autem
3476 5016 3639 5091 quod
3668 5017 3757 5075 ibi

2112 5105 2218 5161 ani
2230 5117 2387 5161 mam
2398 5116 2587 5173 meam
2597 5118 2667 5161 sa
2674 5105 2838 5162 toan
2850 5119 2963 5161 non
2970 5119 3215 5176 possem,
3223 5106 3469 5176 exirem,
3486 5119 3592 5163 nec
3616 5120 3758 5178 pcr-

2101 5193 2240 5265 jm'i
2251 5193 2471 5250 crimen
2481 5193 2865 5251 inemo-orem.
2887 5194 3165 5259 Quicnim
3175 5196 3294 5251 Deo
3310 5195 3557 5267 propter
3569 5196 3761 5253 Deam

2114 5282 2557 5355 alligatar,non
2568 5282 2822 5340 solvitur
2833 5282 2907 5340 ab
2920 5285 3196 5354 ipso,nisi
3206 5285 3417 5343 contra
3427 5284 3625 5355 ipsum
3644 5283 3763 5343 sol-

2113 5372 2311 5429 oatar.
2333 5371 2521 5428 Porro
2537 5371 3175 5445 abipsocontraipsam
3211 5373 3616 5443 nonsoloitwr,
3652 5372 3764 5445 qui

1955 5495 2174 5551 NOTAE.

439 5565 584 5653 (192)
616 5565 798 5621 Lanea
828 5565 1081 5622 camisia.
