3950 6048
151 264 268 328 845

1382 232 1880 358 CHRONICON.
1927 298 2006 309 -
2050 260 2205 326 LIB.
2252 263 2325 325 Π.

3443 217 3573 316 346

138 399 392 475 propter
419 411 682 459 amorem
710 399 859 473 ejus,
885 399 945 458 et
968 397 1039 459 ut
1063 400 1119 458 ei
1150 398 1561 474 beueplaeeat,
1591 400 1802 473 aﬂliis
1833 402 1886 465 Α
1916 401 2031 461 chil
2057 400 2176 460 tale
2193 400 2462 471 verebar,
2487 395 2689 472 pedem
2702 391 3158 471 protendissem,
3176 385 3388 464 utquid
3404 392 3561 449 esset

147 491 494 561 discordia,
516 488 826 561 superbire,
852 490 1215 561 diﬁdeutia,
1240 491 1313 560 et,
1340 491 1410 547 ut
1428 490 1695 562 apertius
1718 489 1813 547 di-.

146 594 301 650 eam,
318 581 528 652 aﬁliis
550 578 774 636 diaboli
794 580 1022 650 migrat
1041 580 1123 637 ad
1145 579 1301 643 alios
1316 581 1513 651 pacis,
1530 578 1675 650 spei,
1693 577 1801 634 liu-

143 667 663 738 militatis,immo
688 668 860 738 ﬁlios
894 668 1025 723 Dei.
1065 669 1179 734 Qui
1229 669 1386 725 enim
1430 669 1520 725 sic
1559 665 1803 736 transit,

142 757 585 831 muefugita
605 756 740 813 sede
764 756 1001 813 diaboli
1023 757 1105 814 ad
1121 757 1315 814 sedem
1334 758 1492 814 Dei?
1525 756 1671 822 Quis
1700 769 1805 811 au-

147 848 267 904 tem
284 846 533 917 iudicet
550 845 726 901 illum
745 845 1208 918 dampuaudum,
1234 847 1341 918 qui
1366 847 1437 902 ut
1452 846 1533 901 ad
1556 844 1804 916 patrem,

144 936 220 1007 ut
242 935 329 992 ad
357 935 549 993 Deum
575 936 635 991 et
657 933 934 1003 amicum,
944 935 1130 1007 fugit
1154 935 1235 992 ad
1264 937 1457 1005 ipsum
1476 942 1501 991 ?
1524 933 1808 990 Preterea

145 1027 263 1097 qui
292 1023 387 1082 sic
411 1024 654 1093 transit,
679 1037 797 1081 nou
816 1022 889 1081 ab
908 1025 1174 1081 (ecclesia
1196 1023 1279 1081 ad
1298 1022 1622 1081 ecclesiam
1646 1022 1808 1078 trau-

142 1114 253 1169 sit.
277 1114 418 1170 Non
437 1113 584 1170 sunt
585 1113 795 1183 plures
816 1113 1109 1181 ecclesia,
1125 1112 1230 1169 sed
1256 1126 1378 1168 uua
1405 1111 1496 1168 est
1522 1111 1638 1167 toto
1670 1109 1806 1166 orbe

144 1200 411 1273 difusa,
425 1200 599 1257 etuui
620 1202 741 1257 Deo
762 1200 983 1271 ubique
1002 1201 1280 1269 servitur,
1299 1200 1405 1256 uui
1428 1199 1558 1270 regi
1580 1197 1808 1254 milita-

146 1290 252 1345 tur
265 1290 391 1355 (fol.
414 1288 571 1360 134’).
591 1289 901 1346 Postrema
911 1289 1154 1347 sanctus
1174 1288 1552 1356 Beuedictus,
1571 1288 1808 1358 quieta-

144 1377 456 1434 bilitatem
466 1377 1033 1448 pracipitﬁrmare,
1058 1376 1411 1434 monac/ium
1432 1375 1507 1433 ab
1550 1376 1654 1432 illo
1694 1389 1809 1431 mo-

142 1467 423 1523 nasterio
445 1466 527 1522 ad
537 1466 712 1523 aliud
722 1464 1475 1537 venientemsuscipijubet,
1492 1464 1563 1535 et,
1580 1465 1635 1521 si
1650 1463 1808 1521 bona

142 1556 290 1612 vita
293 1554 524 1629 fuerit,
549 1556 619 1610 ut
646 1554 1043 1612 stabilitatem
1073 1554 1551 1619 firmetsuaderi.

226 1643 396 1699 Hiset
417 1642 548 1698 aliis
561 1642 1005 1714 quampluribus
1019 1642 1423 1714 probabilibus
1436 1641 1804 1712 argumentis

1918 506 2314 564 agnoscerem,
2340 490 2492 547 collo
2519 492 2793 561 protenso
2825 484 3009 541 hianti
3044 498 3143 540 ore
3178 496 3429 538 morsum
3463 479 3565 537 mi-

1917 587 2089 641 natus
2120 586 2232 640 est.
2270 583 2408 636 Cum
2441 580 2809 647 clamassent,
2837 580 2894 630 et
2926 573 3169 645 gradum
3204 573 3366 625 retro
3398 568 3563 626 tulis-

1916 689 2035 731 sem
2054 675 2249 744 ;jussu
2273 672 2401 741 ejus
2425 670 2584 741 prior
2609 666 2949 734 adveniens,
2969 661 3114 735 pede
3132 658 3323 731 capite
3337 656 3564 714 colubri

1915 766 2325 833 conquassato,
2379 765 2666 837 mortuum
2721 753 2987 827 projecit,
3024 749 3310 806 clamante
3362 744 3566 801 eodem

1916 854 2043 910 viro
2069 854 2259 919 beato,
2277 853 2332 904 et
2358 849 2617 904 dicente:
2649 844 2875 910 Occide,
2895 841 2985 898 sic
3010 837 3306 895 moriatur
3327 846 3566 905 serpens

1916 943 2024 1014 qui
2051 940 2384 1000 insidiatur
2413 935 2606 996 saluti
2621 933 2858 1008 fratris
2880 929 3158 1001 H-ugouis
3177 934 3196 981 !
3222 939 3308 980 me
3333 936 3565 1014 quoque

1919 1011 1973 1088 in
1996 1032 2173 1088 corde
2196 1027 2573 1093 assentiente,
2590 1029 2649 1081 et
2672 1023 2935 1079 dicente:
2959 1016 3216 1089 Sic/lat,
3234 1026 3421 1071 ameu.
3442 1011 3567 1067 Sta-

1920 1122 2042 1189 tim,
2076 1122 2209 1175 Jesu
2244 1120 2411 1187 bone,
2447 1119 2506 1172 ut
2541 1115 2648 1169 hoc
2688 1112 2740 1165 in
2775 1109 2951 1166 corde
2995 1121 3120 1162 meo
3175 1102 3561 1160 deliberatum

1917 1214 2003 1265 est
2028 1188 2087 1263 et
2112 1222 2429 1273 assensum,
2450 1201 2697 1260 dulcedo
2722 1206 2817 1255 tua
2844 1199 2898 1252 in
2928 1211 3013 1251 me
3040 1194 3131 1265 pie
3159 1188 3478 1263 convaluit,
3504 1190 3560 1242 et

1918 1298 2074 1354 sensi
2108 1310 2359 1352 amorem
2396 1298 2555 1350 tuum
2588 1288 2749 1361 quasi
2797 1284 3124 1342 extinxisse
3162 1281 3216 1335 in
3250 1294 3337 1334 me
3372 1276 3560 1331 omnia

1918 1399 2131 1441 venena
2168 1383 2478 1454 serpentis,
2514 1395 2641 1450 quae
2676 1391 2763 1432 me
2813 1378 2882 1431 ab
2923 1370 3194 1444 inplenda
3227 1364 3562 1454 obedientia

1919 1451 2300 1545 professionis
2320 1469 2605 1542 inplendae
2633 1464 3045 1537 impediebant.
3071 1457 3217 1525 Quid
3243 1469 3398 1545 mora
3420 1453 3442 1507 ?
3468 1451 3562 1507 die

1917 1543 2119 1619 eodem
2154 1560 2413 1617 sentiens
2446 1559 2532 1615 vir
2567 1556 2842 1628 praefatus
2873 1566 2976 1608 cor
3006 1553 3268 1604 nostrum
3316 1543 3563 1597 inmuta-

1919 1656 2061 1721 tum,
2084 1656 2141 1706 tc
2165 1656 2225 1706 ut
2249 1648 2424 1705 credo
2450 1645 2771 1717 inspirante
2793 1640 2982 1697 solum
3008 1651 3095 1692 mc
3115 1646 3426 1721 aggressus
3448 1632 3559 1721 est,

143 1736 206 1787 et
246 1731 579 1788 rationibus
601 1731 830 1801 muniti,
860 1734 1154 1802 praecepto
1183 1731 1365 1802 patris
1389 1729 1475 1786 sui
1508 1730 1805 1799 obtempe-

1940 1747 1978 1796 ll.
2008 1716 2137 1795 cum
2171 1737 2348 1794 multa
2385 1736 2454 1792 de
2489 1716 2863 1804 simplicitate
2899 1731 2955 1784 et
2998 1720 3285 1821 modestia
3329 1716 3564 1824 abbatis

146 1824 378 1890 rantes,
406 1819 638 1890 quidam
672 1819 1055 1877 stabilitatem
1088 1819 1355 1875 ecclesiae
1388 1816 1721 1874 Divionensi
1746 1817 1802 1872 in

147 1908 479 1979 praesentia
516 1908 698 1980 patris
731 1908 1065 1965 monasterii
1119 1907 1364 1978 professi
1417 1910 1549 1962 sunt
1582 1911 1639 1962 et
1672 1908 1804 1961 obe-

147 1996 441 2052 dientiam
469 2017 485 2061 ,-
520 1997 754 2067 quidam
788 2002 980 2052 autem
1013 1996 1451 2064 dubitaverunt,
1486 1998 1543 2051 et
1577 1993 1806 2064 adquie-

146 2100 329 2142 scere
365 2090 427 2141 ut
458 2086 877 2157 profiterentur
927 2086 1257 2141 noluerunt.
1294 2086 1410 2153 Ego
1461 2098 1637 2153 eram,
1671 2084 1806 2137 Jcsu

147 2175 332 2242 bone,
359 2173 430 2230 de
454 2174 862 2231 dubitantibus
886 2189 1051 2243 unus,
1075 2189 1203 2230 cum
1228 2176 1325 2228 tua
1355 2173 1538 2243 pietas
1562 2186 1664 2243 per
1688 2186 1809 2226 ser-

147 2277 293 2319 vum
322 2265 486 2318 tuum
511 2262 781 2318 abbatem
815 2266 1075 2318 nostrum
1110 2261 1379 2330 mibijam
1406 2259 1804 2331 praecepisset,

147 2356 220 2407 ut
240 2349 401 2406 fideli
426 2354 550 2419 tuo,
568 2350 660 2406 cui
683 2351 1117 2421 complacuerat
1141 2349 1187 2405 si
1200 2350 1249 2405 bi
1278 2349 1329 2403 in
1358 2363 1445 2403 me
1461 2348 1644 2403 anima
1660 2346 1806 2415 ejus,

145 2438 457 2495 cotidiana
487 2439 827 2495 adhcrerem
867 2438 1143 2493 instantia
1182 2457 1193 2492 :
1230 2451 1576 2507 quamquam
1610 2437 1666 2490 et
1703 2436 1808 2490 hoc

148 2528 283 2599 ipse
308 2527 598 2597 timerem,
618 2541 752 2597 quia
777 2526 883 2582 viri
910 2526 1273 2593 modestiam,
1300 2526 1576 2596 pietatem
1601 2527 1657 2578 et
1686 2522 1811 2579 dul-

148 2616 426 2672 cedinem
459 2630 572 2671 non
606 2630 878 2671 noveram
911 2634 923 2671 :
959 2615 1127 2684 cujus
1159 2614 1297 2669 licet
1334 2628 1569 2668 nossem
1601 2611 1813 2667 sancti-

150 2709 369 2773 tatem,
396 2704 731 2760 reverebar.
758 2705 827 2758 Et
852 2708 1039 2759 tamen
1066 2702 1414 2758 adherebam
1439 2702 1487 2756 ei
1517 2702 1586 2756 de
1619 2700 1808 2769 longe,

153 2796 221 2847 et
246 2791 671 2861 benignitatem
690 2791 816 2862 ejus
838 2791 1165 2863 multopere
1183 2791 1471 2859 sitiebant,
1490 2789 1623 2859 quia
1650 2787 1814 2844 bonis

155 2894 378 2937 coesse
413 2884 472 2934 et
503 2880 841 2936 cohabitare
868 2878 1297 2945 desiderabam,
1325 2878 1477 2949 quod
1501 2880 1685 2933 totum
1711 2878 1814 2931 abs

155 2972 224 3023 te
269 2971 422 3037 erat,
456 2967 685 3023 domine
735 2970 896 3024 Jesu.
932 2968 1268 3023 Venabatur
1320 2966 1417 3021 ille
1462 2964 1815 3021 discretione

161 3055 495 3127 praecipua,
522 3059 583 3111 ut
612 3056 842 3125 peritus
872 3069 1104 3125 auceps,
1131 3054 1373 3110 animam
1401 3068 1602 3123 meam,
1624 3066 1818 3108 mune-

1918 1828 2103 1885 nostri
2139 1828 2497 1898 perorasset,
2531 1821 2776 1894 quedam
2807 1817 2982 1874 etiam
3042 1813 3113 1869 de
3169 1804 3559 1898 inreverentia

1918 1893 2197 1974 nostraet
2224 1893 2560 1986 pertinatia,
2578 1925 2687 1981 qua
2713 1908 2952 1964 obedire
2978 1901 3124 1975 patri
3149 1893 3444 1970 spirituali
3473 1910 3560 1948 re-

1920 1985 2299 2075 fugiebamus,
2320 1995 2980 2074 replicuisset,(lcducta
3007 1993 3061 2047 in
3088 1987 3339 2044 medium
3364 1985 3564 2075 aucto-

1920 2069 2095 2150 ritate
2155 2069 2557 2162 regnum-qua)
2615 2084 2878 2159 prmeipit
2939 2076 3330 2137 obediendum
3384 2069 3561 2162 patri,

1918 2182 2147 2239 etiamsi
2172 2160 2317 2253 ipse,
2337 2160 2490 2251 quod
2515 2176 2695 2234 absit!
2724 2174 2895 2229 aliter
2916 2172 3068 2238 agat.
3091 2179 3196 2222 nec
3219 2176 3349 2219 esse
3374 2160 3569 2253 discu-

1917 2271 2177 2326 tiendum
2197 2249 2279 2325 ide
2312 2249 2644 2325 obedientia
2671 2284 2681 2318 :
2711 2262 2846 2318 vicit
2876 2276 2984 2328 me,
3003 2258 3212 2323 fateor,
3244 2249 3568 2308 auctoritas

1918 2360 2123 2429 viri,et
2149 2359 2236 2415 vis
2254 2358 2565 2413 verborum
2590 2352 2816 2409 ratione
2840 2354 2898 2404 et
2922 2345 3277 2403 auctoritate
3290 2337 3557 2403 subnixa,

1921 2448 2064 2504 illud
2097 2448 2291 2515 etiam,
2328 2444 2461 2515 quia
2494 2448 2550 2498 te
2597 2442 2916 2512 praestante
2956 2430 3191 2489 veritati
3236 2437 3562 2515 repugnare

1922 2537 2206 2592 nolebam.
2243 2514 2303 2589 In
2336 2514 2603 2588 omnibus
2632 2528 2760 2597 tibi,
2798 2527 2944 2581 bone
2972 2523 3130 2587 Jesu,
3162 2514 3385 2588 gratias
3431 2526 3559 2581 ago,

1885 2613 1891 2619 ’
1923 2625 2055 2695 quia
2088 2622 2397 2695 protexisti
2422 2634 2510 2675 me
2536 2636 2549 2685 ;
2577 2616 2707 2688 quia
2733 2615 2838 2672 sub
2860 2612 3061 2669 umbra
3085 2606 3307 2664 alarum
3335 2608 3563 2695 tuarum

1927 2687 2121 2768 fovisti
2175 2726 2283 2782 me,
2336 2717 2391 2765 et
2441 2707 2628 2778 gratia
2680 2715 2977 2760 servorum
3024 2703 3258 2753 tuorum
3308 2687 3563 2782 fidelium

1925 2801 2157 2857 donasti
2195 2776 2300 2856 me.
2338 2776 2539 2868 Itaque
2569 2809 2638 2850 eo
2668 2792 3014 2858 deducente,
3041 2782 3237 2841 abbati
3270 2783 3471 2836 nostro
3495 2776 3567 2831 de

1924 2889 2242 2961 pertinacia
2271 2885 2553 2953 satisfeci,
2580 2889 2635 2939 et
2663 2883 2716 2937 in
2750 2878 3010 2936 crastino
3030 2868 3348 2961 praeceptis
3368 2878 3565 2922 eorum

1926 2956 2176 3034 obedivi.
2207 2979 2316 3032 Per
2338 2974 2529 3030 omnia
2562 2969 2928 3027 benedictum
2960 2976 3166 3018 nomen
3195 2956 3395 3029 gloriae
3429 2959 3565 3019 tuae,

1928 3066 2026 3136 qui
2046 3064 2307 3137 disponis
2331 3062 2520 3119 omnia
2545 3061 2599 3115 in
2624 3052 3071 3127 tranquillitate.
3090 3051 3323 3113 Precor,
3342 3040 3569 3137 domine

165 3144 345 3200 Tibus
376 3143 724 3214 qnibUSdam
756 3149 814 3199 οἱ
849 3143 1152 3199 affectione
1183 3142 1541 3210 Πιυηίιηοίίθν
1577 3120 1704 3211 (illa?
1737 3143 1820 3195 ιδ·
1850 3120 1897 3183 C
1926 3120 2084 3224 iesu,
2120 3120 2231 3208 non
2268 3166 2355 3207 me
2389 3162 2664 3207 secernas
2695 3159 2726 3201 a
2762 3120 2999 3199 numero
3031 3143 3091 3194 et
3122 3130 3420 3193 consortio
3450 3142 3571 3223 ser-.-

161 3246 299 3288 men
339 3231 638 3301 religionis
668 3231 1028 3303 propositum
1077 3246 1189 3286 non
1228 3230 1605 3298 excederent,
1640 3230 1821 3285 attra-

160 3317 363 3375 hendo
383 3323 441 3375 et
467 3320 632 3390 quasi
657 3319 1044 3390 inlaqueando
1071 3318 1437 3375 devotionem
1465 3332 1668 3387 meam,
1693 3331 1819 3386 quae

164 3406 473 3477 aliquanta
506 3411 632 3464 erat
662 3422 799 3477 erga
834 3407 993 3464 illum
1023 3407 1160 3468 :sed
1186 3423 1389 3463 rursus
1424 3406 1693 3461 timebam
1726 3405 1823 3459 ho-

167 3496 387 3551 minem
448 3510 615 3566 quem
678 3510 787 3551 non
846 3511 1141 3566 noveram,
1204 3510 1548 3566 quamquam
1598 3494 1714 3563 jam
1770 3493 1823 3548 ei

170 3588 391 3654 pectus
439 3587 701 3640 nostrum
746 3584 1123 3656 aperuissem,
1162 3591 1217 3640 et
1267 3584 1457 3639 omnia
1501 3583 1704 3638 animm
1739 3595 1825 3636 se-

169 3677 342 3728 creta
379 3673 749 3730 retexissent.
778 3673 924 3740 Quid
949 3677 1097 3743 erat,
1123 3672 1349 3728 domine
1378 3675 1537 3741 Jesu,
1564 3671 1617 3725 in
1651 3669 1826 3725 corde

174 3760 345 3817 illius
375 3761 567 3818 fidelis
598 3762 725 3818 tui?
759 3761 906 3828 Quid
937 3767 1084 3832 erat,
1112 3776 1241 3817 cum
1275 3776 1361 3815 me
1396 3760 1472 3815 ita
1504 3759 1826 3814 dimitteret

173 3848 470 3906 voluntati
486 3849 833 3921 propriie,ut
847 3850 1020 3906 etiam
1038 3848 1269 3921 publice
1286 3849 1646 3920 prohiberet,
1664 3845 1828 3917 quid-

175 3937 319 4007 quid
343 3937 617 4007 facerem,
635 3938 916 4008 quidquid
936 3937 1211 4007 dicerem,
1229 3952 1300 3992 ne
1317 3937 1447 4007 quis
1463 3935 1822 4006 objurgaret,

176 4040 248 4080 ne
282 4025 417 4096 quis
448 4025 639 4081 saltim
673 4026 727 4081 in
761 4025 1036 4099 eapitolio
1069 4025 1414 4081 reclamaret
1439 4026 1462 4077 ?
1486 4022 1633 4090 Quid
1676 4028 1823 4094 erat,

174 4128 311 4170 cum
339 4113 556 4170 cotidie
590 4114 752 4185 quasi
784 4114 1031 4186 pedibus
1076 4114 1200 4183 ejus
1252 4113 1659 4185 procumbens,-
1692 4125 1825 4166 cum

169 4200 292 4270 jam
325 4201 489 4273 quasi
525 4206 768 4259 venatus
795 4218 1006 4274 essem,
1042 4217 1269 4258 orarem
1304 4205 1361 4258 ut
1399 4216 1485 4257 me
1517 4198 1828 4270 reprelien-

177 4289 349 4347 deret
372 4295 432 4346 et
456 4290 755 4362 edoceret,
772 4296 831 4347 et
858 4291 979 4363 ipse
1004 4306 1091 4347 me
1116 4290 1281 4361 quasi
1306 4288 1640 4361 repelleret,
1657 4291 1827 4358 etop-

179 4377 405 4436 tionem
438 4378 604 4435 daret
638 4383 701 4436 ut
731 4378 1013 4451 quidquid
1046 4378 1251 4435 vellem
1284 4380 1576 4435 facerem?
1607 4378 1671 4432 Et
1708 4375 1824 4449 jam

1928 3213 2129 3296 voruin
2167 3244 2419 3308 tuorum,
2455 3236 2551 3307 qui
2600 3229 3040 3301 dereliquerunt
3097 3221 3339 3294 gloriam
3372 3213 3567 3308 mundi

1931 3346 2061 3387 cum
2095 3329 2218 3386 suis
2250 3304 2787 3388 oblectationibus;
2820 3318 2952 3389 quia
2981 3320 3040 3371 et
3070 3328 3199 3383 ego,
3231 3322 3363 3365 cum
3394 3310 3458 3361 tu
3490 3304 3572 3358 in-

1932 3420 2223 3491 Spirasses
2251 3417 2415 3473 cordi
2441 3429 2587 3483 meo,
2613 3409 2874 3468 seculum
2907 3410 2964 3461 et
2999 3418 3125 3474 quas
3156 3400 3283 3475 ejus
3316 3397 3451 3453 sunt
3475 3408 3572 3490 vo-

1933 3480 2160 3563 luntate
2210 3480 2644 3577 promptissima
2678 3494 2985 3571 postposui
3020 3497 3075 3548 et
3110 3493 3424 3562 postpono,
3458 3480 3575 3537 ani-

1933 3612 2079 3653 mam
2104 3601 2160 3652 et
2186 3576 2402 3666 corpus
2425 3607 2611 3649 meum
2642 3589 2750 3644 tibi
2780 3584 3013 3642 domino
3044 3582 3180 3649 Deo,
3206 3579 3360 3666 teste
3381 3576 3438 3629 et
3461 3584 3574 3626 me-

1936 3685 2181 3742 diatrice
2212 3665 2380 3741 beata
2414 3680 2607 3749 Maria,
2634 3676 2841 3734 devovi
2860 3678 2919 3729 et
2938 3685 3141 3739 voveo,
3168 3671 3224 3722 et
3247 3665 3305 3720 in
3326 3665 3429 3719 tuo
3454 3675 3575 3717 scr-

1934 3775 2079 3832 vitio
2108 3772 2286 3830 emori
2333 3774 2615 3843 praeopto,
2652 3766 2783 3837 quia
2811 3762 2920 3819 tibi
2952 3758 3175 3817 servire
3209 3752 3576 3843 regnare-est.

1937 3863 2057 3933 (fol.
2092 3864 2229 3934 135).
2258 3838 2537 3918 Mortitiea
2570 3858 2624 3912 in
2659 3870 2767 3924 me,
2804 3850 3060 3917 Domine,
3096 3841 3379 3917 quidquid
3430 3838 3572 3934 illud

1934 3930 2024 4009 est
2047 3930 2203 4022 quod
2226 3965 2411 4020 neque
2430 3948 2576 4004 cibis
2595 3958 2781 4015 neque
2804 3936 3113 3997 sacrificiis
3139 3938 3337 4022 aptum
3369 3933 3482 4022 est,
3516 3930 3574 3981 et

1936 4042 2004 4098 da
2026 4016 2182 4097 Patri
2213 4016 2415 4095 nostro
2445 4050 2614 4092 servo
2650 4038 2747 4089 tuo
2777 4027 2979 4086 abbati
3007 4019 3337 4080 Divionensi
3379 4016 3574 4072 videre

1936 4145 2062 4201 quin
2086 4130 2248 4200 optat
2272 4127 2343 4182 de
2361 4124 2559 4189 nobis;
2584 4124 2645 4177 ut
2678 4116 2934 4177 lauderis
2966 4114 3022 4169 in
3044 4112 3180 4201 ipso
3209 4111 3267 4201 et
3302 4106 3356 4160 in
3382 4102 3572 4201 nobis,

1936 4192 2033 4291 qui
2064 4192 2140 4276 es.
2160 4223 2386 4289 potens,
2412 4211 2722 4283 gloriosus,
2751 4200 3111 4263 admirabilis
3140 4203 3197 4254 et
3231 4192 3573 4252 benedictus

1935 4310 1992 4364 in
2020 4307 2295 4379 operibus
2323 4303 2457 4360 tuis.

2008 4368 2196 4465 (A-nno
2227 4396 2298 4450 ab
2331 4393 2442 4447 inc.
2478 4392 2634 4444 Dom.
2674 4385 2856 4457 1088.)
2888 4381 3071 4453 Igitur
3102 4377 3194 4433 liis
3226 4372 3324 4445 qui
3357 4368 3575 4427 residui

184 4467 611 4538 professionem
645 4468 912 4538 feceram,
949 4468 1020 4524 ad
1049 4483 1217 4539 quam
1253 4466 1573 4523 faciendam
1604 4463 1707 4519 tali
1738 4478 1827 4519 ra—
1852 4471 1909 4536 D
1938 4463 2102 4543 erant
2138 4485 2206 4541 ad
2232 4481 2614 4540 obediendum
2640 4473 2957 4543 inclinatis,
2982 4483 3113 4527 cum
3137 4467 3191 4522 in
3216 4476 3358 4536 pace
3380 4465 3438 4518 et
3461 4474 3578 4515 ιηο-

180 4555 343 4612 tione
375 4555 591 4613 ductus
621 4572 765 4612 sum.
805 4559 950 4613 Casu
975 4557 1047 4611 de
1070 4555 1331 4612 claustro
1352 4554 1670 4623 veniebam,
1697 4567 1826 4608 cum

184 4643 315 4716 ipse
344 4645 579 4701 sederet
615 4644 669 4700 in
701 4645 1054 4702 consistbrio
1102 4660 1224 4711 suo,
1262 4649 1319 4699 et
1365 4643 1570 4699 videns
1614 4655 1720 4711 me,
1758 4641 1828 4697 de

185 4733 559 4805 professione
593 4748 823 4790 monere
854 4733 1029 4805 cepit.
1064 4734 1182 4803 Ego
1223 4732 1422 4787 audito
1474 4729 1625 4801 quod
1675 4728 1831 4784 nole-

188 4822 343 4892 bam,
378 4821 608 4892 erubui,
635 4826 686 4878 et
710 4822 954 4892 gradum
986 4820 1267 4891 repressi;
1294 4836 1423 4876 eum
1456 4834 1591 4875 cccc
1625 4817 1834 4874 colum-

187 4925 317 4981 pnae
350 4908 557 4979 ligneae
595 4911 970 4981 apprOpians,
990 4909 1292 4966 colubrum
1315 4908 1524 4964 offendi
1549 4906 1702 4977 spira
1729 4920 1834 4960 sua

187 4998 530 5056 inrotatum.
571 4998 691 5069 Cui,
727 5015 857 5055 cum
892 4998 1159 5055 nesciens
1191 4997 1325 5068 quid
1376 4999 1553 5064 esset,
1590 4994 1721 5065 quia
1756 4992 1837 5047 ni-

264 5208 286 5227 ‘
309 5205 457 5261 Hac
480 5203 549 5260 de
568 5202 731 5262 obitu
755 5202 1033 5275 Gregorii
1066 5204 1187 5261 VII
1222 5202 1506 5275 leguntur
1541 5200 1607 5256 iu
1644 5199 1841 5275 codice

190 5274 391 5334 Musei
428 5275 781 5333 Britannici
820 5271 979 5333 inter
1021 5271 1401 5332 C’ottouiauos
1441 5273 1596 5329 Nero
1638 5272 1700 5327 (ι’.
1780 5271 1834 5324 V.

193 5345 581 5418 membr._sac.
598 5345 692 5418 X1
706 5346 1143 5418 eaeuntisfol._t
1164 5364 1188 5418 _:
1211 5366 1237 5396 «
1262 5342 1539 5418 Volumus
1564 5356 1667 5397 vos
1689 5341 1840 5418 scire

198 5418 296 5489 qui
316 5415 756 5489 :ecclesiasticae
780 5431 919 5473 cure
941 5411 1176 5489 solliciti
1199 5414 1538 5489 estis,quo_d
1563 5411 1843 5489 apostoli-

199 5482 306 5547 cus
329 5486 750 5544 Hiltebrandus
772 5487 991 5544 nuncin
1005 5487 1285 5545 extremis
1299 5482 1504 5541 suisad
1528 5498 1591 5539 se
1604 5482 1843 5539 vocavit

205 5574 381 5617 unum
402 5557 476 5614 de
499 5557 805 5617 duodecim
825 5558 1219 5616 cardinalibus
1248 5571 1415 5629 quem
1450 5553 1693 5613 multum
1715 5552 1844 5609 dili-

1941 4577 2125 4632 destia
2156 4571 2336 4644 quieti
2373 4568 2620 4641 spiritus
2650 4566 2766 4620 Deo
2800 4564 2871 4618 ab
2911 4557 3180 4616 omnibus
3231 4551 3573 4644 serviretur,

1939 4680 2076 4721 ecce
2108 4638 2349 4733 repente
2380 4638 2450 4714 de
2483 4655 2646 4711 obitu
2672 4667 2832 4725 ptisz
2853 4645 3113 4717 Gregorii
3134 4644 3229 4698 νυ
3256 4638 3466 4733 nuncio
3484 4650 3579 4733 ve-

1940 4753 2135 4809 niente
2158 4724 2215 4815 ’.ς
2243 4749 2482 4805 fratrum
2509 4743 2801 4816 praecipue
2830 4738 3007 4795 corda
3036 4733 3272 4790 turbata
3297 4732 3452 4794 sunt,
3479 4724 3580 4779 do-

1940 4841 2180 4897 lentium
2216 4835 2632 4893 desolationem
2667 4833 2881 4886 sancta}
2921 4825 3022 4881 Dei
3067 4820 3352 4886 ecclesia),
3389 4828 3580 4886 quam-

1946 4944 2114 5001 quam
2146 4923 2621 4995 congaudendum
2654 4918 2736 4973 illi
2770 4916 3009 4983 scirent,
3046 4925 3214 5001 quem
3248 4905 3450 4963 multis
3480 4901 3581 5001 tri-

1949 4996 2344 5074 bulationibus
2391 5012 2693 5085 probatum
2745 5019 2850 5062 suo
2895 5004 3010 5074 jam
3060 4996 3330 5054 Dominus
3360 4996 3583 5065 gremio

1948 5197 2120 5266 gebat
2154 5207 2255 5264 pre
2275 5190 2529 5266 caeteris,
2550 5192 2605 5266 et
2630 5183 3043 5266 confessusest
3066 5172 3590 5266 omnipotenti-Deo

1950 5248 2013 5323 ἕξ
2031 5248 2248 5321 sancto
2278 5265 2452 5318 Petro
2484 5248 2548 5315 ac
2581 5257 2687 5313 toti
2721 5251 3003 5324 azcclesiae
3034 5248 3204 5306 valde
3238 5259 3517 5324 peccasse
3537 5248 3592 5298 in

1954 5322 2231 5409 pastorali
2264 5346 2401 5409 cura
2436 5344 2562 5409 qua:
2593 5328 2645 5384 ei
2679 5326 2749 5409 ad
2777 5322 3090 5409 regendum
3113 5322 3591 5409 ei'ateommjssa,

1954 5386 2239 5465 suadente
2274 5386 2522 5458 diabolo
2572 5402 2774 5455 contra
2818 5386 3129 5451 Humanum
3175 5404 3358 5469 genus
3398 5386 3595 5443 odium

1954 5486 2013 5535 et
2075 5477 2218 5531 iram
2277 5472 2576 5541 incitasse,
2620 5471 2830 5525 Postea
2882 5479 3025 5522 vero
3076 5465 3424 5541 sententiam
3446 5469 3599 5541 "quas

1957 5524 2013 5607 id
2045 5524 2245 5604 orbein
2275 5524 2576 5602 iéiia'rhlh’
2594 5524 2775 5599 effusa
2805 5541 2918 5608 est,
2954 5551 3060 5610 pro
3091 5533 3400 5604 augmento
3441 5524 3601 5584 Chri-
