3950 6048
346 154 487 227 ϐάτα

1296 166 1347 228 Η
1362 166 1431 230 Ut
1450 167 1669 253 ἶΟΝῐξξ
1716 166 1757 229 Α
1774 166 2062 229 ERATIS
2094 164 2205 229 «FL
2222 164 2785 233 ~\VINIACENS!S

3624 170 3761 233 343

344 297 721 369 confoveret;
757 314 861 375 pro
893 297 1096 361 anima;
1124 302 1321 361 tamen
1368 301 1496 377 ejus
1526 300 1897 362 absolutione
1925 306 1987 361 et
2016 303 2070 364 Α
2102 314 2251 358 anno
2286 302 2409 360 Odo
2439 299 2725 361 Ostiensis
2750 298 3064 375 episcopus
3097 296 3153 359 in
3196 313 3402 376 papam
3439 315 3765 371 consecra-

348 389 549 461 requie
573 391 1148 448 eonsuetudinarium
1179 407 1417 463 pensum
1444 393 1871 465 promptissima
1894 408 1988 449 vo-

348 478 575 537 luntate
611 480 1020 552 persolverunt
1052 482 1105 537 in
1132 482 1334 539 officiis
1355 486 1409 536 et
1436 481 1831 538 celebratione
1856 480 1989 538 mis-

346 583 543 625 sarum
573 576 634 625 et
678 568 986 640 largitione
1036 569 1504 628 elemosinarum.
1556 570 1801 640 Vigebat
1835 571 1986 627 enim

346 656 542 714 virtus
566 658 834 714 caritatis
862 658 917 713 in
950 662 1116 730 patre
1158 664 1357 716 nostro
1389 660 1600 714 abbate
1636 659 1982 729 Divionensi,

350 760 479 817 quae
506 750 668 803 tanta
698 752 843 817 erat,
872 753 935 804 ut
968 762 1311 819 quamquam
1343 762 1411 804 eo
1436 761 1585 803 anno
1610 749 1825 819 ubique
1850 756 1991 804 tem-

347 836 602 906 pestatis
629 835 906 893 violentia
932 840 1172 894 matura:
1194 841 1425 907 segetes
1449 837 1503 891 in
1522 837 1699 909 spicis
1716 843 1774 894 et
1795 838 1987 894 viuum

350 925 404 980 in
436 925 701 994 racemis,
737 925 925 981 omnia
953 930 1255 997 prostrata
1287 930 1342 981 et
1389 942 1633 998 prorsus
1676 927 1987 998 dampnata

347 1020 562 1083 essent,
582 1013 757 1070 nichil
779 1019 971 1070 tamen
997 1015 1185 1071 minus
1211 1016 1373 1071 fieret
1400 1016 1451 1070 in
1476 1016 1989 1072 refectorioetele-

352 1103 593 1168 mosina,
627 1117 756 1158 cum
788 1102 1001 1159 fratres
1044 1104 1444 1159 centenarium
1484 1105 1601 1161 fere
1632 1106 1990 1161 excederent

350 1204 673 1260 numerum,
707 1195 764 1245 et
792 1190 882 1246 his
911 1192 1005 1262 qui
1040 1192 1109 1247 de
1148 1197 1300 1248 terra
1340 1193 1516 1248 fertili
1550 1196 1606 1247 tt
1653 1192 1988 1264 plenissima

347 1283 649 1349 venerant,
675 1278 926 1335 etniehil
959 1281 1149 1337 minus
1180 1285 1457 1337 noverant
1488 1296 1656 1351 quam
1690 1281 1988 1353 penuriam

348 1365 487 1436 pati,
521 1367 1021 1424 abundantissime
1058 1370 1110 1423 in
1145 1369 1412 1425 omnibus
1444 1370 1896 1439 ministraretur,
1930 1373 1989 1424 et

341 1457 440 1509 tua
462 1454 655 1525 pietas
679 1457 866 1511 omnia
893 1458 1223 1528 supplebat,
1243 1457 1471 1514 domine
1493 1461 1644 1514 Jesu.
1663 1461 1731 1513 Et
1757 1458 1987 1528 quidem

339 1541 524 1611 juste.
542 1544 786 1599 Habenti
811 1545 960 1599 enim
980 1536 1304 1616 caritatem,
1325 1547 1628 1603 dabituret
1646 1547 1983 1603 abundabit.

2100 394 2198 448 tus
2233 396 2343 464 est,
2381 396 2438 449 et
2471 393 2739 450 Urbanus
2770 392 2962 449 dictus
2991 397 3080 449 est
3112 391 3294 464 (1088,
3328 393 3490 450 Mart.
3528 397 3634 465 12).

2171 481 2285 538 Nos
2319 481 2499 551 igitur
2533 481 2828 552 loquuturi
2863 481 2932 537 de
2964 481 3126 538 obitu
3159 481 3354 538 domui
3386 482 3757 551 Herimanni,

2099 568 2399 626 videamus
2430 571 2618 641 primo
2650 570 3066 627 revelationem
3107 570 3317 626 factam
3372 570 3442 627 de
3493 570 3763 627 transla-

2100 659 2259 714 tione
2290 659 2553 730 corporis
2586 659 2739 715 beati
2772 658 3107 729 Clementis,
3137 658 3307 731 primi
3340 659 3636 716 Metten‘sis
3656 674 3767 716 ec-

2100 747 2296 804 clesiae
2325 747 2575 818 apostoli
2607 753 2664 802 et
2696 746 2978 818 epiSCOpi,
3004 751 3065 803 et
3089 747 3159 803 de
3193 748 3359 804 obitu
3390 748 3533 819 ejus.
3560 750 3762 820 Appa-

2100 836 2472 893 ruitsanctus
2499 835 2763 893 Clemens
2787 836 3011 892 cuidam
3038 850 3221 907 puero
3245 836 3471 907 Hugoni
3494 838 3756 906 nomine,

2100 922 2426 981 innocentis
2456 929 2515 980 et
2549 924 2833 996 simplicis
2863 924 3019 994 vitae,
3039 929 3099 979 et
3126 925 3446 980 ostendens
3475 924 3531 980 ei
3559 925 3616 981 in
3638 940 3762 982 aec-

2099 1012 2279 1069 clesia
2303 1014 2488 1070 sancti
2516 1013 2724 1070 Felicis
2749 1013 2939 1069 locum
2962 1012 3284 1084 sepulturae
3305 1028 3445 1084 suae,
3465 1014 3756 1086 praecepit

2100 1105 2162 1158 ut
2196 1101 2308 1157 iret
2336 1106 2396 1158 et
2427 1105 2649 1159 ulceret
2680 1101 3027 1158 Herimanno
3056 1101 3323 1158 Mettensi
3355 1102 3654 1174 episcOpo,
3686 1106 3758 1159 ut

2099 1189 2357 1247 elevaret
2389 1191 2521 1248 inde
2548 1206 2679 1249 ossa
2712 1190 2855 1262 ejus.
2892 1191 3227 1262 Adjungeus
3258 1192 3434 1248 etiam
3483 1192 3619 1263 quia
3653 1191 3760 1247 die

2100 1280 2278 1336 tertio
2308 1284 2440 1352 post
2474 1283 2683 1338 factam
2730 1279 3148 1337 revelationem
3196 1281 3463 1352 corporis
3492 1281 3581 1337 sui
3616 1281 3755 1352 ipse

2102 1374 2449 1426 moreretur.
2486 1369 2739 1439 lnjunxit
2771 1369 2944 1424 etiam
2978 1368 3226 1440 puerulo
3270 1375 3333 1425 ut
3383 1374 3634 1425 mutaret
3666 1368 3762 1424 vi-

2103 1462 2216 1512 tam
2247 1462 2306 1512 et
2340 1472 2409 1513 ne
2442 1459 2579 1529 quid
2615 1457 2840 1529 puerile
2865 1462 3086 1528 ageret,
3113 1457 3214 1514 sed
3244 1457 3630 1514 monasticam
3655 1473 3764 1530 ap-

2102 1551 2309 1616 petens
2332 1546 2751 1616 indumentum,
2774 1548 2889 1602 Deo
2912 1546 3135 1602 servire
3157 1547 3443 1602 studeret.
3460 1548 3618 1602 Puer
3635 1547 3767 1603 evi-

346 1630 484 1695 Quze
516 1638 709 1687 autem
742 1634 920 1700 maior
952 1636 1144 1705 potuit
1171 1648 1300 1691 esse
1334 1636 1571 1705 karitas,
1599 1651 1764 1707 quam
1801 1636 1985 1690 virum
2021 1658 2070 1717 Β
2100 1634 2291 1703 gilans
2342 1635 2636 1690 dominum
2691 1635 2936 1691 advocat
2965 1666 3033 1674 —
3075 1639 3242 1705 patre
3290 1634 3439 1689 enim
3473 1639 3529 1690 et
3564 1639 3763 1690 matre

344 1732 492 1774 anno
524 1719 750 1789 integro
785 1737 812 1775 a
847 1723 1197 1779 monasterio
1247 1729 1552 1793 semotum,
1588 1725 1719 1779 inde
1764 1724 1833 1779 ad
1887 1736 1985 1779 sua

343 1806 682 1863 redeuntem
718 1810 905 1864 omnia
939 1809 1229 1865 invenisse
1263 1813 1502 1868 confusa
1533 1818 1589 1868 et
1625 1827 1865 1883 prorsus
1896 1811 1991 1865 ad-

344 1894 593 1966 nullata,
629 1912 755 1951 cum
807 1898 995 1953 omnia
1047 1900 1337 1967 deessent,
1390 1900 1571 1971 panis,
1607 1902 1827 1965 vinum,
1859 1901 1991 1955 sub-

350 1983 588 2053 stantia,
625 1988 690 2039 40
723 1986 932 2042 fratres
981 2002 1109 2042 cum
1160 1988 1478 2056 gratiarum
1533 1990 1761 2044 actione
1800 2003 1993 2044 susce-

351 2071 615 2141 pisse;et
653 2074 745 2143 qui
779 2075 901 2130 suis
934 2074 1093 2130 nul‘o
1128 2081 1297 2146 pacto
1328 2077 1529 2146 quibat
1561 2079 1613 2131 in
1640 2078 1991 2133 necessariis

345 2161 631 2229 sufﬁcere,
657 2163 809 2218 bunc
832 2178 939 2234 pro
963 2163 1051 2218 bis
1074 2179 1218 2233 quos
1241 2179 1348 2219 non
1376 2169 1615 2221 noverat
1640 2165 1994 2222 deducendis

346 2248 415 2303 ad
452 2254 641 2305 terras
674 2258 986 2307 extraneas
1019 2252 1155 2319 isse,
1188 2257 1245 2307 et
1281 2253 1404 2308 suis
1451 2269 1555 2309 eos
1607 2255 1879 2324 expensis
1923 2254 1993 2309 ad

344 2352 513 2393 suum
546 2338 734 2394 locum
769 2340 1083 2395 deduxisse
1111 2344 1134 2397 ?
1162 2342 1279 2397 Hec
1307 2346 1441 2397 sunt
1476 2347 1594 2409 tua,
1628 2344 1786 2411 Jesu,
1825 2343 1994 2397 mira-

349 2427 507 2497 bilia,
543 2428 649 2484 hec
683 2428 752 2485 de
789 2436 887 2485 tuo
918 2431 1070 2486 fonte
1097 2431 1713 2502 procedunt.Noverat
1737 2432 1833 2487 ille
1856 2437 1993 2489 tuus

347 2514 614 2586 famulus,
654 2522 709 2572 te
740 2518 861 2574 tuis
892 2533 1001 2575 non
1038 2519 1256 2589 defore,
1293 2520 1388 2590 qui
1422 2522 1717 2576 consuesti
1749 2521 1913 2577 cibos
1939 2521 1993 2578 in

348 2602 585 2660 deserto
617 2620 845 2676 parare,
881 2610 940 2662 et
973 2608 1043 2662 de
1077 2610 1278 2679 paucis
1311 2609 1562 2679 panibus
1612 2609 1789 2666 multa
1839 2609 1997 2664 milia

345 2690 640 2748 hominum
685 2694 929 2750 saeiare.
964 2697 1077 2751 llec
1127 2696 1303 2751 etiam
1335 2696 1387 2751 ei
1422 2701 1523 2753 tua
1573 2697 1994 2768 omnipotentia

346 2779 693 2849 prmvidisti,
714 2783 809 2851 qui
835 2788 892 2836 ct
916 2784 1245 2839 necessaria
1261 2784 1311 2838 ei
1330 2785 1891 2855 subministrasti,et
1914 2786 1996 2841 in-

349 2881 527 2938 super
543 2872 699 2925 tanta
718 2870 769 2924 in
789 2871 1023 2942 praediis
1045 2878 1099 2928 et
1128 2872 1319 2929 fundis
1340 2873 1626 2931 aacclesize
1640 2874 1827 2929 eidem
1846 2889 1995 2930 anno

346 2955 474 3027 ipso
505 2959 560 3011 et
588 2956 867 3030 deinceps
891 2959 1220 3031 contulisti,
1248 2966 1309 3017 ut
1331 2961 1667 3032 duplicatus
1690 2962 1997 3019 videretur

344 3058 558 3101 census
582 3045 886 3116 aecclesiae,
911 3051 965 3102 et
992 3047 1234 3119 insuper
1260 3053 1316 3105 te
1342 3049 1613 3122 donante,
1641 3050 1998 3107 benedictio-

342 3149 469 3191 nem
497 3135 826 3192 hereditate
851 3137 1200 3209 possidebit,
1225 3139 1359 3209 quia
1386 3140 1440 3194 in
1466 3140 1692 3195 modico
1725 3140 1998 3196 inventus

340 3228 433 3279 est
465 3223 676 3280 fidelis.
1690 3225 1702 3237 ’

415 3312 576 3369 Anno
611 3313 793 3382 igitur
824 3316 1113 3387 sequenti,
1136 3317 1594 3387 persequutione
1625 3318 1887 3374 Heinrici
1915 3323 2003 3391 ty-

340 3400 507 3455 ranni
542 3401 923 3459 Herimanuus
951 3404 1170 3459 Mettnn
1203 3404 1365 3471 exiit,
1388 3410 1448 3461 et
1475 3405 1672 3461 sedem
1696 3406 2002 3464 cathedrze

339 3488 465 3557 ejus
494 3488 655 3544 Walo
689 3491 869 3546 abbas
901 3493 1085 3548 sancti
1137 3491 1361 3549 Arnulfi
1397 3492 1603 3550 illicito
1655 3496 1996 3566 usurpavit-

342 3578 548 3634 Actum
580 3582 673 3635 est
720 3578 843 3634 illic
892 3579 1036 3636 miro
1080 3580 1180 3636 Dei
1224 3580 1468 3652 judicio,
1503 3590 1568 3638 ut
1596 3597 1726 3638 cum
1758 3583 1829 3639 ad
1860 3598 2002 3640 exe-

339 3664 661 3719 orationem
694 3664 822 3734 ejus
853 3666 1064 3721 crisma
1089 3673 1460 3737 quereretur,
1488 3672 1545 3722 et
1571 3667 1810 3725 allatum
1835 3674 2003 3725 esset

339 3751 553 3807 crisma
579 3753 649 3808 ab
672 3752 1022 3809 Herimanno
1044 3755 1396 3826 confectum,
1423 3756 1753 3828 episcopus,
1785 3755 1991 3814 Virdu-

340 3840 540 3896 ncnsis
573 3841 947 3912 reprobatum
979 3843 1189 3899 crisma
1217 3844 1367 3914 quod
1394 3850 1656 3900 sanctum
1684 3850 1833 3914 erat,
1863 3860 2000 3916 pro-

342 3928 574 3998 jiceret,
608 3933 668 3985 et
697 3927 875 3985 allato
907 3944 1035 4000 suo,
1071 3932 1224 4001 quod
1259 3931 1384 4002 ipse
1434 3938 1639 3988 contra
1686 3934 1782 4003 jus
1814 3937 1874 3988 ot
1914 3934 2000 3990 fas

351 4021 708 4089 sacraverat,
732 4017 865 4074 inde
885 4018 1196 4090 perficeret
1215 4020 1473 4076 Walonis
1499 4021 1910 4091 sacrationem,
1929 4036 2000 4078 ne

350 4104 815 4162 benedictionem
852 4107 1035 4178 patris
1086 4107 1241 4164 ﬁlius
1290 4108 1594 4180 impudens
1643 4114 1991 4166 mereretur.

347 4194 515 4250 Wa'o
544 4199 758 4263 tamen,
784 4194 915 4265 quia
946 4196 1134 4267 patris
1161 4196 1359 4253 cubile
1388 4198 1679 4267 ascendit,
1707 4198 1998 4269 publicam

360 4283 735 4353 penitentiam
764 4284 904 4353 egit.
936 4284 1241 4340 Heinricus
1271 4285 1324 4339 in
1359 4284 1485 4341 loco
1517 4286 1644 4355 ejus
1678 4287 1998 4341 Brunouem

2103 1725 2345 1781 orbatus
2376 1724 2525 1795 apud
2560 1739 2688 1780 eum
2724 1723 2819 1793 qui
2853 1738 3112 1779 sororem
3137 1737 3299 1778 suam
3324 1722 3600 1794 habebat,
3629 1737 3757 1779 mo-

2102 1814 2365 1883 rabatur,
2402 1844 2471 1851 —
2499 1817 2559 1867 et
2590 1802 2844 1867 venienti
2888 1811 3167 1868 visionem
3221 1811 3459 1868 indicat.
3496 1812 3655 1867 Petit
3692 1817 3763 1868 ut

2102 1900 2355 1957 ducatur
2387 1900 2456 1955 ad
2489 1901 2854 1971 episcOpnm.
2888 1899 2996 1956 Sed
3043 1900 3313 1956 dominus
3356 1900 3481 1968 ejus
3512 1900 3756 1971 timens,

2103 1989 2267 2046 duxit
2298 2005 2426 2045 eum
2462 1989 2532 2044 ad
2564 1989 2830 2044 abbatem
2863 1988 3050 2044 sancti
3075 1986 3301 2055 Felicis,
3328 1987 3419 2044 cui
3447 2002 3592 2059 puer
3614 2003 3753 2059 qum

2101 2078 2329 2134 viderat
2365 2079 2565 2134 refert.
2602 2076 2704 2133 Ille
2744 2075 3040 2145 religiosis
3090 2075 3357 2146 personis
3405 2075 3598 2131 omnia
3650 2090 3761 2146 per

2103 2166 2363 2221 ordinem
2416 2166 2639 2236 pandit,
2691 2162 2824 2220 inde
2871 2164 2986 2234 jam
3040 2177 3239 2219 omnes
3281 2162 3623 2233 episcopum
3684 2165 3759 2220 de

2105 2253 2492 2310 translatione
2528 2256 2875 2308 ammonent.
2903 2252 3054 2307 Puer
3082 2266 3221 2306 Vero
3252 2250 3537 2306 sollicitus
3567 2250 3645 2306 de
3678 2250 3766 2306 in-

2105 2341 2314 2412 plenda
2337 2339 2693 2410 obedientia,
2720 2339 2897 2395 ﬂebat
2927 2338 3159 2408 quidem
3193 2337 3325 2408 quia
3358 2352 3469 2393 non
3496 2351 3762 2409 presen-

2105 2431 2343 2486 tabatur
2372 2429 2666 2501 episcOpo.
2702 2427 2791 2482 illi
2822 2440 2962 2482 vero
3014 2426 3232 2483 Gallico
3282 2425 3620 2482 laborantes
3651 2440 3758 2480 co-

2106 2523 2298 2587 turno,
2361 2516 2557 2574 abbati
2614 2515 2803 2573 sancti
2864 2514 3073 2571 Felicis
3123 2514 3476 2586 inponebant
3535 2513 3753 2569 factam

2108 2605 2540 2675 revelationem,
2576 2604 2741 2676 quasi
2777 2608 2839 2660 ut
2871 2603 3106 2673 majoris
3153 2606 3310 2659 esset
3354 2602 3757 2673 auctoritatis,

2107 2696 2348 2753 silentes
2378 2693 2449 2751 de
2482 2707 2683 2766 puero.
2720 2691 2839 2762 (fol.
2880 2689 3019 2763 135’)
3048 2690 3371 2761 Requisivit
3404 2690 3580 2746 etiam
3638 2706 3761 2747 mo-

2107 2784 2393 2841 nasticam
2443 2783 2726 2853 habitum,
2760 2780 2915 2839 ‘sieut
2969 2780 3021 2836 ei
3072 2780 3393 2850 injunctum
3448 2780 3665 2851 fuerat,
3700 2785 3760 2837 et

2105 2887 2233 2929 cum
2269 2888 2299 2928 a
2333 2870 2678 2942 quibusdam
2711 2870 2765 2926 in
2803 2869 3154 2926 monasterio
3205 2868 3392 2924 sancti
3437 2867 3758 2925 Clementis

2103 2959 2471 3030 judicaretur
2502 2957 2633 3029 poni
2668 2958 2902 3027 debere,
2931 2972 3029 3013 sua
3064 2955 3247 3029 ipsius
3266 2954 3585 3026 voluntate,
3617 2955 3757 3026 quia

2110 3048 2259 3105 duos
2291 3050 2504 3105 fratres
2536 3047 2591 3102 in
2622 3045 2977 3103 monasterio
3005 3045 3192 3101 sancti
3223 3043 3413 3099 Vitoni
3443 3043 3754 3113 habuerat,

2112 3136 2210 3207 qui
2235 3136 2351 3206 jam
2403 3133 2603 3192 seculo
2651 3137 3052 3201 excesserant,
3102 3131 3240 3188 illuc
3291 3129 3503 3187 ductus
3552 3135 3650 3187 est
3700 3135 3758 3186 et

2113 3228 2446 3296 susceptus.
2480 3225 2583 3280 Det
2618 3220 2700 3277 illi
2730 3221 3003 3277 Dominus
3034 3220 3209 3274 vitam
3240 3218 3296 3274 in
3337 3219 3488 3274 omni
3538 3219 3762 3275 sancti-

2115 3316 2237 3369 tate
2268 3317 2324 3369 et
2358 3311 2638 3382 religione
2661 3310 2979 3381 perfectam
3004 3307 3230 3363 meritis
3252 3311 3311 3362 et
3336 3306 3762 3364 intercessione

2114 3400 2303 3459 sancti
2332 3398 2661 3468 Clementis,
2696 3399 2755 3454 ut
2790 3396 2986 3452 videat
3017 3395 3167 3452 bona
3214 3395 3439 3451 Domini
3485 3394 3542 3451 in
3591 3397 3762 3453 terra

2115 3481 2451 3546 viventium.

2186 3578 2393 3650 (1090.)
2426 3577 2610 3647 Igitur
2667 3571 3024 3631 venerabilis
3080 3571 3462 3629 Herimanuus
3507 3572 3561 3627 in
3612 3574 3763 3630 urbe

2113 3683 2215 3726 sua
2247 3670 2583 3737 susceptus,
2615 3663 2672 3719 in
2706 3661 3152 3733 quadragesima
3184 3659 3461 3716 infirmari
3492 3660 3678 3732 cepit,
3702 3665 3759 3716 et

2111 3760 2306 3814 tamen
2333 3755 2403 3811 ab
2429 3751 2749 3827 episcopali
2774 3750 2966 3807 Micio
2990 3748 3190 3805 multis
3214 3748 3607 3805 infirmitatem
3632 3749 3762 3818 ejus

2111 3843 2560 3913 admirantibus,
2586 3856 2697 3898 non
2722 3841 2783 3897 ἀι
2862 3839 2974 3893 itit.
3001 3839 3070 3893 Et
3092 3838 3222 3909 quia
3248 3837 3449 3894 multis
3469 3837 3586 3907 jam
3611 3853 3762 3908 pra;-

2111 3932 2460 3990 cedeutibus
2490 3931 2655 3988 annis
2685 3944 2717 3985 a
2748 3928 3096 3999 quibusdam
3148 3926 3444 3997 religiosis
3493 3926 3758 3997 personis

2113 4021 2466 4078 ammonitus
2502 4020 2688 4075 fuerat
2719 4017 2789 4073 de
2822 4015 3204 4072 translatione
3235 4015 3387 4071 beati
3418 4014 3752 4081 Clementis,

2114 4109 2278 4166 urbis
2302 4110 2497 4164 Romae
2524 4105 2775 4178 patricii,
2796 4108 2995 4175 postea
3020 4101 3292 4175 discipuli
3317 4108 3375 4159 et
3400 4102 3578 4172 legati
3598 4102 3753 4159 beati

2110 4196 2290 4267 Petri,
2310 4195 2407 4268 qui
2431 4196 2503 4252 ab
2525 4193 2727 4250 eodem
2752 4192 2964 4248 missus
2990 4191 3210 4262 primus
3231 4189 3530 4247 Mettensis
3553 4191 3758 4247 asccle-

2112 4286 2212 4341 sia:
2236 4283 2543 4356 apostolus
2563 4287 2622 4338 et
2644 4281 2878 4353 episcop
2891 4294 2957 4336 us
2978 4279 3194 4349 extitit,
3213 4278 3559 4350 quibusdam
3578 4279 3754 4334 etiam

359 4370 663 4439 quemdam
694 4371 1101 4442 exepiscopum
1135 4374 1379 4443 creavit,
1407 4374 1502 4444 qui
1538 4378 1739 4445 postea
1760 4375 1832 4430 ab
1855 4376 1999 4431 urbe
2029 4363 2081 4425 D
2113 4371 2514 4429 asserentibus
2532 4384 2637 4442 per
2663 4366 3755 4439 revelationemsatisprobabilem,hoc

353 4472 483 4514 eum
517 4457 801 4514 dedecore
832 4463 891 4514 et
922 4459 1234 4530 ignominia
1271 4461 1478 4531 pulsus
1509 4466 1620 4530 est,
1648 4466 1703 4517 et
1731 4462 1812 4519 sic
1844 4463 2001 4518 Heri-

360 4560 607 4602 manuus
637 4550 762 4616 post
797 4546 975 4603 multa
998 4547 1217 4604 laboris
1240 4551 1296 4603 et
1321 4549 1428 4605 viae
1452 4549 1712 4621 pericula
1735 4564 1766 4606 a
1786 4550 1908 4607 suis
1930 4550 2000 4606 de

360 4633 776 4705 Langobardia,
811 4651 925 4705 quo
955 4652 1083 4692 cum
1115 4637 1387 4693 Matbilde
1445 4640 1803 4709 morabatur,
1838 4653 2003 4696 revo-

357 4727 547 4794 catus,
585 4727 617 4780 4
640 4738 790 4780 anno
822 4725 1179 4795 egressionis
1209 4741 1329 4782 sum
1347 4726 1540 4783 Mettis
1560 4726 1840 4798 recipitur
1871 4742 1999 4783 cum

358 4812 616 4869 omnium
651 4812 979 4883 affectione,
1004 4827 1153 4869 anno
1183 4815 1254 4870 ab
1287 4814 1399 4870 inc.
1421 4815 1578 4870 Dom.
1608 4820 1761 4870 1089.
1790 4814 2000 4871 Eodem

351 4935 675 5010 stianitatis
703 4936 934 5010 cepisse
957 4936 1207 4994 dicebat.
1235 4938 1643 5010 Tuncdemum
1670 4938 1830 4994 misit
1859 4951 2003 5010 praef

351 5006 573 5062 dictum
606 5006 1009 5079 confessorem
1060 5023 1223 5063 suum
1272 5007 1803 5079 adgrimperatorcm
1837 5006 1896 5063 et
1930 5007 1999 5065 ad

351 5080 539 5149 totam
559 5076 904 5149 saecli-siam,
926 5084 988 5133 ut
1011 5082 1286 5148 Optarent
1303 5077 1386 5133 illi
1410 5076 1851 5149 indulgentiam,
1868 5080 2000 5149 quia

352 5145 694 5220 finemvitae
724 5163 844 5203 sure
877 5145 1217 5220 aspiciebat,
1255 5152 1314 5220 et
1346 5152 1458 5203 tam
1479 5145 1604 5220 cito
1625 5145 1911 5220 induebat
1939 5165 2000 5207 se

349 5214 675 5286 angelicam
710 5214 959 5288 vestem,
990 5224 1049 5275 et
1081 5218 1301 5274 dimisit
1347 5234 1411 5275 ac
1457 5218 1726 5277 dissolvit
1770 5221 2000 5277 vincula

348 5288 676 5360 bannorum
708 5287 1013 5360 omnium
1047 5304 1282 5360 suorum
1344 5289 1681 5360 imperatori
1735 5296 1795 5346 et
1845 5290 1999 5346 omni

350 5355 573 5431 populo
593 5357 938 5431 christiano,
962 5358 1112 5431 vivis
1136 5364 1196 5414 et
1219 5355 1528 5431 defunctis,
1550 5360 1785 5418 clericis
1816 5377 1879 5418 ac
1902 5359 2003 5416 lai-

350 5426 460 5499 cis,
497 5431 556 5484 et
583 5426 766 5499 jussit
815 5426 954 5484 suos
997 5429 1160 5486 abire
1207 5429 1278 5488 de
1328 5426 1907 5503 domo'Theoderici,
1941 5436 2003 5488 et

1984 5664 2015 5684 ἢ

2110 4474 2242 4518 esse
2276 4464 2639 4517 reservatum
2661 4472 2689 4513 a
2715 4459 2832 4512 Deo
2855 4454 3209 4527 implendum
3235 4454 3442 4512 diebus
3463 4454 3608 4525 ejus,
3629 4469 3756 4511 ora-

2108 4548 2304 4605 tiones
2333 4552 2394 4604 et
2419 4546 2723 4617 jejunium,
2760 4550 2823 4600 ut
2852 4548 2977 4600 erat
3021 4543 3175 4614 pius,
3213 4542 3304 4615 pie
3349 4542 3662 4613 ordinavit,
3696 4545 3753 4599 et

2110 4641 2245 4709 post
2278 4636 2493 4709 pascha
2521 4633 2971 4690 translationem
3004 4631 3257 4700 distulit,
3284 4636 3345 4687 et
3375 4631 3529 4687 diem
3564 4631 3757 4688 deter-

2112 4724 2371 4782 minavit.
2408 4724 2602 4780 Abbas
2633 4726 2826 4779 autem
2860 4720 3046 4777 sancti
3093 4719 3308 4775 Felicis
3338 4718 3753 4776 revelationem

2110 4813 2218 4872 sibi
2253 4829 2282 4870 a
2318 4826 2499 4885 puero
2528 4811 2770 4866 relatam
2806 4809 3017 4881 partim
3050 4808 3301 4880 aperuit,
3335 4807 3547 4880 partim
3587 4807 3754 4863 dissi-

2112 4937 2331 5019 amicos
2364 4933 2620 4991 Heinrici
2652 4933 2988 4990 ascendere.
3014 4935 3182 4990 Teste
3214 4931 3541 5003 Mogontino
3569 4930 3753 4988 archi-

2110 5022 2707 5157 e_p}tsfggggtiqnm.in
2733 5073 2931 5157 conlige
2962 5072 3399 5157 Cagnat-unane;
3431 5074 3575 5157 (πρε
3608 5074 3753 5157 ᾲις

2114 5149 2385 5217 damnat,
2406 5147 2479 5203 ut
2498 5145 2657 5203 male
2680 5143 2988 5217 scribitur)
3010 5143 3245 5217 ebriam
3260 5156 3446 5217 supra
3464 5144 3591 5200 SS.
3620 5144 3659 5199 t.
3692 5142 3748 5209 ν,

2100 5234 2249 5292 pagi.
2281 5214 2408 5289 563,
2441 5218 2549 5275 lin.
2585 5220 2653 5292 4?
2680 5230 2812 5292 sqq.
2846 5214 3044 5272 habes.
3091 5215 3192 5292 _I_In'
3236 5214 3299 5271 et
3324 5214 3444 5292 lin.
3508 5217 3572 5271 16
3619 5227 3745 5292 sqq.

2109 5284 2268 5348 'mdle
2293 5284 2576 5361 θωργθεδα
2607 5287 2694 5359 leg
2704 5284 2906 5356 eam,
2931 5300 3062 5357 quae
3082 5284 3181 5341 hic
3200 5299 3238 5342 ιι
3257 5284 3425 5342 nol/is
3455 5284 3749 5355 exscripta

2113 5361 2402 5419 dedimus.
