3950 6048
118 225 250 294 849

1325 226 1817 296 CHRONICON.
1864 266 1941 279 —
1984 231 2135 297 LIB.
2185 231 2256 298 II.

3425 220 3544 289 850

124 359 408 425 mulavit.
440 360 645 425 Tacuit
664 362 817 424 enim
842 363 991 425 diem
1015 364 1216 427 obitus
1244 365 1370 440 ejus
1397 368 1599 427 eadem
1628 382 1788 426 reve-
1818 362 1883 432 A'
1903 366 2098 442 paruit
2124 366 2353 429 cuidam
2383 363 2700 429 venerabili
2723 364 2873 439 viro,
2898 368 2959 424 et
2980 362 3059 424 ait
3085 382 3098 421 :
3121 359 3424 425 Morinum
3448 371 3544 422 me

123 453 362 514 latione
385 455 837 515 determinatum
862 458 955 516 die
978 458 1164 517 tercio
1187 465 1318 532 post
1339 459 1786 517 translationem

125 545 400 616 ejusdem
453 546 609 603 beati
659 546 992 604 Clementis.
1028 550 1087 604 In
1121 564 1260 606 cena
1304 549 1523 607 Domini
1570 554 1788 621 quanto

124 634 355 692 affectu
377 636 711 707 penitentes
728 635 1218 709 reconciliaverit,
1238 651 1408 711 quam
1429 638 1701 695 devotum
1725 651 1788 694 se

127 725 186 778 in
216 723 632 780 consecrando
662 724 939 781 crismate
978 725 1290 798 exibuerit,
1327 726 1458 798 quis
1491 727 1633 784 satis
1662 740 1790 782 nar-

129 826 269 868 rare
300 812 532 884 possit;
565 827 695 870 cum
720 813 902 884 magis
924 815 1167 884 angelus
1191 830 1358 886 quam
1382 816 1629 872 humana
1664 829 1791 886 per-

128 914 280 956 sona
330 898 473 957 ﬁliis
516 900 782 958 ecclesiae
831 902 1160 960 astantibus
1193 904 1247 959 in
1278 904 1406 975 ipso
1447 903 1791 960 refulserit?

128 988 461 1046 lnfirmitas
482 987 619 1045 licet
641 990 836 1059 gravis
859 990 1198 1060 dignitatem
1219 992 1417 1049 vultus
1439 996 1497 1048 et
1515 992 1635 1048 oris
1656 1006 1791 1047 eon-

132 1077 363 1133 stantia
400 1077 611 1133 mentis
635 1078 691 1133 in
716 1077 840 1149 ipso
870 1080 1108 1135 turbare
1132 1095 1242 1138 non
1267 1082 1474 1151 potuit.
1505 1083 1641 1136 Cum
1673 1095 1791 1135 om-

131 1165 316 1221 nibus
366 1165 715 1236 prtedicaret
764 1167 1016 1238 publice,
1052 1182 1162 1223 non
1200 1153 1434 1225 tacebat
1475 1169 1528 1223 in
1561 1168 1790 1225 domino

130 1253 252 1308 Deo
288 1268 404 1309 suo
435 1253 688 1310 confisus
720 1255 791 1310 de
823 1255 1075 1312 vitandis
1105 1257 1577 1326 Symoniaeorum
1610 1263 1665 1311 et
1702 1256 1793 1310 Ni-

130 1340 533 1397 eholaitarum
586 1342 912 1413 sacrificiis,
945 1360 1242 1415 exponens
1290 1345 1627 1400 Nicholaum
1662 1345 1792 1400 ideo

133 1431 468 1485 secundum
497 1432 727 1487 beatum
763 1434 1143 1501 Augustinum
1173 1435 1241 1486 ab
1267 1434 1550 1505 apostolis
1580 1434 1793 1488 hereti-

134 1534 265 1572 euni
287 1518 645 1588 judicatum,
664 1520 796 1590 quia
813 1520 1083 1576 inordine
1107 1521 1452 1578 diaconatus
1470 1536 1598 1577 eum
1620 1536 1790 1591 quem

133 1606 306 1678 prius
338 1606 627 1664 habuerat
659 1608 860 1665 uxoris
889 1625 1055 1665 usum
1089 1610 1377 1680 apostolis
1406 1610 1790 1678 arguentibus

1902 458 2127 529 dicunt,
2146 459 2253 518 sed
2265 461 2414 518 cive.
2436 462 2550 518 Hec
2572 458 2882 517 abbatibus
2903 454 3310 524 referentibus,
3331 458 3390 511 et
3410 451 3541 510 aliis

1901 549 2170 618 personis
2204 564 2315 604 non
2350 549 2599 619 levibus,
2651 547 2948 617 cognitum
2997 548 3108 602 est.
3163 543 3320 598 Obiit
3348 545 3541 599 autem

1900 638 2040 693 Non.
2076 637 2205 693 Maii
2235 638 2587 695 venerabilis
2626 637 2876 693 antistes
2906 634 3308 700 Herimannus,
3344 645 3539 699 cruce,

1901 726 2071 782 mitra
2102 730 2161 782 et
2194 726 2370 798 pallio
2402 726 2739 796 decoratus,
2767 730 2823 780 et
2849 723 2939 780 his
2974 721 3242 794 sepultus
3273 719 3544 790 insigniis

1902 813 1956 869 in
1988 814 2234 872 ecclesia
2265 816 2448 872 sancti
2485 815 2641 871 Petri
2685 827 2832 870 anno
2864 813 2936 868 ab
2969 812 3079 867 inc.
3115 811 3275 866 Dom.
3313 808 3470 865 1090.

1974 906 2155 976 (1089,
2182 907 2306 963 Mai.
2332 908 2411 979 7.)
2447 909 2607 964 Anno
2632 905 2934 978 praeterito
2956 901 3309 960 Teodoricus
3339 896 3544 956 Virdu-

1900 996 2101 1051 nensis
2147 997 2460 1052 defunctus
2507 1001 2629 1052 erat
2673 998 2705 1050 4
2743 990 2882 1051 Non.
2920 994 3046 1063 Mai,
3102 991 3198 1062 qui
3250 993 3442 1045 tamen
3486 986 3542 1041 in

1901 1082 2240 1139 infirmitate
2274 1084 2343 1140 de
2374 1084 2779 1140 communione
2820 1082 3089 1137 Witberti
3132 1083 3188 1135 et
3232 1077 3304 1134 de
3344 1072 3545 1146 expul-

1899 1172 2060 1228 siene
2102 1173 2347 1229 fratrum
2392 1173 2765 1243 penitentiam
2800 1172 2938 1240 egit,
2977 1169 3205 1239 culpam
3240 1166 3544 1236 professus

1900 1264 2024 1325 est;
2057 1260 2178 1325 (fol.
2216 1265 2337 1330 136)
2371 1266 2426 1315 et
2462 1276 2490 1316 a
2527 1260 2774 1329 quodam
2811 1261 2989 1314 fratre
3024 1254 3280 1312 Gerardo
3315 1251 3545 1308 nomine

1903 1350 2189 1420 quondam
2251 1350 2534 1405 canonico
2586 1354 2640 1404 et
2693 1348 3103 1404 areiiidiacono
3161 1341 3544 1399 Virdunensis

1902 1438 2205 1507 azcclesiae,
2233 1442 2369 1493 tunc
2393 1443 2584 1494 autem
2614 1436 2893 1493 monacho
2922 1434 3109 1492 sancti
3131 1431 3346 1501 Vitoni,
3374 1442 3542 1500 quem

1903 1526 2188 1583 Rodulfus
2254 1528 2434 1583 abbas
2492 1527 2582 1598 pia
2646 1524 3044 1582 sollicitudine
3102 1537 3205 1593 pro
3274 1519 3382 1576 hoc
3442 1516 3543 1573 illo

1905 1615 2165 1683 miserat,
2212 1618 2507 1686 praecepto
2558 1614 2814 1684 ejusdem
2856 1612 3107 1680 abbatis,
3150 1608 3247 1680 qui
3294 1609 3547 1679 potesta-

136 1694 449 1752 dimittere
476 1695 681 1786 noluit.
710 1698 767 1752 In
795 1697 1004 1769 pascha
1031 1697 1329 1753 celebrato
1353 1698 1549 1754 divino
1578 1698 1788 1767 oliicio,
1825 1730 1870 1786 Β
1905 1708 2019 1760 tem
2060 1704 2397 1760 absolvendi
2438 1719 2561 1774 eos,
2603 1704 2700 1774 qui
2733 1705 2804 1759 ab
2835 1696 3354 1786 excommunicatis
3396 1693 3547 1750 redi-

137 1798 199 1839 se
230 1790 295 1839 et
328 1799 476 1841 oves
504 1784 618 1842 sibi
650 1786 990 1843 commissas
1031 1791 1398 1842 sacramento
1437 1786 1703 1858 corporis
1732 1790 1790 1841 et

138 1872 449 1943 sanguinis
495 1873 596 1929 Dei
647 1874 909 1929 munivit.
967 1874 1177 1930 Eadem
1228 1874 1321 1930 die
1368 1874 1440 1929 ad
1489 1889 1791 1945 vesperam

136 1960 388 2029 gravius
439 1960 717 2017 infirmari
756 1962 932 2034 cepit.
981 1962 1500 2033 Appropinquante
1533 1977 1671 2019 vero
1703 1962 1796 2018 die

138 2050 543 2107 determinato
558 2050 629 2106 ad
644 2051 1084 2108 transferendas
1109 2050 1472 2108 venerabiles
1494 2051 1792 2122 reliquias,

135 2139 299 2195 vires
323 2143 537 2195 tenues
555 2139 793 2196 Domino
814 2143 1104 2196 annuente
1130 2141 1371 2211 recepit,
1394 2145 1453 2195 et
1472 2140 1526 2195 in
1552 2142 1799 2196 transfe-

134 2226 332 2284 rendo
381 2228 560 2284 beato
602 2226 897 2283 Clemente
928 2226 1047 2284 Kal.
1083 2228 1210 2284 Maii
1239 2245 1365 2285 cum
1400 2243 1620 2285 summa
1653 2228 1797 2283 cleri
1850 2246 1858 2257 ί

135 2314 463 2386 plebisque
496 2315 809 2372 devotione
840 2316 1033 2372 divina
1065 2317 1253 2386 gratia
1286 2317 1642 2372 desiderium
1674 2316 1800 2386 ejus

136 2402 420 2475 inplevit,
445 2407 505 2459 et
531 2408 649 2460 tota
675 2402 837 2474 urbe,
861 2404 1032 2460 immo
1056 2410 1176 2460 tota
1204 2404 1436 2473 regione
1461 2404 1532 2459 ad
1555 2406 1796 2460 verbum

136 2491 589 2564 praedicationis
617 2493 742 2563 ejus
773 2498 1023 2563 astante,
1059 2499 1117 2548 et
1150 2492 1219 2548 de
1252 2508 1350 2548 ore
1383 2493 1507 2561 ejus
1541 2508 1671 2549 rore
1705 2508 1801 2549 su-

136 2594 346 2651 pernae
381 2579 711 2636 dulcedinis
736 2579 1077 2649 distillante,
1104 2580 1374 2637 omnibus
1398 2580 1705 2647 absolutis,
1740 2584 1801 2635 et

138 2671 213 2725 ab
243 2668 527 2725 omnibus
560 2667 722 2740 quasi
756 2669 827 2724 ab
866 2668 993 2739 ipso
1035 2670 1148 2724 Deo
1192 2668 1559 2724 absolutione
1594 2668 1795 2738 petita,

139 2757 385 2813 tandem
431 2756 486 2811 in
534 2755 773 2813 auribus
821 2757 1074 2813 omnium
1123 2757 1499 2823 desideravit,
1550 2755 1797 2813 dicens:

139 2845 395 2915 Suﬁcit
433 2844 618 2902 mihi!
669 2846 712 2901 0
751 2844 983 2901 utinam
1012 2845 1305 2917 respiciat
1327 2846 1505 2915 Deus,
1539 2845 1808 2917 et/Zniat

146 2933 384 2993 labores
419 2947 592 3004 meos,
626 2933 688 2990 et
708 2934 1007 3004 suscipiat
1033 2935 1098 2990 in
1119 2948 1272 3005 pace
1300 2935 1582 3005 spiritum
1615 2948 1803 2989 meum

134 3036 250 3094 per
280 3023 766 3080 intercessionem
804 3022 1003 3080 sancti
1033 3022 1374 3089 Clementis,
1404 3024 1576 3093 cujus
1603 3037 1805 3079 sacra-
1837 3079 1879 3104 η

1907 1793 2064 1862 bant,
2101 1793 2172 1847 ab
2204 1792 2527 1863 apostolica
2555 1792 2687 1848 sede
2711 1790 3068 1862 eptinuerat,
3095 1784 3401 1844 absolutus
3428 1786 3542 1839 est.

1907 1882 1986 1936 Ex
2026 1883 2165 1936 tunc
2208 1880 2390 1937 abbas
2428 1879 2714 1936 ltodulfus
2753 1894 2885 1935 cum
2926 1875 3208 1933 fratribus
3249 1873 3321 1929 ad
3360 1885 3550 1929 coeno-

1907 1968 2063 2025 bium
2122 1968 2234 2025 sibi
2289 1968 2664 2026 commissum
2707 1969 3037 2024 revocatus
3075 1968 3185 2033 est,
3244 1976 3373 2019 cum
3416 1963 3551 2032 post

1905 2055 2223 2113 discessum
2263 2056 2389 2127 ejus
2427 2057 2746 2112 intrassent
2780 2056 2835 2110 in
2869 2053 3012 2110 illud
3054 2051 3177 2124 lupi
3205 2050 3275 2084 ⁸¹⁰
3303 2063 3549 2121 rapaces

1908 2144 2035 2201 loco
2095 2160 2208 2201 non
2268 2152 2598 2216 parcentes,
2641 2150 2700 2200 et
2739 2145 2917 2200 Deum
2975 2146 3031 2198 et
3091 2140 3379 2196 hominem
3439 2151 3549 2193 non

1909 2237 2267 2303 rcverentes,
2303 2248 2333 2288 a
2367 2233 2579 2303 quibus
2633 2234 2711 2289 ita
2773 2230 2962 2288 omnia
3018 2230 3255 2287 confusa
3316 2230 3454 2283 sunt
3492 2228 3550 2281 et

1909 2321 2236 2392 destructa,
2270 2327 2330 2378 ut
2361 2321 2633 2377 memoria
2664 2318 3022 2377 confusionis
3052 2322 3113 2374 et
3143 2313 3552 2388 pessundatio-

1908 2408 1998 2463 nis
2046 2409 2205 2465 illius
2246 2408 2533 2479 hodieque
2583 2407 2913 2465 oblitterari
2947 2421 3060 2462 non
3091 2404 3302 2461 valeat.
3339 2401 3463 2469 Quo
3498 2402 3552 2455 in

1910 2498 2063 2552 facto
2094 2496 2365 2553 admirari
2392 2497 2532 2552 libet
2560 2496 2924 2567 prudentiam
2947 2499 3006 2550 et
3029 2493 3333 2550 caritatem
3368 2490 3554 2561 patris

1863 2623 1868 2628 -
1910 2586 2095 2640 nostri
2132 2585 2360 2641 abbatis
2404 2584 2784 2653 Divionensis,
2817 2584 2912 2654 qui
2945 2582 3093 2639 tales
3122 2586 3181 2637 et
3210 2583 3410 2636 tantos
3444 2578 3556 2633 fra-

1912 2678 2033 2729 tres
2060 2689 2189 2729 cum
2221 2674 2496 2744 suscepit,
2552 2672 2769 2729 letatus
2795 2677 2906 2742 est,
2943 2686 3073 2729 cum
3123 2667 3351 2726 remisit
3397 2666 3549 2735 loco,

1909 2761 2242 2830 gratulatus
2260 2767 2376 2818 est.
2401 2761 2612 2832 Utique
2636 2760 2798 2817 solus
2825 2758 3191 2831 temporibus
3220 2755 3440 2813 nostris
3474 2754 3557 2808 in-

1912 2854 2122 2906 ventus
2151 2854 2262 2918 est,
2308 2851 2404 2921 qui
2450 2852 2664 2906 fratres
2703 2864 2849 2920 quos
2879 2852 3139 2920 tempore
3180 2842 3558 2901 necessitatis

1912 2939 2261 3008 retinuerat,
2310 2938 2472 3010 pacis
2505 2944 2766 3009 tempore
2794 2938 3139 3005 dimitteret,
3174 2949 3277 2991 nec
3305 2932 3554 2989 doleret.

1915 3026 2078 3092 Quod
2101 3027 2250 3082 enim
2276 3041 2376 3083 eos
2399 3026 2679 3098 suscepit,
2703 3030 2762 3081 et
2782 3023 3295 3095 congregationem
3318 3033 3564 3091 congre-

148 3111 459 3168 tissimum
499 3123 709 3182 corpus
753 3109 927 3167 hodie
967 3110 1193 3177 videre,
1222 3112 1493 3181 palpare,
1528 3111 1587 3166 et
1611 3111 1805 3167 trans-
1840 3115 1883 3140 ’λ
1912 3113 2133 3182 gationi
2165 3114 2427 3181 sociavit,
2459 3113 2685 3183 signum
2720 3112 2824 3169 fuit
2853 3112 2948 3168 cui
2981 3108 3408 3168 contradictum
3441 3109 3554 3173 est,

135 3200 322 3270 ferre
348 3198 670 3270 magniﬁco
689 3212 929 3255 munere
950 3196 1117 3255 nobis
1139 3199 1208 3254 de
1229 3199 1363 3255 calo
1385 3199 1666 3255 donatum
1688 3199 1807 3255 est!

156 3287 279 3343 Sub
313 3285 422 3341 hac
444 3299 585 3341 voce
615 3284 865 3357 populus
896 3286 1199 3355 ingemuit,
1221 3291 1279 3341 et
1305 3287 1489 3342 fracto
1520 3286 1807 3356 finemque

155 3371 426 3430 laborum
452 3372 766 3445 inploranti
790 3372 1113 3430 condoluit.
1143 3375 1374 3431 Duobus
1399 3375 1606 3431 diebus
1630 3374 1809 3429 inter-

154 3461 511 3519 cedentibus
553 3462 713 3534 quasi
756 3463 1038 3533 praesagis
1075 3463 1285 3520 vicinis
1326 3464 1636 3534 transitus,
1674 3464 1810 3519 fide-

154 3549 318 3607 libus
349 3549 613 3608 ecclesiae
647 3551 767 3607 fieri
798 3550 1084 3623 epistolas
1116 3552 1313 3622 jussit,
1351 3567 1526 3608 orans
1559 3556 1616 3607 et
1651 3552 1813 3622 adju-

159 3653 301 3696 rans
347 3654 451 3711 per
501 3640 791 3697 viventem
841 3640 894 3696 in
943 3641 1139 3698 secula
1173 3640 1527 3710 seculorum,
1579 3644 1640 3696 ut
1689 3641 1812 3697 sine

158 3726 324 3798 dolo,
341 3728 467 3784 sine
480 3727 851 3785 simulatione
868 3732 1190 3785 tractarent
1210 3728 1511 3798 negocium
1527 3727 1812 3785 tecclesiaa

157 3817 218 3873 in
252 3815 503 3889 simplici
536 3822 595 3872 et
627 3817 777 3873 nuda
830 3818 1098 3887 veritate,
1134 3822 1191 3873 et
1224 3817 1495 3873 omnibus
1544 3817 1811 3874 ultimum

162 3904 294 3962 vale
328 3905 494 3975 dixit,
528 3921 656 3962 cum
691 3905 940 3961 mirabili
982 3907 1291 3962 verborum
1325 3909 1381 3961 et
1414 3904 1613 3962 vultus
1646 3905 1815 3962 affec-

162 3993 349 4050 tione.
399 3992 500 4049 Die
546 3993 733 4049 tercio
786 3995 941 4049 circa
993 3995 1193 4051 horam
1239 4009 1447 4050 nonam
1481 3994 1816 4063 intelligens

165 4095 337 4139 suum
356 4081 672 4138 transitum
698 4081 1015 4152 imminere,
1037 4083 1348 4139 convocari
1376 4086 1589 4138 fratres
1608 4082 1809 4152 jussit,

166 4173 229 4225 ct
261 4167 416 4226 ﬁlios
446 4173 709 4225 astantes
733 4184 803 4225 ne
827 4169 1093 4225 dolerent
1124 4184 1266 4226 voce
1294 4175 1352 4227 et
1386 4184 1554 4225 manu
1586 4184 1816 4241 compe-

166 4256 342 4314 scuit.
378 4260 424 4313 A
455 4258 669 4330 quibus
704 4273 833 4315 cum
880 4258 1365 4328 interrogaretur,
1401 4258 1491 4314 cui
1523 4273 1622 4315 eos
1654 4257 1817 4315 deso-

167 4343 324 4403 latos
352 4344 734 4417 relinqueret,
770 4346 906 4416 quid
936 4351 1022 4402 eis
1052 4347 1403 4417 prteeiberet
1428 4366 1440 4399 :
1470 4346 1816 4403 Commendo

1916 3202 2061 3258 adeo
2080 3207 2143 3259 ut
2166 3216 2366 3257 omnes
2388 3216 2523 3271 roga
2536 3204 2660 3257 rent
2677 3202 2733 3257 in
2750 3202 2961 3258 bonum
2986 3202 3244 3255 monstra
3266 3193 3553 3253 converti.

1916 3291 2054 3345 Nam
2088 3294 2147 3345 et
2182 3288 2578 3345 Cluniacensis
2618 3289 2800 3345 abbas
2840 3288 3084 3345 domnus
3123 3287 3285 3355 llugo
3312 3297 3441 3341 cum
3477 3282 3559 3337 in-

1919 3378 2226 3449 probasset
2261 3378 2474 3434 factum
2506 3376 2650 3448 ejus,
2678 3377 2879 3433 dicens
2908 3373 3250 3447 inpossibile
3282 3372 3404 3429 fore
3437 3376 3560 3426 tres

1918 3466 2405 3535 congregationes
2459 3465 2703 3522 invicem
2761 3478 2893 3521 esse
2942 3461 3289 3531 concordes,
3341 3458 3459 3516 tale
3506 3458 3558 3514 ei

1920 3554 2084 3610 dedit
2105 3554 2439 3625 concilium,
2462 3550 2526 3610 ut
2549 3553 2597 3609 si
2621 3553 2800 3610 vellet
2819 3551 3085 3609 ecclesiae
3106 3549 3217 3607 sibi
3239 3546 3561 3606 commissae

1922 3656 2119 3713 pacem
2162 3643 2494 3713 adquirere,
2530 3656 2633 3698 eos
2665 3642 2763 3713 qui
2796 3640 3016 3697 vellent
3050 3638 3334 3696 azcclesm
3372 3635 3563 3691 Divio-

1921 3730 2094 3785 nensi
2132 3729 2554 3803 perpetualiter
2582 3728 2963 3787 stabilitatem
2998 3727 3228 3784 firmare
3258 3726 3561 3793 retineret,

1923 3818 2019 3888 qui
2049 3833 2187 3875 vero
2213 3818 2434 3875 nollent
2454 3833 2484 3874 a
2504 3834 2566 3875 se
2591 3818 2823 3875 omnino
2846 3816 3191 3873 dimitteret.
3228 3814 3413 3871 Aliter
3436 3816 3562 3869 tuta

1921 3919 2055 3962 esse
2089 3919 2201 3977 pax
2233 3904 2517 3961 :ecclesize
2548 3920 2659 3961 non
2691 3910 2917 3977 posset,
2953 3919 3082 3959 cum
3123 3902 3206 3958 illi
3238 3901 3333 3972 qui
3364 3902 3567 3956 essent

1922 3993 2181 4064 suscepti
2206 3993 2297 4049 vel
2320 3992 2524 4049 nutriti
2552 3993 2607 4047 in
2633 3993 2921 4062 :ecclesia,
2948 3991 3328 4048 dissentirent
3350 3988 3421 4044 ab
3446 3986 3564 4043 illis

1925 4082 2021 4152 qui
2045 4080 2264 4152 suscipi
2286 4081 2640 4151 refugerent,
2660 4080 2814 4151 quod
2834 4079 3100 4150 religioni
3121 4076 3564 4134 adversabatur.

1927 4172 2231 4227 Attcstans
2272 4184 2335 4226 se
2379 4168 2435 4225 id
2477 4169 2789 4238 facturum,
2833 4168 2881 4224 si
2922 4166 3130 4224 similis
3160 4165 3211 4221 ei
3244 4162 3568 4220 necessitas

1925 4258 2307 4315 incumberet.
2336 4258 2453 4314 Hoc
2478 4258 2603 4328 ipse
2626 4256 2697 4312 ab
2721 4256 2848 4328 ejus
2865 4270 2965 4312 ore
2984 4254 3202 4324 audivi,
3226 4266 3356 4310 cum
3382 4264 3565 4307 essem

1927 4363 2054 4404 cum
2106 4346 2309 4403 eodem
2358 4351 2522 4419 patre
2573 4350 2777 4401 nostro
2829 4343 3105 4401 Cluniaci.
3140 4344 3261 4399 Jam
3293 4341 3445 4397 enim
3478 4353 3566 4395 me

164 4447 287 4503 tos,
321 4435 422 4503 ait,
456 4434 608 4500 Deo;
635 4434 790 4491 state
820 4435 884 4491 in
900 4434 1029 4506 ﬁde
1049 4436 1108 4490 et
1126 4435 1400 4491 doctrina
1433 4433 1590 4491 beati
1619 4434 1812 4505 Petri,
1846 4434 1899 4495 D
1929 4450 2125 4493 secum
2159 4434 2432 4503 ducebat,
2470 4439 2529 4492 ut
2564 4434 2824 4490 viderem
2861 4447 2988 4505 qua
3028 4433 3186 4489 circa
3215 4445 3345 4488 eum
3376 4432 3563 4497 erant,

166 4522 330 4580 sicut
345 4535 385 4579 a
404 4522 839 4581 successoribus
869 4525 999 4595 ejus
1022 4523 1077 4579 et
1096 4523 1338 4580 cidistis
1360 4523 1416 4577 ei
1434 4523 1716 4580 audistis.
1748 4524 1816 4578 Et

173 4615 307 4683 post
337 4610 445 4667 hec
476 4625 677 4667 omnes
709 4610 1080 4681 benedicens,
1114 4612 1280 4681 signo
1309 4612 1509 4667 crucis
1542 4626 1602 4666 se
1635 4612 1818 4666 muni-

171 4700 274 4768 vit,
307 4702 365 4754 et
399 4698 665 4755 invocata
699 4704 900 4755 sancta
932 4699 1231 4768 Trinitate,
1268 4705 1487 4757 sancta)
1520 4700 1710 4754 Mariae
1755 4716 1817 4755 se

173 4788 611 4856 commendans,
642 4802 945 4844 commune
970 4788 1354 4859 patrocinium
1380 4793 1712 4843 sanctorum
1739 4788 1819 4841 in-

173 4875 432 4948 plorans,
467 4874 656 4932 oculis
686 4881 746 4931 et
785 4877 1125 4933 manibusin
1152 4876 1363 4933 caelum
1395 4876 1661 4944 elevatis,
1696 4876 1818 4931 sine

176 4963 293 5020 ullo
324 4964 580 5036 strepitu
612 4964 772 5021 vocis
803 4970 863 5020 et
895 4969 1055 5022 motu
1086 4964 1372 5035 corporis,
1410 4964 1571 5035 quasi
1608 4964 1820 5018 obdor-

175 5053 359 5109 miens
383 5052 657 5123 spiritum
682 5053 893 5109 emisit.
918 5053 1193 5123 Sequenti
1220 5057 1385 5108 nocte
1405 5052 1676 5123 apparuit
1699 5051 1820 5107 cui-

174 5141 303 5197 dam
349 5139 567 5196 dilecto
596 5155 719 5209 suo,
757 5155 924 5211 quem
962 5141 1017 5195 in
1050 5139 1227 5196 filium
1263 5140 1667 5211 adeptaverat,
1720 5140 1816 5209 qui

173 5244 301 5285 cum
324 5227 530 5301 psalmi
555 5232 954 5299 cantarentur,
982 5243 1101 5300 prae
1125 5227 1366 5283 tristitia
1397 5226 1815 5298 obdormierat,

171 5325 228 5375 et
256 5318 333 5373 ait
360 5315 444 5373 illi
474 5335 486 5370 :
510 5316 654 5375 Noli
672 5317 893 5375 mestus
914 5329 1057 5388 esse,
1078 5316 1284 5375 saltus
1302 5330 1447 5374 sum.
1486 5316 1699 5370 lterum
1724 5330 1822 5386 ap-

1929 4528 1987 4579 et
2023 4524 2365 4595 perfectioni
2399 4536 2633 4594 operam
2667 4522 2894 4589 darem;
2928 4536 3058 4577 cum
3092 4521 3238 4592 ipse,
3272 4517 3570 4575 humiliter
3632 4550 3643 4563 ε

1932 4612 2251 4683 requisitus
2281 4626 2310 4667 a
2345 4626 2434 4667 me
2466 4625 2644 4681 quare
2676 4614 2838 4666 tanto
2872 4616 3132 4681 tempore
3164 4607 3448 4665 voluntati
3482 4621 3570 4661 me

1930 4701 2182 4771 propriae
2234 4699 2573 4769 dimisisset,
2621 4700 2877 4754 breviter
2908 4697 3257 4770 respondit:
3308 4694 3574 4752 Volebam

1930 4788 2212 4859 inquiens,
2246 4789 2401 4845 seire
2419 4789 2475 4845 si
2499 4788 2659 4843 terra
2692 4788 2797 4843 tua
2821 4801 3017 4843 semen
3044 4784 3207 4842 verbi
3225 4781 3569 4854 susciperet,

1927 4875 1981 4930 si
2004 4874 2264 4944 sasrepto
2284 4876 2429 4932 semi
2436 4888 2506 4930 ne
2512 4875 2793 4947 fruct-um
2797 4873 3055 4945 faceret,
3081 4885 3152 4928 ne
3172 4872 3475 4927 incassum
3487 4880 3574 4924 se-

1928 4963 2166 5018 mentem
2189 4962 2510 5032 jaclarem,
2536 4975 2608 5017 ne
2631 4962 2797 5018 labor
2820 4961 2875 5017 ei
2894 4962 3141 5031 inpensa
3166 4956 3409 5029 periret.
3441 4954 3573 5021 Qui-

1932 5050 2041 5104 bus
2083 5049 2210 5118 ejus
2252 5050 2445 5106 verbis
2476 5064 2547 5104 ex
2578 5048 2886 5103 devotione
2918 5046 3205 5115 affectum,
3260 5058 3331 5100 ex
3362 5043 3574 5099 affectu

1931 5136 2297 5193 devotionem
2314 5137 2621 5207 colligens,
2646 5135 2773 5194 tibi.
2797 5135 3047 5201 Christe,
3071 5134 3290 5204 gratias
3310 5135 3571 5203 agebam,

1930 5230 1990 5281 et
2020 5233 2080 5281 ut
2114 5226 2498 5282 fructificaret
2523 5225 2574 5279 in
2603 5240 2688 5280 me
2717 5223 2905 5293 gratia
2939 5228 3073 5290 tua;
3109 5228 3174 5279 ut
3202 5222 3488 5279 lctaretur
3518 5220 3574 5276 in

1932 5318 1988 5370 te
2008 5314 2078 5370 de
2098 5313 2268 5369 nobis
2294 5312 2476 5369 multo
2500 5310 2710 5370 affectu
2735 5313 2993 5382 orabam,
3014 5316 3071 5368 et
3092 5311 3281 5368 adhuc
3300 5311 3354 5367 in
3373 5309 3574 5367 eodem

1527 5446 1763 5504 VARUS
1805 5445 2204 5503 LECTIONES.

245 5547 311 5586 ιω
338 5544 497 5619 rupi.
537 5558 593 5603 ο.
