3950 6048
224 296 239 305 .
331 234 444 299 851

1297 251 1666 318 HUGONIS
1712 253 2059 320 ABBATIS
2102 254 2781 329 FLAVINIACENSIS

3612 262 3735 328 352

329 385 533 470 maneo
556 374 871 447 desiderio,
897 380 1234 455 supplicans
1258 388 1318 443 ut
1338 368 1494 443 adsit
1517 380 1686 446 nobis
1710 387 1970 460 dignatio
2000 389 2055 451 A
2085 397 2173 452 est
2208 393 2357 467 apud
2390 393 2605 455 Eduam
2640 400 2708 454 32
2736 395 3150 470 episcoporum
3185 409 3215 454 a
3247 393 3456 455 domno
3489 398 3734 469 Hugone

326 464 448 531 tua,
480 479 609 535 quae
641 481 746 523 nos
779 469 986 540 dignos
1021 473 1193 530 faciat
1225 477 1639 548 propitiatione
1672 482 1768 535 tua
1796 499 1808 533 :
1834 495 1971 551 qua-

327 551 489 610 tinus
519 561 799 627 operante
823 559 877 615 in
904 562 1501 631 nobis,misericordia
1535 572 1653 638 tua,
1686 568 1857 623 alieni
1889 570 1971 625 in-

328 642 630 701 veniamur
660 646 732 701 ab
761 650 910 704 omni
964 650 1293 723 iniquitate,
1330 661 1391 711 ut
1426 656 1642 712 letetur
1691 664 1970 729 paternus

327 730 455 799 ejus
483 733 726 792 affectus
748 737 817 791 de
843 737 1122 797 ﬁliatione
1146 748 1368 799 nostra.
1397 745 1439 799 Ο
1464 747 1632 815 Deus,
1662 751 1722 802 et
1743 762 1776 803 o
1801 748 1970 806 beata

330 826 516 909 mater
546 823 691 892 ejus,
724 827 1007 899 suscipite
1046 830 1331 889 clamores
1359 834 1553 891 cordis
1580 837 1706 906 ejus
1736 851 1841 909 pro
1876 853 1971 895 no-

330 907 441 978 bis,
475 916 533 966 et
564 912 860 970 Laetiﬁcate
912 918 1154 973 animam
1205 922 1332 991 ejus
1371 924 1440 977 de
1485 925 1667 994 nobis,
1701 907 1765 982 ut
1797 925 1968 984 simul

328 994 691 1057 inveniamur
718 1002 772 1057 in
804 1011 963 1061 sorte
1012 1006 1217 1074 gloriae
1268 1009 1518 1067 filiorum
1551 1014 1670 1068 Dei.
1704 1016 1971 1085 ingratus

328 1085 478 1141 enim
521 1089 675 1157 patri
717 1091 992 1149 beneficia
1034 1095 1193 1151 danti
1236 1113 1367 1154 esse
1400 1100 1553 1169 nolo,
1587 1117 1691 1158 nec
1725 1105 1971 1162 remotis

330 1175 569 1232 arbitris
617 1192 790 1247 agere
840 1184 1082 1250 gratias.
1139 1188 1207 1241 Et
1238 1185 1374 1243 licet
1418 1190 1471 1245 in
1516 1192 1969 1250 adolescentiam

326 1261 546 1355 collata
574 1273 834 1355 pereant,
881 1272 1015 1340 quia
1049 1273 1170 1344 ipsa
1206 1290 1517 1348 numquam
1550 1284 1966 1355 retractentur,

324 1363 433 1447 ego
453 1352 547 1421 qui
576 1354 914 1447 beneficium
947 1361 1137 1418 inveni
1173 1364 1491 1437 impensum
1525 1375 1691 1440 grate
1724 1352 1968 1446 accipio,

331 1453 571 1509 primam
620 1449 746 1512 ejus
792 1449 1123 1517 pensionem
1168 1454 1347 1524 solvo,
1384 1459 1534 1527 quod
1565 1464 1731 1527 grate
1764 1461 1833 1516 ad
1866 1476 1970 1518 nos

328 1531 703 1618 pervenerint
757 1534 956 1593 effusis
1015 1540 1322 1601 affectibus
1369 1546 1705 1618 judicando,
1759 1554 1818 1605 et
1865 1551 1970 1607 hoc

329 1616 545 1709 ubique
579 1623 869 1680 testando.
899 1626 968 1681 Et
992 1628 1039 1683 si
1064 1632 1284 1687 referre
1315 1635 1561 1702 gratiam
1597 1616 1705 1691 non
1742 1643 1965 1709 potero,

327 1702 471 1760 illud
495 1712 655 1763 certe
681 1724 791 1766 non
813 1712 1067 1771 desinam
1095 1719 1307 1791 ubique
1330 1723 1618 1793 confiteri,
1638 1740 1725 1782 me
1744 1702 1968 1784 referre
1998 1746 2053 1807 Β

328 1807 439 1848 non
472 1810 667 1864 posse.

400 1882 633 1975 Fratres
672 1886 850 1955 igitur
891 1896 1056 1960 pater
1096 1901 1296 1952 noster
1324 1904 1383 1953 et
1409 1901 1670 1968 gaudens
1708 1905 1970 1975 suscepit

328 1969 706 2042 gaudensque
740 1978 981 2045 remisit,
1018 1983 1151 2050 quia
1180 1985 1509 2056 depositum
1540 1990 1636 2044 Dei
1667 2005 1797 2046 esse
1829 1969 1971 2048 scie-

330 2056 447 2125 bat,
473 2063 532 2114 et
553 2059 681 2117 ideo
704 2063 758 2119 in
785 2069 1073 2126 servando
1097 2071 1197 2127 illo
1220 2080 1273 2128 et
1302 2076 1651 2133 remittendo
1682 2078 1968 2136 voluntati

328 2145 549 2201 Domini
579 2151 669 2205 sui
702 2151 887 2210 libens
918 2160 1179 2227 parebat.
1215 2163 1287 2218 Ut
1315 2164 1463 2218 enim
1496 2166 1574 2220 ait
1609 2167 1811 2223 beatus
1843 2170 1971 2224 Am-

330 2232 567 2327 brosius
601 2238 653 2327 in
686 2239 835 2298 libro
866 2244 936 2299 de
967 2260 1213 2305 exnessu
1247 2251 1445 2307 fratris
1479 2254 1675 2311 nichil
1700 2256 1965 2327 interest,

325 2321 529 2380 utrum
570 2326 811 2396 abjures
856 2332 1203 2408 depositum,
1250 2353 1330 2395 an
1372 2342 1573 2399 doleas
1601 2321 1963 2401 restitutum.

326 2410 445 2466 Non
491 2413 669 2482 igitur
706 2418 891 2475 doluit
936 2426 1295 2498 restitutum,
1346 2430 1481 2498 quia
1521 2430 1744 2488 sciebat
1781 2433 1971 2488 Domi-

326 2512 491 2592 num;
533 2508 591 2557 et
634 2507 919 2565 voluntati
963 2510 1120 2569 illius
1158 2518 1452 2572 contraire
1494 2520 1654 2575 nefas
1700 2522 1963 2592 putabat.

328 2586 614 2647 Reversus
645 2598 738 2650 est
767 2600 959 2654 autem
980 2600 1049 2655 ad
1075 2604 1402 2660 coenobium
1425 2621 1592 2663 suum
1617 2586 1746 2664 cum
1778 2610 1969 2665 fratri-

333 2674 441 2731 bus
488 2678 611 2734 suis
659 2681 905 2740 domnus
963 2688 1143 2745 abbas
1200 2691 1487 2749 Rodulfus
1537 2709 1686 2752 anno
1734 2698 1805 2751 ab
1852 2698 1965 2753 inc.

330 2761 489 2819 Dom.
526 2771 679 2822 1092.
711 2785 839 2826 cum
867 2772 982 2841 jam
1014 2776 1280 2835 ecclesiae
1311 2781 1651 2839 Virdunensi
1686 2785 1968 2841 Richerus

334 2852 613 2947 prmlatus
637 2864 820 2947 esset,
844 2860 897 2915 in
919 2864 1181 2921 aecclesia
1213 2871 1398 2925 sancti
1431 2872 1705 2941 Stephani
1731 2874 1970 2929 Metten-

332 2940 415 3035 sis
445 2940 647 3035 decani
691 2948 924 3006 functus
969 2953 1177 3010 officio.
1213 2940 1547 3015 Mettensesi
1575 2974 1712 3016 vero
1760 2960 1968 3018 domno

336 3025 683 3117 lierimanno
728 3036 970 3109 viduati,
1018 3041 1323 3113 elegerunt
1363 3048 1647 3117 quendam
1691 3049 1968 3105 clericum

331 3114 726 3178 Trevirensem
774 3127 1101 3199 Popponem
1145 3099 1394 3203 nomine:
1438 3136 1675 3193 fratrem
1719 3138 1970 3194 Heinrici
2002 3099 2052 3161 θ

330 3207 564 3264 comitis
583 3212 845 3283 palatini,
863 3221 920 3272 et
942 3219 1159 3289 absque
1178 3222 1340 3291 regio
1363 3224 1515 3280 dono
1540 3224 1664 3281 sola
1686 3226 1972 3283 electione

334 3304 741 3367 preponeutes
777 3317 906 3359 eum
947 3307 1247 3378 aacclesiaa,
1279 3311 1350 3365 de
1382 3315 1824 3370 consecratione
1856 3319 1973 3371 tra-

331 3385 492 3473 ctare
525 3396 847 3457 coeperunt.
882 3394 949 3448 Et
972 3395 1102 3465 quia
1131 3397 1492 3455 Trevirensis
1521 3401 1834 3473 episcopus
1864 3404 1974 3459 Wi-

334 3468 712 3562 bertistarum
781 3483 1183 3540 communione
1247 3468 1677 3546 contaminatus
1725 3468 1881 3562 erat,
1941 3507 1971 3548 a

333 3557 545 3617 domno
585 3563 950 3626 Luedunensi
988 3572 1432 3647 archiepiscopo
1470 3578 1799 3634 consecrari
1840 3557 1971 3636 eum

331 3650 725 3722 expetierunt,
751 3656 1025 3727 imposito
1045 3662 1279 3731 negotio
1298 3663 1403 3719 hoc
1425 3666 1760 3721 strenuitati
1781 3666 1971 3724 domui

330 3734 561 3827 abbatis
578 3740 972 3827 Divionensis,
993 3747 1062 3803 de
1078 3750 1246 3820 cujus
1267 3751 1553 3809 industria
1578 3754 1971 3827 confidebant.

332 3821 439 3910 Qui
474 3825 651 3883 nichil
682 3837 1016 3904 cunctatus,
1060 3837 1328 3895 domuum
1371 3841 1810 3910 Lugdunensem
1842 3822 1971 3900 cum

334 3908 563 3971 duobus
601 3917 724 3975 suis
764 3922 1168 3995 suﬂ‘raganeis,
1213 3908 1629 3986 Matiscoueuse
1660 3930 1881 3988 scilicet
1915 3938 1973 3989 et

337 3997 753 4077 Linguonense,
788 4024 893 4080 per
927 4011 1074 4069 bella
1100 4019 1156 4068 et
1179 4014 1427 4086 gladios,
1460 4031 1587 4073 cum
1614 4018 1802 4073 omnia
1829 4033 1975 4074 mor-

332 4090 448 4144 tem
468 4089 761 4152 intentare
786 4098 1144 4171 viderentur,
1173 4104 1389 4160 Mettim
1424 4120 1607 4176 usque
1640 4106 1910 4173 deduxit;
1942 4123 1972 4164 a

335 4190 449 4247 quo
469 4184 528 4235 et
544 4194 927 4245 consecratus
948 4195 1037 4246 est
1060 4191 1240 4262 prima
1260 4192 1581 4250 ebdomada
1603 4195 1977 4265 quadragesi-

334 4278 440 4322 mae
459 4283 586 4325 cum
612 4272 818 4345 gloria,
839 4281 898 4332 et
917 4278 1002 4334 sic
1022 4280 1267 4337 domnus
1290 4282 1691 4352 Lugdunensis
1705 4300 1833 4339 cum
1854 4285 1975 4341 suis

332 4366 604 4415 reversus
621 4366 710 4417 est
731 4364 800 4419 ad
822 4367 1080 4438 propria.
1108 4370 1382 4439 Sequenti
1409 4385 1556 4427 anno
1582 4371 1884 4429 Richerius
1905 4372 1972 4406 ⁴²¹

334 4457 439 4512 pro
462 4451 905 4509 consecratione
939 4470 1041 4512 sua
1073 4456 1408 4526 Lugdunum
1442 4460 1700 4531 veniens,
1733 4476 1863 4517 cum
1886 4476 1972 4519 sa-

334 4539 632 4591 cramento
670 4554 733 4594 se
775 4539 846 4595 de
886 4542 1127 4601 simonia
1168 4553 1502 4618 purgasset,
1546 4547 1600 4603 in
1644 4548 1737 4605 die
1769 4555 1972 4607 sancto

333 4620 564 4687 paschae
586 4634 1077 4688 consecratusest
1097 4634 1169 4689 ab
1191 4635 1414 4705 eodem,
1443 4637 1832 4707 prmsentibus
1854 4639 1974 4709 epi-

334 4720 531 4781 scopis
562 4713 986 4790 Matisconensi,
1024 4722 1417 4794 Cabilonensi,
1451 4725 1821 4794 Augustensi,
1845 4725 1974 4783 'lul-

332 4794 498 4869 lensi,
525 4815 654 4858 cum
682 4804 816 4863 filiis
840 4807 1222 4866 Virdunensis
1240 4811 1539 4881 aecclesiae,
1560 4817 1619 4867 et
1639 4812 1854 4869 litteris
1876 4813 1975 4871 do-

332 4886 445 4941 mui
479 4890 779 4952 Mettensis
799 4896 871 4953 de
891 4898 1015 4967 ejus
1040 4897 1328 4956 electione
1360 4899 1825 4958 concinentibus.

404 4978 567 5037 Anno
598 4982 670 5038 ab
692 4983 801 5041 inc.
832 4986 985 5041 Dom.
1023 4990 1156 5044 1094
1178 4986 1348 5060 (194),
1374 4987 1679 5044 concilium
1712 4990 1970 5047 habitum

2086 484 2450 555 Lugdunensi
2482 486 2633 556 (Oct.
2664 490 2771 558 15),
2803 485 2895 543 cui
2926 485 3099 542 etiam
3131 486 3520 543 interfuerunt
3555 489 3737 544 abba-

2084 578 2174 628 tes
2206 575 2614 646 quamplurimi
2647 584 2706 631 et
2733 575 2842 631 viri
2886 575 3161 645 religiosi.

2156 665 2319 720 Anno
2350 666 2422 719 ab
2454 664 2564 719 inc.
2600 667 2942 736 Dom,1095,
2983 664 3124 720 feria
3148 667 3198 733 4,
3227 663 3358 721 luna
3382 669 3471 735 25,
3496 668 3546 722 2.
3582 667 3727 722 Non.

2083 752 2299 823 Aprilis
2322 768 2352 809 a
2376 753 2566 809 noctis
2601 752 2785 809 medio
2818 768 2999 823 usque
3033 752 3101 808 ad
3135 768 3401 809 auroram
3436 753 3623 811 stellae
3656 754 3732 811 de

2080 822 2208 879 celo
2249 824 2459 880 cadere
2498 824 2636 881 visae
2678 831 2832 893 sunt,
2876 822 2934 879 et
2976 825 3177 881 eadem
3226 828 3394 880 nocte
3440 824 3732 896 Gyraldus

2081 912 2262 968 abbas
2314 912 2483 970 Silvze
2533 913 2768 982 majoris
2802 913 2950 984 (195)
2985 913 3251 982 migravit
3305 913 3375 968 ad
3427 913 3729 970 Dominum

2082 1000 2201 1068 (fol.
2232 1002 2392 1073 136‘).
2425 1003 2504 1056 Eo
2541 1016 2771 1071 quoque
2801 1002 2895 1058 die
2928 1001 3177 1057 domnus
3210 1000 3611 1071 Lugdunensis
3640 1016 3736 1058 ar-

2080 1088 2489 1160 chiepiscopus
2543 1090 2654 1146 iter
2707 1090 2958 1161 arripuit
3006 1089 3077 1145 ad
3129 1090 3398 1146 Sanctum
3449 1091 3729 1147 Iacobum

2082 1175 2255 1247 (196),
2306 1178 2551 1234 honesto
2596 1178 2950 1236 clericorum
2993 1182 3053 1233 et
3093 1178 3391 1249 laycorum
3437 1178 3728 1235 comitatu

2081 1264 2411 1336 decoratus,
2459 1271 2518 1322 et
2566 1268 2719 1338 apud
2768 1266 3027 1322 Anicium
3077 1265 3227 1337 (197)
3278 1266 3471 1322 tribus
3520 1266 3732 1324 diebus

2082 1358 2430 1424 remoratus,
2487 1370 2616 1410 cum
2676 1354 2921 1411 maxima
2981 1353 3328 1411 difficultate
3385 1354 3456 1410 ab
3506 1354 3727 1411 eisdem

2081 1440 2320 1497 avulsus
2350 1447 2461 1511 est,
2493 1457 2622 1498 cum
2652 1442 3067 1499 convenissent
3091 1442 3168 1496 ibi
3193 1441 3567 1513 quamplures
3592 1441 3734 1498 reli-

2079 1530 2226 1597 giosi
2252 1530 2321 1585 ad
2348 1530 2712 1585 retinendum
2745 1544 2895 1585 eum.
2933 1529 3101 1584 Venit
3134 1536 3324 1586 autem
3356 1530 3425 1586 ad
3452 1529 3727 1586 Sanctum

2079 1618 2356 1673 Iacobum
2390 1618 2727 1673 imminente
2752 1618 2949 1687 vigilia
2975 1618 3090 1674 dici
3116 1617 3302 1675 sancti
3333 1622 3725 1689 pentecostes,

2081 1706 2218 1760 etin
2246 1706 2337 1761 die
2359 1712 2561 1762 sancto
2592 1706 2897 1762 missarum
2931 1705 3270 1777 sollempnia
3294 1706 3362 1762 ad
3383 1705 3567 1763 altare
3597 1722 3733 1763 san-

2082 1794 2158 1849 cti
2212 1794 2439 1865 publica
2494 1795 2838 1864 celebravit,
2888 1799 3119 1851 astante
3168 1794 3446 1866 episcopo
3476 1799 3538 1849 et
3565 1793 3732 1852 clero

2083 1882 2416 1954 populoque
2455 1884 2700 1939 inﬁnito.
2742 1885 2799 1938 In
2835 1883 3155 1940 crastinum
3188 1887 3431 1954 accepta
3460 1896 3489 1937 a
3524 1887 3734 1940 sancto

2082 1970 2337 2040 licentia,
2373 1972 2687 2027 destinavit
2723 1972 2792 2027 ad
2826 1988 2928 2028 sua
2975 1972 3187 2041 redire,
3221 1976 3277 2026 et
3311 1971 3471 2027 venit
3503 1971 3735 2041 Lugdu-

2083 2074 2214 2115 num
2241 2059 2333 2115 die
2356 2065 2405 2115 3.
2438 2064 2571 2115 ante
2600 2061 2913 2115 navitatem
2938 2060 3125 2116 sancti
3157 2060 3397 2116 Joannis
3429 2059 3727 2131 baptista,

2082 2148 2177 2203 ubi
2212 2163 2342 2203 cum
2375 2148 2569 2205 favore
2603 2153 2659 2204 et
2693 2148 2864 2203 laude
2903 2152 2961 2203 et
2995 2148 3209 2217 gaudio
3239 2148 3493 2204 omnium
3531 2162 3731 2205 susce-

2080 2239 2238 2307 ptus,
2282 2236 2526 2293 nuncios
2558 2237 2757 2293 habuit
2791 2250 2956 2307 papze
2991 2235 3202 2292 Urbani
3237 2237 3260 2259 '
3289 2235 3360 2291 de
3392 2234 3601 2307 Apulia
3629 2249 3703 2293 ve

2080 2324 2297 2379 nicntis
2326 2328 2386 2379 et
2419 2324 2490 2380 ad
2523 2324 2762 2380 Galliam
2799 2324 3148 2380 festinantis.

2148 2446 2185 2519 *ί
2200 2448 2285 2502 De
2298 2447 2487 2517 gestis
2503 2461 2677 2519 papa
2691 2449 2757 2504 in
2774 2448 2966 2504 Italia
2992 2447 3112 2505 Ιιίεο
3130 2446 3311 2505 habet
3326 2447 3508 2519 eodem
3524 2444 3726 2505 Musei

2075 2518 2424 2589 Britannici
2466 2518 2622 2575 inter
2664 2520 3033 2589 Harleianos
3045 2522 3214 2589 73014.
3261 2518 3541 2589 signatus
3586 2531 3718 2575 saec.

2077 2589 2220 2644 XII.
2254 2588 2399 2644 νηὸν.
2432 2603 2608 2645 manu
2636 2589 2829 2647 Germ.
2864 2590 2973 2645 aut
3001 2587 3159 2645 Gall.
3189 2609 3201 2644 :
3230 2587 3393 2645 Anne
3425 2589 3576 2645 dom.
3604 2589 3720 2644 inc.

2080 2664 2236 2715 1095.
2263 2659 2379 2715 ind.
2408 2663 2457 2725 3,
2486 2660 2605 2714 Kal.
2632 2662 2793 2715 Mart.
2827 2660 3139 2716 caelebrata
3171 2664 3264 2715 est
3292 2658 3608 2715 Placentiae
3632 2674 3725 2728 sy-

2079 2731 2266 2786 nodus
2294 2731 2642 2800 przesidcute
2671 2731 2881 2786 domno
2917 2732 3146 2786 Urbano
3177 2744 3478 2801 papacum
3501 2729 3728 2801 episeo-

2081 2801 2566 2871 pisetabbatibus
2584 2806 2697 2855 tam
2717 2801 3027 2857 Galliarum
3050 2800 3293 2871 quamet
3310 2800 3727 2871 Longobardiaa

2079 2870 2137 2926 et
2155 2871 2398 2927 Tusciae.
2422 2873 2591 2927 Facta
2609 2878 2694 2927 est
2722 2877 2913 2927 autem
2937 2870 3138 2940 magna
3164 2871 3518 2927 consultatio
3540 2870 3614 2926 de
3635 2871 3729 2926 bis

2083 2942 2178 3012 qui
2211 2941 2513 2998 aecclesias
2532 2942 2623 2998 vel
2649 2942 2992 3011 praebendas
3020 2947 3303 3009 emerant,
3331 2940 3432 2998 sed
3455 2945 3515 2996 et
3539 2941 3611 2997 de
3632 2941 3729 2996 his

2082 3011 2177 3083 qui
2212 3012 2267 3067 in
2298 3013 2573 3069 scismate
2605 3012 2924 3083 Wipertino
2955 3014 3183 3068 fuerant
3216 3012 3493 3069 ordinati.
3528 3012 3729 3083 Primo

2084 3082 2279 3153 itaque
2304 3083 2397 3139 die
2418 3083 2522 3140 etc.
2550 3082 2736 3154 usque
2766 3083 3119 3154 capellarum
3152 3083 3357 3139 omciis
3388 3083 3509 3153 ipse
3535 3082 3729 3154 provi-

2083 3155 2240 3209 deat.
2278 3154 2415 3219 Qua
2444 3155 2568 3211 alio
2611 3154 2728 3211 loco
2767 3154 3058 3211 dabimus.
3099 3154 3395 3224 Sequitwr
3422 3172 3441 3207 :

2155 3227 2316 3280 Anno
2340 3226 2492 3280 dom.
2522 3225 2739 3281 incarn.
2769 3229 2923 3280 1095.
2947 3221 3262 3280 indictione
3285 3224 3484 3289 tertia,
3510 3225 3559 3277 4.
3591 3221 3727 3277 ldus

2082 3294 2263 3364 April.
2291 3296 2560 3366 veniente
2583 3296 2793 3351 domno
2817 3310 2961 3366 papa
2985 3296 3216 3351 Urbano
3234 3296 3724 3366 Cremonau1,_rex

2083 3363 2466 3422 Chounradus
2490 3368 2554 3421 ll.
2592 3363 2826 3422 obviam
2857 3363 3198 3433 procedens,
3233 3364 3510 3421 stratoris
3531 3363 3726 3420 oﬂlcio

2083 3450 2226 3493 usus
2255 3441 2364 3492 est.
2400 3437 2617 3492 Deinde
2654 3442 2736 3493 17.
2775 3436 2897 3493 Kal.
2931 3436 3033 3492 Mai
3069 3437 3202 3493 fecit
3236 3439 3604 3492 sacramento
3637 3447 3727 3491 se-

2082 3507 2394 3587 curitatem
2423 3508 2475 3562 ei
2509 3508 2580 3563 de
2614 3508 2752 3587 vita,
2790 3506 3292 3587 denmembrisude
3324 3506 3617 3587 captione,
3636 3504 3726 3587 .de

2083 3582 2299 3703 gapatu
2334 3579 2611 3645 Romano,
2635 3582 2691 3634 et
2718 3577 3014 3646 regalibus
3036 3577 3221 3633 sancti
3246 3577 3402 3632 Petri
3428 3580 3544 3632 tam
3570 3577 3725 3630 intra

2132 3662 2316 3703 omam
2349 3663 2519 3703 quam
2552 3653 2718 3703 extra
2759 3650 2993 3703 Romam
3028 3647 3417 3703 acnuirendis.
3449 3644 3725 3703 tenendis

2132 3644 2316 3704 o‘mam
2349 3663 2519 3719 quam
2552 3653 2718 3704 extra
2759 3644 2993 3704 Romam
3028 3647 3417 3719 acquirendis,
3449 3644 3725 3719 tenendis

2084 3734 2150 3775 ac
2181 3716 2562 3776 defendendis
2595 3723 2800 3776 contra
2839 3734 3037 3775 omnes
3073 3716 3353 3787 homines,
3398 3719 3543 3774 bona
3588 3716 3724 3787 fide,

2084 3790 2208 3870 sine
2229 3790 2430 3847 fraude
2448 3790 2674 3870 et_ma_lo
2700 3790 2945 3860 ingenio.
2971 3791 3290 3870 ’l‘unc‘papa
3314 3786 3443 3869 eum
3464 3787 3519 3870 in
3541 3786 3722 3870 filium

2084 3861 2353 3916 Romanm
2393 3859 2676 3917 aecclesiaa
2716 3858 3053 3931 assumpsit,
3096 3858 3160 3915 et
3188 3858 3238 3931 si
3266 3858 3525 3931 rexuista
3566 3858 3722 3914 sicut

2084 3931 2346 4003 promisit
2390 3932 2755 3999 observaret,
2798 3928 2991 4003 coram
3034 3928 3249 4001 populo
3292 3928 3597 4003 pollicitus
3634 3932 3724 4003 est

2083 3997 2211 4058 eum
2246 4001 2522 4070 adjuvare
2554 4002 2623 4057 ad
2659 3997 3073 4070 acquirendum
3106 3997 3166 4058 et
3191 3997 3504 4057 tenendum
3536 4004 3598 4055 et
3626 3997 3726 4053 de-

2087 4072 2432 4128 fendendum
2466 4087 2721 4142 regnum.
2754 4074 2824 4128 Et
2847 4072 3078 4142 quando
3099 4072 3151 4128 ei
3174 4074 3327 4128 Deus
3356 4072 3592 4142 Romam
3618 4082 3723 4139 pro

2085 4157 2301 4198 corona
2342 4139 2553 4199 venire‘
2578 4139 2960 4213 concesserit,
2992 4157 3267 4213 coronam
3299 4140 3526 4213 imperii
3560 4139 3720 4207 dare,

2084 4219 2142 4289 et
2171 4227 2302 4289 eum
2336 4213 2392 4269 in
2424 4211 2953 4289 caeterisnegotiis
2990 4212 3285 4289 adjuvare,
3309 4211 3401 4289 _ad
3442 4211 3720 4289 honorem

2082 4284 2181 4339 Dei
2210 4299 2276 4339 ac
2307 4282 2493 4341 sancti
2527 4284 2683 4340 Petri
2704 4280 3393 4345 et'Romanaizeccle'sim.
3429 4280 3586 4338 salva
3613 4280 3726 4335 sci-

2086 4353 2223 4426 licet
2256 4355 2436 4426 ipsius
2465 4354 2746 4411 :ecclesiaa
2773 4355 3031 4425 justicia,
3062 4360 3117 4410 et
3152 4354 3406 4413 decretis
3445 4349 3702 4424 apostoli

1998 4453 2055 4517 D
2085 4425 2190 4496 cis,
2227 4425 2472 4481 maxime
2514 4426 2584 4482 de
2628 4426 3014 4482 investituris.

2156 4547 2319 4619 (Nov.
2356 4550 2468 4621 18.)
2516 4548 2617 4605 Hic
2664 4548 2867 4605 habuit
2910 4546 3218 4605 concilium
3269 4546 3419 4618 apud
3471 4546 3731 4604 Clarum-

2083 4641 2358 4704 montem,
2398 4636 2491 4693 cui
2536 4640 2786 4707 praeerat
2831 4637 3137 4693 Durannus
3180 4634 3512 4708 episcopus,
3557 4635 3729 4705 cujus

2084 4725 2467 4797 dejectionem
2519 4740 2647 4781 cum
2700 4724 2980 4782 meditata
3037 4728 3196 4783 esset
3257 4724 3726 4782 Cluniacensium

2083 4814 2339 4885 devotio,
2371 4814 2639 4870 Christus
2668 4828 2798 4869 eum
2831 4813 3133 4883 exaltavit,
3158 4818 3218 4870 et
3241 4811 3395 4884 quod
3417 4812 3470 4869 ei
3496 4811 3731 4884 placue-

2086 4904 2183 4973 rit,
2229 4903 2396 4959 modo
2437 4902 2688 4958 mirabili
2732 4901 3142 4959 manifestavit.
3178 4902 3318 4959 Cum
3349 4901 3499 4961 enim
3530 4915 3733 4959 susce-

2088 4992 2269 5065 pisset
2301 4991 2672 5062 legationem,
2709 4995 2769 5047 ut
2804 5004 3008 5062 papam
3040 4990 3293 5063 hospitio
3323 4990 3635 5062 reciperet,
3669 4997 3734 5046 et

1688 5105 1925 5160 VARL‘E
1967 5104 2365 5163 LECTIONES.

400 5193 465 5228 ⁴²¹
496 5193 588 5252 ita
616 5210 670 5253 σ.

1916 5270 2137 5329 NOTAE.

403 5374 551 5443 (194)
584 5373 663 5452 C_f_.
701 5373 931 5452 litteras
960 5375 1215 5452 [lugebis
1235 5376 1305 5432 ad
1335 5377 1699 5434 Lambertum
1732 5376 1972 5433 Atreba-

332 5446 577 5515 tensem,
612 5446 929 5515 Mansixx,
962 5449 1085 5503 80l.
1122 5449 1183 5502 Κ.
1226 5462 1399 5511 regis:

402 5514 654 5589 (195)La
684 5514 1170 5588 Saulve-Majeure
1194 5518 1362 5575 dieeo.
1393 5519 1861 5592 Burdegalensis.

2155 5377 2305 5522 2196)
2340 5375 2919 5449 Compostellensem.

2185 5452 2280 5507 197
2336 5450 2409 5507 Le
2447 5449 2585 5522 Puy.

2185 5449 2304 5522 197)
2336 5450 2409 5507 Le
2447 5449 2585 5522 Puy.
