3950 6048
190 178 324 240 853

1447 162 1946 246 CHRONICON.
1984 218 2057 230 --
2090 182 2247 249 LIB.
2284 165 2357 249 ir.

3491 192 3607 263 354

193 315 534 372 necessaria
552 310 1125 387 subministrai'et,et
1143 328 1268 387 Ipse
1286 316 1356 371 ad
1381 315 1490 371 hoc
1509 330 1640 372 cum
1660 317 1849 385 gratia
1878 320 1935 378 A
1964 333 2136 377 immo
2182 322 2578 394 pracipiente,
2630 326 3075 386 Cantuariensis
3124 331 3606 408 archiepiscopus

191 405 633 475 accingeretur,
677 404 937 475 graviter
977 404 1252 460 inﬁrmari
1285 406 1462 476 cepit,
1504 405 1850 476 quibusdam

190 508 326 549 eam
343 494 534 565 ipsius
548 493 945 549 infirmitatem
962 493 1107 549 male
1124 493 1853 566 interpretantibus,cujus

194 582 480 637 meritum
506 581 773 637 Christus
797 582 1059 652 proxime
1082 582 1314 653 populis
1334 587 1850 642 eratostensurus.

193 671 645 726 lnsidiabantur
668 676 857 726 autem
871 670 924 727 ei
945 670 1177 741 quidam
1219 672 1463 728 fratrum
1517 672 1856 731 Cluniacen-

193 758 353 814 sium
374 774 482 831 pro
504 774 574 815 eo
598 758 755 829 quod
776 760 1168 830 Moysiacense
1185 760 1512 833 ceuobium,
1554 763 1706 833 quod
1728 769 1856 820 erat

188 846 351 915 juris
370 847 632 904 ecclesia
648 849 1059 918 Arvernensis,
1082 849 1237 918 quod
1251 850 1423 905 etiam
1442 865 1545 921 pro
1563 856 1856 908 restaura-

200 934 368 990 tione
391 934 618 991 ordinis
632 936 891 996 Cluniaci
912 937 1432 1008 eontulerat,salva
1450 941 1781 1000 obedientia
1797 947 1853 999 et

198 1024 540 1079 reverentia
564 1025 846 1084 acclesia
878 1032 1268 1088 Arvernensis
1286 1034 1341 1087 in
1364 1031 1729 1101 subjectione
1753 1047 1854 1088 sua

198 1111 426 1167 habere
456 1112 634 1169 vellet
655 1121 715 1172 et
754 1117 827 1173 ob
859 1119 917 1174 id
946 1136 1076 1178 eum
1108 1123 1258 1195 apud
1309 1137 1515 1194 papam
1550 1136 1856 1178 accusave-

196 1204 359 1267 rant,
377 1203 437 1255 et
452 1200 873 1273 depositionem
891 1209 1018 1279 ejus
1030 1213 1455 1283 attemptabant
1473 1212 1641 1283 (198).
1677 1211 1859 1266 Adve-

198 1286 407 1343 niente
429 1290 609 1359 igitur
632 1296 1082 1366 papa,visitatus
1104 1301 1176 1355 ab
1193 1316 1284 1371 eo,
1310 1306 1367 1357 et
1389 1301 1711 1371 absolutus,
1727 1316 1855 1356 eum

190 1375 318 1445 jam
348 1383 674 1436 extremum
724 1385 995 1455 spiritum
1052 1389 1339 1460 traheret,
1370 1394 1539 1446 nocte
1590 1390 1854 1461 sequenti

197 1464 484 1534 spiritum
526 1468 785 1527 Creatori
820 1474 1077 1532 reddidit
1128 1478 1297 1549 (199),
1332 1479 1489 1535 lotus
1525 1483 1582 1535 et
1617 1485 1859 1535 curatus

196 1566 432 1610 summa
457 1555 726 1630 ﬁliorum,
753 1560 810 1615 id
841 1568 933 1619 est
952 1566 1184 1622 abbatis
1205 1567 1588 1637 Divionensis,
1624 1568 1857 1623 abbatis

1965 406 2304 465 fidelitatem
2330 412 2500 468 beato
2530 414 2702 470 Petro
2746 421 2803 470 et
2850 416 3327 488 papajuraverat
3357 406 3516 480 salva
3543 425 3603 479 ﬁ-

1964 496 2203 553 delitate
2236 499 2451 555 domini
2479 501 2567 557 sui
2593 503 2767 571 regis.
2793 505 2929 570 Qua
2953 521 3046 563 res
3079 508 3132 562 in
3158 513 3383 565 tantum
3412 513 3609 569 adole-

1964 591 2150 656 verat,
2189 593 2249 642 ut
2273 588 2466 645 nullus
2487 604 2555 645 ex
2588 597 2756 661 parte
2785 608 2950 665 papa
2983 597 3224 653 veniens
3265 599 3484 656 honore
3516 600 3613 658 de-

1965 672 2086 729 bito
2113 676 2504 747 exciperetur,
2542 679 2737 737 nullus
2781 689 2938 738 esset
2973 684 3028 738 in
3058 686 3265 754 Anglia
3295 688 3614 761 archiepis-

1965 776 2167 833 copus,
2224 765 2559 836 episeOpus,
2615 770 2814 839 abbas,
2876 772 3085 828 nedum
3140 776 3457 833 monachus
3512 783 3615 834 aut

1963 850 2237 923 clericus,
2264 854 2361 923 qui
2389 853 2620 911 litteras
2640 858 2996 927 apostolicas
3015 848 3319 932 suscip'ere
3343 865 3607 936 auderet,

1967 939 2175 995 nedum
2199 941 2460 1012 obedire,
2496 944 2606 999 nisi
2638 960 2739 1000 rex
2760 945 3016 1014 juberet.
3055 949 3162 1015 Qui
3187 951 3426 1008 veniens
3450 958 3612 1011 tanta

1968 1028 2243 1084 libertate
2273 1046 2413 1087 usus
2436 1036 2549 1101 est,
2583 1038 2645 1088 ut
2678 1048 2799 1104 rex,
2828 1035 3168 1105 integritate
3191 1040 3318 1110 ejus
3343 1041 3610 1114 inspecta
3706 1078 3719 1083 -

1967 1121 2026 1172 et
2049 1117 2343 1173 inadulata
2370 1121 2581 1175 mentis
2610 1124 2959 1194 constantia,
2996 1139 3059 1181 se
3082 1127 3346 1183 conciliis
3373 1134 3430 1185 et
3456 1132 3611 1187 votis

1967 1205 2094 1275 ejus
2120 1205 2527 1276 adquieturum
2554 1210 2944 1282 promitteret,
2961 1217 3234 1270 etomnes
3257 1214 3458 1273 ﬁdeles
3479 1233 3610 1288 gra-

1973 1293 2301 1350 tularentur
2322 1310 2451 1351 eum
2471 1296 2799 1369 advenisse,
2826 1300 2898 1354 ad
2923 1300 3090 1370 cujus
3113 1303 3425 1360 adventum
3445 1308 3608 1376 quasi

1969 1384 2286 1452 respiraret
2315 1391 2374 1439 et
2389 1391 2723 1455 resurgeret
2740 1387 2922 1443 decus
2943 1394 3002 1443 et.
3019 1389 3184 1460 vigor
3197 1392 3479 1451 aeclesia
3504 1397 3613 1450 An-

1967 1469 2148 1540 glieaj
2176 1476 2236 1526 et
2264 1471 2508 1527 libertas
2537 1475 2809 1531 Romana
2859 1478 3251 1535 auctoritatis.
3306 1481 3427 1552 (fol.
3466 1485 3613 1556 137.)

1970 1559 2080 1614 Sed
2123 1560 2261 1629 quid
2292 1560 2726 1632 inpertubatum
2762 1564 3042 1635 relinquit
3075 1567 3448 1639 inexplebilis
3477 1587 3619 1641 gur-

199 1641 367 1698 Casa
391 1645 514 1715 Dei,
539 1648 803 1721 episcopi
835 1652 1360 1727 Gratianopolitani
1383 1656 1704 1712 etaliorum
1730 1655 1859 1711 dili—
1887 1673 1940 1733 Β
1968 1661 2071 1717 ses
2100 1649 2369 1705 Romam
2412 1651 2477 1682 ‘”
2519 1652 2815 1710 avaritias?
2864 1654 2985 1709 Rex
3033 1662 3364 1726 suspectam
3394 1660 3615 1717 habens

196 1731 425 1799 gentia.
448 1735 515 1789 Et
541 1735 946 1810 sicantequam
976 1743 1288 1800 concilium
1314 1745 1695 1816 inciperetur,
1728 1748 1858 1800 toto

198 1819 350 1876 orbe
382 1822 454 1877 ad
489 1824 614 1894 ejus
647 1829 926 1898 exequias
954 1836 1323 1903 occurrente,
1357 1835 1429 1889 ab
1461 1834 1589 1904 ipso
1619 1848 1766 1904 papa
1798 1837 1858 1888 ct

199 1909 509 1982 episcopis
529 1916 705 1971 terra
725 1921 819 1973 est
837 1921 1169 1978 mandatum
1194 1937 1323 1979 cum
1342 1922 1550 1992 gloria,
1575 1927 1635 1978 et
1658 1923 1856 1979 sedem

196 1998 333 2066 ejus
362 1999 686 2060 Willelmus
734 2004 804 2061 de
837 2007 990 2064 Bafia
1023 2009 1274 2081 adeptus
1304 2015 1395 2066 est
1426 2010 1598 2067 laude
1625 2011 1768 2067 eleri
1799 2017 1855 2066 et

198 2087 435 2159 populi,
466 2097 764 2164 pracepto
794 2095 1054 2165 ejusdem
1080 2099 1413 2169 apostolici.
1443 2100 1598 2155 Obiit
1625 2114 1857 2171 quoque

200 2176 353 2231 infra
390 2180 643 2248 spatium
666 2185 954 2254 temporis
974 2186 1234 2256 ejusdem
1264 2187 1498 2244 concilii
1523 2189 1857 2244 Desiderius

198 2266 628 2325 Cavellicensis
676 2271 1007 2345 episcopus,
1042 2281 1102 2331 et
1149 2277 1331 2333 abbas
1384 2277 1860 2333 Ccmmeticensis

196 2355 482 2429 canobii.
506 2359 668 2414 Anno
690 2359 816 2431 ipso
829 2363 1168 2420 confirmata
1191 2371 1282 2421 est
1296 2366 1388 2422 via
1402 2366 1856 2423 Christianorum

197 2444 473 2499 euntium
495 2460 624 2502 cum
647 2449 824 2505 armis
846 2449 902 2505 in
926 2452 1304 2509 Hierusalem.
1325 2454 1483 2511 Obiit
1504 2458 1678 2511 etiam
1711 2470 1859 2510 anno

197 2532 410 2589 eodem
444 2534 760 2592 Rainaldus
805 2540 1106 2597 Remensis
1135 2542 1633 2614 archiepiscopus,
1668 2543 1881 2599 IIilde-'

203 2620 414 2677 bertus
428 2622 1650 2701 Bituricensisarchiepiscopus,Landricus
1667 2632 1862 2687 Matis-

200 2710 484 2766 conensis
510 2711 676 2783 (200).
703 2715 1018 2773 Judeorum
1042 2733 1276 2789 quoque
1297 2720 1706 2776 exterminium
1734 2721 1862 2791 ipso

201 2812 358 2853 anno
382 2799 584 2856 multis
606 2802 663 2855 in
696 2801 837 2860 locis
870 2806 1083 2861 factum
1114 2814 1205 2862 est
1240 2824 1269 2864 a
1306 2808 1449 2864 viris
1475 2808 1863 2864 lherosolimi-

203 2888 384 2942 tanis.
412 2888 575 2953 Quod
600 2896 764 2946 certe
786 2892 993 2949 mirum
1021 2894 1202 2951 videri
1228 2901 1443 2967 potest,
1466 2897 1619 2967 quod
1638 2911 1746 2953 una
1770 2898 1863 2953 die

208 2974 483 3046 pluribus
515 2977 570 3032 in
605 2978 752 3035 locis
783 2995 896 3036 uno
917 2982 1164 3053 spiritus
1191 2984 1420 3041 fervore
1451 2986 1864 3041 exterminatio

206 3061 306 3119 illa
324 3063 478 3119 facta
494 3070 605 3137 est,
624 3082 971 3139 quamquam
993 3086 1023 3126 a
1045 3071 1245 3128 multis
1264 3072 1610 3143 inprobetur
1628 3074 1861 3146 factum,

205 3156 267 3207 et
298 3151 571 3222 religioni
595 3155 891 3213 adversari
913 3157 1229 3226 judicetur.
1258 3162 1484 3217 Scimus
1510 3165 1705 3217 tamen
1732 3163 1866 3232 quia

206 3254 325 3297 non
377 3242 864 3312 potuitinmutari
889 3247 1028 3317 quin
1067 3248 1253 3318 fieret,
1300 3263 1430 3305 cum
1481 3249 1643 3306 multi
1677 3265 1869 3306 sacer-

207 3328 386 3385 dotes
407 3329 545 3386 data
568 3335 1190 3392 excommunicationis
1203 3337 1517 3408 sententia,
1535 3338 1699 3394 multi
1716 3338 1872 3410 prin-

207 3418 263 3475 ci
270 3432 377 3489 pes
388 3423 621 3476 terrore
635 3421 1101 3479 comminationis
1115 3424 1169 3479 id
1184 3426 1533 3495 perturbare
1547 3426 1873 3482 eonatisint

282 3507 474 3578 (1096)
530 3509 683 3566 Tunc
755 3512 1035 3583 temporis
1095 3527 1201 3583 pro
1263 3514 1661 3584 componenda
1717 3514 1873 3570 inter

210 3596 431 3652 fratres
455 3596 726 3653 Willelmi
769 3600 924 3668 regis
957 3601 1107 3657 ﬁlios
1154 3601 1486 3671 concordia,
1523 3601 1871 3659 Willelmum

210 3683 492 3740 videlicet
530 3700 726 3755 regem
775 3688 1091 3757 Anglorum
1122 3693 1179 3744 et
1230 3690 1551 3745 Robertum
1596 3691 1870 3746 comitem

210 3773 701 3843 Normannorum,
775 3775 957 3832 abbas
1021 3776 1388 3833 Divionensis
1441 3792 1514 3834 ex
1574 3783 1871 3851 pracepto

212 3874 383 3933 papa
413 3875 572 3919 mare
632 3863 975 3934 transierat,
1007 3867 1064 3920 et
1100 3868 1158 3921 ut
1211 3866 1617 3936 prascriptum
1675 3882 1869 3937 regem

213 3954 579 4006 ammoneret
625 3950 696 4007 de
751 3952 952 4008 multis
1004 3968 1132 4023 qua
1163 3952 1367 4009 illicite
1424 3954 1644 4014 fiebant
1675 3957 1747 4011 ab
1778 3970 1867 4025 eo,

214 4037 289 4093 de
334 4037 778 4109 episcopatibus
823 4039 1104 4097 videlicet
1148 4046 1208 4097 et
1257 4042 1509 4098 abbatiis
1566 4057 1711 4113 quas
1757 4043 1870 4099 sibi

218 4126 540 4197 retinebat,
571 4141 676 4183 nec
703 4128 790 4183 eis
840 4134 1107 4200 pastores
1136 4129 1502 4201 providebat,
1535 4135 1592 4186 et
1644 4130 1871 4187 reditus

218 4220 662 4286 proventusque
684 4217 939 4274 omnium
967 4218 1076 4274 sibi
1098 4219 1452 4289 assumebat,
1486 4219 1556 4274 de
1588 4219 1868 4291 symonia,

217 4304 290 4359 de
325 4303 713 4361 fornicatione
755 4304 1137 4374 clericorum;
1167 4310 1223 4362 et
1259 4306 1393 4377 quia
1424 4308 1870 4363 conventionem

1971 1736 2077 1792 viri
2121 1739 2556 1809 auctoritatem,
2604 1755 2771 1810 quem
2798 1740 2916 1810 jam
2946 1743 3045 1799 diu
3078 1750 3387 1802 venturum
3419 1748 3616 1805 audie-

1970 1830 2080 1895 rat,
2142 1826 2395 1895 legatum
2450 1843 2613 1899 papa
2666 1830 3051 1901 praemiserat,
3087 1833 3140 1887 el
3174 1834 3227 1888 in
3286 1850 3454 1893 manu
3487 1836 3613 1906 ejus

1970 1914 2095 1969 auri
2143 1915 2369 1984 probati
2418 1920 2475 1971 et
2528 1917 2822 1987 purissimi
2873 1918 2939 1972 10
2970 1922 3255 1977 marchas.
3311 1925 3427 1980 Hoc
3471 1924 3613 1981 fisus

1970 2002 2326 2072 pranuncio,
2354 2004 2711 2074 respondere
2746 2006 3025 2075 pradieto
3053 2009 3250 2065 abbati
3284 2010 3612 2085 differebat,

1968 2097 2029 2146 et
2051 2092 2282 2146 interim
2309 2106 2437 2148 eum
2465 2092 2520 2147 in
2547 2093 2761 2162 pascha
2795 2109 2992 2151 secum
3024 2101 3315 2155 retentum
3350 2116 3617 2158 reveren-

1970 2186 2060 2235 ter
2091 2186 2147 2235 et
2200 2180 2517 2237 honorifice
2558 2183 2889 2238 tractabat:
2921 2200 3052 2241 cum
3098 2200 3235 2243 ecce
3266 2187 3496 2258 legatus
3530 2206 3618 2246 re-

1970 2268 2152 2337 diens,
2190 2268 2454 2325 inducias
2483 2269 2604 2338 regi
2638 2269 2709 2325 de
2736 2271 3004 2328 omnibus
3022 2289 3216 2343 usque
3245 2277 3315 2331 ad
3349 2279 3620 2335 nativita-

1971 2360 2086 2411 tem
2139 2357 2360 2412 Domini
2403 2358 2753 2428 reportavit,
2782 2373 2884 2429 per
2916 2361 3217 2429 quemdam
3250 2378 3416 2435 papa
3445 2380 3619 2438 nepo-

1972 2445 2156 2500 tulum
2184 2460 2285 2501 seu
2312 2446 2706 2516 vernaculum,
2725 2447 2769 2502 si
2787 2447 2980 2503 debita
3007 2450 3178 2505 beato
3204 2452 3378 2508 Petro
3400 2454 3619 2511 caritas

1972 2532 2027 2587 in
2052 2548 2158 2590 suo
2191 2534 2456 2590 discessu
2490 2534 2777 2591 maturius
2804 2541 2866 2591 ut
2896 2537 3173 2593 credebat
3191 2540 3407 2612 futuro,
3432 2542 3482 2597 ei
3517 2558 3619 2614 per

1972 2623 2238 2678 eumdem
2263 2627 2441 2679 tanta
2464 2623 2841 2679 auctoritatis
2858 2616 3131 2695 legatum,
3151 2632 3214 2683 ut
3230 2633 3320 2684 est
3339 2644 3504 2700 papa
3526 2646 3619 2688 so-

1975 2711 2127 2767 roris
2146 2711 2323 2782 filius,
2353 2716 2410 2767 et
2443 2711 2491 2767 si
2526 2726 2639 2767 non
2672 2716 2817 2781 tota,
2854 2713 3049 2769 saltim
3073 2729 3144 2769 ex
3163 2720 3331 2787 parte
3355 2718 3618 2776 mittere-

1974 2803 2089 2856 tur.
2123 2800 2245 2865 Quo
2290 2814 2568 2871 responso
2615 2804 2875 2871 accepto,
2910 2816 3014 2857 rex
3045 2803 3198 2860 letus
3230 2806 3438 2877 factus,
3473 2823 3618 2878 pra-

1978 2888 2096 2943 fato
2109 2888 2235 2943 viro
2250 2887 2611 2959 apostolicas
2625 2889 3247 2960 pratenditinducias;
3269 2908 3616 2966 quamquam

1976 2976 2248 3046 privatim
2268 2980 2325 3031 et
2344 2975 2574 3047 publice
2595 2976 2704 3032 hoc
2726 2977 2913 3047 ipsum
2932 2993 3096 3049 papa
3119 2979 3477 3051 improbaret
3505 2985 3620 3040 fac-

1978 3064 2239 3134 tum,qui
2284 3068 2509 3120 tantum
2559 3063 2747 3120 virum
2800 3066 2944 3120 fama
2991 3067 3203 3138 ubique
3234 3069 3615 3130 celebratum.

1977 3153 2301 3224 privilegiis
2324 3152 2693 3209 auctoritatis
2723 3168 2842 3209 sua
2874 3155 3176 3225 munitum,
3203 3157 3280 3212 ita
3311 3158 3618 3219 inhoneste

1978 3245 2312 3311 tractasset,
2341 3247 2401 3296 ut
2423 3241 2771 3311 legationem
2792 3242 2919 3311 ejus
2940 3243 3111 3299 unius
3131 3245 3307 3316 Iayea
3327 3261 3613 3317 persona.

1980 3345 2085 3385 nec
2114 3329 2331 3386 litteris
2343 3329 2683 3401 apostolicis
2698 3345 2803 3387 nec
2833 3331 3117 3389 secularis
3137 3334 3397 3392 scientia
3419 3351 3522 3393 seu
3538 3338 3621 3393 di-

1978 3419 2224 3488 gnitatis
2249 3419 2469 3475 honore
2515 3420 2773 3489 munita,
2818 3420 3199 3478 rescinderet.
3234 3424 3323 3479 Sic
3352 3439 3414 3481 re
3446 3426 3621 3483 infec-

1980 3514 2062 3576 ta,
2097 3507 2241 3561 fama
2264 3512 2455 3563 tamen
2485 3521 2611 3577 sua,
2646 3508 3007 3579 integritate,
3037 3511 3362 3583 honestate,
3396 3514 3623 3585 sapien-

1984 3595 2060 3651 tia
2111 3595 2378 3651 omnibus
2412 3595 2629 3667 oppido
2686 3598 3110 3668 commendata,
3160 3600 3231 3654 ab
3262 3599 3466 3657 eodem
3497 3603 3634 3660 viro

1981 3698 2278 3740 recessum
2301 3688 2423 3749 est;
2456 3691 2513 3738 et
2550 3690 2738 3739 tamen
2773 3700 2877 3755 pro
2906 3687 3303 3758 componenda
3338 3689 3490 3745 inter
3514 3691 3623 3747 fra-

1981 3777 2102 3828 tres
2127 3772 2283 3843 pacis
2305 3772 2617 3829 concordia
2653 3772 2704 3826 in
2740 3774 3084 3829 Normannia
3110 3777 3401 3848 substitit,
3437 3779 3623 3839 donec

1982 3875 2126 3933 pace
2168 3862 2339 3930 facta,
2370 3862 2565 3916 decem
2593 3861 2813 3916 milium
2860 3878 3184 3920 marearum
3217 3868 3499 3935 pensione
3528 3884 3621 3925 ac-

1981 3957 2173 4021 cepta,
2202 3956 2417 4005 terram
2434 3964 2593 4005 suam
2616 3964 2813 4005 comes
2831 3952 3194 4008 Normannia
3224 3955 3380 4024 regis
3410 3957 3621 4027 Anglo-

1982 4054 2109 4095 rum
2142 4053 2327 4108 usque
2359 4038 2429 4092 ad
2465 4038 2637 4093 trium
2671 4052 2954 4093 annorum
2994 4041 3252 4110 spaeium
3286 4044 3622 4101 custodien-

1985 4128 2112 4183 dam
2160 4126 2443 4198 traderet,
2495 4130 2556 4181 et
2600 4124 2683 4181 sic
2711 4126 3147 4183 lherosolimam
3191 4132 3510 4202 profectus,
3550 4133 3621 4189 ab

1983 4216 2183 4272 eodem
2203 4216 2345 4271 abba
2357 4222 2411 4270 te
2426 4229 2612 4285 usque
2642 4215 2712 4270 ad
2730 4215 2917 4271 vicum
2934 4216 3030 4285 qui
3045 4215 3263 4274 dicitur
3277 4220 3430 4275 Pons
3444 4221 3620 4279 Arlia

1984 4304 2132 4376 (201)
2157 4304 2459 4361 comitatui
2482 4303 2607 4373 ejus
2629 4304 2921 4376 Stephano
2942 4304 3155 4361 comite
3167 4308 3423 4365 Francia
3445 4315 3506 4366 et
3519 4312 3627 4368 Ro-

218 4393 440 4450 fecerat
490 4407 621 4448 eum
661 4408 731 4448 eo
784 4392 1130 4451 Albanensis
1174 4395 1504 4467 episcopus,
1557 4410 1724 4466 quem
1758 4396 1872 4467 pri-
1900 4386 1954 4446 D
1985 4392 3553 4471 bertocomiteFlandriaadherentibus,deductusest.

219 4495 358 4538 num
416 4479 520 4536 illo
567 4481 803 4537 miserat
862 4496 1031 4554 papa,
1066 4497 1137 4539 ne
1193 4482 1423 4553 legatus
1478 4485 1767 4541 Romanus
1798 4486 1870 4541 ad

2055 4484 2266 4539 Verum
2288 4497 2418 4539 cum
2444 4481 2632 4538 adhuc
2657 4482 2711 4537 in
2736 4482 3080 4538 Normannia
3095 4489 3631 4560 essemus,congré-

224 4569 489 4640 Angliam
521 4570 858 4628 mitteretur
905 4571 1016 4627 nisi
1050 4586 1220 4643 quem
1270 4588 1373 4629 rex
1415 4573 1778 4645 praeciperet,
1812 4579 1872 4631 et
1982 4573 2137 4642 gatis
2164 4572 2237 4627 ad
2281 4571 2561 4642 exequias
2616 4570 3053 4628 Matisconensis
3100 4573 3362 4646 episcopi
3414 4577 3626 4635 domno

223 4658 356 4729 quia
392 4657 539 4715 adeo
564 4660 887 4715 auctoritas
905 4660 1162 4717 Romana
1204 4661 1354 4732 apud
1380 4660 1597 4730 Anglos
1627 4662 1871 4719 avaritia

222 4751 283 4802 et
310 4746 637 4818 cupiditate
693 4746 1018 4818 legatorum
1069 4747 1338 4818 viluerat,
1373 4754 1436 4805 ut
1467 4748 1671 4805 eodem
1705 4749 1873 4807 Alba-

223 4850 406 4892 nense
434 4839 725 4907 prasente
755 4838 812 4892 et
844 4836 1252 4893 consentiente
1274 4850 1381 4892 nec
1408 4837 1868 4910 contradicente,

1987 4658 2349 4729 Lugdunensi
2380 4657 2840 4750 archiepiscopo,
2892 4658 3146 4750 Eduensi
3178 4675 3408 4731 quoque
3436 4667 3493 4719 et
3524 4665 3627 4750 Ca:

1986 4747 2269 4804 bilonensi
2320 4746 2633 4818 episcopis,
2668 4744 2892 4803 electus
2923 4746 3369 4805 archidiaconus
3399 4744 3625 4821 Lugdui

1986 4837 2181 4894 nensis
2214 4836 2506 4893 Berardus
2521 4841 2904 4892 consecratur
2926 4835 2981 4890 in
3000 4834 3337 4907 episcopum
3359 4838 3627 4899 Matisco-

1582 4956 1819 5013 VARUE
1858 4955 2258 5015 LECTIONES.

292 5041 363 5075 ‘”
389 5042 483 5100 ita
512 5042 731 5113 eodem;
757 5044 827 5100 at
852 5041 1118 5102 Labbeus
1141 5041 1338 5102 edidit
1361 5042 1643 5102 humana.

1816 5116 2040 5177 Now.
2064 5090 2069 5091 ί

298 5203 448 5273 (198)
467 5204 545 5258 De
567 5200 682 5258 alia
702 5202 957 5260 Duranni
978 5217 1107 5260 cum
1144 5204 1627 5262 Cluniacensibus
1646 5204 1749 5263 lite
1778 5220 1875 5263 ex-

228 5280 349 5351 stat
376 5273 867 5351 epistola_Ur_bani
882 5273 972 5351 ad
996 5278 1384 5351 euma._1994.
1411 5277 1631 5345 scripta
1650 5292 1743 5351 ap.
1769 5281 1874 5337 Ma-

228 5344 431 5407 billon;
465 5344 670 5401 Annal.
710 5344 1003 5402 Benedict.
1029 5346 1093 5401 V.
1127 5348 1247 5402 314.
1280 5348 1333 5403 Κλ

301 5414 599 5543 (199),}!!!
646 5414 768 5472 Kal.
803 5416 945 5473 Nov.
978 5416 1036 5500 in_
1084 5416 1300 5543 duﬁlici
1335 5417 1488 5501 quod
1524 5420 1874 5502 .composuit

309 5491 429 5543 itan
475 5501 531 5543 io
562 5489 821 5543 testatur
846 5486 1150 5543 Baldricus
1218 5489 1589 5543 ureuhcasns.
1624 5494 1686 5543 K.

229 5486 531 5561 epitaphio
562 5489 821 5545 testatur
846 5486 1150 5547 Baldricus
1168 5486 1589 5562 Burgu'licasis.
1622 5486 1686 5553 KQ

2056 5205 2204 5332 (200)
2225 5220 2298 5262 xv
2318 5203 2440 5275 Kal,
2464 5204 2604 5285 Nov.
2639 5216 2690 5259 a.
2736 5204 2874 5258 1096
2900 5201 3168 5286 Urbanus
3187 5214 3335 5285 papa
3365 5204 3623 5263 Cluniaci

2056 5328 2057 5332 η
2088 5277 2198 5332 lam
2214 5277 2286 5332 ad
2303 5275 2647 5332 Landricum
2662 5271 3118 5332 dederat.Galha
3133 5275 3346 5332 Christ.
3368 5276 3622 5332 [nstrum

1983 5271 2202 5407 b31138?
2214 5277 2291 5404 alii
2303 5271 2647 5333 Landricum
2662 5271 3118 5332 dederat.Gallia
3133 5271 3346 5333 Christ.
3368 5276 3622 5336 [nstrum

2059 5392 2074 5420 ,
2098 5389 2220 5420 νυγ-
2248 5389 2309 5404 ιιι

2055 5415 2205 5493 (201)
2234 5415 2565 5477 Pontarlier
2592 5416 2663 5476 ad
2698 5416 2888 5475 fontes
2914 5417 3109 5477 Dubis.
