3950 6048
342 231 457 301 355

1300 228 1665 296 HUGONIS
1708 213 2055 292 ABBATIS
2099 225 2784 292 FLAVINIACENSIS
2888 189 2911 209 ’

3643 233 3762 298 356

346 350 769 444 nensem.(202).
798 371 880 429 lbi
911 385 1143 443 quoque
1176 371 1425 427 domnus
1460 364 1744 424 Eduensis
1764 364 1988 435 episco-
2022 363 2075 422 A
2107 360 2492 420 Flaviniacum
2525 364 2693 421 nobis
2737 339 3042 434 ingressis,
3079 364 3131 420 in
3183 366 3500 424 crastinum
3550 384 3757 428 conse-

347 481 455 538 pus
512 466 745 534 [lagano
787 465 1146 531 conquestus
1201 458 1509 531 plurimum
1567 453 1988 511 desolationem

347 550 819 620 Flaviniacensis,
844 548 1129 616 ccclesizu,
1156 562 1285 602 cum
1304 547 1418 615 jam
1443 549 1575 615 post
1600 543 1819 597 obitum
1838 541 1992 596 dom-

347 643 401 699 ni
423 639 721 713 Raynaldi,
751 638 950 694 fratris
969 635 1155 705 ducis,
1182 640 1407 705 septem
1432 632 1599 688 annis
1618 629 1869 686 ecclesia
1901 643 1994 684 ea-

350 732 477 787 dem
503 734 736 801 pastore
785 726 1021 782 viduata
1056 724 1368 779 mansisset
1397 721 1568 793 (203),
1595 734 1683 775 me
1739 734 1807 774 eo
1837 718 1989 788 quod

352 819 513 891 quasi
538 831 724 875 essem
755 818 931 871 notus
960 812 1422 883 archiepiscopo,
1471 808 1625 880 quod
1659 809 1831 863 ctiam
1868 820 1993 877 per-

353 924 506 980 saepe
559 908 796 974 fecerat,
846 901 1149 972 requisivit
1184 901 1255 954 ab
1287 915 1354 954 eo
1390 900 1443 953 in
1504 900 1807 962 abbatem;
1838 893 1990 967 quod

351 998 523 1053 etiam
552 991 1031 1064 vixeptinuisset,
1054 988 1161 1044 nisi
1183 988 1594 1043 canonicorum
1618 989 1673 1041 et
1700 984 1994 1055 laycorum

352 1084 624 1153 suffragia
653 1082 725 1138 ad
758 1080 812 1135 id
844 1078 1231 1150 expetendum
1266 1076 1373 1130 sibi
1420 1074 1800 1131 adhibuisset.
1838 1072 1998 1142 Opti-

352 1176 476 1233 nuit
526 1179 736 1240 tamen,
773 1173 830 1224 et
867 1168 1081 1224 missus
1112 1169 1199 1222 est
1236 1166 1633 1222 Cabiloncnsis
1664 1163 1993 1233 episcopus,

351 1264 448 1336 qui
482 1264 753 1319 domnum
778 1257 1186 1313 Divionensem
1212 1252 1533 1325 apostolica
1559 1252 1911 1307 auctoritate
1936 1255 2000 1306 ut

350 1353 690 1421 assentiret,
716 1363 803 1405 me
832 1348 1007 1403 etiam
1034 1351 1093 1403 ut
1122 1344 1419 1401 obedirem
1447 1343 1685 1399 vicesua
1710 1342 1999 1398 constrin-

348 1447 535 1515 geret,
560 1439 712 1513 quod
736 1442 795 1494 et
819 1438 1031 1493 factum
1054 1438 1143 1490 est
1166 1433 1265 1490 ubi
1291 1432 1626 1488 redivimus.
1647 1430 1995 1487 Confirmata

350 1548 489 1590 vero
521 1528 827 1597 electione,
862 1527 918 1580 et
952 1521 1422 1579 consecrationis
1458 1520 1845 1575 determinato
1879 1519 1992 1589 dic,

354 1618 860 1689 archiepiscopum
892 1610 1006 1668 adii
1025 1630 1036 1664 :
1055 1625 1182 1681 quae
1206 1609 1335 1689 ejus
1353 1623 1529 1679 super
1552 1608 1660 1663 hoc
1684 1611 1846 1663 esset
1869 1622 1995 1662 si'n-

2107 451 2372 507 oratione
2404 455 2660 523 peracta,
2696 453 2768 508 de
2818 454 3084 525 profectu
3117 455 3383 513 ecclesias
3431 460 3754 515 tractatum

2104 546 2230 603 est;
2264 541 2395 596 etsi
2443 546 2571 611 post
2618 542 2742 597 dies
2789 557 3055 613 paucosa
3109 545 3319 601 domno
3368 546 3650 620 episcopo
3694 555 3755 605 et

2104 627 2314 684 domno
2347 629 2688 687 Divionense
2716 633 3048 703 ceterisque
3071 633 3392 692 discessum
3423 640 3533 693 est.

2176 718 2384 775 Eodem
2411 734 2560 775 anno
2584 721 2760 790 Aymo
2784 720 3038 777 reddidit
3055 727 3085 778 3
3106 722 3329 780 solidos
3352 726 3659 782 censuales
3681 729 3757 783 de

2105 811 2299 861 castro
2321 807 2474 878 quod
2504 809 2739 864 Sacriba
2764 809 2997 879 dicitur,
3029 813 3086 867 et
3121 812 3192 869 de
3217 814 3391 869 terris
3416 814 3471 870 in
3495 815 3754 872 circuitu

2104 895 2280 951 castri
2304 896 2371 951 ad
2392 895 2489 965 jus
2513 895 2791 953 aacclrsize
2820 897 3271 957 Flaviniacensis
3296 902 3748 975 pertinentibus,

2108 983 2160 1037 in
2190 984 2505 1039 festivitate
2527 985 2713 1040 sancti
2737 986 2895 1042 Petri
2919 987 2973 1042 in
2998 987 3255 1058 plenaria
3287 991 3469 1061 curia,
3497 1006 3648 1062 quos
3666 1007 3757 1048 re-

2110 1073 2366 1128 tinuerat
2390 1072 2588 1129 multis
2603 1080 2760 1129 retro
2775 1076 2958 1147 annis,
2976 1081 3035 1132 et
3048 1092 3153 1147 pro
3169 1078 3497 1136 retentione
3518 1079 3753 1151 culpam

2112 1161 2269 1231 fecit,
2287 1162 2343 1216 et
2358 1160 2661 1218 absolutus
2678 1168 2790 1219 est.
2818 1167 3025 1220 Actum
3049 1165 3142 1220 die
3158 1166 3304 1224 festo
3327 1167 3750 1239 apostolorum.

2182 1249 2427 1315 Quidam
2463 1251 2638 1307 etiam
2672 1252 2982 1310 Folcuinus
3006 1255 3265 1327 acceptis
3288 1271 3317 1310 a
3340 1256 3510 1312 nobis
3532 1262 3598 1313 15
3617 1257 3759 1314 soli-

2111 1338 2218 1407 dis,
2247 1338 2432 1394 calum
2444 1340 2633 1411 pniam
2656 1354 2823 1411 quam
2836 1341 3157 1398 habebatin
3182 1359 3379 1400 manso
3395 1344 3467 1401 de
3491 1345 3756 1418 Galiaco,

2111 1428 2262 1496 quod
2291 1427 2588 1484 Waldinus
2608 1428 2871 1499 dederat,
2893 1432 3152 1502 vurpivit
3175 1433 3567 1503 prmsentibus
3589 1433 3749 1491 his...

2106 1516 2539 1585 consanguineo
2563 1533 2688 1587 suo,
2735 1519 2834 1590 qui
2879 1519 3103 1576 frenum
3125 1519 3194 1554 ⁴²⁵
3218 1521 3394 1578 trium
3430 1520 3755 1579 solidorum

2108 1617 2212 1674 pro
2240 1605 2621 1661 concessione
2652 1606 2876 1663 habuit.

342 1709 533 1765 tentia
555 1687 854 1775 requisivi.
886 1687 1384 1772 lpseanxietatc'm
1409 1702 1662 1753 nostram
1680 1695 1993 1767 plurimum
2023 1709 2077 1769 Β
2181 1693 2291 1748 Pro
2322 1694 2585 1763 equabus
2609 1708 2755 1765 quas
2777 1701 3096 1767 eeperatet
3113 1697 3430 1756 abduxerat
3455 1699 3623 1756 Wido
3646 1701 3757 1757 ιιι-

342 1795 705 1863 consolatus,
730 1791 800 1847 ad
825 1787 1228 1859 exequendum
1257 1785 1411 1856 quod
1431 1785 1748 1854 jubebatur
1771 1784 1994 1840 ratione

342 1884 593 1953 induxit,
619 1879 971 1938 auctoritate
996 1875 1267 1936 munivit;
1299 1879 1359 1929 et
1382 1874 1464 1930 sic
1488 1874 1815 1944 dimissum,
1842 1872 1996 1928 litte-

342 1974 424 2030 ris
449 1972 572 2029 suis
594 1965 946 2035 honestavit,
988 1979 1134 2034 quas
1165 1963 1325 2018 misit
1350 1961 1600 2018 Eduensi
1632 1960 1909 2032 episcopo
1941 1960 1996 2015 in

339 2059 447 2118 hec
474 2059 653 2117 verba
681 2077 701 2113 :

425 2146 762 2205 Venerabili
776 2146 839 2202 in
855 2141 1092 2200 Claristo
1103 2140 1331 2214 fratri,
1352 2140 1678 2209 Haganoni
1692 2137 1999 2196 “'Eduen-

337 2237 394 2295 si
407 2239 690 2309 episwpo,
706 2234 881 2303 Hugo
906 2232 1027 2301 Lug
1038 2229 1324 2286 dunensis
1348 2227 1607 2284 ecclesia
1617 2240 1821 2283 servus
1834 2240 1903 2283 sa
1911 2227 1995 2282 lu-

342 2326 472 2382 tem.
496 2324 777 2392 Quotiens
800 2318 1206 2377 humilitatem
1233 2316 1500 2373 nostram
1526 2315 1764 2372 dilectio
1793 2315 1992 2371 vestra

340 2413 584 2481 adierit,
604 2409 876 2482 quotiens
887 2420 993 2465 uos
1002 2422 1108 2477 pro
1119 2405 1564 2462 restauratioue
1574 2403 1995 2460 Flaviniacen-

336 2503 424 2559 sis
436 2501 711 2560 (ecclesiae
737 2496 1061 2568 rogaverit,
1091 2494 1191 2550 ben
1202 2494 1330 2566 igni
1338 2495 1429 2548 las
1444 2493 1645 2549 vestra
1664 2493 1819 2549 satis
1837 2505 1992 2549 reco-

342 2590 430 2647 lit.
445 2589 736 2655 Quesistis
749 2602 786 2644 a
798 2583 1169 2643 nobismutta
1181 2581 1506 2639 sedulitate
1517 2580 1881 2638 etinstantia
1895 2580 1991 2637 la-

334 2678 645 2735 rissimum
642 2675 916 2747 fratrem
927 2671 1094 2728 nostr
1102 2685 1198 2726 um
1210 2672 1323 2726 Div
1331 2671 1593 2726 ionensis
1605 2671 1865 2726 ecclesiae
1873 2682 1990 2724 mo-

336 2764 597 2822 nachum
626 2765 954 2833 Hugonem,
974 2773 1149 2831 quem
1170 2758 1337 2815 nobis
1357 2771 1988 2828 assumpseramus,cu-

329 2854 438 2924 jus
468 2866 573 2909 nos
598 2850 915 2909 sedulitati
945 2846 1342 2916 credebamus,
1385 2847 1560 2902 immo
1580 2848 1753 2917 cujus
1777 2846 1988 2916 lingua

334 2954 452 2998 vos:
462 2940 669 2998 nostra
682 2937 1061 3009 erat,-etquod
1078 2934 1381 3007 quesistis,
1408 2933 1482 2991 ab
1497 2935 1623 2991 invi
1631 2935 1682 2990 to
1695 2934 1987 2991 etnolente

338 3030 518 3102 quasi
551 3027 907 3086 extorsistis.
934 3026 1300 3096 Electionem
1323 3024 1518 3095 igitur
1540 3026 1667 3094 ejus
1683 3038 1721 3079 (ι
1740 3021 1899 3080 vobis
1918 3022 1983 3055 "‘

321 3119 566 3189 factam
596 3116 914 3190 apostolica
942 3113 1305 3172 auctoritate
1327 3114 1763 3184 conﬁrmantes,
1792 3125 1985 3168 conse-

334 3207 659 3264 crationem
669 3205 864 3279 ipsius
874 3218 990 3275 pro
1013 3202 1207 3260 debito
1228 3203 1419 3258 vestro
1438 3199 1603 3258 vobis
1620 3200 1978 3272 inponimus,

334 3295 557 3352 certum
570 3293 868 3361 babentes,
893 3292 1060 3363 quia,
1082 3288 1202 3346 etsi
1213 3301 1451 3359 corpore
1479 3287 1980 3357 absentessumus,

332 3382 558 3455 spiritu
580 3380 898 3453 praesentes
928 3378 1010 3435 ad
1029 3378 1307 3434 honorem
1327 3378 1439 3433 Dei
1457 3390 1572 3447 per
1597 3376 1899 3433 Christum
1918 3378 1985 3433 in

332 3468 576 3543 Spiritu
586 3468 789 3525 sancto
802 3465 1233 3527 consecratioui
1246 3465 1435 3522 eidem
1447 3464 1985 3536 intererimus,etﬁ-

332 3558 491 3616 deles
500 3556 664 3615 vobis
679 3555 1077 3628 cooperatores
1099 3555 1340 3611 erimus.
1369 3554 1546 3610 Nunc
1568 3552 1761 3623 igitur
1767 3553 1983 3624 pradi-

331 3649 489 3705 ctum
485 3646 758 3719 fratrem
776 3646 837 3701 et
831 3645 1038 3717 ﬁlium
1056 3643 1523 3714 nostrurn,quem
1550 3641 1712 3698 tanto
1733 3640 1841 3698 sub
1837 3643 1982 3712 jici-

330 3749 461 3793 mus
471 3735 658 3804 oneri,
681 3735 892 3791 vestrae
909 3732 1256 3804 specialiter
1287 3730 1532 3787 tuitioni
1544 3729 1975 3800 contradentes,

333 3822 752 3882 committimus
765 3835 895 3879 eum
906 3821 1049 3889 ﬁdei
1059 3820 1283 3876 vestrae.
1312 3821 1490 3885 Quem.
1502 3818 1743 3890 quidem
1755 3832 1981 3891 semper

329 3925 505 3983 penes
515 3926 620 3969 nos
646 3911 1024 3968 volueramus
1043 3908 1431 3977 retinere,sed
1441 3909 1721 3964 cessimus
1754 3908 1980 3964 instan-

332 4001 431 4058 tia
466 3999 694 4058 vestrae.
724 3999 932 4057 Nostis
950 4013 1065 4069 quo
1093 4011 1223 4055 eum
1268 3998 1568 4053 teneamus
1589 3996 1843 4068 nfecta;
1871 3996 1980 4054 hoc

324 4091 457 4161 ipso
492 4088 658 4146 vobis
686 4101 819 4145 eum
847 4086 1288 4145 committimus.
1324 4086 1404 4143 Ei
1435 4085 1634 4142 autem
1663 4085 1979 4142 consilium

328 4179 392 4235 et
405 4178 556 4236 auxi
564 4177 713 4235 lium
726 4178 995 4234 nostrum
1013 4190 1130 4233 non
1149 4174 1372 4244 deerit;
1392 4175 1499 4247 qui
1510 4188 1626 4233 non
1639 4175 1830 4230 solum
1843 4175 1979 4232 Fla-

325 4267 660 4326 viniacensi
700 4267 992 4336 (ecclesia,
1016 4279 1221 4323 verum
1258 4263 1550 4336 quotquot
1574 4264 1809 4320 suntin
1838 4264 1978 4321 dia-

327 4358 447 4415 cesi
473 4357 674 4414 vestra
677 4369 794 4427 pro
816 4357 951 4427 ejus
970 4368 1170 4412 amore
1186 4353 1403 4425 parati
1423 4366 1628 4410 sumus
1636 4368 1752 4424 pro
1782 4352 1976 4411 debito

326 4413 763 4502 Mammaea
775 4413 911 4515 ergo
924 4413 1976 4515 agite,ulidemfraterproadjutorio
2005 4413 2058 4474 D

329 4532 389 4591 et
409 4530 807 4590 consolatione
832 4529 952 4588 sibi
980 4531 1250 4602 impensa
1289 4529 1532 4601 gratias
1562 4530 1729 4588 uobis
1759 4530 1983 4589 habeat

324 4620 576 4695 referre,
607 4620 681 4677 ut
698 4618 972 4677 habeatis
992 4619 1264 4691 gratiam
1291 4632 1469 4690 super
1485 4618 1775 4690 gratiam.

401 4708 522 4783 (fol.
556 4707 698 4780 137’)
731 4707 1112 4779 Annoitaque
1135 4707 1286 4763 dom.
1325 4707 1436 4763 inc.
1476 4710 1633 4765 1097.
1668 4708 1817 4780 (204)
1850 4708 1967 4767 ind.

328 4805 378 4858 δ.
415 4814 565 4857 anno
598 4797 791 4857 aetatis
822 4801 908 4854 32.
970 4797 1062 4853 die
1093 4799 1161 4853 10
1190 4796 1312 4852 Kal.
1358 4797 1716 4868 Decembris,
1754 4798 1851 4870 qui
1882 4806 1969 4857 est

329 4889 455 4946 dies
487 4888 673 4946 festus
702 4890 918 4944 sanctae
974 4885 1203 4943 Ceciliae
1236 4887 1396 4956 (Nov.
1446 4888 1583 4958 22.),
1644 4891 1696 4941 7.
1760 4888 1970 4960 sabati,

2106 1779 2454 1836 ciniacensis
2488 1786 2589 1837 100
2620 1782 2839 1840 solidos
2871 1783 3022 1841 dedi.

2180 1869 2364 1926 Odoni
2389 1870 2715 1927 vicecomiti
2740 1872 3162 1945 Rubeimontis,
3183 1890 3313 1932 cum
3331 1880 3534 1932 noster
3557 1877 3757 1935 factus

2107 1962 2218 2028 est,
2247 1974 2351 2030 pro
2376 1959 2724 2029 quibusdam
2744 1962 3578 2034 compositionibus30301idos
3592 1966 3753 2022 dedi.

2181 2049 2421 2105 Girardo
2452 2050 2522 2105 de
2550 2050 2786 2107 Duisino
2829 2056 2887 2107 11
2928 2051 3147 2109 solidos
3196 2067 3303 2125 pro
3342 2056 3595 2124 quodam
3626 2070 3760 2113 nos-

2110 2142 2201 2193 tro
2232 2139 2524 2194 serviente
2555 2139 2626 2195 de
2674 2139 2927 2211 Galiaco,
2983 2141 3224 2199 Artaldo
3254 2144 3326 2199 de
3358 2144 3573 2201 Sancto
3605 2146 3758 2202 Bau-

2107 2226 2260 2283 delio
2291 2232 2360 2283 20
2390 2227 2625 2285 solidos.
3224 2292 3243 2306 ἱ

2178 2317 2411 2385 Hagano
2433 2318 2606 2372 etiam
2629 2317 2700 2373 de
2722 2319 2870 2375 Roca
2895 2324 3098 2375 noster
3121 2321 3329 2391 factus,
3355 2320 3591 2377 vidente
3612 2322 3766 2393 Rav-

2105 2405 2278 2460 naldo
2313 2405 2599 2461 avunculo
2631 2422 2738 2463 suo
2766 2407 3150 2479 calumpniam
3184 2408 3315 2465 faedi
3362 2408 3448 2465 ηδ.
3476 2410 3628 2481 (205)
3659 2413 3752 2467 sui

2107 2494 2323 2550 Finium
2352 2497 2464 2550 Deo
2488 2501 2544 2550 et
2594 2500 2797 2551 sancto
2817 2497 3085 2566 Prejecto
3107 2503 3165 2554 et
3189 2498 3355 2554 nobis
3378 2498 3621 2571 dimisit,
3659 2514 3754 2556 ac-

2103 2584 2289 2653 ceptis
2311 2597 2341 2638 a
2366 2583 2532 2639 nobis
2564 2587 2633 2639 20
2657 2585 2879 2640 solidis.
2910 2590 3113 2643 Actum
3139 2587 3471 2644 Flaviniaci.

2172 2672 2353 2741 (1097,
2392 2673 2553 2727 Febr.
2589 2675 2667 2745 6.)
2722 2674 3090 2743 llildegarius
3136 2676 3309 2731 etiam
3354 2675 3425 2732 de
3457 2676 3745 2734 Gurziaco

2100 2768 2302 2816 noster
2335 2761 2539 2830 factus,
2578 2761 2733 2831 quod
2764 2778 2876 2817 non
2911 2764 3098 2819 fuerat
3132 2768 3572 2822 antecessorum
3607 2781 3746 2823 nos-

2099 2853 2343 2919 trorum,
2380 2850 2540 2904 auxit
2572 2849 2950 2907 elemosinam
2976 2867 3146 2922 quam
3170 2868 3311 2909 avus
3335 2868 3479 2911 suus
3497 2854 3740 2924 fecerat,

2098 2936 2241 2992 dans
2267 2937 2535 2993 ecclesia
2566 2943 2781 2994 nostra:
2806 2941 3216 3009 Eremburgem
3252 2940 3425 2997 ﬁliam
3455 2941 3745 3000 Heliarda

2099 3026 2230 3083 filiae
2254 3025 2598 3095 Wihelclmi,
2632 3033 2690 3081 et
2724 3043 2948 3083 omnem
2979 3030 3383 3100 posteritatem
3407 3044 3629 3102 eorum,
3652 3046 3750 3088 ac-

2095 3115 2284 3185 ceptis
2316 3130 2343 3170 a
2380 3115 2548 3171 nobis
2573 3115 2780 3171 solidis
2805 3120 2871 3171 58
2892 3132 2993 3187 pro
3012 3117 3282 3174 caritate.
3312 3121 3516 3175 Actum
3540 3134 3744 3176 mense

2098 3204 2261 3258 Febr.
2295 3206 2347 3258 6.
2386 3202 2546 3273 feria,
2578 3206 2629 3258 8.
2663 3203 2799 3260 Idus
2834 3205 2999 3260 Febr.

2167 3294 2345 3361 Aymo
2377 3291 2551 3346 etiam
2600 3292 2806 3348 Lovels
2839 3292 2973 3348 liius
3010 3293 3158 3367 (206)
3189 3295 3359 3352 homo
3390 3302 3594 3352 noster
3625 3311 3748 3353 om-

2095 3394 2221 3436 nem
2272 3379 2504 3436 alodum
2540 3395 2706 3437 suum
2730 3382 2846 3436 Deo
2893 3385 2949 3436 et
2975 3385 3178 3439 sancto
3208 3384 3382 3440 Petro
3415 3388 3747 3457 sanctoque

2093 3468 2932 3536 Prejectotribuens,torturas
2948 3483 3093 3539 quas
3108 3470 3162 3524 in
3176 3475 3512 3528 casamento
3534 3478 3745 3530 nostro

2094 3557 2362 3627 faciebat,
2390 3556 2665 3627 vurpivit,
2692 3558 2983 3613 enarratis
3013 3572 3210 3614 coram
3252 3559 3523 3617 omnibus
3555 3561 3744 3618 rectis

2089 3644 2609 3702 consuetudinibus
2623 3650 2959 3717 casamenti,
2984 3646 3057 3702 de
3081 3648 3275 3719 capite
3291 3649 3475 3705 mansi
3497 3654 3746 3707 2sexta-

2091 3734 2211 3790 rios
2239 3748 2457 3803 avante,
2483 3738 2540 3789 et
2574 3735 2605 3787 4
2635 3734 2751 3789 vini
2785 3735 2839 3789 in
2869 3735 3249 3793 salvamento.

2162 3822 2289 3878 Feci
2320 3823 2494 3878 etiam
2521 3836 2718 3893 pacein
2751 3838 2881 3879 cum
2911 3823 3146 3880 Wolone
3170 3824 3574 3896 Sarmaeiensi,
3601 3830 3660 3883 et
3686 3827 3741 3883 ei

2093 3915 2295 3967 nostro
2324 3909 2477 3966 facto
2510 3910 2614 3965 100
2644 3909 2883 3977 solidos,
2905 3925 3117 3982 equum
3141 3919 3410 3982 1,canem
3437 3919 3460 3969 1
3491 3913 3650 3971 dedi.

2159 3999 2219 4052 In
2256 3997 2654 4069 redemptione
2684 3997 2967 4054 ecclesiae
2998 4000 3070 4056 de
3107 4000 3381 4057 Fontanis
3412 4004 3478 4056 35
3511 4000 3739 4060 solidos

2090 4086 2243 4142 dedi.
2276 4088 2334 4141 In
2359 4084 2614 4143 caldaria
2638 4084 2918 4143 Salinensi
2943 4091 3012 4143 40
3041 4086 3263 4144 solidos
3287 4103 3394 4160 pro
3416 4102 3589 4160 equo.

2160 4176 2223 4229 In
2254 4174 2654 4245 redemptione
2685 4179 2862 4231 terra:
2891 4179 2948 4231 et
2979 4176 3301 4245 vinearum,
3334 4191 3479 4249 quas
3511 4178 3740 4250 prada-

2087 4277 2289 4320 cessor
2318 4268 2520 4319 noster
2550 4263 2697 4319 abba
2726 4262 3059 4333 Raynaldus
3097 4265 3375 4322 Walterio
3408 4265 3730 4327 Frossardo

2089 4351 2305 4408 homini
2337 4351 2507 4408 ducis
2528 4352 2895 4423 promiserat,
2921 4351 2989 4408 30
3012 4354 3235 4411 solidos
3255 4354 3408 4427 dedi,
3433 4363 3494 4412 et
3513 4359 3738 4413 terram

2089 4441 2325 4498 retinui.

2158 4530 2403 4588 Teberto
2436 4529 2750 4601 praeposito
2782 4546 2887 4602 pro
2917 4531 3267 4601 quibusdam
3294 4531 3530 4603 placitis
3549 4536 3620 4590 25
3644 4548 3740 4590 so-

2086 4618 2236 4677 lidos
2274 4617 2428 4688 dedi,
2462 4623 2518 4674 et
2554 4633 2658 4690 pro
2709 4620 3132 4690 compositione
3160 4620 3319 4677 cervi
3350 4634 3524 4692 quem
3556 4634 3737 4680 canes

2085 4709 2172 4766 sui
2207 4712 2527 4778 moverant,
2570 4711 2628 4762 et
2661 4707 2925 4765 homines
2976 4710 3157 4766 nostri
3214 4715 3495 4782 ceperant
3527 4725 3738 4785 meque

2086 4798 2319 4855 nolente
2342 4797 2682 4867 diviserant,
2709 4796 2928 4854 solidos
2960 4802 3045 4855 30.
3062 4800 3362 4858 Bernardo
3385 4800 3457 4857 de
3470 4800 3739 4858 Montbar

2085 4890 2140 4945 in
2174 4892 2444 4959 captione
2477 4899 2581 4944 sua
2618 4884 2841 4944 solidos
2873 4889 2960 4942 30.

1676 4984 1915 5041 VARIE
1956 4987 2358 5046 LECTIONES.

397 5072 466 5107 ⁸³³
494 5077 600 5132 Ha.
639 5089 694 5133 c.
757 5074 826 5109 “‘
856 5075 1029 5132 nobis
1056 5086 1113 5132 c.
1176 5071 1244 5105 ⁴²⁸
1270 5072 1365 5131 ita
1394 5085 1443 5131 c.
1504 5071 1572 5106 ⁴¹⁶
1606 5072 1721 5129 fedi
1752 5088 1799 5131 ο.
1854 5116 1857 5119 ι

1913 5147 2139 5205 ΝΟἸῈ.

401 5231 813 5305 (20214.1bid.
870 5235 1001 5305 Dee.
1035 5236 1190 5291 1096.
1254 5232 1624 5305 donationem
1684 5235 1970 5305 quandam

329 5302 612 5369 ﬁrmavit;
644 5303 829 5361 Gallia
859 5304 1072 5361 Christ.
1104 5305 1193 5360 IV.
1226 5303 1382 5360 1067.
1419 5305 1482 5360 Κ.

403 5374 551 5456 (203)
582 5374 1411 5456 Philippusrexjrancorum
1430 5379 1671 5456 rogante
1695 5378 1970 5456 Aganone

329 5445 606 5519 episcopo
657 5445 909 5519 Eduensi
937 5449 993 5500 et
1027 5445 1307 5502 Rainaldo
1360 5446 1571 5503 abbate
1606 5445 1970 5519 monasterii

327 5515 736 5597 possessiones
765 5515 1210 5575 conflrmaverat
1245 5530 1393 5573 anno
1418 5520 1573 5574 1086.
1602 5518 1663 5574 K.

2156 5232 2303 5305 (204)
2334 5233 2471 5305 Dies
2501 5234 2735 5305 sancth
2771 5230 2998 5305 Cecilim
3044 5230 3370 5305 anno1096
3397 5232 3455 5305 in
3500 5231 3734 5305 βψω-

2081 5302 2203 5363 tum
2236 5302 2460 5374 incidit,
2515 5315 2665 5374 anno
2717 5303 2854 5358 1097
2883 5302 2940 5358 in
2994 5304 3384 5370 Dominicam;
3418 5303 3668 5363 indictio
3699 5311 3731 5362 5

2082 5391 2230 5433 anno
2261 5377 2399 5431 1097
2427 5372 2715 5442 eongruit.

2175 5446 2301 5518 eos)
2331 5447 2376 5518 i.
2415 5443 2688 5518 e._feodi.

2175 5449 2301 5518 205)
2331 5449 2376 5501 i.
2415 5457 2474 5501 θ.
2517 5449 2688 5500 feodi.

2152 5449 2301 5591 (206)
2336 5516 2372 5575 i.
2406 5529 2458 5574 e.
2494 5514 2690 5587 ligius.
