3950 6048
134 230 263 264 021'?

133 230 263 294 9.57
1397 228 1792 297 CHRONICC

1930 270 2009 280 -—-
2039 232 2195 297 LIB.
2229 227 2323 296 ῐΙῘ

3435 238 3554 302 358

218 367 280 420 in
316 365 715 438 redemptione
750 366 938 422 fanoni
971 364 1231 424 deaurati
1266 370 1323 424 et
1355 381 1548 440 capsae
1588 382 1790 439 argen-
1821 370 1875 429 A
1937 389 1943 395 ·
1979 367 2100 438 (fol.
2142 369 2276 440 137’)
2311 373 2471 426 Anno
2503 372 2707 427 eodem
2741 373 2812 427 ab
2865 373 3082 429 incarn.
3132 375 3353 429 Domini
3416 380 3552 432 1098

141 462 258 511 tcae
289 459 360 511 60
385 455 578 511 olidos
607 455 757 523 cedi,
788 460 844 509 et
876 455 931 510 10
964 470 1146 527 uappa
1165 463 1216 512 7.

212 543 665 600 Deditecclesiae
690 548 906 599 nostra)
927 544 1157 614 quidam
1185 544 1350 601 miles
1374 560 1526 603 nunc
1551 559 1793 604 conver-

136 647 248 688 sus
264 635 380 687 Arn
394 632 546 688 ulfus
564 631 636 687 de
661 633 1014 689 Monasterio
1030 649 1292 689 mansum
1309 637 1331 690 1
1350 634 1501 705 apud
1518 634 1792 690 Prusilia-

135 735 298 777 cum.

213 808 388 864 Dedit
422 807 597 863 etiam
632 808 995 864 Gislebertus
1026 808 1095 863 de
1126 809 1434 865 Luciniaco
1464 824 1725 866 mansum
1762 814 1784 867 1

136 897 300 965 apud
324 896 661 952 Darciacum
696 911 799 967 pro
829 895 948 951 filio
981 912 1085 953 suo
1116 897 1322 952 Pontio
1360 897 1607 967 nomine,
1660 914 1789 954 cum

135 984 418 1040 omnibus
446 984 827 1056 appendiciis,
858 990 916 1040 et
949 984 1210 1040 homines
1253 990 1378 1041 tres
1418 1000 1548 1041 cum
1588 1001 1789 1042 eorum

140 1073 517 1142 posteritate.

211 1160 385 1215 Dedit
421 1161 619 1218 itidem
650 1164 814 1232 Hugo
851 1163 921 1218 de
969 1163 1250 1219 Draciaco
1300 1177 1562 1218 mansum
1617 1176 1790 1217 unum

135 1264 275 1305 cum
301 1251 663 1321 appendiciis
686 1252 743 1307 in
764 1250 965 1308 eadem
984 1250 1118 1307 villa
1144 1266 1247 1323 pro
1271 1250 1389 1307 filio
1421 1266 1546 1307 suo.
1585 1240 1790 1306 Actum

138 1338 299 1408 apud
334 1339 601 1395 Colchas.
1544 1328 1550 1333 ’

214 1427 501 1483 Brutinus
527 1427 703 1483 etiam
737 1426 1004 1484 dominus
1032 1427 1236 1497 castri,
1270 1427 1422 1498 quod
1445 1427 1580 1483 olim
1613 1426 1793 1482 Sedu-

144 1532 306 1585 num,
330 1530 481 1572 nunc
504 1515 831 1573 Blismurus
853 1515 1088 1587 dicitur,
1112 1516 1367 1573 reddidit
1395 1516 1563 1572 nobis
1586 1515 1791 1572 mccle-

141 1605 296 1660 siam
325 1605 511 1660 castri
540 1604 801 1673 ejusdem
832 1620 961 1662 cum
988 1604 1349 1676 appendiciis
1370 1609 1575 1661 etcum
1610 1603 1791 1661 omni-

147 1694 257 1750 bus
291 1708 420 1764 qua:
453 1693 590 1748 olim
636 1691 974 1764 possederat
1023 1693 1117 1751 vel
1148 1697 1287 1748 tunc
1337 1692 1694 1764 possidebat.
1719 1694 1790 1747 Et
1820 1718 1874 1777 Β

140 1781 280 1851 quia
310 1782 385 1837 de
406 1795 514 1837 suo
542 1781 781 1853 proprio
803 1781 1067 1852 quaedam
1101 1781 1170 1837 ad
1198 1781 1414 1837 victum
1432 1781 1675 1837 fratrum
1693 1779 1789 1837 ad-

139 1869 317 1936 didit,
350 1874 423 1925 20
450 1870 504 1926 01
536 1869 756 1926 solidos
786 1885 892 1941 pro
919 1869 1167 1926 caritate
1198 1868 1351 1925 dedi.

214 1961 399 2029 Αγωο
423 1957 594 2013 miles
617 1958 879 2027 ejusdem
908 1958 1109 2029 castri,
1137 1958 1460 2015 avunculus
1488 1957 1695 2030 ipsius,
1718 1959 1789 2015 ad

140 2046 593 2102 conversionem
623 2047 678 2100 in
715 2046 1053 2102 infirmitate
1081 2046 1335 2117 veniens,
1372 2045 1628 2102 reddidit
1676 2048 1791 2103 Deo

139 2139 199 2189 et
235 2139 447 2190 sancto
479 2135 656 2191 Petro
685 2138 741 2189 et
773 2138 977 2190 sancto
1006 2134 1274 2203 Prejecto
1302 2140 1494 2190 terras
1524 2139 1584 2190 et
1611 2135 1792 2191 homi-

140 2237 248 2279 nes
273 2238 420 2293 quas
442 2222 615 2279 nobis
634 2223 690 2279 vi
709 2223 1029 2291 auferebat,
1053 2226 1112 2278 et
1135 2221 1519 2294 calumpniam
1539 2222 1783 2280 dimisit.

212 2314 281 2369 In
314 2312 720 2383 redemptione
750 2327 950 2384 cappze
980 2316 1037 2368 et
1070 2310 1231 2383 pallii
1256 2312 1476 2368 solidos
1509 2317 1614 2368 110
1632 2312 1784 2369 dedi.

213 2403 402 2470 (1090,
437 2402 578 2472 Apr.
616 2402 728 2471 14.)
759 2401 1029 2456 Prefatus
1059 2400 1233 2455 etiam
1268 2400 1629 2469 l’lildegarius
1653 2403 1792 2457 Gur-

142 2489 436 2546 ziacensis
470 2488 603 2559 quia
638 2486 860 2544 Bellum
893 2490 1099 2545 Locum
1131 2488 1298 2543 nobis
1326 2489 1597 2544 auferens
1621 2488 1793 2558 injus-

148 2579 342 2633 titiam
369 2577 540 2632 nobis
567 2578 804 2645 fecerat,
830 2575 1014 2632 multo
1036 2582 1300 2647 tempore
1323 2591 1352 2631 a
1376 2577 1544 2633 nobis
1565 2591 1793 2633 excom-

144 2665 499 2733 municatus,
558 2665 789 2720 tandem
839 2664 1068 2735 culpgm
1118 2666 1256 2720 fecit
1300 2665 1453 2736 apud
1482 2664 1787 2735 Conedam,

143 2761 199 2808 et
230 2754 546 2809 absolutus
577 2768 604 2808 a
643 2753 810 2808 nobis
853 2757 962 2808 est.
1010 2753 1333 2808 llominium
1365 2754 1699 2825 recognovit
1729 2760 1789 2810 et

145 2841 501 2907 resirmavit,
544 2844 602 2895 et
643 2855 716 2896 ex
777 2845 903 2896 toto
961 2840 1168 2897 cellam
1227 2841 1467 2897 eandem
1512 2842 1786 2914 vurpivit.

144 2928 396 2986 Obsides
425 2928 609 2998 dedit,
666 2943 909 2998 quorum
961 2928 1083 2983 haec
1130 2934 1261 2984 sunt
1312 2930 1586 2985 nomina:
1630 2932 1792 2999 Hugo

143 3019 325 3073 frater
349 3017 501 3086 ejus,
531 3016 848 3072 Bainaldus
866 3017 937 3072 de
960 3018 1131 3085 Roca,
1164 3017 1479 3085 Deodatus,
1514 3018 1793 3075 Girardus

144 3106 213 3161 de
243 3112 455 3168 Roura.
489 3110 547 3160 et
579 3105 760 3161 frater
780 3104 926 3175 ejus,
954 3106 1303 3175 \Valdricus,
1341 3107 1700 3163 Gauzfrcdus
1723 3108 1793 3163 de
1826 3104 1874 3130 υ

142 3196 434 3260 Masiaco;
468 3193 560 3250 cui
591 3208 699 3264 ego
726 3198 798 3249 20
827 3194 1047 3250 solidos
1093 3194 1246 3250 dedi.
1302 3197 1508 3250 Actum
1551 3200 1601 3250 5.
1652 3196 1791 3251 feria

143 3284 380 3354 paschae
413 3287 499 3338 18.
536 3282 655 3337 Kal.
687 3281 834 3338 Maii.
872 3282 1138 3339 Conedze.

211 3371 463 3428 Pontius
497 3385 729 3441 quoque
761 3371 1083 3427 Grimensis
1111 3385 1306 3427 comes
1338 3385 1443 3442 pro
1484 3371 1794 3428 homicidio

144 3459 301 3531 quod
326 3460 550 3515 fecerat
578 3458 651 3514 de
673 3458 882 3514 Pontio
908 3459 1203 3515 serviente
1218 3464 1442 3531 nostro,
1470 3459 1794 3516 natalemet

145 3554 389 3619 neptem
420 3546 547 3615 ejus
581 3547 749 3602 nobis
781 3546 1034 3603 reddidit
1074 3551 1175 3603 110
1200 3546 1407 3604 solidis
1435 3548 1713 3619 acceptis,
1737 3552 1796 3604 et

139 3636 661 3694 absolutusest16.
686 3636 805 3691 Kal.
827 3637 975 3692 Maii.
995 3638 1206 3691 Postea
1227 3650 1357 3692 eum
1395 3636 1572 3708 cepit,
1607 3641 1662 3692 et
1688 3651 1795 3707 pro

142 3725 554 3796 redemptione
587 3725 655 3779 50
685 3724 906 3780 solidos
934 3724 1156 3780 habuit.

215 3815 343 3885 (fol.
386 3813 865 3884 138.).loffredum
891 3812 961 3869 de
986 3813 1312 3891 Prumiaco,
1339 3818 1397 3868 et
1413 3814 1650 3869 fratrem
1670 3813 1796 3883 ejus

140 3919 275 3962 cum
309 3902 598 3961 uxoribus
625 3906 681 3958 et
718 3902 874 3972 ﬁliis,
910 3917 1091 3958 uxore
1124 3916 1354 3973 quoque
1385 3902 1602 3958 Odonis
1631 3904 1791 3958 Tuat.

141 3999 202 4049 et
225 4006 474 4049 uxorem
500 3991 751 4048 licinrici
776 4005 906 4047 cum
934 3990 1086 4061 111118,
1125 4004 1365 4046 uxorem
1397 3990 1572 4047 etiam
1593 3990 1798 4047 Johan-

142 4083 234 4139 nis
267 4082 340 4137 de
374 4080 673 4137 Poliniaco
707 4096 837 4137 cum
872 4079 1008 4136 filiis
1038 4083 1098 4135 et
1127 4083 1306 4136 totam
1349 4094 1546 4136 eorum
1596 4094 1799 4152 proge-

142 4172 321 4241 niem,
359 4184 489 4240 quae
519 4169 804 4225 latissima
834 4173 896 4225 et
922 4169 1139 4241 optima
1171 4172 1286 4238 est,
1326 4168 1616 4224 mediante
1656 4169 1800 4240 Bay-

143 4258 322 4317 naldo
355 4258 427 4314 de
456 4259 634 4327 Roca,
668 4258 824 4314 datis
874 4257 1077 4314 solidis
1125 4261 1196 4313 30
1238 4256 1422 4313 Odoni
1470 4256 1797 4313 vicecomiti

144 4347 334 4404 Rubei
369 4346 606 4417 montis,
640 4350 840 4403 sancto
888 4348 1066 4401 Petro
1114 4346 1369 4416 quietam
1419 4345 1546 4401 feci.
1600 4347 1798 4402 Testes

1905 458 2050 512 obiit
2090 464 2286 528 Agaue
2306 459 2590 515 Edueusis
2633 462 2950 532 episcopus
2972 467 3022 516 7.
3050 462 3171 517 Kal.
3208 462 3343 517 Julii
3366 463 3550 535 (207);
3642 527 3647 533 _
3706 536 3709 541 ξ

1904 549 1962 600 01
2005 548 2270 616 sequenti
2312 548 2456 602 obiit
2499 550 2681 605 abbas
2722 550 3007 606 Rodulfus
3047 554 3097 604 δ.
3143 549 3265 605 Kal.
3309 551 3549 622 Aprilis.

1904 635 2177 703 Regimen
2202 636 2484 692 :ecclesiae
2510 638 2793 694 Eduensis
2809 643 2946 709 post
2980 639 3370 695 venerabilem
3403 643 3554 711 Aga-

1903 736 2111 777 nonem
2136 724 2477 793 Norgaudus
2502 726 2778 796 suscepit,
2804 727 2858 781 in
2889 727 3089 782 eadem
3114 727 3377 784 zecclesia
3408 744 3556 799 pra:-

1906 812 2163 866 centoris
2197 812 2430 868 functus
2463 813 2650 869 omcio
2683 814 2851 885 (208).
2891 814 2991 869 1110
3025 816 3134 871 sub
3181 817 3555 873 contentione

1905 898 2128 955 electus
2150 906 2260 955 est.
2288 903 2398 956 Pro
2416 916 2526 971 qua
2556 908 2746 957 tamen
2772 901 3061 958 electione
3081 917 3214 959 cum
3248 904 3552 960 multoties

1906 988 2120 1042 Eduam
2152 988 2350 1056 issem,
2383 990 2516 1059 quia
2546 1006 2656 1045 vox
2693 996 2889 1045 nostra
2924 990 3105 1061 prima
3138 1006 3267 1048 esse
3299 991 3550 1049 debebat

1908 1074 1962 1129 in
1992 1075 2277 1131 electione
2310 1094 2323 1141 ;
2360 1078 2588 1132 tandem
2624 1077 2675 1131 in
2711 1078 3051 1134 ascensione
3085 1079 3307 1134 Domini
3349 1081 3557 1147 invita-

1910 1166 2025 1233 tus,
2059 1178 2190 1218 cum
2222 1178 2409 1220 essem
2441 1165 2494 1220 in
2524 1166 2745 1222 exteris
2779 1167 3066 1237 partibus,
3100 1182 3410 1224 occurrere
3459 1183 3555 1225 ne-

1909 1251 2084 1321 quivi.
2124 1251 2417 1317 Quendam
2457 1258 2644 1310 tamen
2693 1269 2724 1309 0
2771 1256 2987 1311 nostris
3037 1255 3183 1325 misi,
3239 1257 3335 1327 qui
3367 1257 3550 1313 vicem

1908 1338 2492 1410 nostranmuppleret
2517 1359 2531 1407 ;
2555 1343 2609 1395 et
2625 1355 2731 1410 ego
2747 1343 3115 1413 postmodum
3130 1358 3346 1400 exoccu
3359 1348 3550 1415 patus,

1882 1428 2247 1497 Lugdunum
2272 1436 2503 1485 euntem
2530 1431 2600 1485 ad
2635 1431 3136 1486 consecrationem
3168 1431 3327 1489 solus
3356 1434 3426 1488 de
3456 1435 3553 1489 ab-

1907 1515 2143 1583 batibus
2176 1532 2301 1572 sum
2339 1523 2734 1588 prosequutus
2768 1537 2780 1571 :
2814 1522 2871 1573 et
2902 1518 3009 1573 hec
3041 1519 3257 1576 faciens
3298 1521 3552 1577 furorem

1908 1603 2079 1658 animi
2112 1604 2256 1675 ejus,
2293 1620 2461 1675 quem
2502 1610 2849 1676 conceperat
2901 1622 2973 1661 ex
3018 1607 3279 1663 absentia
3330 1614 3548 1679 nostra,

1906 1693 2112 1748 sedare
2136 1708 2248 1748 non
2276 1695 2459 1765 potui,
2485 1710 2612 1750 cum
2639 1695 2811 1750 etiam
2836 1695 2892 1750 in
2917 1695 3209 1752 redeundo
3241 1696 3470 1753 duobus
3499 1698 3552 1753 ei

1904 1780 2112 1837 diebus
2146 1781 2295 1851 apud
2330 1781 2581 1838 Colticas
2611 1783 2759 1854 (209)
2789 1788 2849 1838 et
2896 1788 3021 1839 toto
3071 1786 3375 1841 comitatui
3427 1786 3553 1855 ejus

1904 1869 2204 1925 servierim
2238 1869 2383 1925 satis
2411 1884 2723 1941 superque.
2752 1871 2852 1926 l'lic
2884 1871 3269 1929 Flaviniacum
3318 1874 3556 1930 veniens

1904 1957 2148 2012 honeste
2179 1972 2205 2011 a
2239 1956 2409 2013 nobis
2441 1963 2755 2029 susceptus
2783 1964 2913 2026 est;
2947 1965 3005 2014 et
3036 1960 3107 2014 in.
3132 1961 3334 2017 eadem
3382 1967 3556 2019 nocte

1904 2044 2205 2101 dominicae
2238 2045 2375 2115 diei,
2409 2061 2538 2101 cum
2571 2046 2620 2101 ei
2657 2048 2899 2103 honeste
2931 2048 3265 2118 servisscm,
3303 2048 3359 2104 in
3390 2053 3555 2105 treva

1903 2131 2002 2187 Dei
2038 2132 2255 2189 bancos
2283 2136 2343 2187 et
2372 2133 2754 2190 scarritiones
2798 2135 2945 2205 (210)
2998 2137 3239 2192 mercati
3292 2137 3554 2192 homines

1903 2219 2028 2288 ejus
2061 2220 2357 2289 fregerunt
2391 2224 2451 2274 et
2484 2219 2764 2291 tulerunt,
2801 2222 2933 2292 quia
2964 2227 3132 2278 erant
3160 2229 3293 2278 ante
3325 2224 3553 2279 domum

1903 2306 2319 2378 episcopalem,
2354 2313 2411 2362 et
2457 2313 2614 2362 terra
2667 2309 2814 2378 ipsa,
2864 2314 3173 2380 antequam
3223 2309 3426 2366 domus
3475 2312 3552 2366 ibi

1904 2395 2133 2465 fuisset,
2159 2395 2383 2450 censita
2406 2400 2530 2451 erat
2550 2396 2879 2451 hominibus
2901 2413 3005 2468 pro
3030 2402 3288 2454 mercato
3319 2413 3552 2460 eorum;

1903 2487 1962 2540 et
1994 2483 2261 2553 requisiti
2297 2484 2368 2538 ab
2401 2484 2728 2540 hominibus
2760 2499 3003 2554 quorum
3031 2485 3182 2555 juris
3201 2491 3388 2556 erant,
3427 2486 3554 2542 red-

1865 2567 1870 2572 ’
1905 2564 2010 2629 diti
2025 2587 2138 2628 non
2158 2557 2410 2629 fuerunt.
2439 2574 2657 2629 Etcum
2682 2572 2896 2629 redditi
2921 2589 3029 2630 non
3056 2578 3279 2643 essent,
3320 2575 3552 2630 interim

1904 2663 2044 2719 emit
2076 2662 2310 2732 quidam
2350 2663 2518 2718 homo
2551 2678 2751 2719 eorum
2789 2678 3023 2719 carnem
3077 2664 3244 2720 bovis
3290 2665 3358 2719 ad
3405 2679 3553 2736 opus

1904 2750 2163 2822 episcopi
2192 2766 2339 2806 zeum
2372 2751 2633 2806 homines
2664 2752 2850 2807 nostri
2882 2767 2986 2823 pro
3024 2752 3353 2808 reverentia
3401 2753 3555 2823 epis-

1904 2840 2032 2910 copi
2067 2839 2201 2895 alibi
2236 2854 2364 2895 eum
2389 2840 2605 2895 vellent
2630 2841 2916 2909 occidere,
2948 2841 3042 2896 ille
3067 2841 3259 2911 coegit
3284 2856 3385 2897 eos
3418 2847 3553 2896 ante

1904 2930 2205 3000 praefatam
2240 2929 2468 2984 domum
2508 2934 2781 2998 mactare,
2827 2930 3130 2998 nostrique
3180 2931 3368 3000 parati
3417 2935 3553 2985 sunt

1906 3019 2210 3087 afﬁrmare,
2249 3017 2398 3087 quod
2433 3018 2826 3073 defensionem
2862 3019 2946 3072 eis
2978 3024 3032 3071 et
3066 3018 3373 3072 tuitionem
3427 3033 3554 3089 pro-

1907 3106 2127 3162 miserit
2171 3105 2287 3176 (fol.
2322 3108 2444 3177 138)
2470 3106 2675 3161 Occiso
2702 3107 2862 3174 bove,
2889 3106 3147 3161 homines
3170 3106 3353 3161 nostri
3382 3107 3550 3174 jussu

1907 3199 2111 3250 nostro
2147 3210 2250 3265 pro
2285 3196 2501 3250 honore
2549 3195 2811 3265 episcOpi
2859 3194 2994 3249 alibi
3048 3209 3176 3249 eum
3223 3198 3545 3249 traxerunt.

1907 3282 2183 3337 Videntcs
2217 3282 2479 3337 homines
2512 3297 2755 3351 quorum
2788 3284 2913 3337 erat
2938 3287 3095 3336 terra
3128 3281 3371 3350 censita,
3418 3281 3550 3350 quia

1907 3386 2015 3440 ego
2046 3371 2133 3425 eis
2164 3370 2404 3441 primus,
2432 3370 2527 3440 qui
2552 3369 2865 3425 defendere
2889 3370 3189 3438 debebam,
3217 3369 3286 3424 de
3311 3383 3555 3424 consue-

1911 3459 2109 3515 tudine
2141 3462 2196 3512 et
2236 3474 2339 3513 usu
2369 3473 2568 3513 eorum
2600 3458 2959 3527 deficiebam,
3006 3458 3234 3528 ipsimet
3287 3457 3341 3511 in
3392 3460 3551 3513 terra

1908 3546 2165 3603 censuali
2200 3561 2301 3600 sua
2334 3546 2713 3601 searritioues
2738 3546 3132 3613 firmaverunt,
3155 3550 3209 3599 et
3237 3559 3442 3600 carnes
3467 3559 3554 3600 re-

1911 3636 2249 3705 posuerunt.
2286 3635 2533 3704 Propter
2565 3632 2803 3688 baculus
2839 3633 2930 3703 qui
2968 3631 3127 3687 allati
3152 3636 3311 3701 sunt,
3336 3637 3394 3686 et
3419 3632 3551 3702 quia

1907 3721 2245 3792 congregati
2280 3726 2412 3777 sunt
2448 3722 2709 3777 homines
2731 3722 2801 3776 ad
2826 3722 3097 3776 tuendum
3124 3734 3289 3776 usum
3313 3735 3556 3776 censua-

1908 3809 2096 3866 litatis
2128 3826 2266 3876 suae,
2302 3809 2511 3865 malum
2537 3811 2644 3865 fuit
2668 3810 2959 3880 episcopo,
2984 3812 3040 3863 et
3066 3809 3213 3864 dixit
3241 3823 3303 3863 se
3326 3808 3552 3863 assalli-

1908 3903 2030 3954 tum
2059 3917 2072 3964 ;
2101 3905 2288 3953 tamen
2314 3897 2601 3953 hominem
2628 3913 2736 3952 non
2756 3901 3191 3968 percusserunt,
3212 3897 3342 3966 quia
3360 3897 3555 3951 nullus

1909 4001 2011 4042 eos
2043 3985 2347 4053 assallivit,
2379 3990 2433 4040 et
2468 3985 2577 4055 ipsi
2612 3985 2915 4040 neminem.
2951 3984 3055 4038 Ubi
3083 3983 3196 4039 vidi
3240 3983 3551 4040 molestum

1910 4076 1965 4132 id
1989 4090 2119 4131 esse
2142 4075 2441 4144 episcopo,
2468 4087 2576 4141 ego
2600 4073 2725 4143 ipse
2750 4084 2877 4127 cum
2903 4070 3249 4141 quibusdam
3275 4072 3554 4127 fratribus

1910 4170 1970 4220 et
1999 4163 2292 4219 nobilibus
2312 4161 2454 4217 viris
2477 4167 2536 4215 et
2555 4159 2948 4216 servientibus
2970 4159 3043 4213 ivi
3066 4159 3135 4214 ad
3161 4173 3312 4230 eum,
3339 4163 3553 4215 etcum

1910 4250 2156 4309 consilio
2188 4249 2373 4321 optuli
2407 4249 2479 4320 ei,
2517 4247 2668 4320 quod
2701 4252 2921 4303 tantum
2955 4247 3006 4302 ei
3036 4246 3169 4302 inde
3211 4246 3461 4302 facerem
3499 4247 3555 4303 in

1911 4340 2185 4411 crastino,
2221 4342 2499 4409 quantum
2531 4342 2889 4406 congrueret
2913 4336 3072 4406 justo
3118 4339 3176 4391 et
3222 4335 3448 4406 honori,
3497 4340 3555 4392 et

143 4435 377 4506 horum,
408 4435 506 4506 qui
538 4435 685 4491 infra
719 4453 732 4488 :
783 4432 1147 4491 Gislebertus
1191 4434 1442 4504 juvenis.
1491 4433 1798 4490 Teubodus
1827 4420 1880 4481 D
1913 4434 2190 4503 quantum
2224 4442 2419 4500 posem
2452 4430 2511 4481 et
2562 4425 2854 4481 deberem.
2909 4427 2975 4480 Et
3025 4439 3157 4480 mox
3216 4424 3555 4497 ascendens,

147 4525 321 4595 Haut,
351 4522 670 4580 Rainaldus
684 4524 858 4593 Roca,
880 4521 1330 4578 Gislebertusde
1346 4522 1545 4591 Turre,
1563 4522 1797 4591 Hagano

144 4613 290 4683 11οο,
325 4614 494 4681 [Iugo
519 4611 754 4682 Miscus,
789 4611 1091 4681 Goslenus,
1127 4610 1418 4667 Gerardus
1457 4608 1615 4681 Duis,
1661 4610 1799 4666 Bru-

146 4699 389 4771 nardus,
423 4698 743 4757 Rainaldus
775 4699 893 4770 Fla,
928 4698 1263 4756 Rainaldus.

218 4788 511 4845 Willelmo
544 4788 617 4843 de
642 4788 951 4844 Turraboit
979 4791 1050 4842 3O
1078 4786 1302 4843 solidos
1324 4801 1428 4859 pro
1452 4785 1798 4857 quibusdam

145 4876 713 4951 compositionibus;
747 4875 1077 4932 Gisleberto
1106 4874 1327 4931 solidos
1359 4879 1429 4931 30
1449 4890 1554 4946 pro
1577 4873 1803 4931 redem-

143 4966 349 5037 ptione
377 4965 515 5037 equi
547 4963 708 5022 illius
742 4963 812 5021 de
840 4964 1093 5020 Grosbof
1134 4977 1301 5035 quem
1352 4963 1509 5035 cepit
1556 4967 1614 5019 et
1663 4962 1801 5019 mihi

150 5054 430 5112 reddidit.

1912 4523 2146 4577 casatos
2170 4515 2445 4587 requisivi
2463 4519 2521 4571 et
2535 4514 2762 4570 nobiles
2779 4513 3120 4585 quospotui,
3139 4512 3209 4570 ad
3229 4513 3556 4570 faciendum

1913 4604 2066 4679 quod
2098 4602 2445 4677 optuleram.
2482 4602 2716 4658 Interim
2748 4602 2872 4673 ipse
2904 4602 3393 4659 christianitatem
3418 4601 3557 4656 mihi

1915 4693 2155 4752 abstulit
2190 4694 2336 4764 (211)
2372 4692 2453 4749 ita
2480 4694 2543 4748 ut
2564 4690 2960 4761 nuptialesqui
2980 4690 3215 4747 aliunde
3245 4689 3555 4746 veniebant

1915 4783 2147 4839 missam
2180 4780 2565 4851 perdiderint,
2591 4784 2650 4833 et
2673 4792 2890 4849 corpus
2914 4776 3297 4849 sepulturam.
3325 4777 3443 4844 Ego
3474 4778 3559 4829 ta-

1916 4884 2045 4926 men
2091 4868 2245 4940 quod
2292 4866 2671 4939 promiseram
2716 4864 2972 4921 munitus
3020 4861 3268 4918 consilio
3315 4859 3558 4932 implere

1915 4957 2093 5029 volui,
2128 4960 2185 5013 et
2210 4956 2264 5012 10
2291 4971 2380 5012 me
2403 4969 2514 5011 non
2537 4953 2840 5023 remansit,
2866 4967 2970 5008 nec
2995 4952 3080 5007 sic
3103 4950 3338 5007 missam
3358 4949 3555 5007 habui.

1916 5049 2075 5105 Diem
2094 5044 2402 5103 constituit
2425 5042 2563 5101 mihi
2585 5041 2739 5115 apud
2752 5041 2968 5098 Eduam
2985 5058 3000 5109 ;
3017 5038 3272 5110 suscepi.
3302 5039 3559 5111 Cumque

1741 5176 1963 5233 NOT/E.

221 5279 374 5362 (207)
425 5293 480 5333 v1
530 5274 629 5333 Kal
677 5274 789 5332 Jul.
832 5275 1007 5332 habet
1057 5274 1462 5345 Necrologium
1522 5275 1577 5329 S.
1639 5274 1804 5330 Beni—

148 5352 379 5499 ῗηᾷξρ)
400 5416 706 5499 Paschalis
730 5430 876 5499 papa
906 5415 1123 5473 litteris
1150 5431 1285 5499 ξνιιι
1317 5416 1438 5499 Kal.
1462 5416 1636 5499 1101..
1660 5420 1800 5499 1100

150 5487 305 5551 datis
332 5487 625 5562 Norgaudi
656 5487 1002 5546 electionem
1033 5487 1418 5547 conﬁrmavit.
1461 5487 1639 5547 Mansi
1680 5487 1792 5561 XX,

1914 5272 2415 5477 1οΞἕόῼῗῖὼυώηπ
3071 5404 3082 5416 ⁸

2002 5416 2129 5477 210)
2159 5409 2349 5467 banle
2375 5405 2502 5466 zmd
2527 5406 2819 5465 scharren
2843 5404 3082 5477 Teutoni

2002 5404 2129 5481 210)
2159 5409 2349 5467 banle
2367 5404 2502 5481 'mtd
2527 5406 2819 5481 scitarrm
2843 5404 3173 5481 'l‘gutonice.

1978 5473 2126 5557 (211)
2155 5482 2197 5540 1.
2231 5496 2280 5539 0.
2317 5495 2401 5540 sac
2421 5477 2502 5538 ris
2532 5477 2671 5537 mibi
2701 5473 3026 5537 interdixu.
