3960 6052
163 244 287 316 861

1423 252 1921 327 CHRONICON.
1960 301 2033 313 --
2062 264 2217 332 LIB.
2264 260 2339 335 II.

3476 280 3593 361 362

158 387 464 488 habebam
487 392 922 494 confidentiam,
944 392 1045 449 sed
1068 388 1822 494 plenariam-difﬂdentiam,
1856 399 1911 460 A
1938 399 2131 494 ciente
2158 408 2215 459 et
2248 405 2546 479 laudante,
2573 410 2960 473 hereditatem
2995 432 3157 476 suam
3190 420 3247 478 in
3269 427 3592 494 Agerniaco

158 484 229 533 ut
258 480 801 551 impraesentiarum
845 487 1027 554 patet,
1078 484 1204 555 ipse
1232 499 1336 541 nec
1369 485 1608 541 .bonum
1656 485 1827 543 habe-

159 582 294 622 rem
335 569 490 638 quod
523 584 637 625 non
671 570 1002 641 credebam,
1051 579 1104 628 et
1149 572 1302 642 quod
1363 573 1644 630 habebam
1705 590 1830 646 per-

160 654 404 727 derem,
444 660 501 713 ut
538 657 662 713 sola
696 659 930 715 vexatio
975 660 1336 717 intellectum
1384 660 1549 717 daret
1580 662 1825 720 auditui.

155 745 389 816 Recepi
424 747 794 817 postmodum
828 748 1255 805 absolutionem
1290 764 1318 805 a
1352 750 1651 821 Lugduno,
1716 766 1829 808 non

156 839 369 889 tamen
407 849 511 905 per
541 849 693 904 eum,
728 835 861 905 quia
894 852 1000 907 per
1041 838 1569 909 archiepiscopum,
1593 844 1649 894 et
1684 839 1831 895 inte-

156 921 275 976 rim
315 924 454 978 dum
490 924 700 979 absens
734 924 839 979 fuit
895 925 1109 995 quievi,
1171 926 1282 981 nisi
1335 928 1488 997 quod
1531 927 1720 983 omnia
1771 928 1828 983 in

155 1010 345 1081 pejus
393 1025 566 1067 ruere
612 1012 877 1069 videbam
911 1029 1018 1084 pro
1060 1014 1442 1071 destitutione
1490 1015 1731 1085 ordinis,
1769 1021 1827 1072 et

152 1099 488 1155 emendare
547 1100 804 1171 nequivi,
864 1102 997 1171 quia
1056 1103 1217 1159 solus
1267 1118 1443 1159 eram.
1498 1106 1654 1161 Tunc
1702 1105 1827 1176 cepi

154 1188 399 1243 sentire
445 1188 583 1257 quid
638 1190 1065 1261 cogitaverant,
1120 1191 1258 1261 quid
1309 1195 1823 1263 attemptaverant,

156 1274 309 1346 quid
351 1276 667 1332 machinati
714 1277 961 1347 fuerant,
1015 1294 1144 1335 cum
1188 1283 1305 1350 jam
1355 1279 1665 1336 emendare
1714 1295 1825 1336 non

156 1367 464 1434 poteram.

234 1452 486 1508 Interim
520 1452 627 1509 feci
655 1468 854 1523 pacem
885 1470 1036 1524 cum,
1072 1455 1354 1511 Rainaldo
1379 1455 1449 1511 de
1483 1456 1819 1527 Granciaeo,

161 1540 265 1611 qui
304 1541 718 1612 frequentibus
750 1542 1172 1614 irruptionibus
1195 1551 1254 1599 et
1285 1544 1822 1617 deprzedationibus

160 1630 369 1685 omnia
403 1634 604 1686 nostra
638 1631 1043 1702 pel-turbabat,
1078 1635 1134 1687 et
1177 1634 1311 1703 quia
1338 1632 1557 1702 justam
1588 1647 1818 1689 causam

162 1718 453 1788 habebat,
502 1722 572 1774 60
627 1719 677 1812 ei
724 1719 947 1775 solidos
994 1721 1312 1791 composui.
1385 1724 1599 1812 Pacem
1642 1722 1818 1812 etiam
1837 1753 1901 1812 Β

159 1820 299 1863 cum
335 1806 581 1863 Widone
611 1806 682 1862 de
713 1807 1020 1863 Luciuiaco
1053 1809 1231 1864 fratre
1272 1810 1418 1881 ejus,
1453 1813 1509 1865 et
1570 1808 1639 1865 de
1686 1808 1818 1864 fedo

162 1898 323 1965 quo]
387 1894 895 1967 ealumpniabatur
941 1897 1087 1953 duos
1157 1897 1208 1951 ei
1270 1898 1496 1953 modios
1560 1902 1620 1952 et
1687 1904 1820 1953 ceto

164 1984 476 2039 sextarios
508 1984 752 2053 reddidi,
780 1984 915 2040 dum
942 1990 1102 2041 tutor
1119 1991 1277 2041 esset
1308 1986 1559 2043 ﬁliorum
1585 1985 1819 2042 Tebaldi

162 2073 333 2136 Rufi;
369 2077 643 2143 quartum
674 2073 811 2128 mihi
844 2073 1015 2130 laude
1048 2075 1250 2131 uxoris
1292 2089 1411 2131 suae
1459 2080 1519 2131 et
1564 2074 1821 2131 filiorum

160 2160 437 2231 donavit,
472 2161 789 2217 hominium
826 2163 953 2233 feci,
986 2167 1044 2217 et
1090 2163 1432 2218 ﬁdelitatem
1470 2163 1711 2233 juravit.

243 2250 369 2319 His,
393 2250 489 2320 qui
512 2249 816 2319 graviores
855 2255 1045 2319 erant,
1080 2251 1157 2305 ita
1193 2250 1437 2322 pacatis,
1472 2266 1578 2322 pro
1612 2251 1822 2309 Walte-

164 2338 257 2393 rio
293 2338 368 2392 de
403 2338 637 2407 insulis,
672 2353 840 2409 quem
889 2338 1394 2410 calumpniabatur
1454 2338 1820 2397 Gislebertus

158 2426 447 2482 Mischius
501 2431 566 2481 35
599 2426 820 2482 solidos
849 2427 998 2491 dedi,
1038 2433 1095 2483 et
1130 2443 1233 2498 pro
1275 2427 1395 2484 ﬁlio
1433 2428 1656 2484 sororis
1694 2444 1823 2499 e,us

156 2519 191 2570 7
225 2513 452 2570 solidos
519 2520 574 2569 et
630 2519 821 2571 totam
881 2530 1079 2571 eorum
1160 2516 1495 2587 progeniem
1564 2517 1820 2586 quietam

162 2610 378 2659 sancto
406 2605 582 2660 Petro
612 2610 669 2659 et
704 2609 912 2661 sancto
945 2604 1211 2674 Prejecto
1244 2605 1372 2662 feci.
1404 2607 1609 2661 Actum
1640 2603 1822 2662 Flavi-

159 2691 354 2748 niaco.

235 2781 449 2836 Ducem
503 2796 610 2852 pro
676 2782 1037 2838 salvamento
1106 2785 1275 2854 (212),
1342 2782 1496 2854 quod
1558 2782 1821 2838 homines

159 2869 352 2923 nostri
386 2869 458 2925 de
488 2869 718 2926 Galiaeo
748 2874 950 2925 contra
979 2869 1076 2939 jus
1108 2875 1168 2925 et
1197 2886 1365 2927 usum
1398 2870 1451 2925 ei
1480 2869 1619 2925 dare
1667 2870 1824 2925 vole-

160 2956 323 3025 bant,
382 2957 775 3015 Flaviniacum
826 2958 1025 3016 venire
1082 2959 1223 3026 feci;
1270 2963 1328 3014 et
1382 2973 1485 3030 per
1537 2958 1820 3028 judicium

155 3044 337 3101 curiae
373 3050 592 3102 nostrae
625 3052 685 3102 et
719 3061 857 3116 suae,
903 3047 1034 3117 quia
1077 3048 1289 3104 foedum
1340 3052 1607 3103 nostrum
1648 3047 1821 3102 habe-

157 3130 279 3201 bat,
319 3132 745 3190 salvamentum
778 3135 965 3205 ipsum
998 3134 1279 3207 vurpivit.
1317 3135 1417 3191 Cui
1462 3149 1570 3205 ego
1607 3149 1819 3205 equum

158 3225 400 3276 centum
434 3222 758 3279 solidorum
803 3238 906 3294 pro
948 3224 1167 3279 honore
1198 3222 1353 3279 dedi.

229 3306 519 3363 Arnul.us
546 3309 720 3363 etiam
745 3309 816 3365 de
851 3310 1164 3378 Grosboes,
1196 3314 1437 3381 accepta
1467 3322 1497 3364 a
1529 3308 1697 3364 nobis
1730 3322 1820 3364 so-

157 3394 407 3464 cietate,
448 3393 506 3450 ‘et
541 3402 606 3451 15
648 3397 850 3453 solidis
885 3413 989 3468 pro
1030 3398 1309 3467 carieate,
1363 3396 1509 3452 duas
1574 3395 1820 3452 familias

158 3479 228 3537 de
265 3482 419 3538 loado
453 3484 636 3539 sancti
662 3485 816 3540 Petri
848 3485 905 3539 in
939 3484 1198 3541 Cleriaco
1220 3488 1277 3540 et
1301 3483 1624 3553 Agerniaco
1646 3482 1818 3537 nobis

158 3569 420 3626 reddidit
462 3578 521 3628 et
560 3573 797 3629 tertiam
840 3574 1006 3631 nobis
1048 3577 1251 3630 contra
1296 3576 1608 3643 Aymonem
1648 3569 1816 3626 Lovel

159 3659 407 3715 militem
440 3668 703 3719 nostrum
726 3663 1101 3735 conquisivit.
1140 3662 1413 3718 Reddidit
1452 3666 1509 3717 et
1553 3674 1815 3716 mansum

160 3763 336 3804 unum
369 3749 427 3805 in
461 3750 820 3808 Cavanniaro
854 3753 923 3808 de
958 3758 1113 3808 terra
1148 3750 1334 3807 sancti
1374 3750 1531 3806 Petri
1576 3749 1645 3804 de
1686 3748 1815 3804 fedo

159 3851 267 3893 suo
312 3837 652 3905 Flaviniaci,
682 3841 913 3897 vidente
946 3843 1011 3896 R.
1040 3843 1275 3912 majore,
1314 3844 1374 3896 et
1406 3838 1525 3894 filio
1556 3837 1815 3908 ejusdem

124 3925 407 3983 ‘Arnulﬂ.
454 3930 662 3986 Actum
695 3932 728 3984 4
768 3929 907 3984 feria
940 3930 1144 4000 jejunii
1187 3928 1405 3985 mensis
1434 3927 1811 3998 Septembris.

238 4023 420 4090 Aymo
453 4031 684 4089 quoque
716 4017 787 4073 de
816 4018 1079 4074 Griniaco
1103 4017 1418 4085 neminium
1454 4012 1811 4085 recognovit.

158 4115 216 4167 et
244 4113 451 4165 noster
487 4114 674 4164 Iactus
704 4111 813 4163 est.
838 4105 1154 4163 Walterius
1186 4119 1411 4161 necnon
1444 4105 1512 4161 de
1543 4102 1814 4160 Grinione

160 4213 266 4275 pro
298 4196 418 4253 tilio
451 4209 559 4253 suo
593 4196 875 4252 monacho
918 4201 1133 4251 terram
1173 4208 1436 4264 magnam
1475 4196 1532 4249 et
1583 4196 1813 4263 pratum

160 4290 220 4345 in
251 4286 670 4344 dominicatum
688 4289 855 4356 juxta
881 4282 1227 4340 Corticellas
1250 4281 1417 4339 multi
1450 4280 1628 4353 preeii
1651 4294 1816 4336 sanc-

160 4382 220 4434 to
250 4375 521 4453 i’rejecto
550 4375 731 4433 dedit.
769 4378 973 4432 Actum
1001 4373 1094 4429 die
1122 4375 1270 4430 festo
1302 4372 1355 4427 S.
1391 4371 1547 4429 Petri
1589 4369 1659 4427 ad
1691 4369 1815 4428 vin-

158 4465 307 4525 cula.

232 4553 521 4623 Raynerio
551 4552 623 4609 de
647 4551 900 4621 Diusmo,
923 4566 1028 4622 pro
1059 4548 1405 4621 quibusdam
1445 4547 1817 4618 compositio-

164 4642 360 4711 nibus,
395 4641 609 4713 quibus
651 4644 814 4697 terra
853 4641 925 4696 de
984 4638 1281 4710 Epdianco
1334 4637 1700 4694 vastabatur.
1750 4634 1819 4690 30

160 4730 382 4790 solidos
427 4729 607 4787 dedit.

235 4820 401 4891 Hugo
424 4818 496 4874 de
522 4818 732 4875 Asiaco
767 4820 1004 4890 accepta
1034 4831 1064 4875 a
1086 4816 1254 4873 nobis
1276 4814 1560 4873 societate
1581 4818 1641 4870 et
1664 4819 1697 4870 7
1720 4828 1816 4870 so-

164 4904 300 4967 lidis
320 4922 430 4981 pro
454 4909 710 4965 caricate
732 4907 891 4964 dedit
922 4911 1125 4963 sancto
1146 4907 1321 4963 Petro
1344 4904 1613 4961 feminam
1634 4902 1821 4960 Walo-

166 4998 255 5055 nis
297 4997 583 5069 sacristaa,
618 4995 888 5055 laudante
930 4996 1050 5051 filio
1090 5011 1215 5066 suo,
1258 4999 1313 5052 et
1356 4994 1501 5051 alias
1539 4992 1819 5066 quasdam

169 5085 239 5145 de
273 5085 549 5157 progenie
588 5086 737 5157 ejus,
778 5084 1046 5141 feminam
1084 5083 1310 5140 scilicet
1344 5082 1638 5138 Cristiani.

238 5174 498 5244 Quodam
523 5173 980 5232 sanctimonialis
1004 5172 1189 5229 sancti
1212 5172 1490 5228 Johannis
1514 5171 1819 5240 Eduensis,

169 5275 346 5321 soror
379 5262 653 5334 Aymonis
683 5260 879 5331 Lovel,
912 5260 1115 5315 eodem
1150 5261 1326 5315 fratre
1358 5273 1461 5315 suo
1494 5257 1822 5313 videntefa-

1942 489 2113 545 sitam
2137 492 2192 548 in
2214 495 2394 551 terris
2415 497 2591 554 cultis
2613 505 2672 556 et
2688 502 3257 579 incultis,mancipiis
3282 489 3592 588 utriusque

1940 590 2133 648 sexus,
2160 586 2361 677 sancto
2383 585 2558 641 Petro
2582 591 2935 648 contradens
2961 608 3142 665 super
3165 595 3350 654 altare
3374 585 3590 677 posuit,

1939 678 2008 719 ea
2040 668 2377 726 conditione
2402 679 2466 727 ut
2498 676 2688 745 neptis
2720 677 2846 747 ejus
2879 695 3048 736 soror
3088 684 3342 753 Hugonis
3374 668 3456 745 ide
3489 668 3593 748 Cu;

1942 754 2334 850 reneiaco,‘ea
2376 759 2629 850 obeunte
2683 764 2779 819 illa
2849 769 3162 842 potiretur,
3206 779 3261 827 et
3305 782 3434 845 post
3469 780 3595 850 ejus

1940 838 2162 895 obitum
2234 842 2488 902 dominio
2536 849 2819 907 aecclesize
2869 838 3325 916 Flaviniaceneis
3392 838 3592 921 eadem

1939 928 2295 996 proveniret.
2341 932 2640 991 Defunctis
2670 938 2954 1010 utrisque,
2994 941 3065 997 de
3103 944 3447 1004 haereditate
3490 967 3594 1009 nos

1939 1014 2301 1108 vestivimus.
2340 1020 2569 1076 Etcum
2604 1024 3033 1097 calumpniatur
3072 1034 3389 1101 praedictus
3428 1039 3591 1108 Hugo

1932 1101 2154 1191 judicio
2187 1106 2342 1176 dato,
2388 1108 2534 1164 duos
2576 1109 2868 1181 legitimos
2908 1117 3167 1175 homines
3207 1101 3592 1191 produximus

1946 1189 2220 1280 praedicti
2264 1192 2422 1249 fundi
2476 1210 2705 1253 servum
2767 1201 2862 1269 qui
2914 1204 3136 1271 pariter
3175 1189 3348 1263 datus
3388 1214 3498 1280 est,
3532 1219 3591 1268 et

1938 1278 2321 1334 ministralem
2360 1281 2620 1350 ejusdem
2658 1286 2818 1342 fundi
2850 1292 3035 1345 nostri
3069 1294 3166 1363 qui
3201 1278 3491 1367 interfuit,
3529 1308 3589 1355 et

1936 1369 2186 1439 probare
2219 1368 2524 1426 voluerunt
2567 1372 2777 1429 donum
2811 1375 2888 1431 ita
2934 1379 3167 1436 factum.
3205 1384 3586 1455 Expectatum

1934 1456 2127 1508 tamen
2169 1458 2261 1510 est
2300 1459 2362 1511 ut
2412 1457 2715 1515 audiretur
2757 1461 2905 1517 idem
2950 1464 3230 1533 judicium
3282 1470 3335 1524 in
3380 1472 3584 1543 majori

1932 1542 2094 1598 curia
2128 1544 2333 1599 Actum
2367 1546 2714 1614 Agenniaco.
2769 1550 2861 1606 Sic
2892 1557 3108 1609 terram
3153 1556 3476 1616 habuimus.

2002 1630 2239 1686 Redemi
2268 1633 2444 1688 etiam
2478 1634 2624 1691 duos
2655 1651 2910 1710 mansos,
2949 1645 2968 1694 1
3017 1640 3167 1699 intra
3220 1647 3440 1703 curiam
3489 1651 3591 1706 La-

1932 1716 2086 1789 liaci,
2120 1719 2295 1776 alium
2336 1730 2504 1777 extra
2544 1725 2785 1795 curiam,
2835 1728 3133 1787 solventes
3164 1747 3395 1805 quoque
3436 1751 3586 1793 anno

1933 1808 1999 1858 12
2030 1804 2317 1876 denarios,
2353 1811 2386 1862 2
2416 1808 2640 1879 solidis,
2675 1826 2803 1874 cum
2838 1812 2951 1868 iret
2987 1804 3317 1887 Hispaniam
3366 1821 3589 1880 Folcui-

1931 1906 2059 1947 nus.
2095 1894 2300 1949 Actum
2348 1895 2698 1953 Flaviniaco.

2002 1980 2364 2038 Adelelmum
2393 1998 2626 2054 quoque
2656 1990 2716 2040 et
2737 1990 3074 2057 progeniem
3102 1992 3231 2063 ejus
3256 1996 3483 2067 eptinui
3513 2001 3584 2056 ab

1931 2067 2133 2123 eodem
2160 2069 2437 2126 Folcuino
2474 2077 2536 2128 12
2568 2073 2792 2133 solidis.
2835 2078 3040 2133 Actum
3082 2080 3333 2138 Galiaeo.

2001 2156 2359 2301 Talpgtiolum
2388 2161 2584 2231 etiam,
2617 2163 2772 2232 quod
2826 2165 3017 2222 Carlet
3077 2167 3313 2240 dicitur,
3363 2172 3580 2229 redemi

1930 2249 1961 2299 5
2006 2246 2112 2301 soi
2159 2245 2227 2302 is.

2003 2334 2146 2423 (Fel.
2182 2335 2330 2421 139.)
2371 2338 2511 2393 Duci
2544 2353 2755 2409 equum
2790 2349 2810 2397 1
2860 2342 2992 2399 dedi
3045 2351 3112 2402 10
3148 2347 3429 2405 librarum
3474 2367 3581 2423 pro

1931 2421 2244 2477 insolentia
2276 2424 2448 2481 unius
2480 2428 2791 2485 servientis
2816 2432 3019 2502 nostri,
3054 2439 3113 2489 et
3159 2435 3284 2506 ipse
3325 2421 3583 2496 laudavit

1930 2510 2100 2565 nobis
2130 2510 2340 2566 donum
2376 2513 2530 2583 quod
2563 2515 2811 2585 quilibet
2840 2519 3003 2576 miles
3032 2521 3159 2590 ejus
3205 2524 3275 2579 de
3306 2526 3438 2582 fedo
3476 2542 3581 2584 suo

1932 2597 2152 2653 faceret
2200 2598 2656 2659 Flaviniaeeneis
2724 2606 3010 2666 ecclesia.
3542 2644 3557 2657 ι

2002 2686 2282 2744 Walterio
2340 2688 2410 2744 de
2463 2690 2606 2747 Tilio
2660 2693 2715 2748 in
2769 2696 3122 2765 adjutorium
3187 2700 3454 2759 ecclesiae
3510 2703 3579 2762 de

1931 2775 2223 2832 Prisciaco
2245 2791 2457 2848 equum
2491 2795 2664 2836 unum
2697 2787 2764 2837 50
2785 2783 3108 2842 solidorum
3142 2788 3293 2844 dedi.

1931 2863 2124 2920 Erleio
2173 2869 2233 2919 et
2279 2866 2501 2923 Widoni
2546 2868 2792 2927 dominis
2841 2872 3193 2931 Colticarum
3247 2881 3315 2933 40
3363 2878 3582 2937 solidos

1933 2952 2169 3023 dedi,et
2208 2954 2318 3024 ipsi
2360 2956 2745 3027 vurpiverunt
2788 2974 2988 3017 omnes
3031 2963 3212 3020 malas
3271 2974 3583 3024 consuetu-

1933 3040 2099 3097 dines
2130 3041 2184 3096 in
2227 3043 2496 3100 Colticas.

2002 3132 2059 3184 In
2084 3132 2360 3187 thesauro
2383 3133 2649 3191 ecclesia
2682 3137 2787 3192 hec
2811 3137 3006 3194 addita
3040 3147 3193 3210 sunt,
3230 3140 3578 3201 filacterium

1930 3219 2083 3288 quod
2140 3218 2300 3274 dedit
2342 3221 2661 3279 Walterius
2716 3226 3035 3283 monachus
3092 3228 3162 3284 de
3204 3229 3383 3300 Grin.,
3448 3247 3577 3289 cum

1929 3306 2201 3378 mappula
2229 3309 2491 3380 pretiosa
2530 3315 2590 3365 et
2625 3312 2754 3368 alba
2796 3321 3017 3384 parata.
3063 3317 3297 3374 Cortina
3333 3326 3355 3374 1
3407 3335 3575 3389 quam

1930 3395 2093 3450 dedit
2133 3397 2443 3454 Teubodus
2474 3413 2604 3455 cum
2638 3402 2881 3456 mantili.
2943 3402 3102 3460 Albae
3145 3411 3175 3459 5
3224 3421 3366 3475 quas
3415 3410 3577 3479 ﬂugo

1930 3485 2248 3541 monachus
2276 3485 2347 3541 de
2378 3486 2673 3544 Belloloco
2699 3491 2954 3546 moriens
2984 3492 3119 3547 mihi
3147 3494 3303 3549 misit
3326 3510 3455 3551 cum
3484 3513 3576 3553 ca-

1929 3570 2037 3627 lice
2069 3578 2369 3644 argenteo,
2405 3576 2503 3644 qui
2544 3581 2636 3631 est
2687 3579 2838 3649 apud
2882 3580 3318 3637 Bellumlocum.
3355 3584 3576 3643 Calices

1924 3664 1977 3731 2,
2014 3676 2162 3717 unus
2195 3662 2249 3717 in
2290 3666 2415 3717 toto
2458 3664 2797 3736 deauratus,
2840 3682 2987 3737 quos
3022 3669 3209 3725 Wallo
3264 3672 3577 3731 monachus

1926 3750 1996 3805 de
2028 3751 2178 3806 Roca
2214 3750 2370 3821 fecit,
2405 3766 2532 3808 cum
2576 3767 2760 3825 cappa
2801 3758 2826 3810 1
2873 3755 2943 3811 de
2982 3756 3160 3827 pallio
3188 3764 3245 3814 et
3275 3760 3474 3816 casula
3515 3767 3573 3817 et

1925 3837 2092 3895 stolis
2119 3842 2152 3892 2
2180 3844 2240 3893 et
2276 3838 2428 3896 albis
2457 3844 2489 3896 4
2521 3840 2681 3898 Albae
2713 3847 2747 3897 2
2787 3858 2933 3914 quas
2984 3845 3123 3901 fecit
3170 3848 3463 3917 Gyrardus
3505 3849 3574 3904 de

1925 3926 2183 3983 Colticis.
2220 3927 2365 3983 Alba
2400 3932 2423 3985 1
2460 3929 2515 3984 in
2544 3930 2767 4000 capella
2792 3937 3017 4003 nostra,
3045 3949 3213 4003 quam
3240 3936 3375 3990 mihi
3411 3937 3571 3992 dedit

1925 4016 2079 4071 Bovo
2113 4015 2184 4071 de
2220 4016 2346 4085 Bar,
2381 4016 2631 4074 Baldrici
2674 4018 2827 4076 filius
2868 4036 3044 4091 super
3086 4022 3309 4093 Albam,
3345 4025 3574 4095 quando

1924 4108 2121 4159 noster
2162 4103 2350 4159 factus
2395 4110 2505 4159 est.
2561 4105 2971 4177 Supersedium
3025 4114 3074 4164 1.
3112 4110 3346 4166 Redemi
3396 4113 3572 4168 etiam

1925 4190 2223 4264 palliolum
2249 4207 2423 4249 unum
2456 4196 2524 4248 30
2553 4193 2753 4250 solidis
2781 4200 2841 4251 et
2871 4196 2941 4251 de
2965 4211 3034 4252 eo
3055 4197 3290 4253 limbum
3315 4199 3368 4253 in
3394 4199 3570 4270 pallio

1926 4295 2040 4353 quo
2070 4296 2287 4351 corpus
2318 4281 2506 4336 sancti
2548 4281 2797 4351 Prejecti
2842 4283 3167 4341 involutum
3212 4286 3316 4343 fuit
3357 4290 3461 4343 300
3510 4292 3568 4343 et

1924 4384 1994 4426 eo
2025 4369 2273 4441 amplius
2302 4369 2489 4439 annis,
2516 4370 2643 4426 feci.

1842 4453 1898 4516 D
2000 4458 2217 4515 Bovoni
2249 4458 2532 4530 praedicto
2564 4458 2635 4515 de
2659 4460 2788 4531 Bar,
2812 4476 2950 4517 cum
2983 4462 3137 4533 apud
3177 4463 3569 4521 Flaviniacum

1930 4547 2258 4618 requireret
2291 4562 2321 4602 a
2355 4561 2444 4602 me
2476 4548 2687 4604 fcedum
2721 4564 2910 4619 suum,
2942 4551 3076 4621 quia
3110 4552 3352 4609 haberet
3394 4553 3568 4609 filiam

1929 4635 2209 4705 Folcuini,
2227 4635 2298 4692 de
2312 4648 2517 4692 sorore
2538 4636 2768 4693 abbatis
2793 4636 3031 4709 Odonis,
3059 4640 3154 4710 qui
3181 4641 3329 4697 idem
3352 4642 3570 4697 fecerat

1930 4728 2349 4794 casamentum,
2384 4722 2443 4780 id
2473 4730 2567 4780 est
2606 4725 3027 4784 salvamentum
3064 4728 3358 4784 hominum
3382 4728 3568 4785 sancti

1929 4814 2110 4884 Petri,
2146 4813 2242 4883 qui
2276 4816 2413 4870 sunt
2436 4812 2493 4869 in
2523 4818 2719 4871 castro
2758 4814 3036 4871 illovelin
3069 4816 3299 4872 villisin
3316 4816 3568 4872 circuitu

1930 4901 2136 4963 castri.
2171 4901 2329 4958 nolui
2361 4901 2413 4958 ei
2447 4901 2516 4957 ad
2557 4902 2791 4973 plenum
2831 4903 3096 4973 reddere,
3143 4904 3275 4974 quia
3313 4904 3567 4973 legeram

1931 4995 2153 5047 cartam
2169 4992 2440 5060 quantam
2466 4988 2676 5045 factam
2695 4989 3028 5046 hominibus
3041 4990 3221 5046 castri
3260 4989 3565 5061 Blesensis,

1934 5078 2031 5151 qui
2051 5082 2188 5135 sunt
2216 5077 2402 5135 sancti
2421 5077 2603 5145 Petri,
2633 5081 2690 5133 et
2724 5078 2968 5136 verebar
2997 5091 3067 5134 ne
3083 5077 3235 5135 idem
3257 5082 3567 5136 essentaut

1933 5169 2005 5225 de
2036 5167 2273 5224 eisdem.
2308 5169 2515 5223 Tamen
2559 5181 2691 5223 cum
2723 5166 2888 5224 multi
2922 5169 3109 5224 testes
3156 5168 3566 5241 accessissent,

1936 5258 2092 5330 quod
2126 5256 2437 5314 Folcuinus
2477 5256 2626 5313 idem
2670 5256 3087 5314 salvamentum
3124 5255 3450 5331 habuisset,
3487 5256 3568 5315 ita

1759 5433 1984 5494 ΝΟΤᾸΞ.

234 5556 385 5629 (212)
430 5552 814 5626 λςόἠαᾶιμθῑά.

486 5651 750 5721 ΡΑτιπιοι.
783 5649 997 5715 CLIV.
