3950 6048
357 294 476 358 363

1317 284 1684 353 HUGONIS
1726 278 2078 349 ABBATIS
2120 280 2803 350 FLAVINIACENSIS

3643 264 3757 351 364'

359 426 644 498 concessi,
682 434 742 484 ut
776 426 822 484 si
846 441 953 497 ego
987 440 1087 499 per
1117 432 1375 495 nostros,
1402 424 1581 480 misso
1612 420 1823 478 nuncio
1854 425 1912 474 et
1949 433 2010 474 re
2039 418 2094 476 A
2126 417 2180 473 in
2230 422 2260 473 3
2290 419 2472 489 annis,
2505 425 2539 476 2
2578 420 2876 478 mensibus
2920 422 3129 488 minus,
3181 422 3349 477 solidi
3404 423 3517 477 duo
3578 421 3757 491 milia,

360 518 687 589 explorata,
714 522 812 573 aut
849 516 959 587 ipsi
994 515 1259 571 homines
1293 528 1396 586 per
1441 528 1503 568 se
1555 512 1713 583 ipsos
1762 509 2011 580 probare

363 606 695 677 potuissent
728 604 883 675 quod
915 618 1224 674 rumquam
1258 602 1499 657 fuissent
1534 600 1587 654 in
1628 597 2007 666 salvamento,

365 694 541 750 nichil
572 694 624 749 ei
658 694 885 761 dabam,
923 692 1055 762 quia
1090 691 1271 760 magis
1304 689 1829 767 :ecclesiamquam
1880 699 2011 742 eum

363 783 690 852 diligerem.
729 782 826 836 Sin
859 781 1050 849 aliter,
1086 780 1329 835 haberet
1360 777 1511 847 quod
1544 776 1631 831 sui
1658 774 1809 844 juris
1832 777 2007 830 esset.

363 873 432 927 Et
458 872 536 927 ita
570 874 773 925 noster
808 870 996 924 factus
1026 872 1136 937 est,
1181 869 1608 923 sacramentum
1656 869 1846 918 tamen
1898 877 2011 917 non

364 959 561 1029 accepi
595 973 660 1013 ea
696 973 799 1029 pro
821 972 1016 1012 causa.
1052 958 1256 1011 Actum
1290 954 1620 1009 Flaviniaco
1642 952 1695 1007 in
1727 951 2007 1007 claustro.

364 1049 563 1103 Testes
592 1066 604 1100 :
634 1044 926 1101 Gerardus
960 1043 1141 1115 prior,
1169 1042 1491 1111 Achadeus,
1520 1039 1874 1095 llelinandus
1896 1054 2014 1094 mo-

364 1135 569 1200 nachi;
616 1133 761 1203 layci
790 1153 800 1186 :
836 1134 997 1202 llugo
1038 1131 1405 1203 przepositus,
1433 1127 1786 1199 Raynaldns,
1811 1132 1866 1182 ct
1894 1141 2013 1183 ser-

362 1223 608 1290 vientes,
629 1220 957 1291 Raynaldus
974 1219 1454 1291 ﬁliuspraepositi,
1473 1216 1776 1273 Gislerius.
1806 1217 1891 1271 Ab
1904 1216 2010 1270 hoc

363 1315 702 1365 casamento
730 1309 864 1365 illos
891 1310 961 1365 de
989 1308 1197 1364 Arvico
1219 1306 1508 1375 subtraxi,
1539 1306 1609 1360 de
1640 1306 1850 1375 quibus
1881 1318 2013 1359 cen-

362 1413 488 1454 sum
540 1398 843 1467 habebam,
883 1412 1089 1452 cascos
1134 1394 1383 1463 scilicet,
1440 1393 1636 1448 ctillos
1667 1392 1877 1462 quibus
1903 1391 2011 1446 fuit

364 1491 526 1542 carta
563 1487 966 1541 facta.0mnes
1004 1499 1255 1555 quoque,
1290 1484 1339 1538 si
1372 1483 1623 1553 probare
1656 1480 2005 1551 potuissent,

366 1578 427 1629 ut
459 1574 600 1630 dixi.
637 1574 798 1639 Quod
834 1575 1021 1644 etipse
1052 1572 1327 1628 laudavit.

434 1663 533 1717 His
563 1662 793 1717 interim
829 1662 1061 1717 omissis
1086 1661 1386 1730 superiora
1413 1664 1766 1730 repetamus.
1794 1658 1913 1711 Non
1932 1661 2012 1709 ta-

2123 508 2386 579 exceptis
2417 508 2569 578 quod
2601 510 2798 565 datum
2840 517 2900 565 et
2932 511 2987 566 in
3020 526 3165 582 pane
3196 515 3257 565 et
3286 512 3418 566 vino
3448 517 3506 565 et
3539 512 3763 567 vestitu

2126 596 2456 665 fratrum,in
2484 599 2895 668 procuratione
2918 599 3297 670 hospitum,in
3321 599 3505 655 bobus
3523 605 3582 654 et
3597 599 3767 670 equis

2122 689 2180 738 et
2210 683 2398 740 vineis
2426 685 2569 740 etin
2599 686 2750 741 omni
2790 692 2995 742 nostro
3036 692 3321 758 apparatu
3360 690 3420 741 et
3461 687 3762 757 expensis.

2199 774 2283 828 Ab
2325 773 2729 830 incarnatione
2760 776 3004 841 Domini,
3048 780 3201 830 1099.
3231 775 3453 830 Abhinc
3497 773 3771 846 multipli-

2122 865 2250 916 cata
2283 866 2418 917 sunt
2449 862 2594 917 mala
2628 863 2684 917 in
2732 868 2889 918 terra
2942 867 3162 929 nostra,
3213 863 3309 918 sed
3347 863 3452 919 hec
3504 863 3761 919 interim.

2194 951 2272 1003 Eo
2305 964 2475 1020 anno,
2508 951 2688 1022 prima
2729 950 2867 1007 hora
2920 951 3129 1015 noctis,
3184 966 3212 1005 a
3260 957 3424 1021 parte
3474 950 3767 1021 aquilonis

2124 1036 2221 1091 lux
2244 1038 2449 1107 ingens
2473 1039 2637 1109 quasi
2665 1039 2816 1109 ignis
2838 1040 3100 1094 ardentis
3123 1038 3357 1108 emissa,
3377 1054 3560 1109 usque
3581 1053 3766 1109 prope

2123 1124 2466 1197 diluculum,
2500 1132 2731 1182 noctem
2768 1142 2947 1198 prope
2977 1126 3269 1182 convertit
3307 1128 3361 1182 in
3411 1127 3584 1182 diem.
3638 1128 3763 1194 Quo

2122 1213 2295 1268 etiam
2330 1229 2479 1271 anno
2520 1215 2744 1287 hiemps
2784 1216 2960 1272 solito
2995 1215 3254 1286 asperior
3295 1222 3429 1271 octo
3470 1216 3770 1272 continuis

2121 1301 2547 1359 ebdomadibus
2580 1304 2889 1372 inhorruit,
2927 1304 3003 1359 ita
3034 1310 3098 1359 ut
3125 1304 3364 1365 bestias.
3396 1318 3551 1372 aves,
3588 1304 3773 1359 homi-

2122 1404 2227 1445 nes
2285 1406 2514 1462 qnoque
2562 1391 2873 1462 plerosque
2925 1392 3013 1446 vis
3064 1392 3284 1457 algoris
3333 1392 3618 1447 existeret
3676 1391 3766 1448 ⁴²⁸.

2122 1480 2376 1535 Fuerunt
2410 1480 2506 1549 qui
2541 1480 2825 1549 dicerent,
2865 1480 3054 1535 lucem
3089 1480 3245 1535 illam
3261 1480 3452 1535 datam
3485 1496 3515 1535 a
3550 1482 3669 1536 Deo
3713 1481 3771 1536 in

2122 1581 2321 1622 necem
2370 1571 2426 1620 et
2471 1568 2852 1636 dejectionem
2906 1570 3379 1637 Sarracenorum,
3428 1569 3652 1624 ferente
3702 1584 3774 1624 eo

2123 1654 2477 1723 adjutorinm
2507 1662 2564 1710 et
2598 1657 2751 1711 vires
2798 1658 3095 1727 prarbente
3121 1655 3654 1712 Jherosolimitanis
3698 1658 3772 1712 ad

365 1766 494 1807 men
527 1752 1048 1821 praetermittamus
1083 1750 1347 1805 feminam
1384 1748 1560 1817 illam,
1596 1761 1764 1817 quam
1794 1745 2012 1800 Deoda-
2042 1774 2094 1831 Β
2125 1744 2497 1799 sternendam
2521 1748 2579 1797 et
2602 1744 2832 1800 omnino
2857 1744 3307 1800 consumendam
3336 1744 3773 1801 multitudinem

364 1845 461 1896 tus
493 1841 732 1894 tenebat
768 1840 839 1895 de
871 1840 1095 1909 Noeirs,
1141 1854 1267 1908 quae
1314 1842 1511 1893 nostra
1554 1840 1702 1903 erat,
1743 1840 1799 1888 et
1846 1839 2012 1904 pater

363 1927 655 1997 dimidius,
716 1943 962 1998 quorum
1023 1934 1189 1982 erant
1220 1932 1254 1981 6
1288 1926 1410 1991 lilii,
1446 1941 1593 1994 quos
1635 1924 1711 1977 ita
1743 1938 1873 1978 cum
1917 1923 2014 1977 ab-

369 2016 502 2071 bate
549 2017 735 2072 sancti
790 2014 1001 2070 Valerii
1056 2016 1293 2083 Hugone
1345 2012 1709 2084 partivimus,
1758 2010 1810 2064 in
1848 2015 2013 2081 parte

369 2104 631 2159 matris3
665 2103 837 2173 filios,
894 2104 949 2158 in
998 2104 1185 2173 patris
1238 2117 1375 2157 vero
1425 2116 1597 2156 unum
1649 2104 1706 2155 et
1765 2098 2013 2154 alterum

367 2192 690 2262 dimidium,
716 2196 775 2247 et
794 2206 1032 2247 censum
1055 2191 1267 2261 capitis
1292 2189 1427 2244 mihi
1454 2190 1699 2261 primum
1722 2187 1874 2242 misit
1904 2202 2016 2241 ma-

366 2285 476 2336 ter.
509 2283 737 2336 Partem
776 2280 1027 2335 etiamin
1075 2279 1424 2348 Berengerio
1456 2283 1512 2332 et
1566 2276 1849 2331 fratribus
1867 2274 2012 2344 ejus,

368 2384 537 2440 quam
597 2369 859 2439 acceptis
928 2372 996 2424 10
1058 2366 1263 2423 solidis
1291 2364 1608 2421 Rainaldus
1657 2363 1729 2418 de
1779 2361 2015 2434 Colpeio

369 2457 536 2514 nobis
552 2456 771 2513 dimisit

441 2546 624 2615 Igitur
655 2560 895 2600 reverso
925 2560 957 2600 a
988 2545 1167 2600 Roma
1198 2544 1497 2613 episeopo,
1523 2540 1752 2597 occurri
1776 2539 1828 2595 ei
1862 2537 2014 2609 apud

370 2632 729 2701 Sedelocum,
764 2637 819 2687 et
853 2633 1101 2700 benigne
1146 2634 1478 2701 susceptus,
1530 2629 1734 2683 osculo
1765 2627 2015 2681 donatus

370 2736 497 2777 sum
528 2726 588 2775 et
618 2720 845 2789 gratiis.
884 2719 1080 2774 Altera
1113 2719 1239 2774 vice
1272 2719 1343 2773 ab
1375 2732 1445 2773 eo
1477 2716 1689 2772 ibidem
1714 2718 2012 2784 evocatus,

379 2814 512 2879 post
536 2808 750 2863 multas
770 2806 1016 2875 injurias
1042 2807 1207 2861 finem
1234 2807 1304 2861 de
1336 2805 1605 2860 omnibus
1630 2819 1736 2875 pro
1764 2807 1828 2859 10
1849 2802 2017 2858 libris

374 2894 503 2951 feci.
541 2893 803 2961 Quesivit
836 2895 1029 2950 iturus
1060 2894 1127 2949 ad
1164 2907 1380 2962 regem,
1409 2896 1470 2949 ut
1506 2892 1713 2947 mulam
1738 2892 1847 2947 sibi
1874 2906 2016 2962 prte-

374 2986 613 3038 starem.
642 2983 781 3051 Ego,
816 2982 913 3051 qui
943 2981 1069 3050 ejus
1102 2996 1355 3036 amorem
1399 2981 1690 3049 sitiebam,
1741 2995 1909 3050 quem
1955 2984 2012 3035 et

372 3071 625 3126 sciebam
670 3070 959 3126 diﬂlcilem
996 3070 1065 3124 in‘
1094 3069 1475 3140 adquirendo,
1529 3069 1713 3140 optuli
1766 3068 1818 3124 ei
1866 3069 2016 3140 opti-

374 3173 520 3214 mam
554 3158 788 3227 mulam,
825 3173 994 3228 quam
1026 3172 1192 3213 manu
1230 3158 1298 3213 ad
1351 3172 1578 3213 manum
1611 3172 1862 3213 emeram
1913 3156 2015 3213 150

372 3246 579 3303 solidis
611 3252 671 3302 et
703 3246 834 3301 dedi
866 3247 938 3301 ei.
978 3248 1048 3300 Et
1084 3246 1167 3301 sic
1198 3246 1439 3301 veniens
1468 3246 1539 3301 ad
1582 3250 1789 3301 festum
1827 3245 2013 3300 sancti

373 3334 619 3405 Nazarii,
659 3335 901 3389 honeste
950 3334 1002 3388 ei
1052 3333 1283 3403 servivi,
1337 3339 1395 3388 ct
1444 3340 1648 3402 gratus
1694 3333 1856 3389 redii.
1903 3334 2015 3388 Pro

375 3421 590 3493 placito
622 3426 681 3476 et
704 3421 815 3477 tlne
849 3421 949 3476 illo
989 3421 1280 3491 Stephano
1312 3421 1470 3477 dedit
1505 3426 1575 3477 20
1620 3420 1861 3491 solidos,
1904 3424 2014 3477 llu-

374 3509 547 3565 baldo
568 3514 655 3577 20,
677 3509 904 3577 Hugoni
926 3508 1168 3579 Spiriac.
1196 3513 1281 3579 40,
1307 3509 1587 3565 Rainaldo
1629 3511 1716 3579 40,
1741 3510 2013 3565 Teubodo

373 3600 458 3668 10,
496 3598 718 3667 Hugoni
752 3597 944 3652 Misem
980 3603 1030 3667 5,
1069 3598 1317 3654 Gosleno
1357 3604 1441 3654 10.

445 3688 557 3742 Pro
576 3702 726 3755 equo
745 3685 987 3755 Gyrardi
1016 3687 1278 3742 monachi
1306 3686 1436 3744 dedi
1462 3703 1568 3759 pro
1591 3688 2013 3760 compositione

374 3774 566 3831 Miloni
595 3772 945 3829 constabulo
986 3780 1053 3829 10
1085 3773 1320 3830 solidos.

442 3865 564 3917 Jam
600 3876 781 3933 prope
819 3861 1041 3918 oblitus
1072 3876 1229 3918 eram
1260 3862 1416 3933 quod
1448 3863 1675 3920 furnum
1729 3863 1881 3919 villae
1922 3879 2014 3921 ca-

377 3949 769 4005 lumniabatur
801 3948 1032 4019 quidam
1065 3948 1444 4006 Erembertus
1474 3949 1922 4022 deMassiviaco,
1956 3956 2015 4008 et

376 4038 745 4110 praebendam
777 4042 835 4092 et
865 4052 1129 4108 campum
1160 4038 1347 4093 sancti
1380 4038 1709 4107 Clementis,
1744 4039 1877 4108 quia
1909 4055 2012 4110 pro

374 4128 465 4183 his
493 4127 595 4181 300
618 4126 842 4182 solidos
875 4125 1116 4181 dederat
1148 4131 1317 4197 pater
1365 4142 1505 4182 suns
1557 4128 1740 4182 Odoni
1791 4128 2009 4199 abbati,

368 4219 613 4285 excepto
628 4212 781 4284 quod
797 4211 1168 4283 praebendam
1195 4228 1297 4284 pro
1333 4215 1637 4283 sepultura
1666 4228 1769 4269 sua
1804 4214 2017 4269 donas-

375 4308 486 4359 set.
522 4301 683 4357 Unde
712 4316 842 4356 cum
873 4315 962 4355 me
993 4300 1192 4357 multis
1221 4301 1453 4371 placitis
1482 4307 1810 4371 gravasset,
1842 4307 1898 4356 et
1938 4303 2013 4357 ob

372 4403 683 4459 gravamen
720 4389 888 4444 homo
932 4388 1098 4444 ducis
1129 4392 1185 4443 et
1239 4389 1539 4459 prazpositi
1589 4390 2014 4446 Sinemurensis

2128 1831 2408 1903 principis
2448 1832 2781 1897 Babilonim,
2838 1834 2933 1903 qui
2975 1838 3215 1889 venerat
3261 1833 3327 1888 ad
3383 1834 3778 1903 proterendos

2124 1935 2226 1975 eos
2260 1920 2356 1990 qui
2391 1920 2824 1976 "ierosolimam
2864 1927 3163 1993 ceperant,
3201 1936 3444 1991 quorum
3495 1937 3780 1980 numerus

2125 2014 2249 2087 erat
2294 2012 2357 2063 ut
2381 2023 2549 2063 arena
2589 2009 2785 2077 maris,
2820 2017 2877 2063 et
2910 2011 2983 2065 ob
3033 2010 3087 2065 id
3126 2008 3312 2065 lucem
3355 2009 3639 2065 divinitus
3690 2011 3779 2066 di-

2127 2101 2367 2166 rectam,
2422 2112 2491 2152 ne
2541 2097 2892 2167 christianis,
2948 2100 3043 2169 qui
3091 2114 3161 2154 eo
3212 2098 3304 2154 die
3349 2098 3782 2169 przeliabantur

2130 2184 2326 2254 prmlia
2352 2185 2590 2247 Domini.
2627 2186 2800 2241 etiam
2836 2187 2889 2242 in
2924 2192 3096 2243 nocte
3127 2186 3227 2243 lux
3258 2187 3483 2243 deesset
3525 2185 3597 2242 ad
3638 2202 3781 2243 con-

2126 2272 2422 2328 tritionem
2445 2274 2638 2342 gentis
2672 2275 2952 2330 adversse.
2985 2277 3187 2330 Utrum
3222 2275 3299 2330 ita
3322 2275 3417 2345 sit,
3452 2290 3520 2330 an
3569 2277 3781 2346 igneus

2126 2360 2225 2415 illc
2285 2361 2562 2431 Splendor
2614 2362 2710 2433 qui
2768 2364 3058 2434 apparuit,
3094 2367 3150 2419 et
3201 2364 3383 2433 igneie
3443 2363 3557 2420 illae
3618 2366 3783 2421 acies

2129 2448 2535 2519 portender'nt
2574 2450 2913 2506 effusionem
2980 2452 3213 2507 humani
3281 2452 3599 2523 sanguinis,
3639 2468 3783 2522 quze

2126 2552 2195 2591 eo
2226 2536 2319 2592 die
2359 2543 2419 2592 et
2451 2539 2719 2609 sequenti
2755 2540 2898 2595 facta
2930 2546 3039 2608 est,
3075 2540 3225 2595 sicut
3265 2539 3510 2609 legimus
3560 2541 3785 2597 factum

2125 2639 2255 2679 cum
2290 2625 2613 2695 immineret
2640 2626 2853 2682 bellum
2886 2626 3027 2683 illud
3055 2626 3413 2683 lacrimabile
3437 2629 3590 2683 inter
3628 2628 3786 2686 filios

2129 2712 2397 2768 Ludovici
2449 2714 2532 2769 Pii
2598 2714 3011 2786 imperatoris;
3085 2731 3152 2771 an
3213 2716 3504 2771 immineat
3569 2715 3777 2788 aliqua

2126 2801 2340 2856 mundo
2374 2802 2699 2872 tribulatio,
2743 2809 2805 2858 ut
2838 2803 3052 2873 legitur
3093 2806 3305 2859 factum
3338 2819 3467 2860 cum
3498 2819 3567 2861 eo
3624 2820 3782 2862 anno

2127 2903 2241 2958 quo
2279 2889 2607 2946 Ludovicus
2654 2906 2754 2946 rex
2785 2907 2812 2946 a
2846 2893 3105 2961 Hugonis
3136 2892 3317 2961 Magni
3362 2894 3785 2964 procuratione

2126 2982 2438 3047 separatus
2467 2982 2578 3049 est,
2613 2979 2844 3049 quando
2875 2979 3024 3035 idem
3060 2980 3287 3050 signum
3318 2982 3607 3053 apparuit,
3644 2997 3789 3053 por-

2127 3065 2372 3121 tendens
2404 3068 2806 3136 Hungarornm
2841 3072 3079 3138 pestem,
3115 3084 3243 3138 quae
3286 3083 3417 3123 mox
3445 3070 3664 3124 acriter
3688 3071 3778 3126 in-

2126 3152 2326 3222 valuit,
2365 3154 2618 3209 viderint
2650 3169 2895 3225 quorum
2929 3157 3057 3227 opis
3086 3155 3153 3188 ⁶²⁹
3182 3160 3272 3212 est
3307 3157 3362 3211 id
3407 3158 3661 3227 experiri
3714 3164 3780 3213 et

2123 3254 2498 3309 cognoscere.
2543 3243 2677 3298 Visa
2720 3249 2810 3298 est
2843 3249 3034 3299 autem
3082 3243 3181 3300 lux
3226 3244 3283 3299 in
3331 3249 3496 3315 parte
3553 3245 3784 3315 aquilo-

2124 3329 2248 3383 nari
2316 3343 2520 3386 versus
2570 3330 2715 3387 solis
2759 3348 3051 3402 occasum,
3100 3337 3157 3388 et
3219 3337 3391 3388 nocte
3441 3332 3785 3391 declinante

2124 3417 2494 3488 respiciendo
2536 3419 2947 3489 porrigebatur
2995 3422 3047 3475 in
3080 3426 3294 3492 ortum,
3339 3421 3439 3476 sed
3474 3421 3785 3478 anteluca-

2123 3520 2256 3561 num
2292 3507 2649 3577 aliquantum
2666 3508 2915 3564 delituit.

2195 3596 2309 3653 Hoc
2342 3611 2491 3653 anno
2514 3597 2663 3652 obiit
2694 3597 2961 3654 Urbanus
3005 3613 3171 3670 papa,
3205 3598 3502 3654 Paschalis
3543 3615 3786 3657 succes-

2122 3686 2217 3742 sit.
2272 3685 2427 3741 Obiit
2478 3685 2722 3741 domnus
2752 3685 3035 3742 Bodulfus
3076 3687 3258 3742 abbas
3307 3687 3695 3744 Virdunensis
3751 3695 3785 3744 5

2123 3773 2244 3830 Kal.
2292 3774 2510 3845 Aprilis
2543 3774 2674 3843 (Jul.
2708 3776 2819 3845 29),
2862 3780 2919 3830 et
2949 3777 3111 3845 [iugo
3142 3775 3323 3831 abbas
3371 3777 3656 3833 Eduensis
3684 3777 3780 3836 ⁸³⁰.

2160 3860 2300 3933 (Fol.
2321 3866 2415 3918 141
2432 3865 2471 3933 .)
2487 3863 2696 3918 Verum
2715 3863 3110 3919 consideranti
3128 3864 3260 3919 mihi
3280 3864 3780 3935 dispensationem

2124 3950 2481 4007 admirandae
2497 3953 2554 4006 et
2581 3950 2893 4007 ineﬂ‘abilis
2920 3952 3217 4022 patientiae
3232 3955 3350 4008 tuze
3374 3958 3429 4008 et
3449 3955 3782 4011 misericor-

2124 4038 2255 4109 diae,
2292 4038 2461 4108 cujus
2486 4054 2595 4094 non
2625 4044 2717 4095 est
2750 4055 3027 4097 numerus
3073 4042 3128 4095 in
3169 4056 3275 4109 me,
3312 4041 3455 4098 libet
3496 4042 3780 4101 inherere

2122 4128 2579 4185 considerationi
2622 4128 3177 4198 miserationistuaa,
3208 4145 3554 4201 quamquam
3595 4146 3783 4204 super

2126 4232 2213 4273 me
2267 4216 2380 4273 sint
2429 4217 2572 4287 hmo,
2620 4217 2885 4272 Christe:
2920 4219 3209 4287 quomodo
3240 4225 3470 4290 raptum
3508 4221 3580 4275 ab
3604 4222 3785 4277 uber-

2126 4306 2257 4361 ibus
2270 4304 2471 4361 ditasti
2491 4304 2658 4361 donis
2673 4305 3245 4376 superhabundantis
3263 4308 3784 4378 pietatistuaa,tra-

2126 4393 2271 4449 deus
2300 4408 2387 4448 me
2420 4393 2805 4449 contubernio
2844 4409 3142 4450 servorum
3177 4394 3430 4463 tuorum,
3450 4401 3510 4451 et
3538 4396 3782 4467 replens

377 4478 565 4532 factus
607 4481 782 4543 esset,
817 4480 873 4530 et
926 4480 1116 4531 testes
1165 4477 1447 4546 quosdam
1490 4494 1520 4531 c
1562 4463 1864 4547 fratribus,
1916 4478 2011 4548 qui
2044 4471 2097 4530 D
2127 4472 2312 4543 gratia
2343 4476 2403 4527 te
2434 4471 2840 4542 diligentium;
2876 4474 3164 4543 quomodo
3206 4476 3278 4531 ab
3308 4475 3545 4531 ineunte
3572 4463 3777 4548 aetate,

292 4616 303 4625 .
374 4565 486 4621 hoc
519 4563 807 4633 viderant,
839 4563 1238 4634 produxisset,
1269 4565 1355 4620 eis
1381 4565 1619 4632 omnino
1647 4565 1729 4620 illi
1752 4566 2015 4621 deficien-

376 4653 551 4723 tibus,
580 4651 862 4722 judicium
903 4652 1232 4723 habuimus,
1284 4652 1439 4723 quod
1490 4668 1688 4724 pacem
1739 4654 1908 4710 nobis
1958 4655 2012 4709 in

375 4745 677 4814 posterum
709 4740 983 4797 contulit.

444 4829 527 4885 Ibi
562 4828 911 4901 praepositus
941 4828 1365 4887 Sinemurensis
1386 4843 1645 4886 mansum
1674 4832 1694 4886 1
1734 4831 2011 4887 vestitum

374 4917 430 4973 in
458 4916 795 4973 Massiniaco
824 4920 1028 4972 nostro
1060 4922 1264 4973 sancto
1296 4917 1472 4971 Petro
1500 4922 1557 4972 et
1587 4921 1791 4973 sancto
1819 4918 2012 4988 Preje-

373 5008 471 5059 cto
502 5002 659 5059 dedit
686 5020 792 5075 pro
824 5018 1021 5061 amore
1054 5009 1274 5075 nostro,
1295 5005 1557 5075 quietum
1588 5006 1661 5061 ab
1696 5006 1847 5061 omni
1880 5020 2012 5061 exa-

374 5091 588 5162 ctione,
639 5092 736 5162 qui
794 5093 964 5149 nobis
1029 5094 1205 5149 debet
1265 5107 1466 5149 omnes
1526 5094 2002 5151 consuetudines.

376 5181 579 5235 Actum
621 5178 970 5237 Flaviniaco.

448 5266 590 5323 Sunt
625 5266 680 5322 in
719 5282 938 5324 summa
986 5283 1113 5340 quae
1151 5268 1284 5325 dedi
1328 5268 1384 5324 in
1424 5269 1685 5340 proﬁcuo
1721 5269 2007 5327 :ecclesiae

2126 4568 2255 4610 cum
2284 4552 2399 4622 jam
2433 4551 2574 4607 irem
2606 4566 2712 4622 per
2730 4551 2895 4608 (levia
2911 4559 2969 4607 et
2989 4552 3305 4624 lubrica,et
3335 4570 3598 4626 praeceps
3628 4571 3780 4627 pre-

2123 4633 2418 4704 cipitatem
2462 4635 2693 4686 aetatem
2732 4645 3030 4702 sequerer,
3081 4633 3473 4689 confessionis
3505 4634 3780 4693 antidoto

2123 4728 2226 4769 cor
2258 4710 2542 4767 lubricum
2577 4711 2862 4767 medendo
2891 4712 3184 4783 respirare
3206 4713 3457 4782 sinebas,
3476 4717 3533 4770 et
3554 4714 3781 4783 fugien-

2121 4797 2238 4849 tem
2272 4796 2329 4846 te
2363 4789 2609 4860 quadam
2649 4789 2855 4846 blanda
2887 4790 3182 4860 inopinata
3217 4806 3321 4848 nec
3360 4792 3596 4863 cognita
3633 4793 3779 4849 mihi

2122 4871 2442 4927 revocabas
2474 4868 2824 4937 dulcedine;
2860 4884 3088 4939 quoque
3122 4871 3310 4942 modo,
3349 4871 3445 4927 ubi
3474 4871 3599 4942 jugi
3637 4886 3782 4929 con-

2122 4951 2395 5007 fessionis
2409 4947 2664 5005 remedio
2686 4948 3108 5019 aliquantulum
3126 4955 3351 5008 tractus
3368 4950 3545 5007 didici
3579 4949 3782 5008 illece-

2122 5032 2290 5087 brosa
2316 5044 2543 5099 cavere,
2578 5043 2921 5101 quamquam
2946 5030 3198 5087 nondum
3232 5032 3463 5087 tederet
3479 5046 3567 5087 me
3594 5031 3670 5087 ad
3699 5033 3781 5089 in.

2118 5115 2346 5180 tegrum
2363 5110 2773 5181 perversitatis
2798 5125 2960 5181 mese,
2978 5111 3056 5167 ita
3074 5114 3135 5167 ut
3148 5126 3359 5168 seirem
3375 5111 3688 5171 intellectu
3714 5119 3776 5171 et

2118 5204 2315 5263 opere,
2356 5190 2507 5260 quod
2534 5189 2742 5261 perdis
2788 5204 2982 5248 omnes
3021 5193 3129 5264 qui
3152 5191 3549 5263 fomicanhor
3576 5192 3690 5252 ab:
3721 5195 3780 5251 te

2118 5270 2312 5341 (Ρδαι.
2346 5285 2514 5339 Lxxn,
2548 5273 2663 5340 27),
2682 5275 2967 5327 remotum
2997 5276 3057 5327 et
3083 5277 3501 5343 segregatuma
3528 5287 3779 5332 consor-

1727 5385 1965 5467 VARIA‘;
2002 5385 2401 5441 LECTIONES.

440 5483 511 5521 ⁴²⁸
535 5485 629 5544 ita
652 5485 836 5563 carica;
851 5486 1013 5560 ,οιεμσ
1024 5486 1415 5560 extingueret.
1491 5488 1561 5525 ⁴²⁹
1590 5490 1683 5550 ita
1697 5503 1745 5549 c.
1762 5490 1963 5563 operis
1986 5495 2010 5548 ?

372 5559 675 5619 literarum
713 5558 779 5615 Α.
810 5555 881 5615 in
910 5555 1103 5630 marg.
1145 5555 1194 5618 σέ

2190 5491 2437 5550 ηονθτιθ
2451 5494 2499 5550 II
2515 5491 2650 5551 folia
2667 5497 2726 5550 et
2742 5491 2868 5565 lege
2887 5494 3205 5553 secundum
3220 5493 3773 5557 determinationem
