3950 6048
138 328 257 398 365

1402 324 1900 396 CHRONICON.
1932 367 2014 379 --
2038 327 2194 394 LIB.
2239 326 2315 394 II.

3430 330 3555 395 366

140 471 223 527 tio
253 468 461 528 eorum
487 483 730 540 quorum
771 468 827 523 in
852 466 1042 523 medio
1071 465 1423 537 coalueram,
1450 467 1520 523 ad
1565 470 1798 524 exteras
1824 466 1882 527 A
1911 471 2120 537 matus,
2149 466 2221 523 de
2252 480 2362 536 qua
2396 465 2699 523 suscitasti
2732 479 2840 536 me,
2867 464 3026 538 juste
3077 479 3271 522 rerum
3303 466 3543 536 arbiter,

144 566 340 616 terras
354 558 645 615 nolentem
659 561 717 613 et
735 560 1155 628 repugnantem
1180 554 1420 626 etquasi
1438 555 1797 612 nescientem

142 649 253 705 edu
266 647 411 703 xisti
430 665 444 712 ;
460 646 558 702 ubi
584 646 835 717 positum
855 643 1259 700 benedictione
1278 643 1574 715 insperata
1589 648 1647 699 et
1664 641 1802 699 mul-

140 737 339 809 tiplici
362 735 588 802 ditasti,
607 734 796 804 gratia
817 732 1607 789 scilicetservorumtuorum
1624 730 1802 787 admi-

142 826 344 895 rabili,
373 824 471 894 qui
505 823 557 877 in
587 821 1015 891 mediligebant
1067 821 1220 890 quod
1263 820 1609 876 nesciebam.
1645 819 1803 875 Licet

142 915 195 968 in
230 913 329 969 his
354 918 474 983 tua,
498 912 672 980 Deus,
708 909 877 979 dona,
898 909 1010 964 etsi
1040 910 1282 977 refugus
1299 910 1355 964 et
1398 908 1669 963 desertor
1695 906 1802 962 mei

143 1002 358 1074 ipsius,
391 999 813 1068 intelligebam.
836 1000 1028 1065 Juvat,
1071 994 1802 1067 inquam,memorarimihi

141 1090 199 1146 in
238 1104 335 1145 me
367 1087 701 1144 dulcedinis
732 1092 871 1157 tuae,
909 1086 1042 1157 quia
1078 1084 1667 1153 misererisomnium,
1693 1082 1805 1139 sal-

141 1192 290 1234 vans
327 1176 590 1233 homines
608 1182 668 1231 et
685 1177 945 1246 jumenta
971 1192 985 1241 ;
1012 1174 1067 1230 id
1083 1186 1171 1229 eSt
1187 1178 1247 1227 et
1266 1173 1400 1229 illos
1433 1172 1687 1241 salvans,
1705 1172 1802 1242 qui

142 1264 586 1322 rationabiliter
608 1264 873 1320 viventes
893 1278 1004 1318 non
1031 1261 1459 1335 obliviscuntur
1496 1260 1803 1330 dignitatis

144 1356 334 1425 inqua
358 1358 415 1410 et
437 1368 542 1424 pro
557 1367 665 1423 qua
681 1352 1040 1416 creatisunt,
1058 1356 1117 1406 et
1135 1365 1257 1420 eos,
1279 1350 1374 1420 qui
1407 1349 1803 1419 jumentorum

144 1457 308 1499 more
342 1441 615 1499 viventes
640 1440 934 1496 factisunt
958 1445 1021 1495 ut
1044 1454 1231 1509 equus
1263 1443 1323 1493 et
1346 1436 1556 1508 mulus,
1593 1438 1804 1508 quibus

145 1546 259 1587 non
292 1535 386 1587 est
422 1529 777 1599 intellectus,
824 1543 928 1599 per
953 1527 1331 1599 penitentiam
1381 1540 1556 1597 supra
1602 1526 1804 1597 primas

147 1620 403 1690 originis
422 1602 1057 1690 reparans‘dignitatem
1074 1634 1088 1683 ;
1104 1616 1256 1670 inter
1276 1630 1422 1685 quos
1435 1619 1492 1669 et
1518 1629 1605 1670 me
1625 1614 1802 1684 gihbo

146 1713 538 1781 peccatorum
555 1707 893 1774 deformem,
909 1705 1187 1761 vanitatis
1208 1702 1540 1759 etlevitatis
1558 1704 1804 1759 horrore

1911 553 2064 610 idem
2101 555 2544 611 sanctusJesus.
2563 553 2708 621 Quid
2726 553 2886 609 inme
2913 556 3158 625 operate
3187 553 3303 608 sint
3330 552 3547 611 hrctua

1910 642 2219 712 magnalia,
2257 644 2427 712 Deus,
2457 646 2557 698 aut
2588 642 2644 697 in
2686 656 2799 712 quo
2842 642 3111 698 miseram
3169 640 3416 698 animam
3472 640 3551 697 le-

1911 729 2176 801 thargico
2200 744 2402 787 somno
2432 743 2792 801 Oppressam,
2826 730 2897 786 ad
2929 735 2987 786 te
3019 729 3361 800 timendum,
3396 734 3454 785 te
3469 728 3552 784 di—

1910 817 2226 889 ligendum,
2251 833 2542 890 exurgere
2570 822 2626 874 et
2650 818 2931 888 evigilare
2963 820 3284 875 docuerunt
3307 838 3334 890 ,-
3377 817 3552 874 testis

1910 912 2002 963 est
2036 908 2383 978 repatriatio
2402 912 2621 977 nostra,
2656 907 2833 961 testis
2855 908 3220 977 subsequens
3242 906 3360 963 vita
3400 919 3546 976 mea,

1913 1009 2040 1065 quas
2072 994 2232 1065 pium
2265 994 2566 1057 Dominum
2582 995 2652 1050 de
2684 993 2913 1065 placato
2948 995 3195 1051 reddere
3236 994 3549 1066 possitira-

1914 1088 2054 1154 tum,
2091 1099 2205 1140 non
2229 1099 2357 1156 quae
2376 1084 2660 1141 oﬂ'ensum
2691 1085 2828 1140 dare
2871 1083 3119 1140 sufficiat
3152 1084 3545 1141 conciliatum.

1986 1208 2124 1269 (Fel.
2153 1208 2393 1281 lti’.)Et
2418 1223 2568 1265 nunc
2587 1209 2691 1264 hec
2708 1207 3152 1279 qualiacumque
3176 1214 3376 1265 nostra
3393 1206 3551 1277 legat

1914 1296 2008 1367 qui
2042 1296 2220 1367 volet,
2252 1295 2496 1353 irrideat
2524 1302 2589 1352 ut
2609 1296 2784 1367 volet,
2811 1296 3118 1353 dummodo
3148 1296 3396 1352 libeatet
3415 1311 3550 1352 con-

1911 1384 2158 1441 cedatur
2180 1384 2473 1440 immorari
2499 1385 2789 1441 memoriae
2804 1384 3130 1441 dulcedinis
3145 1389 3280 1454 tuae,
3307 1385 3404 1455 qui
3421 1399 3552 1456 pec-

1912 1478 2140 1529 cantem
2170 1474 2425 1530 sustines
2441 1472 2512 1528 ad
2529 1472 2925 1545 penitentiam.
2945 1478 3002 1529 et
3023 1473 3316 1545 parcendo
3340 1473 3551 1529 invitas

1913 1562 1983 1617 ad
1998 1561 2419 1617 conelliandam
2438 1561 2783 1617 sustinentis
2799 1561 3158 1634 patientiam.
3180 1560 3359 1619 Indee
3376 1561 3551 1618 vesti-

1910 1649 2006 1720 gio
2036 1649 2133 1705 illa
2166 1655 2365 1706 nostra
2390 1649 2776 1722 promotione,
2803 1665 2930 1720 quae
2962 1664 3113 1707 nunc
3131 1652 3302 1707 nobis
3316 1651 3548 1707 horrori

1912 1744 2025 1809 est,
2049 1743 2373 1809 promotus,
2410 1744 2602 1794 utrum
2626 1738 2816 1807 gratia
2849 1743 2947 1795 tua
2996 1754 3067 1794 an
3112 1738 3403 1809 permissu
3459 1739 3550 1795 vel

145 1798 513 1896 εοτάςθηίθωι
535 1793 1017 1899 είξςπεξροηεηαεει)
1044 1792 1321 1899 malitiam
1342 1790 1799 1899 etincligandam
1829 1821 1885 1881 B
1907 1790 2373 1898 ίιῑέιέξίδίῑέέςεῑςςξ
2402 1790 3551 1899 gaesaia;aestimatagggmta

146 1886 446 1943 cervicem
468 1883 810 1953 eordisjugo
834 1882 1141 1938 servitutis
1157 1886 1270 1936 tuae
1306 1879 1684 1936 edomandam
1700 1894 1802 1950 per

148 1974 614 2041 tuosevocabas,
636 1977 693 2027 et
719 1970 959 2026 memihi
986 1970 1110 2040 ipse
1134 1968 1373 2024 sordere
1396 1967 1612 2023 intuitu
1636 1967 1803 2023 mise-

146 2064 405 2120 rationis
436 2066 554 2117 tuaa
580 2059 914 2116 faciebas.0
947 2058 1239 2113 miseriam
1263 2055 1799 2126 meam,quaaadtot

147 2150 488 2208 vocationis
506 2148 992 2218 ingeminationes
1009 2161 1117 2201 non
1133 2144 1449 2215 evigilabat
1472 2147 1484 2199 !
1506 2144 1709 2214 utique
1722 2144 1804 2199 ni-

146 2240 263 2297 mia
298 2239 518 2308 rubigo
551 2250 675 2293 mea
710 2236 1020 2308 pel-ignem
1037 2232 1413 2304 cxcoquenda
1429 2238 1651 2302 erat,et
1673 2232 1804 2288 ideo

145 2328 265 2384 etsi
281 2340 531 2397 surgere
546 2326 820 2394 conabar,
839 2323 1028 2380 scoria
1043 2322 1364 2393 voluptatis
1379 2320 1596 2377 inclitae
1611 2336 1804 2392 pravae

144 2414 609 2473 consuetudinis
639 2413 1017 2483 aggravabar.
1036 2412 1399 2481 Projeceram
1424 2414 1558 2480 post
1575 2413 1803 2479 tergum

148 2509 405 2579 peccata
443 2518 566 2560 mea
603 2501 1114 2572 ;denigrataenim
1140 2504 1269 2555 erat
1288 2499 1464 2555 facies
1488 2502 1807 2569 mea,etta-

151 2609 287 2650 men
328 2599 391 2649 tu
416 2593 475 2648 in
498 2591 684 2649 servis
708 2591 824 2647 tuis
849 2589 1122 2659 diligens,
1145 2603 1258 2644 non
1285 2588 1583 2643 feditatem
1599 2601 1801 2657 meam,
1867 2619 1872 2624 -

152 2684 265 2741 sed
287 2683 656 2739 curationem
682 2681 735 2735 in
755 2694 844 2735 me
868 2694 996 2749 quae
1016 2681 1127 2734 ate
1148 2677 1336 2747 gratia
1364 2683 1460 2733 tua
1475 2677 1667 2732 futura
1691 2679 1805 2746 est,

154 2772 398 2829 sinebas
413 2785 501 2827 me
544 2771 629 2827 ire
651 2774 710 2826 et
733 2767 1093 2840 prosperari,
1120 2766 1470 2824 utcumhaac
1515 2766 1809 2837 reciperes

154 2877 189 2918 a
224 2860 506 2929 diligente
540 2873 653 2915 non
676 2864 755 2928 te,
781 2858 881 2913 sed
917 2855 1012 2911 illa
1042 2855 1175 2912 data
1198 2859 1297 2911 tua
1320 2854 1410 2911 vel
1425 2854 1710 2927 permissa
1752 2855 1808 2909 in

156 2951 379 3020 quibus
412 2949 825 3021 prOSperabar,
855 2943 1283 3014 adurererigne
1308 2942 1724 3012 tribulationis,
1750 2945 1809 2998 et

153 3039 361 3097 saltim
385 3043 523 3094 tunc
550 3035 910 3105 intelligeret
938 3033 1209 3106 impietas
1228 3047 1352 3089 mea
1374 3032 1520 3088 mala
1541 3046 1663 3103 sua,
1679 3047 1809 3088 cum

157 3142 272 3202 pro
298 3127 519 3183 eisdem
554 3125 720 3181 malis
743 3124 1027 3194 inciperet
1055 3124 1171 3192 iam
1205 3121 1417 3194 puniri.
1459 3121 1605 3188 Quid
1665 3121 1814 3177 refe-

157 3230 311 3287 ram,
348 3215 558 3286 quibus
587 3229 675 3270 me
700 3212 929 3269 nunciis
961 3213 1031 3268 ad
1063 3210 1519 3267 meliorationem
1560 3210 1616 3264 in
1667 3210 1807 3265 mari

157 3306 542 3377 navigatione
562 3309 760 3361 nostra
784 3304 1116 3376 procelloso
1136 3302 1349 3374 spiritu
1374 3300 1551 3356 maris
1565 3302 1621 3355 et
1643 3313 1811 3370 quas-

158 3397 396 3455 satione
422 3393 608 3464 navis,
636 3408 763 3465 quae
789 3409 893 3465 per
915 3407 977 3448 se
1001 3392 1225 3447 infirma
1272 3390 1517 3462 piscium
1557 3388 1811 3460 impulsu

159 3484 567 3558 quatiebatur,
600 3482 917 3553 adgravata
944 3479 1365 3552 praemonuisti,
1386 3483 1446 3534 et
1461 3481 1810 3553 stertentem

158 3588 375 3631 somno
409 3571 635 3643 teporis
667 3576 727 3627 et
754 3570 1125 3640 negligentiae
1154 3568 1413 3624 excitare
1452 3560 1699 3643 conatus
1725 3580 1810 3637 es,

156 3678 295 3720 cum
330 3642 731 3731 gubérnaeulo
764 3660 967 3729 fracto,
994 3658 1122 3714 velo
1155 3658 1210 3713 vi
1266 3642 1571 3713 ventorum
1595 3656 1665 3711 ad
1700 3670 1816 3711 me-

156 3753 330 3809 dium
350 3764 538 3822 usque
554 3749 763 3818 scisso,
790 3747 1207 3804 nautistimore
1222 3745 1545 3815 dissolutis,
1568 3759 1816 3816 praesen-

154 3848 281 3898 tem
304 3840 666 3895 intentarent
683 3836 873 3893 omnia
892 3839 1159 3905 mortem,
1176 3848 1320 3891 nave
1336 3833 1463 3889 solo
1484 3833 1589 3890 tibi
1608 3833 1814 3889 relicta

156 3934 225 3986 et
257 3928 550 4001 quandam
576 3928 630 3982 in
645 3926 990 3997 vertiginem
1013 3922 1339 3980 rotante?0
1364 3921 1816 3993 qualisillatunc

153 4020 306 4075 hora
330 4031 487 4073 eram
514 4019 527 4071 ε
556 4030 725 4087 quam
742 4016 887 4072 bene
907 4012 1206 4082 credulus,
1233 4027 1408 4083 quam
1433 4010 1520 4067 vel
1541 4011 1812 4082 devotus,

162 4120 345 4179 quam
378 4105 666 4178 penitens,
704 4119 871 4175 quam
907 4101 962 4158 in
1006 4100 1399 4172 promittenda
1441 4100 1815 4171 correptione

159 4194 433 4265 sedulus,
467 4198 745 4250 constans
775 4196 835 4249 et
868 4191 1202 4248 benivolus!
1240 4204 1409 4261 quam
1440 4194 1816 4260 peccatorum

164 4298 436 4341 meorum
468 4285 783 4339 accusator
809 4285 870 4337 et
895 4278 1077 4351 iudex
1134 4277 1481 4335 ﬁdissimus!
1535 4293 1704 4349 quam
1760 4278 1816 4333 in

163 4372 557 4431 conversione
588 4385 813 4429 morum
833 4368 1331 4426 etemendatione
1348 4368 1486 4424 vita;
1518 4367 1818 4438 paratissi-

168 4477 305 4519 mus
339 4464 354 4517 !
387 4460 599 4518 Vidisti
630 4461 775 4531 hazc,
793 4458 1049 4528 Domine,
1075 4456 1424 4514 etliberasti
1484 4471 1604 4522 me;
1644 4470 1819 4513 exau-

168 4551 317 4608 disti
350 4553 537 4619 me,et
560 4547 904 4606 consolatus
933 4561 997 4603 es
1024 4560 1133 4617 me,
1163 4548 1221 4601 et
1244 4542 1591 4616 quamquam
1614 4544 1820 4617 despe-

169 4644 389 4711 ratum,
422 4652 768 4709 quamquam
783 4636 1183 4705 novissimum,
1209 4649 1340 4691 cum
1356 4633 1527 4706 primi
1545 4634 1820 4691 movisse-

167 4742 306 4786 mus
335 4742 366 4784 a
391 4730 585 4800 portu,
606 4726 768 4782 illesa
800 4740 944 4781 nave
973 4738 1103 4782 cum
1144 4723 1415 4780 omnibus
1458 4737 1586 4794 quaa
1637 4723 1691 4779 in
1751 4739 1818 4782 ea

168 4824 365 4888 erant,
388 4822 564 4873 terrae
578 4814 889 4872 reddidisti
914 4828 1021 4870 me.
1058 4811 1171 4870 Sed
1201 4816 1267 4869 ut
1288 4812 1495 4884 pedem
1527 4817 1702 4869 terra;
1726 4827 1822 4886 ap—

168 4906 321 4980 puli,
355 4903 691 4961 illadudum
725 4903 934 4960 devota
984 4902 1138 4959 inter
1197 4902 1412 4959 fluctus
1473 4901 1721 4959 fervoris
1762 4907 1822 4958 et

169 4994 607 5053 emendationis
630 4993 941 5066 promissio
964 4990 1390 5064 aliquantulum
1411 4991 1632 5062 friguit,
1652 5005 1820 5061 quam

174 5090 374 5143 tamen
406 5083 691 5140 reductus
722 5082 900 5139 menti
924 5085 1121 5138 terror
1150 5096 1220 5138 ex
1241 5085 1370 5137 toto
1417 5085 1823 5153 tepescere,ut

174 5174 421 5244 assolet,
454 5188 571 5230 non
595 5172 753 5230 sivit.
1581 5182 1585 5186 '

248 5263 628 5335 Subsequuta
652 5260 1048 5333 estevcstigio
1070 5260 1178 5318 alia
1216 5262 1538 5320 vocationis
1574 5261 1826 5333 compcl-

177 5353 359 5412 lentis
385 5353 622 5411 iteratio
655 5368 785 5408 mox
818 5357 879 5408 ut
911 5352 1150 5423 Bajocas
1170 5353 1320 5423 veni,
1343 5352 1652 5408 inﬁrmitas
1676 5353 1824 5409 scili-

1914 1917 2274 1987 praalationis
2299 1917 2578 1987 gravitas,
2614 1932 2744 1973 cum
2778 1917 2832 1972 in
2864 1931 2953 1973 me
2997 1917 3293 1989 durasset,
3352 1931 3554 1989 super-

1913 2006 2087 2062 ducta
2101 2006 2228 2076 ejus
2242 2007 2469 2078 species
2485 2005 2685 2063 multis
2701 2006 2888 2062 modis
2903 2007 2980 2063 ita
2998 2008 3341 2064 oblitterata
3356 2013 3468 2079 est,
3485 2015 3549 2065 ut

1911 2110 2023 2151 non
2050 2094 2166 2165 jam
2199 2093 2389 2166 qualis
2420 2109 2630 2165 essem,
2653 2109 2852 2151 verum
2883 2096 3074 2165 qualis
3114 2097 3322 2153 fuerim
3371 2111 3553 2153 reme-

1912 2182 2123 2237 morari
2157 2181 2388 2238 difficile
2419 2187 2593 2251 esset,
2626 2180 2721 2237 vel
2753 2181 2884 2251 quia
2909 2182 3158 2239 honores
3188 2189 3411 2241 mutant
3435 2199 3555 2241 mo-

1913 2285 2030 2341 res,
2062 2269 2153 2327 vel
2187 2270 2318 2341 quia
2343 2270 2399 2325 id
2435 2271 2770 2325 merebatur
2801 2269 3112 2326 insolentia
3147 2286 3390 2343 morum,
3416 2288 3554 2329 non-

1913 2359 2070 2429 dum,
2105 2362 2165 2414 ut
2200 2358 2466 2427 decebat,
2494 2358 2915 2415 satisfactionis
2934 2359 3552 2429 verberecastigataet

1913 2447 2338 2503 emendationis
2357 2446 2876 2503 antidoto‘curata.
2896 2447 3036 2502 Hinc
3062 2447 3270 2503 iterum
3314 2447 3553 2505 infirmi-

1915 2535 2056 2591 tatis
2085 2535 2482 2605 commonitio,
2519 2534 2760 2605 privatze
2782 2534 3104 2605 etpublieae
3129 2536 3550 2605 inquietudinis

1916 2623 2363 2694 animadversio,
2397 2622 2493 2679 illa
2517 2623 2589 2679 de
2608 2623 2934 2680 dormitorii
2965 2623 3178 2679 solario
3207 2625 3430 2696 plancis
3457 2626 3555 2682 de-

1917 2713 2252 2770 fieientibus
2263 2712 2353 2768 vel
2370 2711 2620 2769 sublatis
2638 2713 2826 2783 ruina,
2845 2713 3017 2768 immo
3032 2714 3418 2785 propulsatio,
3440 2730 3553 2786 qua

1918 2803 1995 2858 ita
2012 2801 2414 2872 aﬂ‘ectussum,
2435 2805 2493 2857 ut
2518 2801 2634 2857 vita
2650 2816 2739 2858 me
2769 2816 2972 2858 carere
3003 2802 3319 2859 crederem.
3341 2806 3479 2860 Nam
3494 2811 3555 2860 et

1918 2890 2158 2961 sanguis
2173 2891 2243 2947 ad
2259 2890 2679 2947 invocationem
2694 2890 3210 2961 nominisPrejeeti
3225 2891 3482 2949 martiris
3496 2885 3557 2948 el-
3614 2938 3623 2951 .

1921 2980 2052 3035 boni
2085 2979 2265 3036 studii
2298 2980 2641 3050 exequutio,
2675 2979 2730 3035 in
2754 2994 2865 3051 qua
2894 2980 3111 3036 invenit
3132 2995 3221 3036 me
3243 2982 3555 3053 casusipse

1916 3099 1989 3110 —
2010 3083 2138 3123 nam
2169 3068 2383 3124 circam
2409 3070 2557 3140 (213)
2582 3068 2885 3126 matutinis
2915 3069 3140 3125 exactis
3162 3069 3465 3141 faciebam,
3487 3100 3551 3112 -

1838 3174 1890 3238 ρ
1921 3173 1951 3214 a
1986 3159 2191 3214 mortis
2211 3157 2477 3214 faucibus
2508 3156 2898 3230 eripuerit.Et
2920 3157 3151 3229 quidem
3180 3170 3248 3214 eo
3268 3157 3396 3230 ipso
3414 3164 3557 3215 tem-

1920 3263 2082 3320 pore,
2117 3261 2313 3304 mense
2342 3261 2569 3319 quoque
2588 3248 2811 3318 eodem,
2835 3247 2891 3303 in
2932 3246 3247 3304 Colticensi
3281 3247 3429 3304 cella
3461 3263 3558 3304 no-

1919 3343 2039 3398 stra
2069 3352 2099 3393 a
2133 3336 2476 3393 dormitorio
2509 3351 2613 3408 per
2635 3335 3060 3408 praecipitium;
3084 3335 3222 3392 item
3258 3336 3315 3391 in
3347 3335 3559 3393 Melun-

1920 3424 2083 3481 densi
2097 3424 2364 3481 cmnobio
2394 3437 2558 3496 aeque
2589 3424 2706 3481 duo
2737 3423 3188 3496 monachilapsi,
3223 3438 3333 3480 non
3369 3428 3559 3481 tamen

1922 3514 2150 3571 satisde
2166 3519 2281 3570 tam
2296 3513 2617 3569 imminenti
2641 3511 2950 3570 altitudine
2968 3520 3169 3584 utego,
3199 3513 3561 3571 confessione

1923 3607 1981 3660 et
2003 3603 2407 3660 communione
2424 3608 2773 3659 earuerant:
2810 3602 2947 3658 mihi
3002 3603 3194 3674 pietas
3231 3607 3331 3660 tua
3382 3603 3560 3660 vitam

1924 3691 2190 3763 indulsit,
2217 3694 2312 3762 qui
2336 3692 2450 3749 etsi
2480 3692 2758 3763 gravatis,
2787 3706 2901 3748 non
2924 3698 3116 3748 tamen
3140 3692 3333 3764 aliqua
3357 3708 3564 3765 corpo-

1924 3781 2005 3837 ris
2036 3786 2201 3853 parte
2231 3797 2357 3840 sum
2379 3780 2811 3854 pessumdatus,
2843 3795 3189 3852 quamquam
3230 3796 3359 3838 cum
3420 3782 3564 3838 diffi-

1923 3882 2145 3939 cultate
2194 3880 2431 3938 sanitati
2483 3879 2767 3949 redditus,
2812 3879 3000 3936 adhuc
3067 3894 3267 3937 casum
3312 3880 3558 3937 doleam.

1926 3971 2105 4037 Quam
2135 3969 2315 4027 tantis
2348 3967 2976 4037 heneﬁciisgratiarum
3004 3968 3423 4039 actionem,die
3452 3984 3563 4039 qua

1920 4061 2123 4131 jacens
2140 4058 2195 4115 in
2220 4058 2374 4113 lecto
2398 4057 2562 4127 signo
2577 4055 2929 4112 sanctissimi
2944 4055 3093 4112 clavi
3110 4057 3194 4112 tui
3211 4067 3568 4114 sanctarum-

1927 4163 2037 4221 que
2070 4147 2448 4218 reliquiarum
2466 4145 2777 4200 munimine
2810 4144 3074 4215 signatus
3117 4161 3265 4215 sum,
3311 4151 3368 4201 et
3401 4148 3568 4205 ablu-
3634 4140 3647 4153 ’

1926 4241 2087 4296 tione
2116 4235 2447 4294 virtutifera
2470 4238 2722 4306 potatus,
2751 4232 3198 4304 postdecursam
3221 4234 3568 4294 ebdomada-

1929 4329 2071 4386 riam
2090 4326 2199 4391 mei
2222 4324 2406 4397 ipsius
2427 4322 2857 4395 alienationem,
2877 4320 3263 4395 rependerim,
3288 4339 3568 4384 rememo.

1929 4432 2065 4476 rans
2098 4414 2404 4484 erubesco,
2425 4414 2779 4470 erubescens
2799 4413 3145 4485 confundor,
3170 4418 3227 4469 et
3253 4415 3408 4486 quod
3428 4419 3568 4474 tunc

1845 4527 1902 4589 ι)
1930 4523 2042 4565 non
2074 4506 2184 4562 feci
2210 4503 2325 4573 jam
2358 4503 2524 4573 facio,
2577 4501 2915 4574 supplicans
2939 4508 3001 4559 ut
3027 4508 3266 4575 accepta
3324 4504 3432 4561 tibi
3493 4506 3569 4561 sit

1931 4593 2314 4654 confessionis
2343 4597 2402 4649 et
2423 4590 2613 4649 laudis
2627 4591 2848 4663 oblatio
2876 4595 2935 4648 et
2965 4592 3118 4649 inter
3138 4592 3364 4662 ﬂagella
3405 4594 3573 4650 mise-

1932 4683 2199 4742 τίοοτὼω
2220 4687 2339 4739 tuae
2372 4680 2740 4751 ipsaerratus
2764 4681 2875 4737 mei
2916 4686 3148 4752 tumque
3197 4681 3434 4753 pietatis
3484 4696 3574 4738 re-

1932 4772 2292 4831 memoratio.
2318 4771 2390 4827 Et
2409 4770 2543 4841 quia
2564 4769 2754 4825 omnia
2768 4769 3012 4841 adversa
3034 4769 3205 4827 habet
3223 4770 3318 4840 qui
3333 4769 3444 4825 sibi
3460 4768 3574 4825 dis-

1931 4863 2130 4935 plicet,
2160 4861 2217 4917 in
2246 4860 2354 4917 hoc
2378 4857 2735 4930 tibiplacere
2754 4863 2989 4931 appeto,
3015 4857 3168 4930 quod
3210 4856 3345 4912 mihi
3387 4861 3446 4913 te
3474 4857 3574 4914 do-

1931 4957 2126 5024 nante,
2153 4956 2212 5008 te
2245 4950 2513 5021 faciente,
2546 4948 2849 5022 displiceo.

2005 5079 2149 5136 Sunt
2177 5076 2363 5134 adhuc
2388 5075 2557 5148 plura
2585 5074 2914 5133 dulcedinis
2936 5079 3050 5132 tuae
3102 5074 3456 5132 monimenta
3491 5074 3576 5132 in-

1931 5173 2100 5241 grata
2132 5165 2413 5237 adhibita,
2440 5178 2623 5236 usque
2652 5163 2723 5220 ad
2746 5164 2870 5221 base
2894 5163 2949 5220 in
2975 5163 3188 5235 quibus
3211 5178 3362 5223 nunc
3380 5180 3578 5223 versa-

1935 5257 2231 5316 tur-anima
2251 5270 2396 5327 mea,
2422 5254 2475 5310 in
2493 5253 2706 5325 quibus
2718 5251 2850 5324 quia
2870 5252 3245 5311 faciemtuam
3285 5254 3578 5313 reveritus

1937 5365 2051 5406 non
2098 5361 2245 5418 sum,
2263 5346 2419 5416 juste
2432 5357 2604 5401 versa
2618 5344 2708 5401 est
2723 5345 2786 5400 in
2800 5344 3023 5401 luctum
3035 5343 3279 5403 cithara
3313 5358 3467 5417 mea,
3526 5342 3586 5401 et

178 5447 275 5502 cet
309 5457 422 5515 qua
456 5441 690 5500 omnino
720 5442 1070 5514 desperatus
1100 5456 1247 5513 sum,
1272 5447 1331 5498 et
1392 5441 1560 5512 quasi
1602 5441 1828 5499 concla-
1936 5432 2961 5512 organummeuminvoce/tentiam
2985 5434 3137 5506 (Job.
3162 5449 3297 5507 xxx,
3358 5438 3474 5506 3t.)

1767 5542 1990 5600 ΝΟΤΛΕ.

254 5630 410 5708 (213)
440 5630 607 5689 Circa
634 5629 947 5689 Teutonice
970 5629 1066 5690 die
1077 5632 1287 5691 mmde.
