3964 6044
349 304 465 390 367'

1297 302 1665 382 HUGONIS
1709 292 2060 377 ABBATIS
2105 296 2792 380 FLAVINIACENSIS

3634 314 3757 378 868

347 456 544 529 itaque
569 450 894 529 proclamet
925 450 1033 511 tibi
1055 452 1179 512 tota
1212 448 1540 510 substantia
1571 446 1754 507 nostri
1778 448 1832 504 in
1847 462 1989 506 voce
2021 453 2072 513 Α
2105 445 2491 520 dissipantur!
2513 449 2579 506 Et
2603 448 2833 520 quidem
2850 449 3010 506 nervi
3031 447 3437 506 testiculorum
3473 451 3753 507 Beedmot

349 540 1452 604 exultationisetconfessioniszomnia
1498 555 1626 611 quae
1670 537 1859 594 fecisti
1893 552 1992 595 no-

351 637 441 692 bis
466 636 520 690 in
553 632 920 704 verojudicio
948 631 1158 688 fecisti.
1196 628 1549 698 Proclamet,
1588 629 1842 697 inquam,
1882 626 1991 682 tibi

352 725 470 780 vita
502 736 625 778 mea
654 725 798 789 tota,
833 724 966 776 ante
995 718 1419 791 promotionem
1480 716 1802 788 peccatrix,
1858 719 1989 785 post

352 811 771 884 promotionem
805 807 1094 863 irritatrix
1130 826 1141 860 :
1178 806 1287 861 tibi
1308 805 1702 877 peccavimus,
1747 808 1806 859 et
1838 816 1994 857 man-

350 900 506 955 datis
520 899 639 953 tuis
656 913 761 953 non
778 896 1163 952 obedivimus.
1198 894 1596 965 Condempnet
1635 907 1699 949 se
1714 890 1993 960 totamju-

352 988 503 1044 dicio
521 1001 647 1055 suo,
684 986 798 1056 jam
829 984 991 1054 quasi
1033 981 1683 1053 condempnatajudicio
1706 982 1990 1043 humano;

350 1080 405 1130 et
424 1089 536 1130 non
551 1088 653 1145 spe
666 1071 1080 1143 recuperandae
1095 1069 1512 1137 secularitatis,
1534 1068 1637 1125 sed
1658 1082 1855 1124 amore
1869 1080 1994 1137 pro-

351 1161 624 1219 vocandze
658 1161 713 1215 in
743 1174 804 1215 se
830 1160 988 1230 juste
1010 1158 1522 1226 exertae,etmagis
1548 1157 1847 1226 magisque
1861 1169 1994 1210 exe-

351 1249 545 1305 rendaa
577 1248 788 1304 divinae
821 1246 1653 1315 animadversionis,quoniam
1673 1258 1780 1313 ego
1816 1243 1871 1297 in
1896 1244 1994 1297 lla-

346 1337 775 1408 gellaparatus,
808 1335 900 1405 qui
930 1334 1245 1403 fragilitate
1272 1333 1512 1402 deliqui,
1532 1331 1905 1388 undemerito
1920 1329 1991 1385 ad

350 1440 550 1497 penam
581 1423 782 1480 videar
810 1423 1024 1478 debere
1048 1420 1257 1492 aptari,
1292 1423 1349 1475 et
1379 1420 1546 1476 dolor
1571 1434 1732 1476 meus
1755 1424 1887 1474 ante
1903 1431 1991 1473 me

347 1517 438 1567 est
454 1526 703 1581 semper,
722 1509 854 1579 quia
870 1524 899 1563 a
916 1506 1203 1563 mandatis
1221 1506 1332 1562 tuis
1347 1505 1650 1561 declinavi.
1671 1505 1818 1571 Quid
1838 1504 1990 1559 enim

347 1600 594 1654 referam
624 1595 1126 1651 tamevidenstuie
1147 1593 1699 1665 pietatisindicium,
1737 1592 1889 1662 quod
1904 1607 1992 1647 ra—

350 1701 450 1742 rus
482 1685 775 1740 invenitur
804 1688 901 1738 aut
939 1697 1083 1753 pene
1107 1682 1303 1737 nullus
1338 1683 1432 1752 qui
1461 1682 1691 1751 ignoret
1711 1680 1992 1735 Flavinia-

348 1774 629 1842 censium,
664 1788 794 1829 cum
813 1771 1061 1827 redirem
1087 1785 1116 1825 a
1148 1770 1451 1826 Sinemuro
1493 1769 1987 1840 septuscomitatu
2020 1806 2071 1866 Β

349 1862 762 1918 monachorum
793 1864 849 1915 et
883 1859 1199 1928 laycorum,
1234 1858 1385 1912 inter
1402 1858 1766 1913 choruschos
1788 1860 1843 1911 et
1868 1860 1990 1911 tur-

351 1950 517 2006 bines
548 1947 919 2019 tempestatis
954 1947 1309 2009 inundantis.
1350 1946 1560 2001 fulmen
1595 1950 1727 2001 ante
1751 1959 1991 2015 conspe-

348 2042 482 2094 ctus
497 2040 732 2093 nostros
745 2035 1053 2101 cecidisse,
1078 2035 1155 2088 ita
1175 2038 1237 2088 ut
1257 2034 1444 2089 bestia
1461 2034 1553 2089 cui
1569 2033 1843 2088 sedebam
1858 2033 1990 2102 igne

349 2126 478 2198 ipso
515 2123 766 2181 ustulata
799 2126 975 2193 caput
996 2127 1201 2193 pectus
1234 2125 1288 2177 et
1323 2136 1516 2191 crura,
1538 2137 1638 2193 per
1680 2120 1993 2176 40diesvix

352 2211 588 2269 stabulo
612 2211 839 2267 extrahi
871 2215 1089 2280 posset,
1110 2215 1171 2265 et
1200 2225 1287 2265 me
1309 2208 1619 2265 clementia
1649 2214 1746 2264 tua
1796 2209 1995 2264 immu-

353 2316 478 2357 nem
495 2316 525 2355 a
557 2300 779 2356 lesione
802 2298 1082 2369 servavit,
1107 2312 1236 2354 cum
1270 2302 1405 2353 ante
1428 2312 1513 2352 me
1538 2311 1651 2353 non
1695 2296 1865 2366 longe
1897 2312 1997 2353 cu-

351 2389 474 2445 bito
508 2402 623 2443 uno
658 2386 869 2442 fulmen
894 2386 1080 2456 ipsum
1096 2384 1423 2441 ceciderit?
1451 2383 1615 2449 Quod
1642 2383 1695 2438 in
1735 2383 1994 2439 crastino

350 2476 646 2548 quesitum
680 2481 740 2531 et
764 2474 1059 2531 inventum
1086 2478 1198 2544 est,
1247 2474 1517 2529 omnibus
1562 2472 1995 2529 admirantibus

352 2564 643 2635 quomodo
667 2563 834 2619 vivus
882 2562 1185 2630 evaserim,
1223 2566 1321 2617 aut
1355 2560 1625 2616 immunis
1654 2575 1682 2616 a
1732 2559 1992 2628 lmsione,

355 2651 803 2722 quamplurimis
834 2664 1067 2719 quoque
1093 2650 1332 2704 sinistro
1366 2649 1420 2705 id
1482 2649 1672 2704 omine
1713 2648 1999 2718 interpre-

354 2740 641 2806 tantibus,
670 2737 994 2793 maleﬁcum
1028 2751 1117 2791 me
1162 2742 1221 2792 et
1273 2742 1459 2791 morte
1509 2736 1765 2805 dignum,
1827 2752 1994 2806 quem

353 2826 509 2882 Deus
542 2825 666 2895 ipsa
698 2839 799 2879 sua
830 2823 1333 2878 animadversione
1392 2828 1745 2885 monstraret
1789 2826 1997 2879 merito

252 2968 263 2976 ,
356 2913 734 2985 puniendum.
765 2913 932 2965 Forte
962 2915 1155 2965 autem
1179 2911 1999 2981 mihijunctusequitabatan-

353 3008 413 3057 te
442 3016 531 3057 me
561 3014 742 3071 eques
775 3005 1057 3067 armatus,
1079 3002 1135 3052 et
1170 3002 1551 3070 totoeorpore
1586 2997 1799 3069 pluviae
1824 3013 2001 3070 expo-

356 3089 529 3159 situs,
566 3088 756 3159 clipeo
785 3101 848 3143 sc
864 3101 1113 3142 recurvo
1142 3089 1203 3141 et
1233 3101 1408 3157 supra
1456 3101 1519 3143 se
1579 3091 1854 3157 protento
1882 3102 2001 3141 mu-

355 3179 562 3247 nierat,
631 3177 727 3247 qui
776 3176 910 3232 dum
969 3189 1119 3245 equo
1163 3174 1493 3231 calcaribus
1547 3179 1679 3230 acto
1735 3189 1999 3244 gressum
2032 3160 2080 3226 C

356 3267 665 3334 accelerat,
720 3266 777 3319 in
825 3264 948 3335 ipsa
1012 3263 1271 3319 fulminis
1325 3263 1684 3333 jaculatione
1741 3263 2000 3319 lanceam

355 3368 618 3411 aversam
683 3353 947 3417 ferebat;
997 3350 1165 3419 cujus
1214 3352 1351 3406 mihi
1403 3351 1582 3422 acies,
1643 3352 1778 3408 dum
1830 3357 2000 3423 pavet

356 3447 414 3498 et
446 3442 517 3497 ad
550 3444 769 3496 tantam
810 3439 1091 3496 visionem
1126 3439 1412 3509 hebescit,
1468 3440 1595 3511 ipso
1630 3455 1735 3496 suo
1790 3440 2004 3495 timore

356 3544 562 3600 gressu
592 3528 909 3597 retardato,
941 3527 1296 3584 acceleranti
1339 3528 1475 3583 mihi
1520 3528 1747 3597 gutturi
1810 3528 1998 3599 inlisa,

357 3618 466 3675 nisi
501 3622 582 3687 tu,
618 3618 789 3686 Deus,
817 3617 1063 3672 bestiam
1093 3616 1185 3672 cui
1211 3616 1547 3672 insedebam
1581 3630 1610 3670 a
1644 3631 1749 3672 suo
1779 3615 2000 3687 impetu

358 3707 759 3773 refrzenasses,
797 3710 856 3759 et
886 3703 1029 3759 socii
1057 3703 1487 3760 conclamatum
1531 3702 1692 3760 illum
1745 3703 1813 3758 ad
1843 3708 1999 3760 ante-

358 3792 515 3848 riora
568 3791 1009 3862 compulissent,
1041 3791 1175 3847 vit:e
1232 3805 1320 3845 me
1349 3794 1669 3867 ‘extorrem
1714 3791 1997 3847 dedisset.

360 3881 499 3948 Quae
531 3879 746 3951 duplex
765 3879 950 3935 nostri
976 3879 1224 3935 salvatio
1256 3879 1348 3935 his
1372 3879 1470 3950 qui
1512 3878 1801 3949 viderunt,
1827 3881 2000 3951 etqui

360 3970 692 4037 audierunt,
722 3969 871 4023 facta
895 3972 984 4023 est
1018 3967 1318 4025 miraculo.
1336 3969 1458 4023 Jam
1508 3967 1872 4039 praeterierat
1904 3967 2003 4024 illa

354 4062 553 4114 nostra
585 4057 858 4128 superius
892 4056 1079 4112 relata
1124 4056 1598 4125 impetitio;jam
1653 4054 1833 4112 multa
1891 4055 2002 4111 alia

359 4162 486 4218 quae
508 4160 847 4202 enumerare
882 4145 1223 4217 perlongum
1247 4150 1359 4214 est,
1404 4149 1503 4200 tua
1540 4144 1819 4200 beneficia
1866 4143 2003 4198 mihi

363 4236 614 4306 ingrato,
641 4233 742 4291 sed
775 4247 888 4289 non
914 4247 1335 4304 usquequaque
1367 4232 2005 4303 inpensa,decebantte

362 4323 692 4390 amandum,
728 4323 832 4377 tibi
859 4322 1276 4391 adherendum,
1313 4321 1361 4377 si
1398 4320 1874 4378 invenissentcor
1904 4321 2007 4377 do-

362 4411 495 4481 cile,
531 4410 855 4466 benivolum
888 4414 943 4465 et
965 4408 1199 4465 humile.
1228 4409 1377 4475 Quid
1409 4413 1524 4479 est,
1547 4411 1698 4465 Deus
1723 4410 2003 4488 piissime,

2106 538 2367 609 perplexi
2403 554 2533 594 ossa
2555 539 2682 607 ejus
2710 539 2873 596 velut
2906 539 3113 595 listulze
3172 539 3308 593 aeris
3331 540 3758 610 cartilagoejus

2106 626 2333 682 lamina)
2366 627 2566 683 ferreae
2599 626 2812 697 (Jobxx.
2841 633 2929 699 12)
2956 646 2967 680 :
2995 627 3130 697 quia
3153 633 3493 696 argumenta
3527 626 3753 683 diaboli

2106 714 2562 786 inexplicabilia,
2589 716 2830 771 consilia
2864 730 3074 772 sonora
3102 704 3331 786 quidem
3375 715 3756 786 perdulcedi-

2104 818 2231 857 nem
2257 805 2360 860 sed
2416 805 2649 861 enervia
2706 819 2808 875 per
2858 803 3332 874 delectationem,
3370 804 3509 859 vitia
3558 804 3757 875 specie

2102 891 2386 947 virtutum
2419 892 2677 964 palliata.
2714 892 2857 963 (Fol.
2904 895 3052 963 142.)
3087 893 3376 948 Absorbet
3438 893 3753 948 Leviathan

2106 978 2197 1035 hic
2233 980 2488 1051 fluvium,
2524 987 2580 1036 et
2608 996 2719 1037 non
2745 981 3278 1051 miratur,ethabet
3308 979 3578 1035 fiduciam
3600 980 3755 1051 quod

2113 1067 2320 1125 inﬂuat
2345 1069 2617 1125 Jordanis
2649 1070 2703 1124 in
2747 1084 2812 1125 os
2853 1068 3205 1139 ejus(1bid.,
3260 1072 3324 1124 18
3358 1086 3373 1134 ;
3408 1068 3510 1123 sed
3568 1069 3759 1138 perfo-

2106 1163 2231 1211 rata
2268 1156 2504 1212 maxilla
2533 1158 2659 1228 ejus
2682 1158 2849 1213 hamo
2875 1156 3166 1228 passionis
3208 1156 3533 1226 dominicae,
3565 1155 3756 1211 electa

2106 1245 2542 1315 tenerenequit,
2588 1246 2703 1301 etsi
2739 1246 2894 1301 ultro
2928 1244 3241 1314 aliquando
3289 1244 3556 1315 influant,
3612 1243 3754 1298 trai-

2104 1348 2240 1389 cere
2274 1349 2385 1390 non
2425 1334 2699 1404 praevalet
2725 1320 2864 1405 quin
2896 1334 3152 1389 efﬂuant.

2174 1422 2309 1478 Dies
2331 1428 2456 1477 erat
2482 1423 2793 1479 Dominica)
2852 1421 3327 1478 Resurrectionis
3366 1421 3589 1476 honore
3611 1420 3752 1475 insi-

2103 1510 2234 1579 gnis
2276 1511 2437 1581 (apr.
2474 1514 2581 1582 10).
2633 1511 2937 1567 missarum
2991 1509 3334 1581 sollempnia
3410 1510 3756 1580 agebantur,

2104 1597 2411 1655 aderamus
2431 1614 2653 1655 omnes.
2692 1601 2860 1655 Forte
2885 1615 3097 1670 porcus
3121 1598 3460 1654 discurrens
3488 1597 3754 1655 invisibi-

2103 1685 2198 1755 lis,
2224 1676 2325 1741 sed
2349 1688 2669 1755 sensibilis,
2703 1688 2943 1743 chorum
2997 1686 3362 1759 peragrando
3394 1685 3601 1742 sentiri
3655 1686 3754 1740 da-

2104 1777 2198 1830 tus
2251 1781 2362 1844 est,
2406 1781 2465 1831 et
2496 1791 2706 1832 sensus
2734 1779 2822 1831 est
2857 1792 2887 1830 a
2938 1775 3187 1843 cunctis,
3215 1789 3243 1829 a
3275 1789 3363 1829 me
3422 1773 3549 1844 ipso
3603 1788 3749 1843 quo-

2102 1878 2235 1933 que,
2257 1865 2520 1934 cumjam
2552 1864 2681 1919 aliis
2702 1864 2958 1920 vicissim
2996 1862 3106 1919 sibi
3142 1862 3197 1917 id
3230 1867 3373 1918 nutu
3406 1861 3743 1931 significan-

2101 1951 2261 2007 tibus
2316 1951 2777 2022 perdidicissem,
2822 1965 3070 2021 moxque
3126 1951 3465 2015 sensissem,
3507 1953 3567 2005 et
3600 1949 3744 2020 quid

2104 2040 2482 2112 portenderet
2510 2040 2898 2111 intelligerem
2934 2058 2948 2106 ;
2975 2040 3339 2096 iteratoame
3371 2038 3758 2108 sentiturjam

2103 2129 2525 2198 stomachante,
2560 2132 2617 2184 et
2640 2143 2775 2184 vere
2808 2127 3064 2197 dolente,
3090 2132 3147 2183 et
3183 2129 3238 2182 in
3293 2142 3382 2182 me
3416 2126 3601 2197 primo
3653 2141 3762 2197 pro

2104 2216 2216 2272 hoc
2238 2217 2366 2289 ipso
2396 2217 2732 2286 indignante
2758 2217 2925 2286 adeo,
2959 2222 3022 2273 ut
3058 2217 3113 2271 in
3147 2231 3277 2271 cum
3310 2214 3761 2271 conculcatione

2108 2321 2218 2375 qua
2250 2308 2511 2376 poteram
2545 2305 2890 2373 desevirem,
2919 2320 3028 2375 qua
3062 2308 3233 2360 actus
3270 2303 3324 2358 in
3376 2303 3566 2373 fugam
3625 2318 3762 2357 eum

2105 2393 2386 2461 grunnitu
2420 2392 2694 2463 quodam,
2721 2390 3507 2463 quietaudiripotuit,ultra
3548 2391 3763 2446 sentiri

2108 2481 2445 2551 nonpotuit.
2480 2481 2933 2550 Ingemiscebam
2967 2480 3171 2536 dolore
3213 2480 3515 2547 continuo,
3567 2484 3627 2533 et
3651 2478 3762 2533 tibi

2110 2569 2214 2625 soli
2243 2569 2469 2639 ﬂebam,
2505 2569 2761 2639 cybusin
2788 2569 3065 2638 lacrimis,
3099 2575 3273 2640 potus
3304 2568 3509 2624 eratin
3567 2568 3766 2637 suspi-

2110 2657 2244 2713 riis:
2270 2663 2329 2712 ct
2345 2662 2405 2713 ut
2424 2671 2511 2713 me
2529 2672 2707 2729 purga
2720 2672 2832 2727 res,
2854 2658 2950 2728 qui
2965 2658 3095 2713 aliis
3112 2657 3428 2729 purgandis
3444 2655 3762 2712 institutus

2110 2760 2293 2816 eram,
2322 2747 2503 2802 tacito
2533 2746 2909 2803 conscientiae
2931 2747 3146 2816 gemitu
3185 2744 3603 2817 supplicabam,
3622 2743 3763 2815 quia

2109 2840 2275 2890 tanto
2309 2835 2578 2891 videbam
2604 2835 3315 2914 meinvalidnmpeccatis
3338 2834 3481 2890 meis
3525 2833 3764 2902 exigen-

2114 2923 2274 2979 tibus
2300 2924 2367 2978 ad
2384 2923 2731 2992 corrigenda
2754 2923 3015 2993 quaedam
3029 2924 3251 2992 gravia,
3268 2938 3396 2993 quae
3415 2922 3540 2978 solo
3560 2926 3758 2976 tamen

2113 3011 2317 3067 auditu
2349 3011 2690 3080 didiceram,
2728 3019 2946 3080 quanto
2971 3011 3281 3067 videbatur
3304 3010 3440 3065 mihi
3484 3010 3537 3064 id
3571 3024 3644 3064 ex
3677 3009 3765 3063 in-

2113 3099 2291 3156 curiae
2316 3114 2422 3155 mae
2455 3104 2511 3155 et
2555 3099 2926 3169 negligentiae
2959 3099 3183 3155 desidia
3242 3099 3579 3170 procedere.
3646 3097 3761 3152 Sed

2113 3188 2251 3258 quid
2284 3187 2415 3243 dico
2445 3188 2668 3257 gravia,
2690 3202 2820 3245 cum
2855 3203 2924 3243 ne
2957 3188 3175 3243 minuta
3201 3187 3432 3257 quidem
3455 3185 3761 3255 corrigere

2114 3274 2501 3347 praevalebam
2532 3277 2555 3329 ?
2584 3277 2669 3330 Ita
2700 3290 2833 3330 ame
2853 3276 3040 3330 omnis
3062 3275 3272 3343 virtus,
3295 3273 3758 3343 omnisjustitia,

2114 3362 2300 3419 omnis
2332 3362 2509 3432 rigor,
2546 3368 2846 3434 postremo
2870 3362 3153 3433 quidquid
3176 3360 3317 3417 illud
3332 3360 3587 3431 estquod
3612 3374 3767 3431 prae-

2115 3450 2296 3508 latum
2332 3451 2519 3521 decet,
2547 3466 2577 3507 a
2610 3467 2698 3507 me
2762 3456 3112 3522 recesserat,
3168 3450 3553 3520 qnasi'factis
3614 3448 3766 3520 ipsis

2116 3540 2253 3595 mihi
2280 3539 2629 3611 loquereris,
2665 3548 2724 3596 et
2759 3540 3007 3609 diceres,
3032 3554 3121 3595 me
3172 3540 3357 3611 primo
3414 3537 3766 3595 curandum.

2116 3626 2255 3693 Quis
2286 3628 2435 3683 cnim
2469 3643 2576 3697 ego
2620 3632 2776 3698 tunc,
2798 3628 2887 3685 vel
2920 3627 3110 3698 qualis
3135 3642 3294 3683 eram
3326 3627 3570 3697 ?Utique
3589 3627 3766 3682 homo

2115 3717 2208 3776 cui
2233 3717 2421 3772 omnia
2445 3716 2515 3771 ad
2548 3722 2746 3773 votum
2774 3718 3188 3788 suppetebant,
3214 3715 3441 3785 singula
3482 3730 3589 3786 pro
3622 3720 3768 3771 voto

2116 3809 2304 3875 erant,
2340 3810 2402 3861 ut
2440 3805 2576 3860 mihi
2611 3805 2723 3876 ipsi
2754 3805 2942 3877 palam
2976 3806 3219 3861 daretur
3264 3804 3536 3873 intelligi,
3573 3803 3620 3859 si
3653 3803 3766 3858 tibi

2117 3894 2499 3963 adhesissem,
2535 3908 2639 3948 nec
2672 3894 2807 3949 vitze
2856 3894 3178 3949 remissiori
3240 3894 3401 3947 frena
3450 3892 3763 3961 laxassem,

2118 3983 2573 4039 succedentibus
2606 3982 2900 4053 utrimque
2950 3982 3250 4053 prosperis
3288 3997 3390 4037 rex
3435 3996 3649 4049 essem,
3705 3986 3767 4036 et

2116 4085 2253 4127 vere
2288 4086 2408 4126 rex.
2444 4071 2550 4137 Qui
2578 4072 2730 4127 enim
2765 4070 3096 4126 dominatur
3153 4071 3343 4126 animo
3376 4086 3504 4139 suo,
3557 4069 3766 4124 melior

2118 4164 2210 4215 est
2237 4165 2639 4230 expugnatore
2665 4159 2892 4215 urbium
2920 4176 2933 4225 ;
2966 4159 3098 4228 quia
3125 4173 3261 4215 vero
3286 4159 3445 4228 regia
3488 4158 3624 4212 mihi
3650 4156 3764 4229 ipsi

2116 4247 2366 4304 viluerat
2400 4248 2674 4318 dignitas,
2692 4251 2750 4303 et
2782 4262 2987 4303 nomen
3009 4246 3164 4317 quod
3196 4247 3405 4302 merito
3436 4246 3766 4303 honoratur

2119 4336 2449 4405 sorduerat,
2498 4336 2706 4390 sordes
2758 4350 2864 4392 mae
2920 4336 3124 4391 feetere
3195 4336 3458 4392 fecerunt
3517 4334 3766 4391 odorem

2121 4438 2329 4494 meum,
2366 4427 2428 4479 ut
2463 4424 2689 4478 fructus
2722 4423 3061 4495 penitentia:
3085 4423 3553 4480 darentodorem
3571 4438 3766 4490 suum,

367 4497 658 4571 quomodo
690 4496 948 4568 procella
996 4496 1154 4552 venti
1206 4497 1561 4553 inundantis
1611 4498 2009 4556 secularitatis

2123 4516 2179 4566 te
2214 4510 2575 4568 illuminante
2606 4512 2880 4567 tenebras
2922 4526 3098 4580 meas,
3125 4519 3184 4566 et
3231 4511 3585 4568 cmundante
3630 4526 3773 4568 con-

364 4584 693 4655 grassantis
708 4584 905 4654 rapuit
929 4597 1016 4638 me
1040 4584 1111 4639 ad
1126 4587 1183 4639 te
1197 4586 1219 4638 ?
1235 4585 1701 4641 Abstrahebarct
1715 4585 2002 4657 videbam,

366 4672 637 4746 rapiebar
667 4677 728 4728 et
759 4672 1080 4727 sentiebam
1119 4672 1383 4728 :furabar
1406 4673 1712 4744 mihiipsia
1745 4688 1834 4730 me
1855 4675 2003 4747 ipso,

366 4768 426 4820 ct
456 4760 745 4830 dolebam,
779 4764 836 4816 et
862 4760 917 4815 in
947 4766 1385 4832 conspectutuo
1403 4763 1722 4831 gemebam,
1756 4768 1815 4819 et
1842 4778 2012 4819 cura-

366 4853 584 4908 tionem
608 4848 897 4916 sitiebam,
927 4853 1034 4904 eta
1070 4853 1124 4904 te
1146 4848 1428 4905 vindicari
1459 4854 1515 4905 et
1548 4851 1808 4906 consumi
1879 4865 2011 4921 pec-

366 4947 496 4998 cata
530 4954 654 4995 mea
685 4938 1011 5010 cupiebam,
1039 4952 1166 5008 quae
1193 4938 1309 5008 jam
1334 4938 1458 5009 ipse
1499 4938 1606 4995 tibi
1654 4938 2009 4997 cenfitensin

368 5043 459 5086 me
488 5028 818 5098 puniebam,
846 5039 1193 5097 quamquam
1245 5041 1356 5081 non
1410 5040 1591 5096 usque
1649 5026 1719 5082 ad
1777 5028 2007 5098 dignam

368 5114 788 5188 paenitentiam.
825 5114 979 5171 Licet
1011 5113 1162 5169 enim
1193 5129 1281 5169 me
1341 5128 1586 5185 peccare
1628 5113 1907 5185 dolerem,
1951 5120 2011 5171 et

369 5200 1145 5272 aliquandocompungerer,
1180 5217 1289 5258 non
1342 5209 1530 5258 tamen
1589 5202 1645 5259 in
1701 5203 1812 5258 fine
1858 5219 2013 5260 com-

372 5289 694 5363 pungebar,
729 5294 789 5344 ut
828 5303 1070 5359 peccare
1085 5289 1453 5359 desisterem,
1490 5290 1643 5361 quod
1674 5295 1764 5346 est
1791 5307 2009 5349 summa

369 5374 823 5453 penitentize.jEi
853 5376 1017 5432 mihi!
1045 5377 1332 5449 quomodo
1371 5379 1757 5448 perturbatur
1789 5380 2013 5437 animus

370 5463 811 5542 prmsidentium
862 5464 1056 5522 favore
1112 5465 1516 5523 adulantium?
1565 5466 1866 5533 Quomodo
1915 5468 2010 5539 qui

370 5554 525 5616 beati
552 5552 848 5624 dicuntur,
882 5551 1276 5626 decipiuntur,
1310 5558 1368 5612 et
1403 5555 1785 5626 viaegressum
1809 5570 2007 5614 eorum

2123 4599 2428 4656 scientiam
2461 4606 2740 4657 nostram.
2781 4601 2940 4657 Unde
2966 4615 3075 4656 non
3110 4600 3162 4654 in
3196 4601 3426 4668 longum
3466 4600 3772 4672 prosperi-

2123 4694 2242 4744 tate
2269 4688 2550 4746 malorum
2583 4704 2839 4746 meorum
2857 4689 3072 4745 fruitus
3095 4704 3241 4743 sum.
3272 4688 3561 4743 Nonenim
3596 4689 3765 4745 multi

2122 4777 2412 4833 tinxerant
2443 4776 2588 4848 dies,
2622 4782 2681 4834 et
2710 4777 2964 4834 visitasti
3000 4792 3088 4834 me
3114 4777 3305 4847 gratia
3340 4776 3581 4848 pietatis
3628 4783 3765 4848 tuae,

2120 4870 2185 4922 ut
2217 4866 2504 4922 discerem
2547 4880 2789 4938 sperare
2824 4866 2882 4922 in
2915 4872 2992 4935 te,
3026 4882 3135 4923 non
3160 4865 3571 4935 incertohujus
3595 4866 3766 4932 vitae;

2121 4955 2463 5011 decreverat
2483 4956 2636 5011 enim
2672 4956 2862 5012 facere
2914 4955 3022 5012 hoc
3067 4969 3270 5012 manus
3319 4953 3762 5024 omnipotentiae

2122 5031 2257 5083 tum.
2310 5028 2460 5082 Hora
2516 5026 2931 5082 celebrabatur
3000 5027 3202 5097 tcrcia,
3268 5027 3586 5081 intereram
3641 5026 3769 5097 ipse

2122 5107 2317 5172 choris
2350 5115 2743 5187 psallentium.
2781 5114 3165 5186 Subrepserat
3194 5114 3331 5170 mihi
3393 5113 3488 5169 illa
3543 5115 3771 5184 cogita-

2124 5203 2224 5273 tio,
2260 5217 2429 5274 quam
2462 5207 2520 5258 te
2554 5204 2935 5273 permittente
2958 5206 3016 5258 et
3042 5203 3293 5258 donante
3325 5202 3499 5258 habet
3526 5202 3626 5272 qui
3652 5202 3765 5259 sibi

2123 5292 2401 5364 diSplicet
2432 5311 2444 5347 :
2478 5306 2567 5348 me
2588 5293 2857 5349 arborem
2882 5291 3324 5362 infructuosam,
3357 5290 3773 5350 terraminuti-

2124 5380 2260 5436 liter
2291 5386 2696 5452 occupantem,
2733 5381 2961 5436 fructus
3004 5380 3137 5436 boni
3160 5380 3357 5451 operis
3380 5378 3589 5435 afferre
3606 5379 3773 5436 fasti-

2124 5469 2398 5540 dientem,
2425 5469 2657 5540 dignam
2687 5468 2908 5526 succidi
2939 5473 2998 5526 et
3020 5468 3281 5526 sucendi.
3312 5470 3436 5525 Non
3458 5481 3594 5524 esse
3611 5467 3771 5526 filios

2126 5562 2461 5615 sanctorum
2491 5558 2589 5629 qui
2613 5560 2817 5616 tenent
2838 5557 2962 5615 loca
2984 5572 3207 5630 eorum,
3240 5555 3343 5616 sed
3365 5556 3463 5629 qui
3482 5561 3771 5615 exercent
