3982 6056
254 134 372 197 369
1498 134 1997 203 CHRONICON.
2039 175 2105 185 --
2134 136 2288 204 LIB.
2322 140 2396 206 Π.
3561 143 3678 209 870

258 284 441 343 opera
473 285 695 337 eorum.
734 287 822 331 me
851 274 1003 332 omni
1038 270 1405 335 lacrimarum
1448 272 1606 335 fonte
1636 274 1910 350 plangen-
1938 270 1995 336 A
2027 271 2217 335 minus
2243 289 2532 350 curarem,
2566 278 2626 335 et
2674 273 2926 337 cessisse
2971 289 3074 337 eos
3115 279 3290 351 atque
3339 277 3412 339 ab
3458 277 3667 353 injuria

257 359 419 432 dum,
455 377 569 433 quo
612 377 778 419 nemo
831 364 1013 433 magis
1063 370 1300 426 noceret
1348 366 1404 421 in
1450 365 1736 438 :ecclesia,
1773 382 1911 438 quo-

257 449 411 506 niam
443 456 501 507 et
528 467 798 522 perverse
822 452 1104 521 vivebam,
1136 455 1505 525 speciemque
1526 455 1828 525 religionis
1850 460 1905 514 et

257 537 457 595 locum
490 540 851 611 praelationis
893 543 1110 597 habere
1141 542 1399 599 videbar.
1438 544 1762 599 Clamabam
1796 559 1907 601 non

255 641 439 698 parvo
462 628 696 698 affectu,
722 629 950 684 interno
976 634 1196 685 tantum
1223 632 1420 687 cordis
1443 632 1683 703 gemitu,
1709 646 1810 688 ore
1835 633 1911 688 si-

255 713 426 785 lenti,
453 717 607 786 quod
630 720 691 771 tu
718 717 914 787 dabas,
945 719 1096 788 quod
1120 719 1281 774 cordi
1308 720 1697 791 aSpiraveras,
1727 736 1909 791 usque

254 805 326 859 ad
388 805 514 860 oris
572 805 975 876 suffusionem,
1019 812 1079 862 et
1127 807 1304 863 credo
1359 808 1511 878 quod
1573 809 1908 865 exaudicris

252 906 459 949 vocem
494 908 695 948 meam.
727 894 1050 951 Ostendisti
1083 896 1232 951 enim
1267 911 1435 953 servo
1464 900 1567 953 tuo
1590 913 1717 968 qua:
1740 913 1910 968 opor-

254 982 424 1037 tebat
448 981 722 1051 ﬁericito,
742 981 990 1053 loquens
1015 1000 1155 1040 voce
1180 988 1277 1040 tua
1305 986 1531 1042 interna
1555 993 1612 1042 et
1639 987 1905 1057 mystica,

252 1069 443 1126 multa
457 1085 592 1126 esse
607 1074 843 1142 peccata
870 1087 1013 1141 mea,
1039 1088 1144 1143 pro
1169 1075 1380 1143 quibus
1404 1075 1710 1145 expiandis
1733 1076 1905 1131 trium

254 1157 399 1213 mihi
433 1158 671 1215 daretur
701 1160 881 1230 optio,
914 1165 1012 1216 aut
1055 1162 1257 1216 famem
1308 1168 1635 1233 venturam,
1670 1179 1778 1233 qua
1811 1179 1907 1234 po-

252 1246 398 1316 pulo
432 1246 729 1302 dilabente
757 1252 816 1303 et
851 1249 906 1302 in
960 1254 1203 1304 mortem
1254 1254 1461 1306 ruente
1494 1255 1615 1307 tota
1650 1266 1908 1322 pessum-

251 1335 503 1391 daretur
534 1335 793 1406 abbatia,
828 1340 926 1392 aut
960 1337 1453 1408 impugnationem
1505 1340 1903 1411 diripientium

249 1422 584 1479 vicinorum
618 1423 736 1494 pati
769 1424 1068 1496 populum,
1106 1441 1214 1496 qua
1250 1427 1327 1481 ita
1363 1427 1807 1499 dilapidaretur,
1844 1434 1907 1483 ut

255 1524 427 1566 mons
451 1510 574 1583 ipse
598 1512 934 1568 rarissimos
958 1513 1314 1570 incoleretur
1337 1515 1687 1584 habitatore,
1703 1520 1800 1572 aut
1819 1531 1905 1570 me

2022 370 2224 424 nostra
2257 382 2545 438 cessasse,
2582 383 2687 439 pro
2715 382 2785 425 eo
2817 367 2970 439 quod
3019 372 3265 426 conatus
3308 385 3507 428 eorum
3549 371 3664 443 jam

2021 456 2279 512 secundo
2308 456 2513 513 irritus
2544 457 2737 513 factus
2781 461 2927 526 erat,
2962 456 3283 525 crederem,
3315 464 3373 514 et
3421 460 3666 516 maxime

2021 559 2124 614 pro
2151 544 2272 614 jugi
2296 559 2496 602 eorum
2521 545 2825 615 obsequio,
2853 545 2948 615 qui
2972 546 3166 601 tamen
3192 561 3303 602 non
3328 547 3474 603 satis
3492 552 3665 619 aptus

2018 636 2075 687 et
2109 632 2240 688 ideo
2264 647 2466 704 parum
2490 638 2943 705 eratacceptus,
2971 633 3052 689 ita
3079 638 3140 690 ut
3166 633 3341 690 etiam
3364 636 3668 692 referenti-

2022 722 2128 777 bus
2160 736 2269 776 non
2301 721 2626 791 crederem,
2660 722 2815 777 sensi
2849 721 3081 777 tandem
3123 726 3180 777 et
3230 727 3512 795 expertus
3540 738 3663 779 sum

2020 823 2188 878 quem
2222 809 2317 863 vix
2347 809 2511 879 potui
2545 824 2783 880 sperare
2818 809 3097 865 dolorem.
3126 812 3364 866 Avertat
3399 814 3551 869 Deus
3584 813 3668 868 fu-

2022 898 2161 952 riam
2195 898 2341 953 hanc
2374 899 2446 953 ab
2478 897 2747 954 aecclcsia
2809 900 2947 954 sua!
2980 899 3033 953 in
3084 913 3172 954 me
3221 899 3456 956 finiatur
3504 904 3668 957 tanta

2019 985 2287 1052 malicia;
2321 986 2428 1041 huc
2475 1001 2600 1041 eam
2650 986 2884 1042 venisse
2934 986 3203 1043 sufficiat.
3241 991 3359 1045 Hec
3392 988 3666 1058 Vigilium

2019 1074 2316 1130 diaconem
2352 1075 2405 1128 in
2440 1074 2664 1130 Silverii
2701 1089 2864 1146 papae
2888 1075 3209 1131 beatissimi
3237 1077 3481 1133 armavit
3512 1078 3667 1149 deje—

2018 1162 2288 1230 ctionem,
2316 1169 2375 1218 et
2399 1162 2530 1218 dum
2556 1162 2682 1231 ejus
2707 1164 3044 1235 concupivit
3069 1164 3289 1233 sedem,
3307 1165 3556 1237 adeptus
3575 1169 3665 1222 est

2018 1251 2406 1306 anathematis
2431 1251 2897 1322 dampnationem
2919 1266 3119 1321 ;quam
3142 1253 3512 1323 postmodum
3541 1254 3663 1324 pari

2017 1342 2177 1394 sorte
2209 1339 2490 1395 multatus
2521 1338 2797 1409 expiavit.
2826 1341 2956 1395 llaec
2983 1340 3189 1410 pestis,
3217 1345 3280 1397 ut
3303 1340 3372 1397 de
3397 1341 3663 1412 speciali,

2019 1427 2483 1502 q’uia‘innumera
2515 1431 2854 1496 occurrunt,
2884 1427 3114 1483 interim
3148 1431 3470 1498 taceamus,
3492 1444 3665 1499 gene-

2018 1514 2125 1569 rali
2159 1515 2291 1569 tabe
2323 1514 2509 1569 omnia
2546 1515 2664 1569 fere
2706 1514 2890 1570 nostri
2938 1516 3221 1586 temporis
3252 1516 3514 1587 corrupit
3550 1531 3667 1573 mo-

253 1599 460 1668 fugere
494 1598 760 1655 inimicos
778 1615 936 1656 meos
960 1605 1221 1672 tempore
1250 1602 1507 1672 przefixo,
1536 1602 1670 1659 illos
1693 1604 1908 1659 invale-
1936 1627 1988 1686 Β
2020 1602 2316 1668 nasteria;
2350 1607 2405 1657 et
2440 1603 2662 1671 ignitus
2697 1602 2795 1657 ille
2827 1617 3071 1673 serpens
3111 1604 3667 1660 obmurmurationis

248 1701 442 1757 scere,
476 1702 565 1742 me
603 1689 835 1744 omnino
882 1688 1152 1760 deﬁcere,
1189 1694 1252 1745 ut
1300 1692 1533 1746 omnino
1587 1706 1698 1747 non
1745 1698 1905 1747 esset

252 1776 352 1846 qui
375 1790 465 1831 me
488 1776 733 1832 amicum
770 1782 1117 1847 agnosceret
1141 1783 1201 1833 et
1220 1782 1282 1834 ut
1306 1779 1489 1834 amico
1515 1780 1902 1851 benefaceret,

249 1869 313 1919 et
335 1868 531 1920 tamen
558 1865 790 1920 infamia
818 1880 940 1921 mea
965 1866 1019 1921 in
1045 1867 1197 1921 omni
1226 1866 1524 1938 tripertito
1558 1867 1666 1923 hoc
1698 1884 1907 1938 purga-

252 1952 439 2008 tionis
467 1966 683 2022 genere
716 1968 826 2008 non
860 1952 1105 2009 lateret:
1138 1969 1272 2010 esse
1304 1959 1498 2010 autem
1524 1956 1577 2010 in
1603 1955 1906 2012 voluntate

254 2054 407 2109 mea,
444 2048 508 2096 ut
541 2040 990 2098 adbreviaretur
1020 2041 1153 2098 mali
1186 2046 1415 2114 tempus
1456 2045 1906 2113 exaggeratione

251 2128 532 2185 vindictae
561 2129 756 2185 acrius
781 2130 1136 2197 inundantis,
1155 2146 1224 2185 an
1250 2132 1697 2202 prolongaretur
1720 2148 1908 2189 moro-

251 2215 434 2273 sitate
465 2217 719 2287 alicujus
753 2217 1171 2274 deliniationis.
1195 2219 1483 2290 Obstupui
1509 2220 1579 2276 ad
1604 2236 1801 2276 vocem
1828 2221 1908 2275 lo-

253 2305 516 2375 quentis,
553 2310 613 2361 et
644 2321 773 2362 cum
806 2310 1034 2361 artarer
1066 2306 1385 2378 responsis,
1409 2308 1741 2378 recogitans
1774 2310 1907 2378 quia

253 2406 367 2462 ego
398 2408 526 2449 sum
559 2394 654 2465 qui
686 2394 942 2464 peccavi,
976 2409 1084 2463 ego
1128 2395 1223 2465 qui
1276 2395 1473 2465 inique
1524 2396 1636 2465 egi,
1674 2396 1907 2451 subdidi

255 2496 351 2536 me
379 2481 625 2551 justitize
656 2482 778 2553 Dei,
804 2482 1072 2552 quoniam
1105 2485 1309 2551 bonus,
1344 2488 1399 2538 et
1436 2484 1491 2537 in
1524 2483 1781 2539 seculum
1816 2484 1909 2539 mi-

253 2569 583 2627 sericordia
608 2570 753 2640 ejus.
779 2571 1008 2627 Timens
1041 2586 1178 2628 vero
1212 2586 1280 2627 ne
1312 2571 1617 2627 deficerem
1643 2571 1696 2626 in
1730 2573 1904 2629 tribu-

257 2657 598 2727 lationibus,
623 2673 752 2715 eum
777 2673 1003 2715 orarem
1030 2659 1316 2715 reservari
1346 2659 1478 2713 mihi
1512 2658 1741 2729 aliquos
1774 2662 1910 2716 ami-

253 2762 483 2815 corum,
517 2762 760 2818 quorum
792 2747 1055 2803 consiliis
1112 2752 1475 2818 protegerer,
1525 2763 1634 2803 non
1682 2749 1907 2820 Optinui

253 2834 373 2890 nisi
405 2835 653 2905 gratiam
689 2836 875 2906 patris
908 2836 1115 2905 nostri,
1148 2852 1317 2907 quem
1370 2837 1542 2891 etiam
1596 2838 1907 2894 novissime

253 2922 569 2979 habiturus
597 2937 707 2979 non
740 2938 951 2994 essem,
985 2930 1043 2979 et
1090 2924 1282 2980 audivi
1318 2925 1471 2995 quod
1504 2923 1709 2980 domus
1740 2924 1908 2981 ducis

255 3011 507 3066 maxime
538 3012 829 3068 infamiam
865 3012 1144 3068 dilataret
1175 3017 1235 3067 et
1267 3012 1669 3083 amplificaret.
1704 3015 1907 3070 Preca-

250 3104 353 3155 tus
384 3114 533 3169 sum,
558 3105 618 3155 ut
652 3099 950 3170 patientiae
981 3099 1200 3156 virtute
1236 3102 1513 3171 munirer,
1542 3116 1612 3156 ne
1645 3102 1909 3157 subcum-

252 3188 478 3258 berem,
509 3192 571 3242 et
599 3187 952 3243 ammonitus
985 3203 1108 3244 sum
1144 3189 1197 3243 in
1246 3188 1628 3245 tribulatione
1677 3204 1909 3261 semper

248 3274 480 3344 gratias
512 3289 705 3345 agere,
732 3290 868 3332 vera
893 3275 1020 3345 ejus
1035 3275 1253 3345 judicia
1278 3276 1536 3345 laudare,
1563 3283 1622 3332 et
1646 3291 1767 3333 mea
1794 3292 1907 3332 ma-

251 3362 467 3419 lefacta
500 3377 780 3419 accusare
812 3382 825 3418 :
862 3365 969 3419 hoc
1020 3363 1220 3420 addito
1273 3364 1446 3435 quod,
1483 3365 1753 3435 quotiens
1799 3366 1905 3422 hoc

252 3451 549 3517 fecissem,
570 3451 702 3507 mali
730 3452 937 3507 molem
964 3451 1326 3521 levigandam
1349 3452 1752 3509 consolatione
1776 3469 1906 3524 pro-

248 3539 595 3610 pinquante.
654 3542 934 3596 Futurum
990 3545 1182 3596 autem
1235 3545 1297 3597 ut
1339 3540 1568 3596 infamia
1618 3546 1900 3611 cessaret,

244 3628 444 3697 gratia
461 3628 1020 3699 rediret,tribulatio
1033 3628 1765 3699 evanesceret,consolatio
1781 3644 1907 3685 suc-

244 3721 553 3772 cresceret
585 3735 597 3773 :
631 3721 768 3774 tunc
802 3733 914 3773 non
945 3716 1332 3772 obliviscerer
1366 3716 1608 3785 Domini,
1636 3718 1737 3788 qui
1774 3732 1904 3789 per-

243 3805 405 3860 cutit
436 3810 497 3860 et
526 3811 712 3873 sanat,
745 3805 926 3861 deicit
955 3810 1012 3860 et
1045 3804 1300 3871 allevat;
1332 3804 1501 3873 cujus
1535 3804 1759 3873 ﬂagella
1804 3804 1904 3859 mi-

247 3892 578 3950 serationes
608 3897 764 3963 sunt,
792 3895 1037 3949 verbera
1063 3893 1520 3963 propiciationes
1545 3896 1699 3948 sunt.
1727 3893 1900 3949 Plura

249 3984 543 4051 praetereo
576 3996 704 4051 quae
738 3981 790 4036 in
805 3981 1120 4052 plcbuntur
1150 3984 1416 4050 tempore
1448 3992 1573 4035 suo.

321 4067 466 4137 (F01.
504 4068 646 4139 139’)
675 4070 914 4126 Tercius
944 4069 1122 4139 igitur
1173 4070 1458 4139 agebatur
1490 4083 1694 4137 annus,
1731 4072 1786 4122 et
1819 4068 1902 4138 ip-

164 4152 186 4165 ”
245 4157 378 4213 sius
408 4157 540 4212 anni
583 4157 796 4214 mensis
846 4172 1035 4214 nonus
1064 4172 1135 4213 ex
1167 4173 1282 4227 quo
1315 4156 1704 4213 Flaviniacum
1735 4170 1902 4212 vene-

248 4261 397 4314 ram,
424 4260 557 4301 cum
583 4245 852 4317 repetitis
882 4260 949 4301 ea
983 4260 1110 4316 quae
1140 4246 1369 4301 solebat
1402 4244 1719 4301 domestica
1744 4244 1901 4299 mali-

248 4335 341 4391 cia
375 4348 467 4389 me
498 4338 591 4389 est
619 4316 895 4403 aggressa
930 4333 1299 4404 calumpniis,
1331 4337 1391 4389 et
1421 4332 1760 4402 majoribus,
1789 4335 1900 4388 Deo
1927 4316 1987 4378 Ῑ)

250 4422 465 4492 utique
499 4422 896 4493 permittente,
932 4436 1099 4492 quem
1134 4421 1319 4478 solum
1352 4421 1614 4492 repperit
1645 4421 1905 4476 turbavit

248 4508 503 4579 injuriis.
532 4511 611 4565 Ac
641 4510 890 4580 primum
910 4508 1181 4566 clanculo
1213 4509 1322 4564 fide
1345 4508 1456 4565 sibi
1477 4509 1720 4564 invicem
1745 4510 1899 4578 data,

249 4600 471 4653 fratres
501 4601 558 4652 et
591 4596 692 4652 ﬁlii
718 4598 899 4653 nostri
927 4598 1123 4669 Operis
1149 4597 1321 4666 hujus
1343 4598 1615 4654 conscios
1640 4597 1747 4653 sibi
1774 4612 1906 4653 con-

249 4685 545 4755 sciscunt,
569 4685 883 4756 complices
906 4685 1212 4754 advocant,
1238 4685 1497 4741 fautores
1521 4685 1825 4756 promissis
1847 4691 1906 4741 et

250 4774 599 4830 muneribus
646 4773 758 4829 sibi
807 4773 1145 4843 conciliant,
1183 4773 1314 4828 inde
1351 4772 1458 4844 ipsi
1490 4772 1639 4828 idem
1671 4788 1907 4830 accusa-

249 4867 415 4918 tores
447 4865 505 4916 et
538 4865 723 4917 testes
754 4861 1097 4932 procedunt,
1118 4864 1175 4916 et
1209 4860 1279 4915 ad
1310 4861 1673 4917 lacerandam
1700 4862 1904 4917 famam

251 4954 516 5006 nostram
547 4950 605 5004 et
659 4949 1077 5020 inprobandam
1126 4949 1301 5005 vitam
1353 4953 1613 5005 nostram
1662 4965 1905 5021 quaeque

250 5044 501 5110 possunt
535 5036 783 5106 maligna
812 5037 1187 5106 concinnant,
1223 5041 1570 5093 accusantes
1618 5053 1706 5092 me
1746 5039 1904 5109 apud

250 5141 423 5183 omne
445 5125 740 5181 hominum
761 5139 945 5195 genus
963 5125 1307 5181 criminibus
1330 5124 1669 5194 mortiferis,
1693 5129 1749 5182 et
1776 5141 1905 5197 qum

249 5210 397 5287 ipsae
433 5214 637 5270 audire
664 5228 836 5270 aures
885 5216 1365 5285 expavescerent.
1403 5213 1565 5280 Quod
1615 5229 1744 5271 cum
1797 5230 1905 5286 ego

1940 2974 1987 3035 C

2020 1690 2230 1746 malum
2262 1706 2293 1746 a
2328 1689 2542 1761 populo
2570 1690 2811 1746 Judaico
2844 1689 3112 1759 migravit
3147 1691 3203 1746 in
3232 1692 3440 1756 turbas
3474 1705 3668 1748 mona-

2017 1778 2281 1847 chorum,
2310 1777 2505 1846 utjam
2528 1792 2675 1848 pene
2709 1779 2780 1833 ab
2813 1778 2899 1833 eis
2932 1778 3063 1848 quis
3094 1777 3248 1834 filius
3281 1778 3466 1849 patris
3498 1779 3668 1835 bene-

2017 1866 2328 1922 dictionem
2355 1870 2653 1921 mereatur
2677 1865 3311 1936 prorsusignorctur;a
3328 1865 3538 1937 quibus
3552 1880 3664 1922 non

2015 1958 2244 2010 tantum
2288 1957 2518 2023 patrum
2574 1953 2837 2024 pudenda
2889 1942 3391 2021 revelantur,non
3437 1958 3665 2011 tantum

2020 2042 2323 2111 fratribus,
2357 2056 2557 2097 verum
2591 2040 2890 2096 extraneis
2940 2040 3302 2111 irrisoribus,
3338 2041 3439 2098 scd
3489 2041 3664 2097 etiam

2018 2131 2143 2201 ipsa
2176 2135 2417 2200 paterna
2447 2129 2676 2186 viscera
2721 2130 3088 2200 scinduntur,
3119 2129 3253 2186 dum
3307 2145 3417 2201 pax
3465 2130 3668 2187 mccle-

2019 2219 2279 2289 siastica,
2311 2218 2537 2288 glutine
2584 2218 2852 2275 caritatis
2904 2218 3176 2288 rescisso,
3211 2218 3523 2274 dirimitur.
3561 2203 3665 2274 Ubi

2018 2323 2158 2377 ergo
2209 2307 2452 2379 privatis
2496 2307 2763 2363 CODSllilS
2811 2307 3204 2373 factiosorum,
3249 2321 3361 2362 non
3413 2306 3663 2363 ﬁliorum

2020 2396 2132 2452 sibi
2162 2395 2275 2466 ipsi
2308 2396 2432 2451 visa
2456 2401 2545 2451 est
2572 2395 2935 2466 processisse
2953 2394 3301 2466 calumpnia,
3326 2410 3399 2449 ex
3418 2394 3667 2451 occultis

2022 2483 2247 2540 insidiis
2278 2484 2348 2539 ad
2380 2487 2615 2555 apertas
2638 2484 2906 2555 prorupit
2925 2483 3279 2552 inimicitias,
3305 2488 3361 2538 et
3388 2482 3539 2553 quod
3564 2497 3666 2555 per

2021 2572 2215 2629 socios
2240 2572 2662 2644 disperserant,
2688 2572 2822 2626 mihi
2850 2572 2954 2642 ipsi
2982 2572 3286 2628 inerubide
3309 2572 3456 2642 (214)
3477 2571 3664 2643 palam

2023 2661 2337 2731 protestati
2354 2665 2509 2717 sunt.
2530 2660 2993 2730 Fateor,crubui,
3011 2660 3153 2716 etad
3172 2674 3258 2715 me
3275 2659 3462 2731 ipsum
3482 2673 3668 2715 rever-

2020 2765 2141 2819 sus,
2168 2750 2435 2819 cogitans
2461 2750 2593 2821 qu'a
2606 2749 2854 2820 judicia
2878 2750 3188 2818 tua,Deus,
3206 2747 3457 2819 abyssus
3474 2748 3669 2803 multa

2023 2838 2212 2905 (Psal.
2251 2853 2417 2907 xxxv,
2452 2843 2531 2906 7),
2564 2853 2691 2894 cum
2726 2837 2911 2893 solum
2946 2851 3033 2892 me
3074 2835 3393 2892 invenirem
3425 2834 3497 2890 de
3528 2834 3667 2891 ami-

2019 2927 2126 2996 cis,
2159 2926 2486 2996 objurgatis
2516 2926 2602 2981 eis
2634 2926 2955 2995 assurrexi,
2980 2929 3040 2980 et
3072 2924 3249 2981 multa
3272 2923 3515 2981 volvens
3539 2938 3667 2993 quae

2019 3015 2317 3072 audieram
2354 3029 2455 3070 nec
2500 3014 2885 3084 credideram,
2922 3015 3143 3069 foveam
3193 3012 3327 3067 mihi
3380 3015 3665 3083 paratam,

2018 3103 2186 3159 dolos
2220 3107 2453 3173 aptatos
2475 3101 2760 3171 intellexi,
2786 3102 3138 3171 decrevique
3160 3100 3390 3156 tandem
3413 3099 3665 3172 experiri

2019 3193 2330 3260 fortunam,
2364 3191 2412 3246 si
2446 3191 2641 3246 saltim
2669 3191 2723 3245 in
2747 3191 2839 3246 his
2862 3204 3009 3260 quos
3031 3189 3246 3246 ceteris
3269 3189 3665 3262 praefeceram,

2017 3278 2187 3335 fidem
2241 3278 2579 3335 invenirem.
2627 3280 2697 3333 Et
2746 3277 2883 3333 licet
2934 3277 3201 3348 pluribus
3248 3276 3668 3348 experimentis

2018 3382 2186 3423 unam
2218 3381 2417 3424 eorum
2448 3365 2806 3423 voluntatem
2840 3365 3073 3449 scirem,
3102 3365 3357 3434 cogitavi
3382 3370 3574 3420 tamen
3592 3378 3662 3420 eo

2017 3455 2153 3511 mihi
2178 3455 2311 3511 illos
2326 3455 2534 3511 vinciri
2562 3468 2733 3526 posse
2758 3452 2949 3523 modo,
2968 3453 3013 3509 si
3030 3453 3442 3509 auctoritatem
3464 3466 3663 3508 eorum

2017 3543 2135 3599 illis
2163 3556 2533 3614 opponerem,
2556 3547 2613 3598 et
2636 3546 2881 3599 conatus
2914 3541 3143 3598 illorum
3179 3540 3420 3597 illicitos
3457 3542 3664 3598 herum

2013 3631 2305 3700 gravitate
2337 3644 2708 3695 coercerem;
2742 3645 2852 3700 qua
2904 3633 3099 3685 tamen
3152 3629 3448 3685 molitione
3491 3628 3665 3685 nichil

2016 3719 2257 3789 profeci.
2282 3718 2573 3775 Dederunt
2596 3719 2747 3775 enim
2772 3718 2909 3773 mihi
2943 3720 3141 3787 verba,
3168 3732 3278 3774 non
3311 3716 3575 3785 consilia,
3605 3722 3667 3772 ut

2016 3807 2268 3865 Colticas
2320 3808 2482 3875 irem,
2521 3823 2635 3877 quo
2663 3807 2779 3876 jam
2812 3810 3019 3863 exacto
3052 3821 3200 3862 anno
3230 3810 3286 3862 et
3321 3821 3388 3862 eo
3420 3804 3668 3877 amplius

2014 3911 2123 3953 non
2159 3897 2400 3964 fueram,
2432 3896 2602 3965 quasi
2637 3895 2707 3950 ad
2740 3895 2818 3950 ibi
2852 3894 3211 3966 pausandum
3245 3899 3379 3965 post
3410 3892 3664 3950 laborem

2015 3983 2225 4039 messis
2254 3988 2314 4038 et
2345 3982 2787 4051 vindemiarum,
2825 3982 2972 4053 ipsis
3024 3981 3257 4037 interim
3309 3981 3666 4037 laboraturis

2015 4087 2122 4143 pro
2155 4084 2294 4141 pace
2325 4076 2382 4126 et
2418 4070 2615 4140 quiete
2650 4073 2873 4139 nostra,
2911 4085 2973 4125 re
3005 4073 3197 4124 autem
3242 4084 3379 4124 vera
3409 4068 3479 4124 ad
3514 4068 3667 4139 quod

2017 4158 2871 4229 intendebantoportunitatem
2887 4163 2946 4213 et
2962 4157 3151 4212 ocium
3174 4157 3441 4212 absentia
3467 4156 3665 4213 nostra

2016 4246 2320 4317 adepturis
2354 4253 2415 4302 ut
2439 4246 2809 4317 perﬁcerent.
2838 4245 2988 4315 Feci,
3014 4248 3073 4300 et
3098 4245 3206 4299 hoc
3231 4243 3421 4301 minus
3446 4247 3665 4311 astute,

2016 4338 2074 4390 et
2111 4334 2330 4406 paratis
2363 4349 2490 4413 quae
2521 4333 2851 4390 necessaria
2902 4336 3088 4402 erant,
3122 4331 3527 4387 benedictione
3577 4346 3668 4387 ac-

2016 4427 2207 4495 cepta,
2245 4423 2337 4478 die
2366 4427 2396 4477 5
2432 4422 2549 4478 Kal.
2587 4422 2821 4478 Octobr.
2860 4422 3040 4492 (Sept.
3096 4422 3189 4489 27)
3242 4434 3514 4491 pransum
3568 4419 3669 4474 ivi-

2019 4527 2163 4582 mus,
2218 4510 2565 4581 quibusdam
2612 4525 2684 4565 ex
2736 4510 3044 4577 fratribus,
3098 4508 3540 4580 quamplurimis
3597 4522 3668 4563 ex

2018 4599 2201 4669 laycis
2233 4599 2536 4655 nobiscum
2571 4597 3073 4659 accumbentibus.
3099 4602 3157 4652 et
3201 4602 3335 4668 post
3365 4595 3541 4651 solito
3580 4610 3670 4649 ae-

2016 4688 2281 4744 curatius
2312 4687 2611 4744 nobiscum
2658 4685 3191 4758 progredientibus,
3226 4697 3448 4754 nosque
3492 4683 3671 4737 dedu-

2015 4777 2442 4846 centibus,tota
2468 4774 2638 4847 plebe
2664 4774 2817 4844 quod
2842 4788 2953 4829 non
2980 4774 3287 4843 sperabam
3315 4771 3669 4841 ingeminan-

2018 4869 2093 4933 te,
2132 4880 2219 4920 me
2249 4864 2476 4920 scilicet
2510 4877 2619 4918 non
2654 4860 2725 4917 ad
2760 4875 3018 4932 praesens
3071 4874 3447 4915 reversurum
3482 4858 3669 4914 disce-

2019 4952 2175 5009 dere.
2239 4954 2516 5008 Notabam
2575 4949 2823 5019 singula,
2873 4953 2933 5003 et
2994 4947 3286 5003 admirans
3340 4947 3670 5018 inopinatos

2018 5038 2134 5095 voti
2168 5053 2367 5094 eorum
2401 5039 2739 5108 proventus,
2773 5033 3036 5090 sentiens
3066 5032 3239 5088 etiam
3282 5032 3335 5087 in
3371 5048 3458 5087 me
3490 5033 3669 5089 multa

2016 5134 2076 5184 et
2102 5142 2245 5199 pene
2268 5124 2710 5185 innumerabilia
2726 5123 2971 5179 verbere
2987 5124 3043 5177 et
3060 5120 3434 5192 correptione
3458 5120 3673 5190 dignis-

2019 5218 2184 5284 sima,
2202 5214 2497 5271 subdebar
2519 5212 2709 5268 animo
2728 5209 2969 5281 judiciis
2989 5208 3201 5266 divinae
3225 5208 3668 5279 misericordim,

1859 5338 2085 5398 NOTIE.

325 5407 482 5478 (214)
513 5409 558 5463 Ι.
588 5421 642 5464 e.
676 5422 786 5464 non
827 5407 1265 5464 erubescentes.

3522 5436 3547 5455 Ο
