3964 6044
326 117 439 217 ξ71
1284 123 1575 187 HUGON
1582 124 1655 186 IS
1698 120 2050 187 ABBATIS

2088 80 2764 187 FLAVINIACENSIS
3618 120 3744 184 312

330 276 724 322 rememorans
753 257 969 337 judicia
1001 258 1121 321 Dei.
1144 259 1371 321 occulta
1404 264 1460 319 et
1494 274 1803 333 numquam
1832 257 1979 333 inju-
2006 254 2064 319 A
2090 257 2425 322 vecordiam
2454 273 2727 320 coercere
2751 257 3296 334 praesumptionem,
3318 260 3378 317 et
3402 261 3749 333 perterrere

333 359 444 410 sta.
473 355 541 411 Et
574 368 727 411 nunc
747 351 935 409 adhuc
957 352 1063 409 hec
1087 351 1353 409 scribens
1371 350 1640 423 supplico
1658 348 1785 421 tibi,
1813 354 1981 421 pater

332 442 873 500 misericordiarum
887 444 945 499 et
960 444 1112 498 Deus
1126 441 1312 498 totius
1326 438 1840 505 consolationis,da
1860 452 1985 509 pec-

332 531 518 589 catori
535 530 786 604 supplici
801 536 906 588 tuo
921 530 1168 587 animum
1186 528 1585 601 patientem,in
1600 526 1981 584 tribulatione

332 621 556 691 gratias
569 624 861 691 agentem,
878 623 1073 675 errata
1088 632 1189 675 sua
1208 631 1523 687 agnoscere
1538 622 1596 673 et
1610 617 1719 673 sub
1738 614 1984 685 ﬂagellis

332 709 577 781 pictatis
610 713 728 766 tua:
769 704 1069 765 humiliter
1101 707 1172 762 ad
1205 712 1262 763 te
1294 706 1607 777 suspirare.
1646 706 1728 761 Ab
1760 705 1858 761 illo
1889 704 1982 760 die

334 798 619 856 neminem
654 795 1178 854 Flaviniacensium
1219 794 1358 863 vidi,
1392 795 1701 851 manifesta
1753 793 1982 863 cognita

334 886 433 942 Dei
475 886 717 956 virtute,
752 885 846 955 qui
901 883 1154 955 disponit
1205 883 1390 939 omnia
1434 883 1487 938 in
1534 881 1978 953 tranquillitate,

344 974 473 1045 quia
513 976 883 1031 recesserunt
917 985 1117 1027 omnes
1145 986 1173 1027 a
1208 985 1317 1041 me,
1352 973 1449 1042 qui
1483 977 1541 1026 et
1582 986 1711 1026 cum
1760 985 1983 1026 mecum

350 1068 572 1132 essent,
601 1061 770 1131 longe
801 1064 965 1116 erant
999 1074 1027 1115 a
1060 1074 1171 1130 me,
1194 1064 1253 1116 et
1277 1060 1326 1115 si
1350 1060 1444 1130 qui
1472 1060 1824 1115 adheserunt
1847 1057 1984 1112 mihi

335 1150 389 1205 in
412 1148 812 1219 tribulatione,
829 1148 1100 1205 videntes
1125 1148 1279 1218 quod
1304 1150 1601 1205 defecerat
1621 1146 1984 1203 Flaviniacus

333 1253 362 1294 a
394 1253 502 1307 me,
539 1238 648 1311 ipsi
681 1253 912 1309 quoque
943 1238 1160 1294 abiere.
1201 1238 1269 1293 Et
1302 1238 1434 1307 quia
1481 1239 1698 1293 abusus
1732 1250 1855 1292 sum
1890 1249 1987 1306 po-

330 1327 512 1384 tentia
572 1330 628 1381 et
682 1326 900 1384 honore
932 1326 1206 1395 seculari,
1244 1325 1375 1381 dum
1423 1326 1610 1395 licuit,
1645 1324 1814 1379 donis
1845 1324 1983 1394 tuis,

334 1416 587 1485 Christe,
619 1415 751 1486 quia
803 1418 991 1471 totum
1039 1419 1167 1470 erat
1218 1414 1321 1469 abs
1372 1418 1452 1483 te,
1490 1429 1595 1469 nec
1629 1418 1693 1470 ut
1722 1412 1893 1468 debui
1928 1416 1984 1468 et

332 1505 494 1576 potui
528 1505 824 1561 reveritus
848 1518 972 1561 sum
999 1503 1261 1559 datorem
1290 1503 1520 1560 illorum
1548 1507 1637 1559 te:
1663 1517 1798 1559 ecce
1824 1500 1985 1556 solus

2091 348 2358 422 exemplo
2383 350 2688 422 Cham,qui
2716 350 2847 421 quia
2876 350 3057 423 patris
3080 348 3334 406 verenda
3358 349 3605 418 detexit,
3631 364 3753 406 ma-

2094 438 2463 496 ledictionem
2501 440 2829 497 hereditate
2881 441 3159 511 possedit,
3192 439 3474 496 inmemor
3510 439 3652 496 fidei
3689 444 3755 496 et

2093 528 2253 599 pacis
2270 532 2475 600 pactae,
2493 529 2733 598 gavisus
2746 530 3000 599 estquod
3018 528 3339 584 invenisset
3362 528 3554 584 locum
3577 533 3753 599 opta-

2092 620 2213 673 tum
2238 617 2403 686 quasi
2432 632 2569 674 suas
2591 617 2833 689 injurias
2858 617 3207 683 ulciscendi;
3232 622 3290 671 et
3314 616 3611 673 infamiam
3648 631 3752 673 no-

2093 709 2295 774 stram,
2323 709 2630 776 antequam
2656 721 2743 762 me
2766 705 3107 762 conveniret
3128 704 3340 775 legatis
3363 711 3464 761 aut
3490 705 3743 775 litteris,

2092 793 2361 849 omnibus
2386 794 2442 849 in
2473 794 2631 850 curia
2664 797 2722 850 et
2753 798 2919 850 extra
2954 794 3174 850 curiam
3207 793 3619 864 publicandam
3644 808 3749 849 cu-

2093 881 2261 937 ravit.
2297 883 2413 939 Nec
2443 898 2636 949 mora;
2671 881 2994 939 Ilubaldum
3034 882 3103 938 de
3134 883 3273 952 suis,
3308 881 3425 938 illis
3456 882 3748 938 fratribus

2094 969 2538 1028 infamatoribus
2566 972 2787 1027 nostris
2811 971 3094 1027 sociatum
3135 970 3523 1026 Flaviniacum
3551 971 3740 1039 misit,

2093 1064 2151 1113 et
2165 1073 2195 1113 e
2224 1059 2458 1115 diverso
2473 1060 2775 1116 venientes
2789 1058 2962 1129 legati
2981 1061 3092 1129 sui,
3108 1064 3165 1116 et
3182 1060 3389 1128 nostri,
3407 1060 3745 1116 coenobium

2096 1146 2524 1216 ingrediuntur.
2544 1149 2740 1205 Nostri
2762 1152 3051 1205 conventu
3076 1148 3349 1217 adunato,
3370 1147 3561 1204 salute
3577 1148 3746 1216 data,

2094 1248 2277 1305 pauca
2302 1250 2407 1305 pro
2428 1240 2691 1308 tempore
2711 1241 2771 1291 et
2794 1252 2856 1291 re
2880 1236 3127 1306 loquuti,
3146 1252 3275 1292 cum
3300 1236 3749 1305 redarguissent

2094 1337 2194 1379 eos
2224 1324 2419 1380 verbis
2449 1324 2725 1394 juvenum
2754 1339 2884 1381 esse
2915 1325 3150 1381 nimium
3184 1324 3475 1394 credulos,
3513 1324 3756 1395 optule-

2097 1414 2229 1465 runt
2259 1408 2346 1467 e'is
2380 1426 2452 1467 ex
2485 1418 2681 1469 nostra
2707 1418 2872 1484 parte
2897 1414 3297 1484 purgationem
3323 1412 3642 1481 illatorum,
3675 1428 3752 1467 ne

2097 1498 2472 1556 dissentirent
2497 1516 2526 1557 a
2561 1502 2919 1572 subjectione
2946 1506 3145 1557 nostra
3164 1507 3223 1556 ct
3245 1500 3574 1556 obedientia
3597 1519 3613 1568 ;
3638 1515 3753 1558 nec

335 1610 483 1663 sum,
509 1599 571 1650 et
591 1608 705 1650 non
738 1608 861 1650 sum
899 1592 1077 1663 solus,
1103 1593 1236 1664 quia
1270 1607 1375 1649 nec
1407 1592 1568 1650 solus
1596 1594 1787 1665 patior
1813 1612 1826 1660 ;
1851 1608 1984 1650 con-
2009 1607 2067 1670 Β
2098 1591 2357 1660 suscepti
2390 1597 2545 1647 sunt.
2571 1591 2853 1660 Ingressis
2884 1597 2941 1646 et
2974 1590 3114 1660 illis,
3148 1590 3245 1661 qui
3273 1590 3754 1660 expectabantur

337 1683 646 1755 patiuntur
677 1682 826 1737 enim
861 1685 1150 1751 quotquot
1182 1685 1314 1737 sunt
1352 1688 1569 1753 patres,
1603 1686 1885 1753 quotquot
1919 1699 1982 1739 se

330 1772 559 1829 viscera
594 1775 836 1842 paterna
869 1770 1084 1827 habere
1115 1774 1531 1827 memorantur.
1560 1771 1670 1826 Sed
1695 1772 1786 1827 cui
1820 1787 1983 1828 aver-

334 1866 492 1916 teras
524 1858 726 1915 faciem
760 1862 940 1927 tuam,
970 1858 1127 1927 juste
1160 1859 1350 1915 factus
1373 1861 1889 1916 estconturbatus.
1919 1863 1980 1916 ln

332 1947 600 2005 omnibus
631 1962 732 2002 ore
762 1950 821 2003 et
849 1947 1026 2003 corde
1059 1946 1340 2003 benedico
1364 1953 1442 2016 te,
1470 1946 1656 2003 solum
1682 1964 1869 2003 meum
1894 1964 1982 2004 re-

270 2035 283 2041 ’
339 2036 581 2105 fugium,
598 2034 765 2105 quiet
781 2035 1191 2091 conturbatum
1213 2049 1322 2090 non
1348 2035 1681 2105 deseruisti,
1700 2036 1800 2092 sed
1819 2036 1980 2093 miris

333 2128 390 2179 et
426 2123 606 2179 variis
639 2122 825 2179 modis
856 2137 958 2179 cor
991 2137 1176 2179 meum
1208 2122 1484 2192 visitasti,
1520 2128 1582 2179 ut
1615 2124 1819 2179 scirem
1853 2140 1980 2195 qum

335 2212 547 2283 patior,
576 2225 605 2267 a
636 2215 696 2267 te
728 2225 890 2277 esse;
914 2212 1050 2281 quia
1082 2211 1191 2267 etsi
1226 2212 1482 2282 peccavi,
1508 2216 1568 2268 et
1600 2217 1835 2284 peccata
1858 2229 1979 2270 mea

336 2299 516 2356 multa
552 2303 685 2355 sunt
723 2304 782 2354 et
813 2299 1134 2369 innumera,
1170 2314 1360 2355 arenae
1407 2299 1581 2356 maris
1630 2316 1868 2357 numero
1921 2306 1979 2357 et

335 2387 594 2459 pondere
611 2387 1110 2459 incomparabilia,
1126 2403 1236 2444 non
1253 2392 1447 2443 tamen
1470 2386 1661 2459 qualia
1684 2393 1743 2445 et
1764 2394 1980 2459 quanta

334 2476 761 2547 imposuerunt,
799 2475 933 2531 mihi
966 2482 1119 2533 sunt.
1154 2478 1219 2532 Et
1252 2490 1390 2533 ecce
1441 2481 1610 2548 porto
1661 2478 1885 2548 pondus
1913 2476 1981 2511 ⁴³¹

334 2563 662 2633 ignominiae
678 2563 984 2635 impositae,
1003 2566 1427 2621 obtenebratur
1452 2565 1584 2620 mihi
1610 2566 1698 2621 sol
1716 2580 1976 2637 vespere,

334 2664 498 2706 mane
529 2655 590 2706 et
619 2650 881 2721 meridie,
917 2650 1220 2708 benedicta
1256 2652 1614 2723 dispensatio
1646 2658 1745 2709 tua
1778 2653 1832 2709 in
1868 2668 1974 2709 me.

404 2739 543 2794 Veni
578 2752 719 2808 ergo
752 2738 1049 2795 Divionem
1082 2738 1231 2795 ultra
1259 2755 1417 2811 spem
1436 2745 1494 2796 et
1514 2745 1709 2796 votum
1738 2741 1979 2798 fratrum

332 2830 391 2882 et
423 2825 673 2883 filiorum
695 2831 1030 2883 nostrorum
1059 2844 1072 2891 ;
1099 2828 1201 2883 sed
1223 2832 1280 2882 et
1308 2828 1385 2883 ibi
1413 2829 1645 2884 turbata
1671 2833 1840 2885 erant
1862 2845 1981 2885 om-

334 2915 425 2971 nia
450 2914 749 2971 nimietate
772 2914 1131 2972 inflrmitatis
1156 2931 1283 2987 quae
1309 2917 1606 2973 invaserat
1630 2922 1858 2989 patrem
1882 2934 1981 2975 no-
2010 2963 2057 3025 Ο

334 3007 542 3073 strum,
560 3018 729 3075 quem
746 3008 805 3059 tu
832 3004 1053 3061 sanasti
1077 3004 1444 3063 orationibus
1469 3005 1719 3061 filiorum
1742 3021 1975 3063 suorum

336 3090 590 3149 fidelium
604 3095 857 3149 tuorum.
880 3093 1489 3162 Attameninﬁrmitas,
1511 3094 1770 3164 ejusdem
1797 3096 1980 3167 patris
2029 3123 2034 3129 ε

331 3194 456 3236 mea
490 3180 598 3236 fuit
630 3180 959 3251 infirmitas,
994 3181 1126 3252 quia
1160 3196 1266 3237 nec
1298 3182 1349 3237 ei
1402 3182 1682 3253 loquutus
1726 3198 1871 3253 sum,
1906 3184 1974 3239 ad

333 3282 501 3338 quem
524 3282 797 3324 veneram
821 3271 1175 3339 accepturus
1188 3270 1257 3323 de
1275 3274 1433 3325 tanta
1458 3270 1834 3327 tribulatione
1846 3286 1978 3327 cou-

332 3354 546 3409 silium.
578 3354 719 3410 Aliis
763 3369 881 3410 rem
924 3370 1034 3410 non
1073 3356 1328 3425 judicavi
1364 3356 1796 3428 propalandam,
1825 3360 1975 3429 quod

333 3442 522 3498 adhuc
554 3443 839 3512 agebatur
869 3446 926 3500 ut
967 3442 1276 3500 credebam
1312 3445 1365 3499 in
1399 3444 1698 3511 clanculo;
1725 3447 1826 3502 sed
1853 3446 1978 3502 Col-

332 3530 483 3586 ticas
506 3530 642 3601 abii,
670 3530 802 3600 quia
829 3530 1324 3602 prioris‘ejusdem
1349 3532 1457 3588 loci
1482 3534 1627 3589 satis
1657 3548 1745 3589 me
1778 3535 1976 3589 crede-

334 3616 839 3689 bamstrenuitati,
858 3619 1229 3689 cujustamen
1253 3621 1511 3677 bonitate
1530 3636 1641 3677 non
1661 3622 1714 3677 in
1742 3621 1972 3693 longum

333 3707 549 3763 fruitus
578 3721 704 3763 sum
733 3726 744 3760 :
770 3710 828 3762 et
860 3707 914 3762 in
947 3708 1206 3763 crastino
1230 3709 1493 3765 eumdem
1517 3724 1646 3766 cum
1673 3710 1852 3766 fratre
1877 3712 1972 3782 qui

331 3794 632 3851 nobiscum
657 3794 993 3866 advenerat,
1011 3795 1398 3852 Flaviniacum
1425 3798 1572 3868 misi,
1600 3805 1661 3854 ut
1686 3798 1809 3870 ipse
1833 3800 1975 3855 stul-

330 3881 525 3938 torum
548 3881 958 3953 comprimeret
983 3882 1351 3938 insolentiam
1375 3887 1431 3939 et
1451 3884 1749 3942 edomaret
1776 3903 1975 3958 super-

332 3967 505 4025 biam.
539 3968 679 4040 (Fol.
718 3970 865 4042 140.)
898 3970 1021 4036 Quo
1055 3971 1377 4043 venientes,
1412 3972 1658 4030 nuncios
1713 3976 1970 4047 episcopi

330 4056 721 4124 invenerunt;
754 4062 814 4114 et
845 4059 1016 4115 simul
1045 4058 1239 4115 villam
1275 4060 1523 4130 ingressi
1567 4066 1724 4132 sunt,
1758 4064 1857 4119 scd
1891 4064 1973 4119 in-

333 4146 594 4203 tentione
626 4146 875 4204 diversa.
903 4148 1026 4203 Mox
1050 4148 1199 4204 enim
1226 4154 1290 4205 ut
1311 4164 1419 4219 ego
1446 4150 1771 4207 Flaviniaco
1794 4152 1969 4222 exivi,

332 4233 642 4290 contrariae
669 4234 852 4306 partis
876 4235 977 4290 filii
1000 4250 1113 4292 non
1134 4250 1344 4305 segnes
1375 4236 1428 4291 in
1461 4238 1857 4307 exequutione
1881 4240 1968 4296 sui

334 4321 647 4392 propositi,
682 4322 1022 4379 Sedelocum
1058 4324 1253 4378 ierunt
1283 4324 1541 4392 pontifici
1565 4330 1765 4381 nostro
1791 4327 1968 4398 prima
2004 4311 2050 4371 (ἶ

329 4407 541 4478 gaudia
565 4408 870 4480 perlaturi,
889 4410 1041 4480 quod
1065 4412 1246 4467 abbas
1268 4412 1735 4482 Flaviniacensis,
1753 4430 1893 4470 suus
1912 4419 1972 4470 et

332 4494 618 4552 :ecclesiae
632 4496 816 4553 hostis
830 4500 1266 4569 apertus,aquo
1291 4503 1449 4556 tanta
1479 4516 1685 4571 passus
1712 4504 1972 4573 pontifex

335 4583 505 4653 foret,
536 4581 860 4639 :ecclesiam
887 4584 1209 4656 dimiserat,
1238 4588 1386 4657 fugae
1408 4588 1745 4658 praesidium
1776 4588 1973 4646 latitu-

333 4685 435 4728 rus
467 4685 580 4727 non
615 4686 964 4728 reversurus
993 4673 1269 4744 elegerit;
1295 4676 1561 4732 zecclesia
1590 4677 1705 4745 jam
1731 4678 1855 4735 sine
1879 4694 1974 4749 pa-

332 4764 513 4832 store,
531 4760 696 4817 locus
716 4759 840 4817 sine
865 4765 1115 4832 rectore,
1144 4770 1397 4820 casti-un
1422 4764 1545 4820 sine
1568 4769 1784 4821 tutore.
1812 4767 1977 4822 Vide-

333 4852 422 4904 ret
454 4849 623 4921 cujus
654 4847 762 4905 hoc
792 4851 919 4904 erat
951 4851 1311 4921 prospicere,
1345 4867 1414 4907 ne
1463 4853 1613 4922 quod
1663 4854 1972 4925 dampnum

332 4934 651 4993 inferretur
680 4937 852 4993 matri
886 4938 1188 5009 aecclesiae,
1216 4954 1359 4996 neve
1391 4939 1489 4995 illc
1520 4940 1742 4996 rediret
1767 4942 1862 5012 qui
1890 4958 1976 5000 re-

331 5029 610 5095 cesserat,
646 5026 780 5096 quia
812 5026 1000 5082 omnia
1046 5031 1346 5084 constaret
1397 5029 1602 5085 amodo
1651 5029 1973 5101 periclitari

332 5110 388 5165 in
412 5110 539 5180 ejus
564 5114 897 5181 prmsentia.
919 5115 1115 5171 Audiit
1138 5116 1900 5188 episcopus,etletatusest,
1917 5123 1977 5174 et

335 5197 596 5255 auditum
624 5200 894 5257 omnibus
925 5206 1292 5272 protestatus
1324 5207 1435 5260 est.
1460 5205 1528 5260 Et
1561 5205 1659 5276 qui
1693 5205 1977 5262 debuerat

2094 1679 2343 1734 omnium
2362 1681 2479 1735 fere
2494 1680 2646 1735 votis
2659 1685 2715 1735 et
2732 1694 2992 1750 assensu,
3007 1680 3382 1736 revolvuntur
3396 1679 3450 1733 in
3468 1693 3572 1733 nos
3585 1677 3753 1734 mille

2094 1768 2376 1837 convicia,
2394 1768 2773 1824 effunduntur
2787 1767 3480 1839 obprobria,improperia
3497 1767 3753 1824 dilatan-

2094 1861 2208 1927 tur,
2235 1871 2363 1926 quaa
2389 1856 2521 1911 dum
2552 1855 2748 1912 recolo
2770 1857 3002 1927 horreo,
3025 1857 3159 1912 dum
3184 1858 3400 1913 horreo
3418 1860 3653 1928 stupeo,
3681 1864 3750 1914 et

2094 1943 2191 2000 lux
2208 1944 2328 2016 ipsa
2345 1945 2480 2000 mihi
2495 1950 2584 2001 est
2599 1945 2978 2001 fastidio.Nec
2991 1946 3454 2001 estinventusex
3467 1947 3749 2002 omnibus

2093 2031 2304 2101 quibus
2337 2032 2757 2101 benefeceram,
2788 2032 2885 2101 qui
2918 2031 3103 2088 vicem
3132 2035 3389 2087 nostram
3423 2030 3741 2088 doluisset.

2092 2122 2149 2175 et
2183 2117 2373 2174 saltim
2407 2120 2649 2174 verbum
2684 2134 2787 2189 pro
2816 2123 2985 2190 patre
3026 2133 3371 2189 quamquam
3422 2123 3747 2189 peccatore

2093 2206 2368 2263 dedisset.
2405 2208 2463 2262 In
2510 2207 2901 2264 conciliabulo
2947 2207 3047 2263 illo
3078 2209 3292 2263 fratres
3323 2214 3382 2262 et
3413 2206 3513 2261 lilii
3547 2208 3746 2264 nostri

2092 2302 2310 2351 sanctae
2326 2295 2676 2355 obedientiae
2698 2295 2957 2351 libellum
2978 2295 3206 2367 repudii
3230 2295 3747 2366 conscripserunt,

2109 2385 2320 2441 domno
2352 2385 2631 2456 episcopo
2664 2385 2998 2441 filiationem
3050 2399 3154 2456 per
3199 2384 3426 2454 legatos
3457 2384 3582 2453 ejus
3610 2385 3757 2441 olfe-

2092 2473 2365 2543 rentes,ei
2390 2472 2583 2528 villam
2606 2473 2825 2529 servari
2851 2473 3282 2544 promittentes,
3309 2476 3367 2528 et
3389 2472 3444 2527 in
3469 2473 3753 2529 omnibus

2091 2561 2226 2615 mihi
2251 2562 2760 2618 abrenunciantes.
2790 2563 3141 2617 Decreverat
3167 2561 3276 2617 hoc
3308 2562 3501 2617 facere
3536 2576 3750 2617 manus

2089 2653 2209 2714 tua,
2236 2651 2405 2719 Deus,
2425 2653 2483 2705 et
2517 2654 2756 2721 peccata
2789 2665 2913 2706 mea
2945 2650 3121 2705 etiam
3155 2650 3369 2719 majora
3404 2663 3750 2720 promerue-

2090 2743 2243 2808 rant,
2279 2740 2374 2809 qui
2407 2740 2784 2810 possederant
2818 2754 2944 2809 nos,
2972 2738 3231 2807 Domine,
3266 2740 3484 2809 absque
3516 2743 3594 2809 te,
3632 2753 3745 2796 nec

2090 2826 2489 2896 indignabitur
2518 2827 2816 2883 humilitas
2838 2832 3037 2883 nostra
3072 2826 3190 2898 pati
3224 2841 3602 2897 quaecumque
3636 2827 3745 2883 de-

2090 2916 2366 2985 creveris,
2404 2916 2617 2972 intuitu
2662 2915 3078 2971 misericordize
3127 2920 3264 2972 tuae.
3297 2917 3454 2971 Tunc
3485 2915 3740 2986 primum

2091 3002 2301 3072 legatis
2332 3003 2548 3060 nostris
2577 3005 2645 3059 ad
2682 3019 2786 3060 nos
2825 3004 2951 3060 sine
3004 3005 3198 3060 fructu
3247 3004 3521 3074 reversis,
3556 2998 3737 3060 didici

2091 3092 2272 3147 satius
2302 3107 2430 3148 esse
2482 3093 2597 3148 Deo
2649 3093 2871 3162 absque
2924 3092 3252 3149 Flaviniaco
3283 3092 3528 3162 servire,
3562 3107 3736 3163 quam

2088 3186 2332 3251 propter
2354 3180 2742 3237 Flaviniacum
2771 3183 2943 3237 Deum
2957 3180 3269 3250 offendere,
3291 3180 3445 3251 quod
3459 3195 3567 3250 ego
3585 3182 3741 3238 fece-

2089 3282 2231 3338 ram,
2258 3283 2386 3325 cum
2414 3270 2566 3325 fastu
2592 3269 2884 3339 superbire
2909 3269 3179 3338 turgidus
3201 3274 3257 3324 et
3282 3271 3737 3339 obsequentium

2087 3357 2288 3412 cuneis
2338 3357 2636 3413 delinitus.
2676 3358 2849 3413 Deum
2885 3372 2992 3413 non
3030 3361 3089 3412 ut
3124 3356 3298 3413 debui
3336 3358 3587 3428 respexi.
3624 3372 3739 3414 nec

2091 3445 2351 3500 timorem
2378 3444 2502 3513 ejus
2522 3445 2713 3501 animo
2731 3445 3111 3501 circumdedi.
3128 3446 3353 3513 Fateor,
3372 3445 3525 3502 sensi
3550 3447 3734 3515 quod,

2087 3547 2197 3587 non
2223 3533 2409 3588 dicam
2434 3532 2695 3601 credere,
2714 3533 2815 3587 sed
2847 3547 2950 3587 nec
2970 3546 3208 3603 sperare
3231 3532 3391 3603 potui
3417 3552 3430 3586 :
3459 3532 3590 3602 quia
3613 3533 3736 3589 vidi

2089 3635 2176 3676 me
2204 3620 2437 3677 omnino
2469 3621 2595 3676 sine
2626 3619 2851 3689 amicis,
2885 3620 3009 3690 qui,
3042 3636 3112 3675 ex
3157 3635 3269 3690 quo
3305 3621 3486 3691 potui,
3519 3621 3593 3677 ad
3621 3622 3736 3679 hoc

2086 3723 2315 3779 semper
2347 3708 2608 3764 laboravi
2644 3713 2704 3764 ut
2737 3723 3151 3777 congregarem
3184 3707 3320 3763 mihi
3354 3709 3592 3765 amicos.
3621 3709 3734 3765 Sed

2090 3795 2222 3852 licet
2259 3797 2447 3867 ipsum
2492 3795 2727 3851 fluvium
2784 3796 3054 3850 Romanae
3101 3795 3453 3865 eloquentiae
3501 3796 3734 3853 beatum

2086 3884 2451 3941 Ambrosium
2494 3883 2764 3953 legissem
2789 3884 2843 3937 in
2875 3883 3042 3940 libris
3063 3883 3133 3939 de
3155 3883 3358 3939 ciliciis
3377 3885 3516 3940 tuba
3542 3886 3733 3940 sancti

2085 3972 2337 4044 Spiritus
2360 3971 2715 4027 intonantem
2744 3976 2803 4026 et
2824 3976 3229 4028 eructuantem
3259 3973 3416 4029 vires
3438 3972 3730 4044 amicitia,

2083 4060 2339 4129 nondum
2372 4064 2563 4115 tamen
2584 4061 2653 4115 ad
2677 4059 2907 4130 plenum
2935 4060 3247 4116 didiceram
3272 4061 3404 4131 quis
3430 4065 3589 4118 esset
3616 4062 3735 4119 fru-

2082 4154 2214 4205 ctus
2242 4149 2498 4218 ejusdem
2531 4148 2822 4217 amicitiae,
2847 4148 3001 4219 quod
3036 4149 3386 4205 omnimodis
3416 4150 3606 4206 nescit
3631 4150 3732 4221 qui

2084 4236 2395 4306 unicuique
2415 4251 2679 4306 personae
2701 4241 2894 4292 actum
2919 4251 3238 4307 congruum
3260 4237 3397 4293 dare
3416 4239 3733 4295 nonuovit.

2082 4323 2243 4380 Unde
2268 4324 2330 4378 lit
2354 4326 2413 4379 ut
2440 4322 2781 4395 plerumque
2804 4324 2976 4379 noxio
2999 4323 3245 4381 velimus
3267 4325 3735 4395 assentariegra-

2084 4412 2314 4481 tificari,
2338 4417 2396 4466 et
2420 4412 2711 4468 innocenti
2741 4427 2926 4468 amico
2956 4427 3068 4467 non
3096 4427 3404 4469 vereamur
3439 4414 3729 4485 insidiari,

2084 4501 2237 4571 quod
2259 4504 2423 4556 extra
2445 4500 2691 4557 officium
2724 4505 2834 4557 est.
2862 4501 3025 4568 Quod
3048 4501 3183 4557 dum
3207 4501 3425 4558 stultus
3447 4502 3587 4572 agit,
3612 4504 3735 4560 vio-

2083 4588 2278 4644 lantur
2302 4589 2517 4644 foedera
2540 4588 2714 4659 pacis,
2736 4593 2800 4645 ut
2823 4604 2929 4644 nec
2954 4589 3200 4645 dicenda
3223 4590 3302 4645 sit
3325 4590 3576 4647 amicitia
3602 4607 3735 4663 quae

2084 4676 2238 4732 nulla
2254 4681 2363 4745 est,
2382 4676 2514 4745 quia
2534 4676 2587 4731 in
2612 4677 2770 4733 nullo
2788 4678 3123 4747 congruitei
3141 4678 3239 4748 qui
3254 4678 3585 4747 hujusmodi
3610 4687 3726 4738 est.

2084 4764 2167 4819 Sit
2191 4764 2369 4834 igitur
2394 4764 2760 4820 benedictum
2782 4765 3242 4837 nomenpomini,
3264 4765 3732 4836 cujusjudicium

2082 4867 2360 4909 concessa
2375 4852 2464 4908 vel
2480 4852 2757 4922 permissa
2773 4852 3021 4922 dedit,et
3035 4852 3438 4910 misericordia
3456 4854 3729 4911 abstulit.

2156 4940 2265 4996 Sed
2298 4940 2427 5011 quis
2458 4945 2652 5012 potest
2686 4939 3041 5011 investigare
3065 4941 3190 4997 vias
3213 4942 3501 4998 hominis?
3523 4942 3733 5008 Quam-

2085 5044 2257 5100 quam
2280 5029 2660 5099 persuaderet
2696 5028 2829 5083 mihi
2855 5044 3016 5085 mens
3038 5034 3098 5085 et
3117 5029 3291 5101 ratio,
3307 5030 3529 5099 judicio
3552 5031 3652 5088 Dei
3673 5032 3730 5088 id

2087 5115 2340 5185 actitari,
2375 5115 2695 5172 deliberavi
2724 5121 2911 5173 tamen
2944 5118 3135 5173 animo
3166 5118 3328 5173 adire
3359 5117 3730 5189 Lugdunum,

2086 5206 2177 5261 vel
2208 5205 2341 5276 quia
2373 5203 2702 5277 intercepto
2731 5204 2951 5262 nullum
2978 5210 3070 5262 est
3102 5205 3432 5277 consilium,
3469 5204 3560 5262 vel
3594 5208 3732 5278 quia

1694 5327 1928 5385 VARUE
1970 5328 2369 5386 LECTIONES.

410 5390 478 5426 ‘“
506 5405 622 5449 eoa:
648 5405 825 5450 erasa
854 5408 901 5450 ο.
