3964 6044
358 170 474 239 375

1316 186 1685 252 HUGONIS
1729 184 2077 249 ABBATIS
2120 184 2802 261 FLAVINIACENSIS

3646 187 3778 250 376

356 308 486 401 das,
511 325 629 374 non
653 316 1070 395 infamandas,
1082 337 1393 401 personas,
1411 324 2015 385 P’laeiniacummisi-
2039 319 2099 384 A
2128 322 2374 382 maxime
2388 327 2673 383 statutum
2695 324 2905 394 fuerat,
2926 327 2986 382 ut
3004 320 3259 382 reversis
3281 320 3472 381 missis
3490 320 3616 381 suis
3638 336 3779 381 cum

351 400 484 472 stis,
509 404 723 464 villam
734 410 897 468 vobis
907 426 1037 469 sero
1044 416 1142 472 ari
1155 400 1509 483 nuntiastis,
1521 415 1768 489 fratres
1780 414 2013 471 nostros

355 490 415 545 et
409 492 806 563 ﬁlios,nostro
828 501 1052 570 abjecto
1074 507 1327 571 nomine,
1348 507 1415 562 in
1414 506 1781 577 ﬂliationem
1794 505 2016 574 recepi-

353 579 489 647 stis,
509 595 599 638 me
611 584 962 657 indiscussa,
992 592 1287 661 inaudito,
1316 594 1589 649 etnichil
1605 595 1807 650 minus
1830 607 2013 663 quam

340 670 929 738 proscribioerente?
948 679 1154 735 Nonne
1185 682 1349 751 apud
1367 683 1605 738 Eduam
1618 682 1682 738 in
1702 683 1810 738 illo
1824 682 2012 739 vestro

356 753 697 818 honorabili
709 766 1115 834 consilio,cum
1136 770 1487 837 Lugdunum
1508 786 1559 825 m
1568 784 1596 825 e
1602 770 2012 841 profecturum

357 841 663 917 dixissem,
670 855 863 919 promi
870 854 1014 911 ttere
1032 871 1121 912 me
1138 858 1386 928 fecistis
1402 860 1471 915 ut
1484 860 1556 915 de
1570 859 1735 914 bonis
1756 857 2014 914 ecclesiae

354 944 471 986 non
499 948 589 990 me
608 937 1081 1011 intromitterem,
1125 960 1314 1017 neque
1334 947 1580 1017 aliquid
1598 948 1881 1017 cuiquam
1910 945 2014 999 da-

351 1030 495 1087 rem,
515 1025 694 1091 quasi
716 1027 799 1082 ad
820 1029 1099 1086 tuendam
1129 1033 1187 1087 et
1215 1028 1648 1106 defendendam
1676 1034 2015 1104 nequitiam

351 1115 579 1164 meam?
604 1113 713 1169 Ubi
724 1116 1137 1187 suntabbates,
1165 1122 1443 1193 decanus,
1468 1127 1934 1182 archidiaconus
1957 1108 2020 1175 et

349 1194 621 1285 meliores
635 1202 698 1256 in
710 1204 882 1273 clero,
882 1220 993 1275 per
1004 1222 1152 1277 quos
1167 1210 1309 1266 talis
1312 1226 1719 1285 persona,qna
1730 1214 1806 1270 lis
1822 1208 2015 1269 Flari‘

350 1284 655 1345 niacensis
666 1290 850 1350 abbas
863 1307 986 1351 esse
998 1296 1181 1367 debet,
1207 1302 1523 1359 concentus
1541 1284 1632 1357 est
1644 1311 1670 1360 Ρ
1692 1303 1907 1359 Etecce
1930 1301 2013 1357 ad

344 1373 647 1463 judicium
660 1393 843 1449 vocor,
868 1396 981 1437 non
995 1386 1273 1443 restaura
1283 1389 1480 1453 tionis,
1507 1404 1623 1445 non
1640 1392 1772 1447 redi
1778 1393 2012 1463 ntegra-

352 1460 666 1529 tionis,sed
696 1468 777 1522 ad
786 1471 1343 1543 judiciumjudicii.
1373 1478 1429 1533 si
1457 1478 1691 1534 debeam
1709 1460 2002 1538 incestiri.

355 1548 1075 1624 Ubisunt,queso,decreta
1098 1564 1553 1633 apostolica,ubi
1575 1568 1897 1625 constituta
1910 1584 2009 1624 ca—

2127 411 2344 471 litteris
2393 413 2795 485 absolutoriis,
2840 414 2916 471 ibi
2965 428 3198 485 quoque
3228 428 3257 468 a
3291 412 3675 483 sufl‘raganeis
3712 417 3782 469 et

2126 501 2348 559 diocesi
2378 519 2482 561 sua
2514 505 2788 561 viaticum
2821 504 3134 575 acciperet.

2196 594 2314 649 Hoc
2329 608 2478 649 anno
2491 594 2638 650 obiit
2652 593 2954 665 Philippus
2970 591 3409 648 Catalaunensis
3430 590 3779 662 episcopus;

2126 696 2241 751 quo
2287 682 2461 737 etiam
2512 696 2661 739 anno
2716 696 2919 751 magna
2956 681 3058 736 fuit
3121 695 3358 737 annonae
3413 681 3679 751 panuria,
3712 683 3778 736 et

2094 812 2101 819 .
2125 770 2291 825 multi
2326 771 2470 826 fame
2500 771 2819 842 periclitati
2843 774 2996 827 sunt.

2196 858 2317 927 (fol.
2378 862 2524 930 142.)
2582 860 2764 929 Igitur
2835 874 2982 915 anno
3051 858 3267 914 incarn.
3348 860 3569 913 Domtn.
3634 860 3778 913 1100

2126 946 2305 1017 (Sept.
2333 950 2422 1018 30)
2448 948 2806 1004 advenerunt
2828 948 2984 1003 missi
3010 947 3079 1002 ad
3106 946 3321 1002 Gallias
3348 946 3524 1017 legati
3548 950 3776 1002 saneta:

2122 1036 2392 1092 Romanze
2409 1037 2694 1106 ecclesia},
2713 1037 3003 1092 Iohannes
3021 1040 3077 1089 et
3100 1036 3469 1103 Benedictus,
3488 1050 3519 1091 a
3555 1035 3779 1105 quibus

2122 1123 2413 1180 eoneiliun
2457 1124 2642 1195 primo
2689 1124 2838 1195 apud
2897 1124 3111 1179 Eduam
3165 1123 3554 1192 designatum,
3613 1123 3778 1193 apud

2124 1214 2325 1269 urbem
2358 1212 2719 1268 Valentinum
2767 1211 3098 1267 institutum
3131 1218 3222 1266 est
3252 1215 3285 1265 2
3318 1211 3438 1267 Kal.
3474 1210 3770 1277 Octobris,

2124 1302 2192 1357 ad
2228 1302 2380 1371 quod
2412 1305 2810 1357 convenerunt
2835 1300 3275 1370 archiepiscopi,
3302 1300 3558 1371 epis00pi
3584 1305 3639 1353 et
3672 1301 3779 1355 ab-

2125 1391 2290 1445 bates
2323 1404 2561 1445 numero
2584 1392 2671 1457 2!»,
2709 1388 3156 1444 oceurrentilms
3202 1387 3411 1457 legatis
3440 1387 3634 1443 domni
3670 1387 3779 1442 Lu-

2119 1477 2436 1547 gdunensis
2480 1477 2926 1547 archiepiscopi,
2981 1476 3115 1547 quia
3166 1477 3290 1546 ipse
3337 1476 3771 1536 infirmahatur,

2121 1581 2465 1637 quamqanm
2518 1566 2781 1637 episcopi
2846 1565 3150 1620 dioceseos
3180 1564 3329 1633 ejus,
3387 1564 3775 1633 liiguonensis

348 1639 582 1735 nautea,
607 1655 740 1735 qua
757 1648 1001 1703 censent
1019 1653 1305 1707 neminem
1328 1655 1653 1723 spoliatum
1677 1660 2003 1714 vorandum
2033 1676 2087 1735 Β
2118 1661 2175 1711 et
2211 1655 2610 1710 Cabilonensis
2642 1684 2710 1695 —
2742 1653 3185 1709 Matisconeusis
3210 1654 3360 1710 enim
3388 1654 3443 1709 in
3464 1653 3778 1709 redeundo

350 1726 433 1779 ad
432 1727 758 1799 judicium,
785 1747 915 1788 cum
936 1750 1050 1792 non
1073 1740 1322 1797 situnde
1340 1744 1621 1813 judicari
1652 1745 2003 1815 debeatjam

350 1815 650 1873 nudatus?
670 1820 795 1877 Sed
805 1821 918 1879 heu
940 1827 1153 1883 misero
1166 1831 1351 1886 mihi!
1373 1834 1470 1889 cui
1481 1835 1595 1889 soli
1607 1836 1778 1905 rigor
1789 1836 2002 1893 etinte-

344 1905 544 1972 gritas
575 1920 865 1967 canonum
886 1913 1152 1984 deperiit.
1196 1920 1369 1975 Diem
1399 1921 1590 1992 igitur
1615 1925 2003 1982 constitutam

352 1992 657 2086 attendere
677 2010 915 2071 nequeo,
934 2005 1215 2075 quianon
1238 2008 1425 2064 debeo.
1466 2012 1627 2068 Data
1658 2014 1755 2069 die
1784 2028 2002 2086 compe-

353 2079 517 2172 tenti,
520 2098 673 2152 para
682 2087 775 2143 tus
785 2103 918 2146 sum
928 2098 1372 2153 occurrereaS'in
1385 2097 1563 2167 alias,
1582 2101 1646 2156 in
1660 2102 1782 2172 Lug
1791 2079 2003 2158 dunen-

351 2169 407 2223 si
424 2173 686 2240 capilulo
697 2179 953 2245 paratus
963 2194 1161 2239 summ
1170 2198 1427 2254 eprasen
1438 2188 1583 2243 tare.
1600 2189 1673 2245 .S'i
1686 2169 1768 2245 ad
1776 2191 2003 2247 altiora

355 2255 621 2349 tenditis,
646 2263 988 2333 etquadixi
1021 2286 1039 2323 φ
1065 2271 1239 2328 ichili
1241 2273 1530 2343 penditis.
1543 2278 1869 2333 Romanum
1901 2293 2003 2349 ap-

339 2345 503 2443 pello
505 2348 543 2417 j
548 2348 833 2443 udicium,
860 2356 949 2412 eti
954 2358 1167 2414 nterim
1180 2374 1255 2415 ea:
1262 2362 1435 2431 parte
1458 2364 1565 2419 Dei
1580 2365 1636 2419 et
1649 2364 1806 2421 beati
1830 2345 2003 2423 Petri

353 2439 601 2521 ejusque
636 2439 882 2511 I’iearii,
900 2446 1099 2503 domui
1112 2462 1343 2521 quoque
1361 2453 1776 2521 Lugdunensis
1798 2456 1855 2510 et
1874 2470 2003 2513 nos-

354 2520 435 2576 tri
458 2527 715 2594 capituli
750 2531 1072 2591 Eduensis
1107 2520 1397 2595 interdico
1434 2520 1504 2596 ne
1522 2542 1675 2597 mihi
1697 2542 2004 2600 abbatiam

352 2607 867 2701 (laciniacensem
908 2624 1231 2695 auferatis,
1264 2641 1406 2684 nece
1426 2631 1489 2685 in
1511 2644 1581 2686 ea
1620 2632 1889 2701 aliquem
1907 2646 2004 2689 su-

355 2693 829 2762 bintromittatis.

360 2866 371 2878 O
423 2783 943 2861 Exemplarearum
974 2799 1230 2869 capitulo
1247 2818 1477 2873 quoque
1506 2806 1743 2861 missum
1760 2812 1883 2873 est;
1909 2820 2007 2863 cu-

351 2883 447 2965 jus
465 2889 593 2931 cum
616 2880 820 2937 fuisset
835 2884 1177 2943 voluntaset
1194 2890 1456 2949 definitio
1473 2899 1533 2948 ut
1551 2896 1882 2965 investirer,
1909 2911 2007 2951 no-

354 2960 461 3017 luit
479 2966 811 3040 episcopus.
844 2976 1109 3032 Attamen
1128 2981 1497 3049 postmodum
1523 2984 1816 3039 mandavit
1842 2960 1901 3041 ut
1921 3001 2009 3042 se-

350 3054 536 3110 cunda
580 3057 719 3114 feria
772 3062 972 3133 primae
1019 3065 1356 3125 ebdomada;
1399 3070 1453 3126 in
1484 3071 1737 3129 adventu
1786 3076 2001 3129 Eduam

352 3140 493 3203 irem
536 3144 948 3217 investiturus,
982 3158 1078 3210 aut
1103 3157 1276 3212 tertia
1305 3158 1443 3214 feria
1469 3164 1602 3215 ante
1636 3162 1999 3219 nativitatem

350 3228 574 3320 pomini
611 3235 795 3292 media
829 3239 916 3294 via
938 3240 1226 3310 justitiam
1250 3246 1300 3300 ei
1330 3248 1819 3320 facerem,etipse
1840 3251 1995 3305 mihi.

352 3316 477 3374 Dixi
502 3335 589 3375 me
611 3322 848 3393 iturum,
889 3328 936 3382 si
963 3330 1226 3386 mitteret
1249 3334 1562 3391 monachos
1584 3316 1643 3391 et
1674 3316 1998 3393 servientes

353 3406 448 3495 qui
475 3421 697 3495 mecum
754 3411 924 3482 irent,
951 3420 1009 3470 et
1043 3416 1095 3471 in
1128 3432 1197 3472 eo
1229 3421 1524 3477 remansit.
1563 3423 1703 3491 (Fel.
1760 3427 1906 3495 141.)
1932 3427 1996 3480 Et

353 3491 586 3549 interim
620 3498 853 3568 publica
888 3506 944 3557 et
990 3505 1218 3573 privata
1253 3508 1655 3566 satisfactione
1689 3491 1997 3571 conciliavi

352 3581 738 3672 mihianimos
762 3589 1023 3661 fratrum,
1057 3596 1362 3654 subdendo
1395 3613 1484 3653 me
1515 3598 1632 3655 illis
1663 3604 1722 3655 et
1754 3616 1998 3672 corpore

350 3672 407 3721 et
430 3670 751 3743 voluntate,
787 3678 923 3747 quia
954 3679 1037 3736 sic
1081 3682 1215 3737 mihi
1240 3701 1510 3741 noveram
1536 3688 1834 3759 expedire,
1864 3670 1996 3747 cum

354 3768 468 3823 quo
504 3759 647 3848 bene
697 3764 999 3836 agebatur,
1036 3769 1080 3825 si
1112 3770 1306 3827 saltim
1338 3773 1491 3831 inter
1522 3775 1748 3832 intimos
1771 3778 2000 3848 privato

351 3846 788 3907 concedebatur
817 3854 1032 3912 vivere.

425 3935 587 3991 Anno
619 3939 691 3994 ab
724 3939 1123 4002 incarnatione
1168 3948 1388 4004 Domini
1422 3956 1559 4006 1100
1598 3954 1749 4023 apud
1794 3955 2003 4011 Ansam

351 4032 746 4119 convenerunt
761 4031 1189 4119 archiepiscopi
1209 4038 2010 4110 Lugdunensis,Cantuarien'

349 4112 806 4173 sis,Senonensis
824 4120 1218 4194 ,Turonensis,
1240 4126 1641 4199 Biturieensis,
1665 4132 2009 4205 etepiscopi

348 4211 590 4286 numero
604 4218 828 4277 novem,
848 4208 925 4264 Ed
938 4212 1152 4283 uensis,
1171 4214 1633 4286 Matisconensis,
1656 4219 1994 4277 Cabilonen-

348 4285 446 4355 sis,
483 4289 1031 4367 Autissiodorensis,
1066 4302 1500 4369 Parisiaeensis,
1537 4306 1775 4369 Diensis,
1812 4314 1867 4363 et
1902 4310 2007 4365 alii

2118 1760 2146 1799 a
2182 1746 2355 1799 Roma
2389 1748 2598 1814 captus
2640 1759 2667 1799 a
2698 1744 2960 1799 Wiberto
3002 1743 3055 1797 in
3091 1742 3356 1799 custodia
3389 1742 3774 1799 detinebatur

2117 1865 2174 1873 -
2214 1848 2326 1887 non
2378 1832 2728 1901 interfuerit,
2766 1831 3067 1903 prohibiti,
3100 1835 3159 1887 ut
3211 1831 3533 1899 dicebatur,
3568 1830 3643 1885 ab
3675 1846 3776 1887 eo-

2117 1921 2246 1977 dem
2282 1920 2667 1989 Lugdunensi.
2723 1920 3011 1976 Eduensis
3058 1924 3251 1975 autem
3309 1919 3594 1987 interluit,
3629 1920 3771 1990 quia

2114 2010 2561 2065 accusabatura
2613 2009 2907 2064 canonicis
2961 2009 3084 2064 suis
3135 2008 3205 2064 de
3253 2007 3508 2077 symonia
3541 2014 3600 2063 et
3631 2008 3774 2064 aliis

2116 2098 2493 2168 quibusdam;
2528 2113 2632 2168 pro
2672 2097 2836 2166 cujus
2857 2097 3193 2152 defensione
3226 2097 3469 2152 maxime
3503 2096 3603 2152 illo
3632 2111 3773 2153 con-

2114 2190 2392 2241 venerant
2420 2186 2849 2255 Lugdunenses.
2882 2186 2964 2240 Ibi
2996 2200 3104 2254 ego
3142 2186 3193 2240 in
3229 2185 3415 2255 primo
3437 2184 3606 2240 aditu
3627 2200 3771 2241 con-

2114 2274 2233 2329 cilii
2269 2274 2673 2344 purgationem
2701 2274 2995 2330 illatorum
3018 2274 3289 2341 offerens,
3317 2273 3772 2330 accusaturibus

2116 2363 2455 2418 tacentibus
2490 2366 2550 2417 et
2585 2362 3013 2431 deficientibus,
3042 2361 3263 2431 judicio
3285 2361 3517 2417 concilii
3551 2362 3625 2417 ad
3650 2363 3771 2432 pri-

2116 2465 2263 2505 mam
2296 2450 2526 2505 abbatis
2550 2450 2911 2507 Divionensis
2944 2464 3143 2505 vocem
3168 2449 3239 2505 de
3263 2450 3495 2505 abbatia
3519 2448 3772 2505 investi-

2117 2542 2234 2606 tus,
2252 2539 2583 2594 astantibus
2599 2538 3341 2594 canonicisEduensibuset
3357 2538 3768 2605 laudantibus,

2116 2641 2298 2697 cappa
2332 2632 2389 2682 et
2418 2627 2624 2682 baculo
2663 2626 2934 2691 donatus,
2976 2626 3028 2680 in
3074 2627 3233 2682 circo
3255 2626 3510 2682 residere
3534 2626 3765 2696 jussus.

2119 2720 2250 2785 post
2273 2716 2468 2771 soluto
2482 2714 2732 2771 concilio
2766 2715 2832 2770 ad
2860 2715 3095 2786 propria
3120 2730 3246 2793 sum
3271 2714 3572 2783 remissus,
3610 2713 3773 2770 litte-

2120 2804 2201 2859 ris
2235 2804 2581 2875 apostolicis
2643 2804 2900 2859 munitus
2933 2803 2985 2857 in
3047 2803 3168 2859 haec
3200 2804 3376 2859 verba
3414 2822 3426 2856 :
3461 2802 3584 2869 (fol.
3622 2804 3770 2875 142’)

2116 2892 2423 2950 Johannes
2451 2893 2508 2947 et
2533 2892 2906 2959 Benedictus,
2950 2891 3170 2948 sanctos
3197 2893 3477 2948 Romanre
3506 2891 3772 2949 ecclesia

2118 2982 2459 3040 cardinales
2480 2984 2537 3039 et
2559 2983 2762 3053 legati,
2785 2982 3111 3051 monachis,
3151 2983 3387 3040 clericis
3408 2983 3467 3038 et
3487 2983 3668 3040 laicis
3688 2983 3776 3039 ad

2116 3069 2423 3127 abbatiam
2440 3071 2951 3128 Flaviuiacensem
2959 3069 3421 3142 pertinentibus,
3446 3069 3775 3128 obedienti-

2116 3158 2241 3228 bus,
2269 3160 2541 3216 salutem.
2589 3159 2864 3216 Fratrem
2892 3158 3160 3215 nostrum
3199 3157 3468 3214 abbatem
3504 3160 3771 3216 oestrum

2113 3248 2441 3318 Hugonem,
2468 3246 2635 3304 nobis
2654 3247 3065 3314 harissimum,
3091 3260 3263 3318 quem
3283 3246 3773 3317 sanctasgnodus

2100 3335 2341 3407 judicio
2362 3334 2604 3391 concilii
2620 3334 2688 3389 de
2702 3333 2946 3389 abbatia
2958 3333 3287 3401 incestirit,
3313 3333 3627 3390 dilectioni
3646 3349 3775 3392 ves-

2112 3426 2220 3481 tro:
2231 3424 2696 3481 commendantes
2708 3422 3502 3492 remittimus,preecipientes
3513 3425 3776 3494 exparte

2112 3515 2223 3570 Dei
2237 3514 2293 3568 et
2305 3512 2452 3569 beati
2478 3512 2665 3577 Petri,
2691 3512 2759 3567 ut
2775 3513 3081 3567 Dicionem
3111 3511 3407 3568 venientes
3426 3525 3559 3569 eum
3579 3514 3652 3568 ut
3668 3513 3776 3570 ab-

2116 3601 2573 3659 batemeestrum
2593 3600 2947 3671 requiratis,
2965 3601 3022 3655 et
3032 3601 3097 3656 in
3108 3614 3282 3655 manu
3295 3599 3773 3673 harissimifra-

2114 3690 2228 3747 tris
2240 3690 2452 3758 nostri,
2475 3690 2697 3745 sanctae
2718 3691 2995 3744 Romana
3016 3688 3422 3759 ecclesia/iiii,
3448 3689 3770 3746 Dirionen-

2111 3780 2199 3835 sis
2220 3777 2476 3842 abbatis,
2491 3778 3029 3849 promittentes,eos
3049 3791 3181 3832 eum
3214 3790 3416 3833 secure
3433 3777 3491 3832 et
3513 3778 3771 3849 paterae

2116 3866 2499 3933 tractaturos,
2519 3879 2651 3921 cum
2663 3865 2880 3921 honore
2901 3864 3092 3921 debito
3104 3865 3187 3921 ad
3194 3879 3398 3922 monas
3405 3866 3621 3922 teriam
3634 3881 3769 3923 eum

2112 3954 2435 4011 reducatis.
2457 3952 2795 4010 Obedientes
2810 3951 3771 4025 benedictionibusmultiplicemi-

2117 4043 2183 4099 ni
2194 4061 2219 4112 ;
2230 4041 2533 4100 inobedien
2544 4043 2628 4098 tes
2648 4056 2779 4098 sero
2792 4043 2950 4098 iram
2966 4043 3073 4097 Dei
3086 4043 3150 4098 in
3157 4043 3455 4112 posterum
3466 4044 3765 4113 sentietis,

2120 4132 2179 4189 et
2200 4146 2236 4189 a
2268 4131 2436 4188 nobis
2448 4144 2561 4202 pro
2575 4130 2946 4188 contumacia
2962 4131 3319 4187 sententiam
3338 4132 3587 4200 dignam
3606 4133 3769 4188 exci-

2118 4221 2317 4291 pietis.
2345 4220 2428 4277 Et
2440 4220 2587 4291 quia
2608 4218 2873 4276 nostrum
2905 4219 3007 4282 est,
3040 4218 3275 4275 obedire
3302 4218 3643 4276 nolentibus
3659 4220 3775 4275 aut

2122 4309 2537 4382 diferentibus
2554 4322 2893 4379 promerere
2928 4307 3021 4363 cel
3057 4306 3313 4376 obviare,
3345 4308 3770 4365 interdicimus

349 4371 488 4443 δυο,
517 4382 573 4431 et
601 4394 739 4448 pace
760 4387 982 4439 statuta
1027 4386 1097 4441 de
1121 4388 1210 4444 via
1244 4391 1751 4450 Jherosolimitana
1775 4392 2006 4467 quuuti
2040 4386 2091 4445 D
2121 4371 2388 4455 omnibus
2408 4371 2578 4454 nobisT
2591 4398 2657 4453 in
2686 4396 2837 4452 villa
2860 4371 3308 4452 Flariniacensi
3324 4396 3456 4452 etin
3492 4395 3771 4454 omnibus

350 4467 1040 4542 sunt,eosquivoverant,
1077 4478 1683 4550 etvotiexequutores
1725 4499 1833 4539 non
1878 4487 2003 4542 fue-

350 4552 553 4641 rant,Aa
586 4557 989 4614 communione
1011 4570 1404 4635 segregantes,
1435 4570 1819 4641 quoadusque
1863 4580 1997 4630 vota

344 4637 726 4709 complerent.
764 4644 1199 4705 Miseratautem
1219 4653 1618 4722 Lugdunensis
1644 4637 1870 4727 leg—stos
1895 4663 2005 4718 Ro-

348 4738 630 4813 mam,per
643 4745 788 4800 quos
808 4734 956 4791 velle
976 4752 1142 4793 suum
1162 4756 1323 4813 papae
1343 4745 1680 4802 ostenderat
1707 4748 1777 4803 de
1800 4750 1891 4806 via
1915 4766 2003 4806 ea-

346 4811 704 4885 dem,utcum
721 4835 822 4877 sua
841 4811 1312 4886 benedictioneet
1331 4833 1698 4891 absolutione
1714 4836 1815 4891 illo
1830 4837 2001 4895 debe-

348 4907 437 4956 ret
472 4904 647 4972 ire;ct
672 4909 963 4970 Romanus
978 4916 1238 4985 pontifex
1262 4927 1910 4991 annuerat,ammonens
1937 4932 1997 4983 ut

347 5004 451 5058 per
464 5006 525 5048 se
546 4994 750 5066 iret,ut
765 4998 1115 5069 legationem
1132 5020 1292 5062 suam
1308 5009 1357 5064 ei
1373 5012 1767 5069 committeret
1790 5015 1844 5070 in
1863 5016 1993 5071 Asia

348 5091 517 5171 quam
543 5082 686 5138 bene
711 5094 941 5143 rexerat
962 5089 1018 5145 in
1045 5092 1392 5166 Burgundia,
1427 5102 1483 5153 et
1509 5098 1740 5156 interim
1772 5102 1996 5171 legatos

346 5178 375 5219 a
391 5164 575 5223 latere
599 5185 705 5227 suo
721 5174 1034 5233 mittendos
1060 5196 1163 5249 pro
1180 5198 1348 5253 pnsse
1364 5164 1702 5256 instrueret,
1722 5164 1992 5259 quiviees

346 5265 508 5324 papae
531 5266 961 5328 exequerentur
997 5284 1008 5321 :
1045 5270 1101 5321 et
1128 5268 1258 5326 ideo
1279 5271 1417 5328 illud
1442 5274 1796 5345 colloquium
1822 5293 1989 5348 quam

2118 4487 2352 4542 omnino
2366 4484 2601 4541 locisad
2620 4482 3184 4540 eandemabbatiam
3202 4482 3649 4554 pertinentibus
3676 4484 3767 4540 di-

2115 4577 2321 4632 vinum
2341 4573 2615 4645 oﬂcium,
2640 4572 2819 4629 donec
2830 4571 3141 4643 praeceptis
3160 4570 3384 4628 nostris
3399 4584 3533 4641 quis
3547 4572 3767 4629 sancta

2113 4660 2681 4735 synodus/imminit,
2714 4659 3025 4717 obediatis.

2185 4751 2523 4807 Imminente
2569 4763 2710 4806 vero
2759 4749 2963 4805 eodem
3003 4748 3271 4815 concilio,
3323 4754 3458 4803 ante
3504 4762 3764 4804 mensem

2114 4853 2289 4895 unum
2321 4842 2379 4894 et
2410 4853 2479 4895 eo
2517 4836 2767 4908 amplius
2821 4837 3012 4892 missa:
3072 4837 3297 4893 fuerant
3331 4851 3363 4891 a
3396 4850 3483 4891 me
3540 4834 3763 4892 litterae

2112 4927 2522 4995 Flaviniacum,
2549 4941 2793 4997 quarum
2818 4929 3017 4981 textus
3041 4925 3152 4981 iste
3184 4928 3304 4981 est:
3337 4924 3551 4981 Frater
3581 4925 3764 4996 Hugo

2112 5015 2593 5073 Flaciniacensis
2605 5014 2887 5085 expulsus
2908 5013 3111 5085 abbas,
3131 5011 3470 5071 Girardo‘”
3475 5013 3684 5085 priori
3705 5013 3768 5071 et

2109 5104 2379 5161 omnibus
2391 5106 2499 5175 qui
2516 5118 2578 5161 se
2602 5104 2957 5174 proﬁtentur
2979 5104 3139 5168 alios
3172 5103 3431 5160 ecclesia
3448 5100 3763 5159 Flaeinia-

2106 5192 2299 5249 censis
2310 5190 2634 5260 monachis,
2664 5191 2922 5259 clericis,
2939 5192 3149 5261 lagois,
3176 5190 3425 5259 casatis,
3448 5189 3763 5247 semis-nti-

2105 5278 2547 5349 bus,-nobilibus
2560 5279 2616 5335 et
2627 5278 2990 5350 ignobilibus
3002 5281 3428 5351 cujuscumque
3438 5274 3762 5333 (etatisaut

1707 5398 1943 5455 VARUS
1985 5399 2385 5458 LECTIONES.

417 5444 486 5483 ⁸⁸³
518 5448 667 5508 Gir“.
