3964 6044
181 247 313 313 3'77

1456 250 1953 318 CHRONICON.
1995 285 2065 298 ——
2095 252 2247 315 LIB.
2298 249 2367 315 II.

3487 250 3604 313 3'78

181 382 575 447 conditionis.
620 386 991 460 Audicimus,
1017 387 1281 464 fratres,
1312 389 1371 447 et
1393 389 1614 449 scimus
1653 387 1839 447 conci-
1872 411 1923 473 Α
1960 402 2085 445 nem
2114 386 2305 446 inveni
2338 386 2806 459 inreverentiam,
2835 384 2913 443 ita
2946 382 3203 443 utetiam
3231 381 3324 442 his
3360 382 3456 459 qui
3488 399 3611 445 me-

183 476 347 534 lium
372 477 787 535 celebrandum
812 495 848 535 a
877 478 1291 537 cardinalibus
1316 482 1537 537 sancta
1567 481 1843 536 Romana

182 568 457 626 ecclesia:
487 572 521 624 2
545 567 686 624 Kal.
725 568 987 625 Octobris
1015 569 1177 639 apud
1204 568 1404 624 urbem
1445 568 1838 638 Valentinani,

180 655 273 711 ad
310 656 473 727 quod
508 656 810 713 convocati
850 657 990 713 sunt
1018 656 1469 728 archiepiscopi,
1504 658 1759 728 episcopi
1790 657 1847 712 et

181 742 457 801 abbates.
491 743 583 800 Ad
601 743 708 801 Itoc
728 759 826 801 vos
848 745 1178 801 incitamus
1197 754 1457 816 exparte
1480 746 1588 800 Dei
1611 745 1669 800 et
1689 745 1846 800 beati

180 833 369 888 Petri
389 834 450 903 ej
454 846 637 903 usque
650 834 872 890 vicarii
896 833 1097 891 damni
1112 849 1285 906 papa
1306 834 1628 892 Paschalis
1646 835 1704 889 et
1717 846 1845 890 car-

180 919 498 978 dinalium
537 921 836 978 Johannis
876 922 1058 992 atque
1087 923 1414 991 Benedicti,
1451 924 1557 994 qui
1585 923 1667 979 ad
1692 923 1847 979 rices

178 1008 458 1077 ejusdem
483 1022 661 1080 papa
691 1010 1070 1081 exequendas
1101 1011 1314 1068 directi
1345 1012 1502 1067 sunt.
1543 1013 1661 1069 Nos
1693 1012 1848 1067 enim

178 1099 447 1154 concilio
477 1111 583 1154 nos
600 1098 1116 1168 prasentabimns,
1144 1101 1260 1155 Deo
1272 1099 1621 1170 protectore,
1648 1101 1703 1157 si
1719 1098 1848 1154 cita

178 1198 380 1242 comes
397 1185 624 1257 fuerit,
645 1188 854 1257 parati
880 1202 1011 1243 cum
1044 1189 1155 1244 Dei
1178 1188 1480 1257 adjutorio
1502 1188 1735 1255 audire,
1760 1201 1849 1242 re-

175 1274 476 1344 spondere
495 1274 837 1343 etjudicari
860 1276 1158 1333 canonice.
1198 1276 1451 1331 Veniant
1467 1277 1657 1348 igitur
1682 1289 1849 1333 accu-

177 1362 442 1429 satores,
469 1362 884 1420 criminatores
907 1364 963 1419 et
985 1364 1176 1429 testes,
1204 1366 1559 1434 quicumque
1580 1379 1719 1435 erga
1744 1378 1848 1421 nos

179 1464 439 1506 causam
466 1449 700 1519 habent,
735 1455 842 1522 qui
866 1452 1204 1522 eapulsioni
1228 1453 1283 1507 et
1296 1454 1613 1523 spoliatoni
1634 1455 1849 1510 nostra

182 1540 603 1616 consensistis,
634 1541 741 1610 qui
766 1541 1127 1603 inauditum,
1162 1541 1611 1611 indempnatu-m
1631 1542 1848 1613 abjeci-

178 1626 325 1695 stis,
365 1628 428 1683 et
454 1630 765 1685 ammoniti
802 1630 1153 1699 resipiscere
1195 1630 1567 1700 despexistis.
1617 1631 1850 1701 Venite;

184 1714 277 1771 ibi
317 1717 479 1772 enim
521 1715 766 1773 dabitur
816 1717 974 1774 locus
1022 1718 1312 1775 audiendi
1351 1733 1470 1788 eos,
1510 1717 1610 1775 ubi
1647 1720 1848 1775 omnia

182 1805 312 1860 Deo
328 1804 591 1875 fatente
606 1806 776 1875 juste
805 1797 1225 1863 tractabuntur
1255 1808 1311 1862 et
1337 1808 1631 1863 canonice.

258 1893 365 1949 His
414 1894 675 1965 acceptis
725 1894 961 1964 litteris,
1011 1895 1257 1950 consilio
1296 1897 1431 1950 dato
1464 1897 1746 1966 quendam
1779 1896 1848 1951 de

181 1981 312 2037 suis
355 1987 562 2037 contra
605 1998 692 2037 me
733 1983 1171 2054 conspiratores
1206 1984 1288 2037 illi
1326 1985 1628 2051 miserunt,
1671 1985 1851 2041 homi-

180 2085 317 2126 nem
353 2070 453 2140 qui
487 2071 543 2124 in
573 2071 751 2127 scolis
806 2087 1046 2143 puerum
1097 2073 1414 2141 occiderat,
1463 2079 1519 2127 et
1554 2073 1848 2129 Christum

179 2158 438 2229 ejusque
481 2159 823 2228 genitricem
867 2159 1336 2231 baptismumque
1379 2163 1693 2231 abuegans,
1731 2177 1851 2217 ser-

179 2262 317 2302 vum
335 2262 401 2302 se
420 2246 511 2303 dia
528 2244 643 2303 boli
664 2249 898 2319 propria
925 2249 1294 2304 confessione
1315 2251 1613 2315 fecerat,et
1633 2252 1852 2320 absque

180 2335 514 2405 penitentia
544 2337 863 2392 monachus
889 2337 1195 2392 ordinatus
1221 2339 1436 2402 fuerat;
1463 2343 1671 2408 postea
1694 2338 1853 2393 mali-

179 2438 300 2492 gno
318 2424 562 2494 spiritui
583 2424 856 2493 traditus,
874 2429 929 2480 et
946 2426 1310 2481 orationibus
1329 2426 1569 2481 fratrum
1586 2433 1846 2488 curatus,

187 2512 492 2582 publicam
524 2512 656 2568 inde
685 2514 1105 2569 confessionem
1143 2515 1379 2581 fecerat,
1407 2520 1465 2569 et
1491 2521 1699 2585 quater
1723 2531 1853 2586 pl‘O"

187 2601 453 2656 fessione
479 2600 714 2669 violata,
742 2602 974 2657 tandem
1000 2618 1103 2673 pro
1130 2602 1510 2659 fornicatione
1534 2608 1591 2657 et
1619 2604 1856 2659 immun-
1909 2629 1915 2634 -

191 2688 349 2744 dieia
385 2703 415 2743 a
449 2689 667 2761 populo
700 2689 769 2745 de
807 2693 1158 2745 monasterio
1197 2706 1325 2747 cum
1369 2692 1548 2747 sociis
1592 2692 1735 2759 suis,
1774 2693 1824 2747 ei

187 2778 425 2835 scilicet
452 2779 549 2849 qui
582 2783 788 2835 contra
821 2794 911 2835 me
940 2781 1422 2851 conSpiraverant
1444 2812 1509 2820 -η
1536 2796 1636 2835 sex
1660 2786 1851 2835 autem

184 2872 364 2923 erant
387 2898 486 2937 -—,
514 2867 813 2939 projectus
840 2868 1046 2935 fuerat,
1069 2873 1125 2922 ct
1150 2873 1314 2923 extra
1341 2869 1662 2926 {ecclesiam
1688 2884 1849 2925 suam

192 2955 499 3027 presbiter
538 2955 845 3011 ordinatus
885 2960 1031 3025 erat,
1074 2971 1203 3011 eum
1245 2962 1378 3011 ante
1419 2959 1523 3012 hec
1564 2957 1751 3012 omnia
1796 2957 1849 3011 in

190 3043 343 3100 cella
379 3044 697 3100 Colticensi
730 3044 900 3099 archa
936 3045 1141 3114 fracta,
1179 3046 1419 3115 pecunia
1452 3046 1701 3115 sublata,
1732 3044 1854 3101 dal-

188 3133 402 3188 matica
449 3133 638 3189 furata
670 3137 728 3187 et
771 3133 826 3187 in
862 3133 1131 3204 proprios
1174 3149 1314 3189 usus
1355 3139 1576 3205 aptata,
1618 3134 1853 3190 sacrile-
1883 3141 1932 3203 C,

181 3223 342 3291 gium
398 3226 825 3292 perpetrasset,
864 3226 920 3277 et
969 3221 1077 3276 alia
1120 3223 1386 3292 quedam,
1443 3238 1571 3293 quie
1629 3224 1849 3278 referre

186 3309 394 3380 pudet,
419 3308 828 3365 commisisset.
853 3311 911 3364 In
933 3310 1194 3381 episcopi
1214 3312 1627 3381 sociorumque
1657 3316 1848 3366 tamen

197 3397 516 3467 prmsentia
558 3398 963 3467 purgationem
1004 3397 1297 3453 illatorum
1342 3405 1475 3453 ante
1506 3398 1616 3453 alia
1647 3399 1699 3453 in
1735 3413 1855 3462 οη),

198 3485 354 3540 nium
378 3483 675 3540 audientis
697 3485 913 3556 eptuli;
939 3485 1091 3555 quod
1119 3486 1528 3541 deficientibus
1552 3493 1853 3542 accusato-

196 3574 362 3628 ribus
410 3572 687 3643 prosequi
728 3588 967 3628 necesse
1010 3588 1121 3629 non
1164 3574 1298 3637 fuit;
1343 3581 1403 3629 et
1445 3576 1528 3629 sic
1562 3575 1616 3629 in
1649 3590 1847 3631 eorum

190 3666 517 3731 przesentia
550 3661 783 3717 abbatia
811 3661 1033 3731 judicio
1060 3660 1289 3716 concilii
1317 3662 1449 3715 mihi
1475 3662 1700 3719 reddita
1735 3666 1846 3732 est,

187 3754 247 3805 et
278 3748 409 3805 sedi
446 3747 765 3803 restitutus
806 3763 953 3804 sum.
1002 3748 1237 3804 Litterae
1278 3764 1505 3819 quoque
1547 3751 1733 3807 missze
1765 3766 1852 3807 re-

185 3842 378 3909 ceptae
412 3850 525 3892 non
560 3843 721 3905 sunt,
770 3836 1035 3907 quamvis
1067 3851 1095 3893 a
1132 3838 1477 3907 quibusdam
1515 3839 1681 3895 lecta:
1715 3842 1846 3897 sint.

190 3927 291 3981 Die
333 3931 531 3981 autem
576 3926 918 3981 festivitatis
959 3926 1327 3996 exceptionis
1368 3928 1633 3997 corporis
1663 3931 1847 3985 sancti

190 4015 466 4083 Prejecti,
514 4028 642 4084 qua}
683 4012 1019 4069 celebratur
1049 4017 1081 4068 8
1112 4015 1246 4069 ldus
1288 4015 1648 4081 Novembris,
1684 4032 1853 4076 vene-

191 4109 329 4160 runt
376 4102 672 4158 Divionem
718 4102 832 4159 duo
874 4118 941 4158 ex
985 4103 1265 4158 fratribus
1316 4103 1851 4163 Flaviniacensibus

192 4192 355 4248 missi
386 4192 459 4246 ab
491 4190 598 4260 eis,
634 4192 975 4246 mandantes
1010 4196 1068 4247 ut
1096 4190 1367 4261 redirem,
1406 4192 1511 4262 ipsi
1543 4193 1853 4250 obedirent

190 4279 383 4336 nobis.
419 4277 738 4334 Consilium
763 4294 902 4334 vero
926 4281 1169 4334 fratrum
1198 4284 1532 4336 nostrorum
1560 4281 1686 4352 fuit,
1714 4282 1848 4352 quia

194 4369 476 4424 dicebant
533 4382 638 4437 pro
695 4367 903 4423 timore
953 4366 1251 4423 Sarmatiae
1301 4372 1359 4423 et
1408 4368 1845 4442 Sombornonis,

195 4470 449 4528 quorum
482 4460 808 4512 castrorum
834 4456 1198 4511 habitatores
1232 4456 1537 4511 ecclesiam
1570 4458 1851 4515 Flavinia-

190 4559 427 4601 censem
471 4544 906 4614 impugnabant,
951 4559 1013 4599 se
1056 4559 1166 4599 non
1199 4559 1370 4614 posse
1405 4549 1465 4599 ut
1498 4546 1742 4601 decebat
1775 4548 1844 4602 ad

191 4649 299 4690 nos
337 4632 563 4702 venire,
605 4632 652 4687 si
695 4633 771 4687 hii
814 4633 911 4702 qui
953 4638 1276 4703 prtesentes
1324 4633 1585 4701 aderant,
1618 4634 1847 4705 ;litteris

191 4722 525 4790 obedirent,
557 4720 787 4793 culpam
820 4721 1122 4777 clamando
1147 4725 1604 4791 ctosecuritatcm
1630 4728 1684 4777 et
1712 4724 1848 4779 obe-

193 4809 476 4866 dientiam
508 4809 565 4863 in
599 4824 768 4865 manu
805 4810 1035 4880 prioris,
1069 4809 1201 4880 quia
1236 4810 1479 4865 domnus
1507 4811 1684 4867 abbas
1716 4812 1847 4867 abe-

192 4903 304 4967 rat,
340 4902 404 4953 ut
438 4903 681 4968 paterne
705 4899 777 4953 ab
800 4898 884 4953 eis
912 4901 1195 4952 tractaret
1227 4898 1635 4967 promittendo,
1663 4906 1720 4954 et
1744 4916 1845 4957 eos

193 4987 289 5058 qui
325 4986 484 5042 domi
517 4991 685 5041 erant
722 4986 1057 5041 idemtidem
1094 4986 1351 5040 facturos
1384 4985 1742 5055 spondendo,
1780 4995 1843 5043 ut

194 5074 541 5129 Sarmatiam
574 5073 733 5143 irem,
767 5077 1154 5143 suscepturus
1178 5073 1249 5127 ab
1273 5072 1358 5127 eis
1381 5072 1545 5140 juxta
1582 5078 1841 5130 tenorem

196 5162 552 5217 litterarum.
586 5162 690 5231 Ivi,
714 5167 772 5216 et
800 5161 974 5217 nichil
1007 5175 1207 5216 eorum
1242 5161 1454 5215 factum
1478 5166 1592 5227 est,
1619 5177 1746 5215 eum
1773 5162 1841 5217 ad

196 5265 282 5305 me
314 5249 553 5319 quidam
587 5250 902 5317 venissent,
950 5249 1212 5303 dicentes
1246 5248 1545 5304 honestius
1583 5248 1635 5302 id
1668 5265 1726 5303 se
1761 5250 1844 5304 fa-

193 5344 398 5393 cturos
434 5337 487 5391 in
524 5338 783 5408 capitulo
816 5332 1256 5391 Flaviniacensi.
1290 5334 1519 5390 Credidi
1561 5336 1845 5392 adclama-

195 5425 461 5481 tionibus
499 5425 771 5493 omnium,
806 5428 862 5479 et
894 5424 949 5480 in
982 5422 1357 5495 susceptione
1390 5427 1589 5479 nostra
1621 5423 1842 5490 nullum

196 5515 498 5581 honorem,
560 5511 778 5569 nullum
834 5510 1122 5581 affectum,
1184 5508 1399 5567 nullam
1459 5513 1843 5570 reverentiam

199 5604 500 5673 expertus,
522 5599 658 5672 quin
681 5600 881 5673 potius
911 5599 1182 5671 dedecus,
1208 5598 1620 5658 contumeliam
1644 5605 1700 5658 et
1726 5615 1845 5659 om-

1957 494 2087 534 cum
2137 483 2323 547 erant,
2376 479 2540 551 panis
2583 481 2916 548 negaretur,
2961 478 3019 531 et
3064 490 3248 546 equus
3300 475 3603 547 servienti,

1961 583 2126 638 quem
2182 568 2365 624 solum
2426 583 2648 625 meeum
2707 567 3083 635 adduxeram,
3132 569 3187 619 et
3239 564 3364 636 ipsa
3418 564 3605 622 omnis

1956 658 2283 712 reverentia
2332 657 2505 711 etiam
2547 671 2575 711 a
2608 656 2856 711 minimis
2899 670 3010 710 non
3058 653 3191 707 mihi
3236 652 3605 723 redderetur,

1958 746 2127 801 immo
2162 743 2269 816 ipsi
2296 744 2391 815 qui
2427 744 2745 813 diligebant
2770 758 2896 811 nos,
2922 742 3109 797 vocati
3136 758 3164 796 a
3191 756 3278 795 me
3311 741 3439 810 ipso
3473 744 3608 795 ante

1958 849 2045 889 me
2077 834 2275 890 venire
2303 849 2409 888 non
2436 833 2740 899 auderent,
2769 832 2917 887 sicut
2953 828 3263 901 protestati
3289 834 3443 897 sunt,
3479 843 3614 899 pro-

1958 924 2124 979 hibiti
2177 922 2246 977 ab
2300 923 2547 979 inimicis
2604 922 2843 989 nostris,
2891 925 2950 974 et
2989 920 3229 989 insuper
3276 918 3386 973 nisi
3433 917 3613 973 citius

1959 1013 2212 1068 monitus
2244 1026 2529 1067 cameram
2568 1011 2833 1077 exissem,
2872 1009 3062 1066 iturus
3094 1023 3221 1063 eum
3255 1007 3340 1063 eis
3374 1006 3444 1062 ad
3476 1021 3615 1062 con-

1959 1101 2176 1167 cilium,
2231 1104 2365 1172 quia
2414 1099 2758 1156 retardabar
2813 1114 2914 1170 pro
2962 1112 3113 1168 equo
3157 1095 3352 1151 famuli
3402 1094 3610 1165 nostri,

1961 1190 2126 1246 minae
2159 1195 2217 1247 et
2241 1190 2553 1261 cpprobria
2587 1195 2641 1243 et
2680 1186 3095 1243 tumultuantis
3128 1184 3315 1240 turbae
3353 1183 3612 1239 turbatio

1960 1278 2092 1333 mihi
2128 1280 2534 1334 intentaretur.

2029 1404 2170 1473 (Fel.
2211 1408 2351 1473 143.)
2398 1405 2553 1458 Mane
2596 1402 2709 1458 dici
2751 1400 2933 1472 ipsius
2974 1398 3025 1453 in
3069 1396 3330 1468 capitulo
3377 1395 3609 1452 litteras

1959 1492 2338 1548 cardinalium
2363 1492 2545 1547 lectas
2564 1489 2833 1546 omnibus
2851 1486 3112 1558 eXposui,
3130 1490 3188 1541 et
3211 1484 3500 1556 expositis
3521 1483 3609 1539 eis

1964 1586 2156 1636 utrum
2181 1580 2511 1647 obedirent,
2542 1577 2836 1648 requisivi.
2864 1579 2921 1631 In
2942 1575 3140 1630 verbis
3167 1587 3304 1629 vero
3328 1587 3528 1628 eorum
3552 1574 3610 1626 et

1964 1669 2133 1724 factis
2166 1668 2321 1724 nulla
2355 1668 2586 1723 inventa
2616 1671 2706 1723 est
2740 1664 3053 1732 humilitas,
3087 1666 3188 1719 aut
3218 1676 3354 1730 erga
3386 1664 3610 1716 statuta

1878 1773 1930 1832 Β
1962 1757 2189 1813 concilii
2242 1757 2591 1813 obedientia.
2643 1756 2733 1811 Sic
2775 1755 2828 1808 in
2869 1752 3027 1808 nulla
3068 1766 3129 1807 re
3163 1752 3503 1818 honoratus,
3538 1747 3608 1804 ad

1961 1847 2268 1902 concilium
2312 1847 2654 1901 Pictavensc
2695 1843 2949 1914 proxima
2994 1838 3315 1896 ebdomada
3350 1836 3608 1892 futurum

1962 1935 2381 2003 accelerautes,
2408 1933 2556 2004 apud
2583 1932 2836 1989 Colticas
2863 1944 3047 2000 usque
3072 1929 3127 1983 in
3152 1926 3302 1983 diem
3335 1930 3607 1996 quartum

1963 2023 2261 2092 remorati,
2296 2021 2701 2091 retrogradum
2735 2011 2859 2075 iter.
2880 2017 3234 2089 arripuimus
3262 2029 3328 2070 ea
3353 2012 3615 2070 occasio-

1962 2127 2050 2181 ne,
2080 2112 2210 2182 quia
2235 2111 2546 2167 noluerunt
2569 2111 2650 2165 ire
2674 2125 2741 2164 eo
2764 2108 2916 2179 quod
2940 2108 3010 2163 de
3037 2104 3380 2161 investitura
3413 2117 3603 2158 sermo

1962 2207 2254 2271 ageretur,
2288 2216 2417 2256 cum
2449 2200 2620 2255 etiam
2647 2213 2733 2253 me
2757 2212 2951 2253 coram
2975 2195 3061 2250 eis
3095 2194 3390 2265 professus
3416 2204 3605 2246 essem

1964 2290 2108 2344 bene
2143 2289 2479 2345 investitum
2508 2308 2518 2342 :
2550 2290 2607 2343 ut
2634 2286 2721 2343 vel
2748 2286 2825 2341 sic
2852 2285 3099 2340 dueerer
3131 2281 3201 2335 ab
3232 2280 3337 2349 eis,
3373 2278 3470 2348 qui
3503 2292 3608 2333 nec

1964 2394 2135 2433 unum
2170 2377 2363 2432 saltim
2399 2378 2633 2432 fratrem
2671 2374 2914 2430 amicum
2946 2371 3113 2427 nobis
3142 2374 3198 2425 et
3234 2381 3609 2439 pernecessa-

1964 2466 2111 2521 rium
2141 2465 2443 2520 comitatui
2478 2468 2704 2533 nostro,
2730 2462 2824 2532 qui
2852 2476 2953 2532 pro
2975 2459 3143 2514 libitu
3167 2470 3366 2512 eorum
3397 2455 3605 2524 ageba-

1964 2560 2077 2623 tur,
2111 2554 2425 2625 adjungere
2448 2552 2741 2621 volebant,
2768 2566 2895 2605 eum
2922 2548 3029 2619 ipsi
3056 2561 3257 2603 omnes
3280 2546 3477 2600 essent
3503 2541 3606 2596 iui-
3686 2566 3693 2575 ο

1965 2643 2116 2711 miei,
2153 2658 2213 2697 re
2246 2648 2434 2698 autem
2467 2655 2600 2697 vera
2627 2642 2700 2695 ob
2726 2640 2779 2696 id
2807 2640 2889 2695 ire
2914 2632 3246 2704 noluerunt,
3272 2633 3425 2704 quia,
3452 2630 3603 2702 parti

1964 2748 2084 2788 suze
2104 2732 2291 2789 minus
2314 2731 2643 2799 credentes,
2667 2725 3199 2796 conciliijustitiam
3220 2719 3486 2778 etdomni
3512 2720 3609 2775 ab-

1966 2820 2116 2876 batis
2156 2820 2517 2876 Divionensis
2560 2822 2935 2887 nostramque
2967 2814 3321 2871 verebantur
3357 2822 3608 2881 praesen-

1961 2910 2121 2964 tiam.
2159 2909 2323 2975 Quod
2349 2910 2478 2964 hinc
2503 2908 2723 2978 liquido
2747 2905 2932 2962 conici
2968 2905 3181 2975 potest,
3208 2900 3344 2970 quia
3364 2911 3492 2954 cum
3518 2910 3605 2951 me

1963 2998 2041 3055 ita
2064 3002 2355 3055 remorato
2374 2998 2676 3069 quemdam
2698 2996 2767 3052 de
2789 2995 2911 3051 suis
2933 2993 3032 3049 illo
3054 2990 3347 3047 misissent
3367 3002 3495 3044 cum
3516 2985 3603 3041 lit-

1960 3088 2127 3157 teris,
2162 3091 2220 3142 et
2254 3087 2360 3143 hoc
2394 3101 2480 3141 me
2514 3085 2717 3153 inscio,
2753 3098 2854 3139 nec
2896 3080 3145 3138 concilio
3179 3076 3466 3145 interfuit,
3499 3088 3606 3130 nec

1960 3176 2356 3232 eardinalibus
2376 3175 2673 3244 loquutus,
2696 3176 2757 3228 ut
2778 3171 2953 3240 venit,
2972 3169 3055 3225 sic
3078 3167 3270 3224 rediit.
3292 3165 3392 3220 llic
3409 3168 3602 3219 autem

1963 3264 2120 3320 illius
2164 3263 2505 3334 superioris,
2549 3277 2717 3331 quem
2760 3259 3063 3316 Valentino
3094 3254 3342 3313 concilio
3372 3250 3605 3309 clande-

1962 3354 2111 3409 stina
2152 3354 2283 3421 fuga
2328 3367 2390 3408 se
2431 3350 2778 3408 subduxisse
2818 3346 3279 3407 memoravimus,
3313 3344 3369 3399 in
3402 3355 3606 3414 perpe-

1961 3442 2216 3498 tratione
2239 3441 2529 3509 sacrilegii
2556 3438 2817 3510 pecuniae
2840 3441 2897 3493 et
2921 3435 3246 3491 dalmaticaa
3276 3430 3521 3488 sublatae
3544 3433 3603 3484 et

1962 3529 2017 3585 in
2070 3529 2415 3601 expulsione
2466 3542 2570 3599 pro
2622 3526 3003 3583 fornicatione
3055 3519 3600 3588 sanctimonialium,

1962 3617 2363 3673 maritatarum
2396 3621 2454 3671 et
2487 3630 2799 3687 puerorum
2830 3614 3125 3685 particeps
3155 3615 3210 3666 et
3244 3608 3441 3665 socius
3472 3606 3599 3675 fuit,

1959 3721 2131 3761 causa
2166 3709 2457 3776 caputque
2497 3703 2627 3759 mali
2658 3703 2804 3759 abba
2835 3701 3174 3770 designatus
3204 3712 3235 3753 a
3267 3696 3375 3753 sibi
3406 3692 3607 3751 simili-

1960 3794 2090 3864 bus,
2126 3793 2222 3864 qui
2256 3799 2498 3849 mortcm
2533 3792 2761 3848 abbatis
2791 3790 2983 3845 Sancti
3016 3786 3284 3844 Germani
3318 3782 3605 3841 Autissio-

1961 3883 2247 3952 dorensis,
2265 3897 2425 3952 aquo
2443 3881 2511 3936 de
2535 3880 2889 3936 monasterio
2915 3880 3043 3947 fuga
3070 3876 3268 3947 lapsus
3290 3874 3601 3942 susceptus

1962 3971 2150 4026 fuerat
2172 3975 2232 4025 et
2254 3970 2499 4039 honeste
2527 3969 2778 4037 habitus,
2806 3967 2985 4023 tercia
3011 3980 3179 4020 manu
3196 3964 3520 4033 juraverat,
3544 3961 3602 4014 et

1961 4059 2102 4114 obid
2120 4059 2189 4113 ad
2214 4057 2425 4112 Cellam
2450 4057 2655 4127 pulsus
2678 4055 2936 4112 habitum
2962 4053 3282 4120 dimiserat,
3307 4054 3365 4105 et
3389 4049 3600 4103 iterum

1962 4150 2090 4217 post
2116 4145 2553 4215 ignominiosam
2576 4143 2703 4213 ejus
2724 4142 3122 4214 expulsionem
3142 4156 3171 4195 a
3193 4153 3280 4193 me
3306 4138 3596 4206 receptus,

1962 4235 2265 4290 inhoneste
2287 4237 2341 4289 et
2365 4231 2596 4288 omnino
2618 4232 2845 4302 perdite
2876 4230 3122 4297 vixerat,
3149 4227 3219 4283 ad
3244 4226 3351 4281 hoc
3374 4222 3599 4279 inhians

1962 4321 2271 4393 dejectioni
2312 4324 2545 4391 nostra),
2589 4326 2645 4376 ut
2681 4320 2802 4391 ipse
2846 4320 3284 4387 subrogaretur.

2032 4465 2263 4533 Verum,
2296 4462 2432 4533 quid
2468 4463 2670 4518 mirum
2696 4461 2741 4518 si
2759 4458 3036 4532 juvenilia
3061 4464 3300 4530 pectora
3324 4471 3352 4512 a
3377 4470 3517 4511 vero
3540 4457 3597 4510 et

1954 4551 2115 4621 justo
2137 4550 2471 4606 exorbitare
2493 4551 2651 4620 cogit
2676 4547 3006 4606 dominandi
3030 4545 3264 4618 cupido,
3286 4544 3445 4601 nullo
3470 4542 3603 4598 reli-

1958 4639 2149 4708 gionis
2179 4639 2527 4695 humilitatis
2559 4637 2897 4695 caritatisve
2924 4636 3180 4691 raa'lieata
3215 4631 3602 4705 plantaminc?

1958 4742 2087 4782 cum
2112 4732 2168 4782 et
2196 4726 2352 4798 ipsas
2378 4731 2598 4781 mt‘lllOS
2622 4726 2765 4782 senii
2797 4724 3151 4779 alhescentis
3181 4721 3399 4777 canicie
3432 4734 3574 4774 vene

1959 4814 2191 4879 randas,
2219 4821 2277 4869 et
2310 4829 2437 4884 qua)
2470 4830 2499 4869 a
2536 4814 2733 4885 primis
2764 4813 2927 4868 annis
2959 4810 3296 4879 religionem
3327 4805 3598 4878 praetule-

1958 4903 2093 4969 rint,
2123 4904 2193 4957 ab
2218 4902 2337 4973 ipsa
2364 4917 2592 4973 quoque
2615 4907 2729 4956 tam
2765 4900 3038 4956 diuturna
3072 4894 3378 4951 monachili
3410 4891 3600 4963 gravi-

1957 4991 2096 5045 tatis
2129 4990 2538 5058 imaginationc
2572 4990 2934 5055 desuesccrc,
2970 4991 3029 5040 et
3068 4985 3121 5038 in
3159 4987 3354 5053 patres
3386 4980 3597 5036 armari

1960 5079 2171 5134 faciat?
2211 5079 2468 5133 Priorem
2514 5077 2591 5131 ibi
2636 5077 2829 5131 dictus
2860 5074 3173 5144 episcopus
3203 5069 3602 5125 constituerat

1953 5166 2331 5234 grandcvum,
2366 5167 2733 5229 honoratum,
2761 5167 2820 5216 et
2849 5160 2945 5230 qui
2979 5160 3164 5229 primo
3199 5172 3420 5213 mecum
3454 5172 3603 5212 sem-

1958 5266 2059 5321 per
2084 5254 2289 5307 fuerat.
2327 5253 2424 5308 llic
2450 5252 2546 5307 ubi
2572 5266 2658 5305 me
2686 5248 3070 5305 Flaviniacum
3097 5245 3442 5313 introduxit,
3468 5261 3597 5301 cum

1957 5353 2045 5394 me
2068 5339 2120 5393 in
2143 5352 2244 5394 sua
2273 5338 2580 5409 praesentia
2603 5352 2811 5408 passus
2835 5336 3037 5391 fuisset
3062 5333 3430 5390 dehonestari
3456 5333 3601 5388 irro-

1955 5427 2110 5496 gatis
2136 5426 2531 5494 contumeliis,
2567 5431 2627 5481 et
2654 5425 2873 5492 virgam
2908 5421 3261 5495 pastoralem
3286 5420 3339 5477 in
3366 5422 3493 5493 ipso
3519 5422 3602 5477 in-

1954 5530 2161 5584 gressu
2195 5518 2397 5570 nostro
2428 5514 2682 5570 latenter
2706 5512 2761 5567 vi
2784 5515 2842 5567 et
2875 5512 3079 5583 aperta
3109 5510 3310 5581 rapina
3341 5508 3598 5578 tulisset,

1959 5602 2115 5660 illam
2144 5604 2403 5661 nostram
2435 5599 2870 5661 Valentinensis
2908 5598 3311 5658 investituram
3341 5595 3601 5668 concilii,
