3982 6056
375 179 493 244 8'79

378 413 489 479 ret,
515 408 716 478 exivit,
740 412 799 465 et
826 423 925 481 per
949 411 1162 468 dics-10
1184 413 1398 483 quibus
1422 414 1558 469 inibi
1586 417 1847 470 moratus
1867 430 2016 485 sum,

380 502 537 555 tanta
559 514 684 554 sum
707 503 936 556 artatus
956 502 1244 572 custodia,
1266 504 1533 559 utonmis
1554 503 1686 559 mihi
1708 508 2021 572 negaretur

378 586 449 643 ad
485 585 780 658 publicum
825 603 1155 661 processus,
1198 592 1450 647 omnium
1493 593 1561 648 ad
1602 607 1690 647 me
1722 597 2021 648 vetaretur

377 689 653 732 accessus
671 693 685 742 ;
701 681 760 731 et
777 690 883 732 non
907 678 1091 734 solum
1112 678 1264 735 nulla
1282 680 1644 737 investituree
1667 680 2015 752 melioratio,

376 777 578 821 verum
628 765 814 822 omnis
857 781 993 836 erga
1037 782 1123 823 me
1162 770 1412 825 omnium
1448 784 1639 825 rerum
1673 771 2020 841 procederet

377 851 775 924 deterioratio,
813 853 929 910 illis
973 856 1240 927 privatim
1272 862 1331 912 et
1365 857 1595 929 publice
1626 874 1730 929 per
1763 859 1926 915 devia
1960 863 2020 915 et

377 939 698 998 facinorosa
724 942 954 1013 impune
978 944 1405 1016 gradientibus,
1432 953 1488 1002 et
1516 946 1571 1001 in
1596 945 1755 1004 nullo
1790 947 2021 1017 religio-

374 1026 464 1084 nis
494 1033 716 1085 statuta
748 1032 1143 1099 servantibus,
1179 1033 1322 1089 adeo
1346 1042 1409 1090 ut
1432 1040 1675 1106 propter
1706 1051 1905 1092 eorum
1938 1037 2020 1092 in-

375 1117 770 1186 corrigibilem
802 1123 858 1175 et
901 1120 1224 1191 pudendam
1259 1124 1779 1194 conversationem,
1814 1130 1869 1181 et
1908 1140 2022 1180 ma-

373 1202 526 1259 xime
550 1205 681 1273 quia
708 1206 1109 1265 iuobedicntes
1143 1216 1308 1266 erant
1334 1214 1630 1283 preccptis
1656 1214 2015 1285 apostolicis,

374 1292 760 1364 compellerer
778 1297 998 1367 egredi,
1014 1297 1199 1354 donec
1220 1299 1381 1356 ﬁnito
1399 1301 1647 1357 concilio
1665 1302 2013 1371 Pictavensi,

380 1380 477 1436 ubi
519 1381 590 1437 de
632 1397 806 1439 causa
857 1385 1139 1443 Eduensis
1192 1388 1501 1456 invaseris,
1555 1386 1721 1459 cujus
1767 1391 2017 1448 tuitionc

374 1483 575 1526 eorum
618 1472 794 1527 factio
834 1477 1275 1545 protegebatur,
1321 1477 1588 1533 diffinitio
1629 1480 1926 1547 synodalis
1957 1484 2014 1536 et

371 1560 650 1616 canonica
679 1564 1122 1633 expectabatur,
1154 1565 1477 1633 legatorum
1504 1568 1757 1624 consilio
1780 1574 1839 1623 et
1863 1568 2016 1637 judi-

1330 186 1694 252 HUGONIS
1737 184 2093 250 ARBATIS
2138 190 2813 263 FLAVINIACENSIS

376 315 431 375 in
450 314 796 389 crastinum,
815 333 944 377 cum
964 316 1151 379 omnia
1171 319 1343 381 nobis
1366 323 1706 396 perturbata
1733 322 2020 395 relinque—
2047 326 2104 383 A

3654 208 3775 272 380

2203 328 2319 387 Hec
2368 338 2561 392 autem
2612 332 2718 393 fuit
2769 333 3001 395 occasio
3041 332 3331 395 modernae
3363 336 3772 416 dissensionis,

2133 419 2264 489 quia
2312 420 2622 480 videbatur
2665 424 2751 480 eis
2799 430 3039 497 propter
3072 427 3511 498 permissionem
3560 446 3779 502 przece-

2134 514 2287 581 ptam
2327 512 2381 567 in
2426 513 2642 571 litteris
2680 516 2997 572 faciendam
3028 517 3083 573 in
3116 532 3286 573 manu
3329 519 3557 576 abbatis
3588 522 3751 579 Divio

2130 601 2344 672 nensis,
2379 602 2529 659 velle
2553 619 2641 659 me
2664 605 3155 663 Flaviniacensem
3174 606 3498 664 aacclesiam
3521 610 3774 667 subdere

2130 688 2336 745 ditioni
2370 691 2760 759 Divionens's;
2796 695 2948 764 quod
2981 709 3088 766 ego
3112 710 3215 752 nec
3248 711 3640 768 speraveram,
3670 714 3775 757 nec

2130 777 2411 834 volebam.

2202 858 2341 927 (Fel.
2378 861 2541 931 143’.)
2575 862 2633 916 In
2667 862 2866 933 spacio
2901 861 3080 932 igitur
3109 863 3391 934 temporis
3423 880 3537 936 quo
3569 866 3775 923 Valen-

2128 946 2357 1003 tincnse
2386 948 2745 1007 celebratum
2786 955 2879 1006 est
2909 951 3238 1021 concilium,
3274 952 3769 1027 obiit-“libertus,

2128 1040 2197 1092 20
2227 1050 2376 1091 anno
2421 1052 2493 1092 ex
2538 1054 2652 1109 quo
2686 1039 2877 1095 sedem
2927 1038 3141 1095 invasit
3188 1040 3589 1113 apostolicam,
3640 1059 3773 1100 cum

2131 1123 2370 1179 haberst
2406 1125 2459 1181 in
2492 1126 2762 1198 captione
2813 1129 3291 1185 Matisconensem
3341 1130 3678 1202 episc0pum
3712 1137 3775 1189 et

2128 1211 2275 1268 alios
2308 1215 2701 1286 quamplures
2754 1216 3046 1273 clericalis
3092 1216 3336 1287 ordinis,
3386 1232 3531 1289 quos
3573 1234 3777 1277 omnes

2129 1315 2233 1372 pro
2266 1303 2635 1359 absolutione
2658 1319 2762 1360 sua
2797 1305 2850 1359 in
2881 1319 3124 1374 egressu
3152 1321 3256 1362 suo
3288 1321 3391 1377 per
3412 1322 3474 1362 se
3497 1308 3771 1378 absolvit,

2128 1403 2365 1446 monens
2417 1391 2776 1463 episcopum,
2812 1396 2875 1450 ut
2909 1394 3144 1449 Romam
3198 1408 3461 1450 remeans
3493 1396 3643 1466 apud
3679 1411 3779 1468 pa-

2129 1490 2256 1546 pam
2279 1493 2381 1548 pro
2404 1494 2507 1534 sua
2529 1480 2823 1536 laboraret
2848 1481 3168 1552 ereptione.
3195 1480 3299 1547 Qui
3322 1496 3525 1553 papam
3546 1482 3772 1554 adiens,

2128 1567 2389 1636 repperit
2420 1568 2497 1623 ibi
2539 1567 2764 1637 legatos
2812 1570 3077 1626 ecclesia
3124 1569 3410 1627 Eduensis
3455 1584 3634 1642 super
3665 1587 3775 1628 suo

372 1646 461 1702 cio
481 1649 783 1718 negocium
806 1652 1086 1708 aecclesite
1108 1654 1527 1712 ventilaretur:
1552 1660 1669 1712 tum
1695 1657 2009 1728 praecipue,
2043 1675 2096 1734 Β
2126 1654 2408 1726 episcopo
2439 1656 2870 1726 conquirentcs,
2898 1661 2955 1713 et
2987 1661 3150 1727 gesta
3180 1657 3411 1713 concilii
3445 1660 3776 1716 referentes

374 1736 506 1804 quia
528 1737 596 1791 ad
619 1738 1070 1809 propulsandam
1090 1740 1249 1798 illius
1267 1742 1519 1798 malivoli
1542 1744 1850 1801 infaustam
1873 1761 2015 1816 prae-

370 1821 663 1895 lationem,
692 1826 939 1895 majores
958 1829 1011 1883 in
1032 1829 1296 1885 aecclesia
1322 1831 1592 1901 Eduensi,
1620 1847 1864 1903 quorum
1887 1839 2014 1889 erat

371 1910 526 1968 istud
562 1916 743 1970 nostri
776 1914 1007 1971 discidii
1036 1932 1221 1987 genus
1253 1919 1547 1990 dirimere,
1584 1920 1839 1977 Pictavis
1861 1923 2016 1977 abie-

373 2005 523 2069 rant,
560 2001 685 2056 sine
710 2003 919 2071 quibus
951 2007 1287 2062 veccrdium
1323 2009 1697 2080 prmsumptio
1720 2025 1827 2066 non
1854 2014 2016 2081 pote-

371 2092 464 2141 rat
493 2090 817 2145 coherceri.
855 2092 1198 2149 Miscrabilis
1221 2100 1276 2149 et
1304 2111 1547 2166 prorsus
1577 2097 1886 2168 desperata
1916 2099 2017 2154 hu-

363 2174 615 2244 jusmodi
652 2177 941 2235 hominum
978 2183 1378 2253 praesumptio,
1406 2185 1504 2253 qui
1528 2199 1630 2240 nec
1654 2187 1830 2241 Deum
1856 2200 2017 2242 reve-

371 2268 576 2320 rentur
609 2280 714 2321 nec
745 2266 1025 2338 homines,
1059 2269 1193 2325 dum
1226 2270 1568 2326 intemerata
1596 2286 1624 2326 a
1649 2272 1848 2328 seculo
1873 2289 2017 2344 pra}-

370 2357 539 2423 cepta
563 2352 845 2425 spernunt
868 2357 1214 2428 apostolica,
1239 2364 1298 2414 et
1321 2359 1693 2416 interdictum
1729 2376 2015 2432 usurpare

369 2453 478 2496 non
503 2448 766 2499 metuunt
788 2445 1042 2502 divinum
1063 2448 1310 2504 ofﬁcium
1329 2450 1340 2503 !
1359 2450 1480 2504 Non
1499 2449 1735 2505 dubium
1758 2450 1893 2520 quin
1913 2466 2014 2507 eos

371 2527 441 2582 ad
467 2528 617 2585 hunc
638 2530 805 2586 finem
825 2532 1058 2588 duxerit
1080 2535 1247 2604 digna
1275 2536 1623 2606 necessitas,
1646 2539 1706 2591 ut
1730 2537 1859 2607 quia
1883 2552 2016 2593 con-

368 2618 744 2687 tempnentes
776 2621 974 2690 Deum,
1002 2637 1106 2677 nec
1140 2624 1514 2679 attendentes
1542 2638 1602 2679 se
1634 2625 1813 2695 ipsos,
1839 2624 1894 2680 in
1925 2640 2016 2697 pa-

371 2707 493 2759 tres
529 2711 848 2773 armantur,
885 2711 939 2763 et
977 2710 1344 2779 publicantcs
1374 2711 1640 2783 pudenda
1672 2728 1873 2768 eorum
1899 2714 2016 2784 pie-

366 2790 511 2846 tatis
543 2797 800 2862 paternze
826 2794 955 2863 jura
991 2796 1239 2863 violant;
1276 2814 1402 2868 quae
1432 2799 1659 2854 etiamsi
1696 2801 2011 2873 publicata,

368 2892 473 2934 nec
508 2885 699 2938 tamen
730 2897 757 2937 a
790 2897 870 2951 se,
906 2883 1153 2940 irridere
1185 2887 1368 2942 solum
1402 2887 1745 2955 voluissent,
1782 2889 2016 2944 maledi-

366 2966 581 3025 ctionis
621 2970 792 3026 Cham
833 2972 1171 3028 hereditarii
1214 2989 1591 3044 possessores
1637 2976 1844 3031 forent.
1892 2977 2013 3033 Fiat

2130 1743 2475 1815 modumque
2508 1746 2900 1803 accusationis
2941 1765 2953 1800 :

2198 1830 2359 1895 Quod
2386 1833 2719 1903 promiserit
2744 1834 3024 1890 Walterio
3050 1835 3457 1909 archidiacono
3485 1842 3777 1906 praesente

2126 1919 2417 1989 Stephano
2465 1928 2704 1977 cantore
2754 1923 2807 1977 in
2861 1923 3208 1980 dormitorio
3255 1924 3528 1993 Eduensi,
3563 1924 3611 1980 si
3644 1924 3776 1995 ipse

2126 2007 2428 2078 adjuvaret
2450 2025 2600 2079 eum,
2629 2026 2698 2066 ne
2722 2016 2908 2067 mater
2929 2011 3056 2080 ejus
3081 2011 3169 2067 vel
3197 2013 3396 2082 frater,
3423 2026 3599 2082 penes
3623 2027 3774 2083 quos

2128 2110 2392 2165 magnum
2426 2103 2556 2154 erat
2589 2114 2776 2171 posse,
2812 2104 3092 2155 nocerent
3113 2100 3163 2156 ei
3191 2100 3260 2155 de
3281 2100 3620 2172 episcopatu
3652 2101 3776 2157 adi-

2129 2185 2424 2255 piscendo,
2471 2186 2709 2243 haberet
2754 2187 3034 2258 quidquid
3077 2187 3252 2243 vellet
3295 2187 3350 2244 in
3391 2188 3671 2258 aecclesia,
3712 2193 3776 2244 et

2126 2273 2276 2342 quod
2307 2288 2411 2344 pro
2435 2273 2541 2331 hac
2566 2276 2955 2345 accusatione,
2979 2276 3146 2346 cujus
3167 2280 3331 2332 erant
3356 2281 3631 2333 auctores
3655 2292 3777 2332 om-

2126 2376 2230 2416 nes
2265 2362 2381 2417 fere
2411 2364 2696 2433 canonici,
2749 2364 2834 2419 illi
2886 2379 3055 2435 quam
3105 2365 3350 2420 maxime
3390 2365 3486 2435 qui
3520 2364 3775 2421 concilio

2126 2448 2518 2507 interfuerunt
2541 2452 2698 2508 missi
2718 2453 2789 2508 ab
2813 2452 2945 2508 aliis
2968 2468 3209 2509 numero
3232 2457 3297 2509 13
3321 2454 3392 2511 de
3415 2453 3775 2525 primoribus

2123 2537 2426 2606 zecclesim,
2457 2544 2517 2595 et
2548 2541 2602 2595 in
2636 2555 2699 2596 ea
2733 2541 3006 2597 meliores
3036 2542 3431 2598 archidiaconi
3463 2542 3595 2611 duo,
3630 2556 3777 2613 prae-

2127 2624 2375 2694 positus,
2397 2630 2619 2695 cantor,
2643 2629 2698 2682 et
2720 2625 2815 2681 alii
2842 2626 3149 2682 nobilitate
3167 2629 3222 2682 et
3246 2627 3485 2683 scientia
3506 2628 3777 2683 honesta-

2127 2716 2298 2782 thue
2330 2712 2759 2784 prmeellentes,
2793 2728 2901 2783 ego
2934 2730 3164 2785 quoque
3196 2715 3317 2786 ipse
3351 2715 3447 2786 qui
3479 2715 3548 2771 ad
3582 2716 3776 2786 queri-

2126 2801 2375 2856 moniam
2406 2801 2646 2872 capituli
2676 2801 2960 2858 Educnsis
2983 2802 3204 2872 judicio
3231 2803 3463 2859 concilii
3488 2804 3541 2858 in
3569 2804 3769 2860 sedem

2123 2891 2180 2943 et
2215 2887 2403 2945 locum
2438 2890 2751 2946 restitutus
2790 2904 2980 2955 cram;
3021 2892 3175 2961 quod
3207 2906 3314 2962 pro
3347 2893 3477 2956 hac,
3512 2893 3765 2963 inquam,

2124 2977 2518 3047 accusatione,
2548 2993 2715 3049 quam
2733 2993 2803 3034 eo
2822 2978 3049 3035 enixius
3072 2979 3318 3036 domnus
3339 2981 3520 3037 abbas
3541 2980 3769 3037 Clunia-

365 3053 484 3111 illis
505 3062 566 3112 ut
586 3064 889 3129 peccatum
910 3076 1133 3131 eorum,
1155 3063 1309 3133 quod
1335 3064 1650 3134 penitendo
1670 3079 1771 3121 cor
1792 3071 2013 3122 rectum
2045 3050 2094 3113 Ο
2123 3065 2318 3122 censis
2342 3080 2443 3137 per
2467 3065 2690 3136 legatos
2709 3081 2866 3136 suos,
2886 3066 3131 3123 domnus
3151 3081 3379 3138 quoque
3399 3067 3767 3124 Divionensis

365 3157 476 3200 non
509 3151 617 3217 est,
651 3147 725 3204 sit
752 3152 809 3204 et
844 3155 1145 3221 peccatum
1178 3155 1235 3207 et
1269 3165 1445 3208 causa
1492 3154 1739 3224 peccati,
1773 3158 1830 3209 et
1862 3154 2010 3209 idem

366 3240 669 3304 peccatum
704 3238 857 3306 quod
881 3251 953 3293 ex
974 3244 1219 3309 peccato
1252 3240 1463 3311 oritur,
1493 3241 1569 3296 sit
1595 3257 1706 3297 non
1734 3242 1850 3311 jam
1885 3257 2014 3313 pec-

364 3328 558 3378 eatum
582 3326 1005 3391 tantummodo,
1027 3327 1129 3381 sed
1155 3331 1458 3398 peccatum
1482 3333 1539 3383 et
1567 3344 1735 3400 poena
1762 3331 2007 3400 peccati,

370 3414 435 3464 ut
454 3416 660 3480 putent
678 3427 740 3468 se
760 3412 971 3471 divinae
997 3414 1145 3484 legis
1164 3420 1383 3472 statuta
1407 3417 1637 3487 impune
1655 3418 2007 3489 rescindere,

364 3496 498 3552 dum
531 3503 852 3556 attrectant
880 3502 1124 3558 inhibita
1158 3503 1363 3575 altaris
1396 3509 1769 3561 sacrosancta
1804 3511 2012 3577 myste-

364 3586 483 3654 ria;
516 3602 625 3643 non
652 3588 1052 3659 iutelligentes
1075 3592 1211 3662 quid
1235 3597 1474 3649 sanctus
1497 3594 1606 3649 Leo
1630 3594 1786 3649 dicat
1813 3595 1867 3649 in
1892 3595 2011 3667 epi-

364 3674 514 3731 stola
548 3691 650 3732 sua
687 3697 698 3732 :
736 3680 888 3748 quod
921 3679 968 3736 si
1002 3680 1133 3750 quis
1169 3685 1371 3738 contra
1411 3696 1697 3738 canonum
1740 3683 2008 3740 instituta

362 3762 561 3820 venire
609 3768 1004 3838 temptaverit,
1038 3772 1097 3825 et
1130 3770 1423 3841 prohibita
1475 3770 1786 3826 admittere
1834 3787 2009 3828 ausus

365 3853 561 3924 fuerit,
596 3868 624 3908 a
658 3869 764 3910 suo
795 3870 856 3911 se
891 3857 1116 3913 noverit
1160 3856 1346 3929 ofﬁcio
1389 3857 1869 3928 submovendum,
1904 3875 2008 3916 nec

362 3942 782 3999 communionis
815 3948 1035 4000 nostrae
1070 3946 1324 4001 futurum
1359 3959 1489 4001 csse
1517 3951 1874 4017 consortem,
1910 3949 2004 4018 qui

364 4029 561 4086 socius
593 4044 721 4087 esse
752 4031 940 4087 uoluit
968 4032 1310 4105 disciplinae,
1347 4034 1571 4100 Quanta
1603 4049 1741 4090 vero
1766 4036 1820 4090 in
1844 4037 2007 4092 eiset

361 4120 770 4176 coessentibus
789 4120 900 4175 sibi
922 4120 997 4176 sit
1014 4122 1359 4189 obcaecatio,
1380 4122 1513 4179 hinc
1537 4123 1710 4179 datur
1734 4123 2004 4196 intelligi,

362 4207 516 4276 quod
547 4208 655 4279 ipsi
690 4208 786 4279 qui
821 4224 922 4279 pro
954 4209 1071 4266 vita
1101 4226 1204 4267 sua
1237 4210 1587 4281 dampnabili
1620 4217 1679 4267 et
1715 4212 2003 4283 pudenda,

360 4296 741 4367 omnibusque
794 4301 948 4367 nota,
993 4312 1023 4353 a
1066 4298 1419 4355 monasterio
1464 4299 1610 4369 pulsi
1656 4306 1813 4355 sunt'
1837 4314 2006 4358 manu

2122 3167 2226 3225 per
2278 3168 2339 3209 se
2388 3155 2729 3226 cli‘ercbant,
2782 3170 2894 3226 quo
2943 3155 3350 3212 inclementius
3403 3156 3767 3226 tyrannidem

2124 3241 2311 3313 ipsius
2342 3242 2436 3313 qui
2464 3243 2876 3314 impetebatur,
2901 3244 3125 3315 experti
3151 3246 3340 3314 erant,
3364 3246 3765 3300 controversia

2123 3331 2179 3385 in
2204 3330 2450 3387 concilio
2473 3335 2602 3388 orta
2630 3332 2833 3396 fuerit;
2868 3331 3198 3388 dicentibus
3218 3332 3311 3387 his
3335 3332 3430 3403 qui
3455 3337 3653 3404 partes
3678 3346 3770 3389 ac-

2122 3419 2309 3476 cusati
2342 3419 2753 3489 defendebant,
2799 3435 2912 3474 non
2955 3434 3085 3476 esse
3118 3420 3355 3477 idoneas
3388 3420 3457 3476 ad
3491 3435 3769 3478 accusan-

2122 3507 2255 3564 dum
2277 3522 2582 3580 personas,
2600 3522 2705 3579 pro
2725 3522 2793 3564 eo
2813 3507 2965 3579 quod
2984 3522 3122 3565 oves
3145 3513 3434 3580 pastorem
3457 3509 3769 3581 reprehen-

2123 3596 2261 3652 dere
2284 3600 2381 3652 aut
2409 3610 2687 3652 accusare
2721 3611 2831 3652 non
2864 3596 3099 3666 habent,
3136 3597 3212 3651 hii
3247 3597 3491 3652 maxime
3523 3598 3621 3668 qui
3652 3598 3769 3653 ele-

2120 3684 2299 3741 ctioni
2324 3683 2450 3755 ejus
2471 3690 2911 3755 consenserant,
2936 3690 2992 3740 et
3021 3686 3282 3741 faverant
3314 3686 3762 3742 consecrationi.

2121 3772 2440 3828 Audierant
2479 3787 2707 3843 quoque
2747 3772 3051 3829 anathema
3092 3774 3387 3829 invectum
3421 3773 3476 3828 in
3507 3788 3627 3845 eos,
3664 3780 3766 3845 qui

2119 3875 2245 3916 eam
2270 3860 2691 3933 rcprobandam
2714 3861 2933 3917 scirent
2955 3875 3059 3916 nec
3080 3861 3544 3932 manifestarent,
3566 3867 3625 3917 et
3643 3876 3766 3918 rem

2121 3951 2305 4022 ipsam
2332 3955 2466 4006 ante
2488 3949 2985 4006 consecrationem
3010 3955 3198 4005 actam
3222 3951 3552 4019 constabat,
3583 3952 3768 4021 quod-

2121 4052 2231 4108 que
2254 4044 2386 4109 post
2408 4036 2912 4093 consecrationem
2936 4040 3247 4093 accusator
3264 4037 3388 4107 ipse
3411 4036 3659 4093 diaconii
3682 4038 3766 4093 of-

2122 4125 2312 4181 ficium
2356 4124 2662 4195 locumque
2704 4124 3086 4197 promotionis
3123 4127 3196 4179 ab
3225 4139 3294 4180 eo
3325 4125 3669 4197 susceperit,
3703 4132 3761 4182 et

2123 4212 2295 4268 testis
2329 4211 2725 4267 accusationis
2757 4211 3005 4268 cilicium
3035 4212 3311 4281 cantoris,
3345 4218 3403 4267 et
3437 4215 3682 4282 uterque
3709 4213 3763 4269 ei

2119 4299 2436 4355 hominium
2479 4299 2745 4369 fecerint,
2790 4314 2901 4355 non
2943 4314 3070 4355 esse
3112 4298 3492 4355 sufficientem
3526 4313 3769 4356 accusa-

363 4380 545 4453 layca,
579 4384 658 4438 hii
690 4384 745 4439 in
778 4384 883 4441 hac
914 4386 1037 4441 fece
1077 4387 1359 4457 temporis
1391 4386 1620 4457 praelati
1651 4392 1918 4444 rectores
1948 4393 2007 4443 et
2036 4403 2089 4463 D
2117 4387 2357 4451 tionem,
2402 4387 2457 4442 in
2501 4401 2611 4457 qua
2651 4386 2801 4442 alter
2843 4391 3169 4457 accusator,
3216 4386 3366 4443 alter
3403 4392 3556 4444 esset
3592 4387 3764 4445 testis

361 4468 575 4524 domini
620 4472 1110 4529 constituuntur:
1147 4474 1433 4544 quondam
1476 4475 1548 4530 ab
1589 4475 1676 4531 eis
1720 4490 1748 4531 a
1792 4475 2004 4545 quibus

361 4571 512 4613 nunc
531 4557 911 4629 honorantur,
943 4561 1175 4630 publico
1199 4562 1519 4633 obprobrio
1542 4562 1745 4632 habiti,
1772 4563 2003 4634 publica

362 4646 758 4717 despectione,
810 4647 1139 4717 abjectione
1192 4651 1511 4720 reprobati,
1564 4651 1909 4707 verberibus
1944 4656 2002 4706 et

362 4734 614 4791 vinculis
665 4735 1020 4793 dedecoroso
1067 4743 1323 4792 scemate
1372 4738 1764 4809 dehonestati,
1806 4744 1862 4794 et
1907 4739 2003 4810 qui

362 4823 593 4893 publica
620 4827 858 4880 notatus
878 4824 1245 4881 confessione
1263 4839 1292 4881 a
1313 4825 1474 4881 clero
1499 4827 1920 4897 reprobandus,
1945 4832 2005 4883 et

361 4909 544 4967 solum
565 4911 622 4967 in
642 4910 753 4967 fine
775 4912 909 4969 vitae
932 4927 1051 4969 suae
1071 4913 1473 4970 communione
1493 4914 1799 4971 donandus
1821 4920 2001 4985 esset,

359 4996 453 5053 hic
485 4998 808 5055 celerarius
840 5000 1198 5071 monasterii,
1226 5005 1392 5071 pater
1413 5004 1903 5073 congregationis,
1937 5008 1999 5059 ut

361 5101 558 5141 curam
580 5092 743 5158 gerat
768 5089 839 5143 de
860 5088 1130 5145 omnibus
1154 5095 1458 5160 promotus
1481 5094 1601 5153 est;
1635 5090 1848 5161 quique
1871 5095 1999 5161 post

359 5173 802 5245 abnegationem
836 5176 1049 5232 Christi
1073 5177 1171 5232 Dei
1194 5180 1255 5232 et
1276 5176 1496 5232 Domini
1523 5176 1647 5232 sine
1682 5177 1999 5248 penitentia

356 5261 663 5317 ordinatus
713 5261 993 5319 diaconus
1044 5264 1171 5335 fuit,
1224 5279 1376 5320 nunc
1425 5270 1557 5336 post
1606 5265 1900 5322 homicidii
1943 5270 1998 5323 ct

357 5349 760 5419 abnegationis
816 5351 1106 5421 publicam
1166 5352 1565 5423 penitentiam,
1615 5354 1890 5409 sacerdos
1940 5360 1999 5410 et

357 5425 591 5510 princes
617 5436 747 5509 (sic)
772 5437 1080 5495 institutus
1109 5443 1219 5495 est.

2121 4475 2387 4546 idemque
2428 4479 2755 4531 accusator.
2806 4475 3034 4544 Legatis
3063 4490 3093 4530 e
3125 4479 3328 4532 contra
3363 4476 3766 4547 respondenti-

2120 4564 2247 4632 bus,
2284 4563 2339 4618 in
2369 4576 2542 4619 causa
2576 4563 2846 4634 symonize
2880 4562 3099 4619 nullum
3128 4565 3379 4634 omnino,
3414 4578 3762 4635 quamquam

2118 4652 2406 4720 infamem,
2428 4665 2774 4721 quamquam
2798 4650 3090 4707 subditam
3116 4666 3446 4723 personam,
3470 4652 3761 4708 removeri

2118 4740 2190 4795 ab
2221 4739 2614 4809 accusatione,
2636 4753 2764 4795 cum
2790 4739 3035 4795 domnus
3067 4753 3214 4811 papa
3245 4740 3563 4809 Gregorius
3585 4740 3678 4795 νη
3703 4740 3763 4797 in

2116 4827 2365 4884 concilio
2385 4828 2637 4883 Romano
2657 4827 2726 4882 ad
2747 4826 3176 4883 accusationem
3202 4827 3504 4899 cujusdam
3529 4828 3764 4885 abbatis

2118 4914 2512 4986 symoniacum
2555 4914 2857 4985 quemdam
2893 4915 3232 4987 deposuerit
3272 4915 3630 4987 episcopum,
3665 4930 3764 4973 eo-

2116 5005 2245 5059 dem
2261 5004 2471 5059 abbate
2486 5003 2670 5073 primo
2688 5017 2790 5074 pro
2803 5003 3004 5060 eadem
3019 5002 3476 5074 symonia,cujus
3490 5003 3615 5075 ipse
3630 5018 3764 5074 par-

2116 5091 2228 5147 tice
2238 5094 2814 5162 psctconsentaneus
2838 5091 3046 5161 fuerat,
3064 5091 3350 5162 deposito,
3376 5091 3758 5148 sufficientem

2114 5193 2245 5236 esse
2277 5179 2334 5235 in
2364 5193 2477 5236 uno
2510 5183 2848 5235 accusatore
2879 5183 2935 5235 et
2973 5193 3084 5235 uno
3119 5183 3270 5235 teste
3298 5179 3754 5238 accusationem.

2112 5266 2234 5324 Illis
2267 5282 2495 5340 quoque
2524 5267 2621 5338 qui
2646 5267 3003 5338 impetebant
3022 5267 3460 5337 objicientibus,
3486 5271 3542 5323 et
3568 5282 3761 5324 sacra-

2114 5358 2306 5410 mento
2345 5355 2597 5425 probare
2639 5354 2991 5423 volentibus,
3028 5355 3160 5425 quia
3198 5355 3465 5425 juniores
3496 5358 3663 5410 erant
3697 5359 3762 5411 et

2113 5458 2224 5500 non
2258 5444 2404 5501 adeo
2437 5442 2494 5499 in
2523 5443 2841 5500 canonibus
2883 5441 3212 5513 exercitati,
3257 5443 3559 5514 ignorasse
3600 5443 3757 5513 quod
