3982 6056
197 201 311 266 881

1459 202 1955 273 CHRONICON.
1992 241 2065 251 -—-
2098 204 2250 267 LIB.
2292 205 2363 266 ΙΙ.

3487 203 3603 269 882

196 343 362 400 esset
390 337 444 399 in
475 338 768 415 promisso
792 339 891 399 illo
923 341 1109 416 pestis
1141 342 1437 416 symoniae,
1499 347 1557 400 et
1588 357 1718 401 mox
1780 347 1844 401 ut
1874 341 1928 405 A
1960 340 2059 401 illo
2091 339 2330 401 miserat
2359 339 2606 400 domnus
2642 337 3054 415 Lugdunensis,
3073 342 3138 399 ut
3175 340 3375 414 partes
3405 338 3601 414 Augu-

197 431 588 501 resciverunt,
608 431 958 503 prodidisse,
988 434 1189 505 sicque
1215 448 1244 489 a
1269 449 1330 490 se
1344 433 1599 503 jaculum
1617 450 1846 490 excom—

199 516 616 573 municatioms
682 518 1123 590 repellentibus,
1202 520 1616 591 adjicientibus
1670 521 1844 576 etiam

200 605 360 676 quod
374 605 590 663 electio
605 607 733 677 ejus
746 608 801 663 in
818 609 947 678 ipso
961 609 1200 666 exordio
1219 610 1313 666 infi
1326 614 1505 666 rmata
1532 615 1587 665 et
1613 611 1845 666 omnino

201 696 521 767 reprobata
540 696 756 752 fuerita
779 699 1254 769 metropolitano,
1290 714 1393 771 pro
1408 714 1477 755 eo
1503 700 1655 770 quod
1697 714 1847 755 anno

198 787 262 838 et
296 783 391 839 die
412 783 467 838 in
487 786 1090 843 excommunicatione
1110 788 1408 857 manserit,
1431 788 1846 845 archidiaconii

200 872 458 930 oﬂlcium
474 874 529 928 in
547 873 816 931 meclesia
835 877 1219 946 Linguonensi
1234 878 1571 949 optinendo,
1591 879 1846 948 itemque

202 961 603 1018 archidiaconi
625 967 685 1018 et
699 964 959 1022 cantoris
978 981 1178 1022 -——cum
1193 982 1304 1023 non
1319 972 1473 1023 esset
1488 966 1767 1023 diaconus
1794 997 1849 1007 —

202 1049 258 1103 in
296 1049 562 1108 {ecclesia
578 1052 1072 1123 Eduensi,eontra
1087 1055 1330 1111 vetitum
1348 1055 1604 1125 ejusdem
1638 1059 1848 1111 metro-

201 1137 471 1209 politani,
498 1145 556 1194 et
580 1140 777 1211 legati,
802 1146 859 1197 et
898 1143 951 1198 in
988 1142 1130 1215 ipsis
1155 1144 1488 1215 praelaturis
1519 1144 1848 1215 symionace

196 1226 473 1295 vivendo;
491 1231 761 1300 quodque
778 1236 977 1303 postea
994 1248 1162 1303 quam
1187 1233 1470 1289 infirmata
1490 1239 1600 1303 est,
1626 1234 1848 1302 absque

198 1316 562 1373 conscientia
581 1320 825 1391 capituli
842 1321 1100 1390 Lugduni
1119 1322 1400 1378 diaconus
1416 1323 1724 1377 ordinatus
1747 1321 1844 1376 sit.

196 1392 555 1460 ltet‘crebant
589 1406 763 1462 etiam
798 1408 948 1463 idem
974 1407 1172 1478 legati,
1210 1410 1303 1465 ubi
1331 1408 1851 1479 adjudieiuuivcn-

204 1495 327 1543 tum
359 1496 471 1558 est,
507 1491 929 1550 dissensionem
964 1496 1308 1564 acerevisse,
1344 1495 1677 1551 dicentibus
1731 1494 1851 1566 epi-

201 1578 422 1650 sc0pis,
461 1596 566 1650 pro
601 1596 709 1638 usu
740 1582 1049 1639 Gallicana;
1079 1584 1493 1654 mcclesim,qui
1531 1584 1693 1654 quasi
1717 1598 1852 1639 con-

1959 433 2338 491 studunensis
2361 448 2461 491 sua
2490 434 2612 493 vice
2636 438 2923 490 tueretur.
2950 432 3337 516 :Advencrunt
3354 435 3415 487 et
3431 445 3601 488 cano-

1956 523 2069 579 nici
2094 524 2374 580 adversus
2403 538 2530 580 eum
2554 538 2793 579 numero
2815 527 2900 577 3:5.
2936 523 3298 592 Repetentur
3343 519 3594 591 qurejam

1956 613 2012 667 in
2045 612 2223 683 priori
2246 613 2495 669 concilio
2544 628 2721 684 super
2771 612 3142 669 accusatione
3174 610 3301 679 ejus
3361 609 3591 679 objecta

1959 702 2185 757 fuerant
2219 719 2233 768 ;
2266 702 2477 773 quibus
2500 700 2645 757 miro
2668 701 2854 770 modo,
2882 700 3063 757 multo
3108 699 3478 766 documento,
3500 699 3594 751 set

1957 805 2067 846 non
2091 790 2400 862 probabili,
2416 792 2486 847 ab
2502 790 2611 845 alia
2638 793 2801 861 parte
2817 789 3137 844 resistitur.
3157 789 3341 842 Manet
3360 788 3600 841 contro-

1959 880 2147 936 versia
2169 880 2428 951 praefata,
2456 883 2512 934 et
2541 880 2655 935 fere
2671 894 2697 933 a
2716 882 2838 933 toto
2860 876 3110 933 concilio
3125 878 3490 946 repugnatur
3503 888 3599 929 su-

1961 969 2156 1038 perins
2186 968 2360 1024 (lictis
2393 965 3283 1037 cardinaliumresponsionibus
3336 978 3438 1034 pro
3484 976 3591 1018 usu

1960 1056 2264 1113 Gallicana;
2294 1057 2592 1125 aeeclesize,
2620 1056 2735 1111 illis
2751 1070 2911 1111 suam
2936 1053 3344 1110 auctoritatem
3362 1052 3414 1106 in
3432 1049 3592 1106 nullo

1960 1145 2275 1213 infringere
2303 1144 2652 1213 volentibus,
2680 1159 2783 1200 nec
2806 1141 3183 1214 appellationi
3222 1137 3597 1197 assentienti-

1962 1234 2087 1288 bus.
2106 1231 2244 1295 (Fol.
2272 1235 2410 1303 144.)
2428 1235 2606 1287 Datur
2621 1239 2810 1287 tamen
2827 1233 2877 1286 ei
2901 1231 3064 1286 locus
3083 1246 3142 1285 se
3159 1227 3441 1300 purgandi
3460 1241 3586 1281 cum

1961 1320 2186 1376 idoneis
2214 1322 2502 1392 personis,
2540 1322 2691 1376 sicut
2718 1320 2979 1376 voluerat
3008 1318 3334 1387 concilium,
3370 1320 3431 1371 et
3482 1316 3592 1370 hoc

1962 1410 2623 1480 impraesentiarummon
2641 1424 2919 1465 concessa
2935 1408 3213 1464 dilatione
3230 1405 3457 1461 inducia
3469 1419 3595 1459 rum

1964 1512 2090 1567 quae
2115 1499 2546 1568 quarebantur,
2573 1513 2678 1555 nec
2699 1497 2967 1554 admissis
2982 1496 3051 1551 ad
3071 1495 3470 1566 purgationem
3496 1492 3596 1547 Ca-

1966 1585 2273 1657 bilonensi,
2309 1601 2477 1657 quem
2502 1602 2696 1644 secum
2720 1586 3064 1651 adduxerat,
3108 1588 3166 1640 et
3205 1582 3394 1638 Diensi
3426 1594 3593 1652 quem

202 1665 472 1723 ﬁrmatus
502 1674 629 1725 erat
665 1670 718 1725 in
741 1670 990 1727 concilio
1012 1672 1454 1728 Clarimontcnsi
1480 1687 1582 1743 pro
1600 1686 1851 1744 praesen-
1880 1703 1933 1763 Β
1963 1675 2441 1746 archiepiscopus
2474 1674 2910 1740 miserat.Quod
2939 1673 3302 1729 cumfactum
3329 1684 3441 1725 non
3457 1669 3596 1724 fuis-

201 1758 285 1813 tia
300 1758 516 1814 Urbani
541 1773 724 1830 papze,
744 1759 997 1830 itemque
1012 1761 1066 1816 in
1082 1761 1346 1817 conciliis
1360 1761 1577 1817 habitis
1613 1774 1642 1816 a
1694 1760 1851 1815 dom-

204 1863 280 1903 no
316 1848 689 1917 l.ugduuensi
722 1849 1122 1919 purgationem
1150 1850 1551 1921 imponendum
1594 1848 1703 1919 ipsi
1755 1846 1851 1917 qui

205 1936 625 2006 impetebatur,
662 1938 923 2007 quamvis
952 1938 1057 1994 hoc
1082 1954 1363 1995 canonum
1401 1936 1855 1994 auctoritatibus

205 2025 442 2081 ﬁrmare
460 2039 573 2081 non
614 2027 966 2082 sufficerent.
1016 2028 1296 2097 Legatise
1338 2028 1571 2083 diverso
1617 2040 1857 2095 respon-

204 2113 507 2182 dentibus,
525 2118 582 2168 et
600 2115 876 2170 canonica
892 2118 1215 2172 assertione
1233 2116 1857 2183 firmantibus,accusa-

204 2205 401 2258 torum
418 2216 549 2258 esse
564 2204 811 2274 probare
827 2205 978 2274 quod
1003 2204 1343 2274 objecerint,
1364 2204 1410 2259 si
1428 2202 1673 2273 legitimi
1696 2207 1852 2269 sunt,

200 2290 296 2345 vel
334 2291 387 2344 in
429 2306 607 2346 causa
638 2293 1031 2363 syinoniaenbi
1057 2293 1210 2349 nulla
1228 2290 1851 2363 requiriturlegalitas,

198 2393 272 2434 eo
292 2394 527 2449 quoque
551 2381 1376 2450 quiaccusabaturRomauam
1418 2382 1614 2437 sedem
1661 2376 1858 2451 appel-

200 2465 1026 2538 lante,cuiappellationinon
1069 2484 1366 2526 assensum
1406 2470 1479 2525 sit
1537 2471 1608 2525 ab
1635 2469 1754 2525 eis:
1786 2483 1855 2521 eo

200 2554 363 2624 quod
396 2570 619 2624 curam,
646 2571 812 2625 quam
847 2557 943 2612 alii
971 2558 1025 2613 in
1061 2562 1224 2629 parte
1287 2557 1702 2613 sollicitudinis
1746 2555 1853 2625 ipsi

200 2643 568 2699 baberentin
603 2644 965 2714 plenitudine
988 2646 1318 2717 potestatis,
1342 2647 1437 2716 qui
1484 2648 1731 2700 Romana
1751 2658 1858 2699 aec-

200 2730 383 2786 clesia
418 2732 728 2802 et’judices
754 2733 808 2788 in
833 2734 1032 2789 eadem
1053 2739 1247 2790 essent
1275 2735 1562 2790 :ecclcsia.
1600 2737 1855 2804 Cumque

206 2818 589 2875 tardantibus
620 2819 917 2893 episcopis
935 2822 1217 2890 judicium
1244 2824 1403 2892 dare,
1425 2838 1529 2878 nos
1551 2822 1856 2878 imminens

202 2911 261 2962 et
294 2908 632 2978 expectatio
662 2909 1431 2980 episcoporumconventum
1454 2910 1748 2989 solvisset,
1776 2911 1859 2965 di-

209 2995 431 3051 latione
446 2996 601 3066 data,
622 2999 912 3054 sententia
929 3013 1230 3070 suspensa,
1248 3000 1300 3053 in
1317 3001 1638 3055 crastinum
1654 3000 1855 3055 eadem

207 3084 506 3140 rediutius
528 3086 828 3157 ventilata,
856 3087 1094 3157 agitata,
1115 3089 1539 3145 nectcrminata
1582 3121 1632 3127 η-
1658 3093 1857 3159 peten-
1888 3057 1936 3117 Ο

210 3172 376 3229 tibus
401 3173 1303 3246 omuibusepiseopisdejudicio
1332 3177 1757 3233 dissidentibus
1788 3207 1853 3216 ——

207 3260 463 3317 induciae
495 3261 646 3318 datae
680 3268 812 3318 sunt
838 3279 1020 3335 usque
1053 3266 1120 3321 ad
1149 3265 1490 3321 Pictavcnse
1523 3265 1853 3334 concilium,

211 3364 324 3419 quo
356 3364 494 3420 pars
518 3353 764 3421 utraque
794 3357 999 3408 vocata
1034 3357 1123 3409 est
1148 3372 1160 3417 ;
1182 3369 1251 3409 eo
1275 3359 1465 3409 tamen
1492 3353 1856 3425 apontilicali

210 3442 267 3492 et
300 3437 655 3494 sacerdotali
691 3455 976 3511 suspenso
1016 3443 1227 3511 officio,
1254 3458 1380 3498 cum
1435 3444 1581 3497 idem
1606 3458 1779 3515 perse
1800 3447 1858 3498 et

210 3540 353 3582 suos
379 3541 616 3583 munera
652 3528 911 3598 quaedam
935 3530 1226 3601 episcopis
1241 3536 1408 3587 nocte
1454 3530 1859 3587 cademmisis-

211 3618 324 3681 set,
361 3629 538 3684 quzea
572 3616 912 3686 quibusdam
947 3624 1242 3691 suscepta,
1278 3635 1305 3675 a
1342 3619 1689 3690 quibusdam
1721 3623 1854 3674 sunt

210 3703 527 3773 reprobata
564 3724 576 3758 :
598 3706 750 3775 quod
771 3706 943 3761 etiam
960 3707 1290 3763 cardinales
1309 3724 1418 3762 non
1436 3707 1698 3777 latuerit,
1717 3708 1859 3763 adeo

211 3792 362 3846 utin
399 3791 666 3862 plenario
698 3800 990 3851 conventu
1050 3796 1254 3865 gratiae
1291 3795 1860 3852 ciremnsedentibus

211 3879 462 3936 redditae
497 3881 566 3936 ab
586 3881 822 3951 eissint,
860 3883 1013 3953 quod
1047 3883 1439 3940 sacerdotalia
1481 3888 1715 3954 pectora
1733 3883 1857 3939 auri

212 3981 380 4023 saera
417 3970 596 4024 fames
626 3969 735 4024 etsi
764 3973 1132 4041 temptasset,
1167 3987 1279 4027 non
1316 3973 1652 4043 irrupisset.

282 4058 403 4112 Hec
436 4056 1109 4130 quidem,cumpraescns
1137 4060 1773 4129 cssetMasticonensis,
1803 4060 1856 4115 in

212 4144 512 4200 audientia
547 4145 739 4200 domni
772 4161 934 4218 papae
960 4149 1385 4203 referebantur.
1430 4148 1861 4204 Aderantetlit-

212 4235 358 4287 tera:
371 4232 755 4290 cardinalium
772 4234 894 4290 sedi
912 4236 1254 4306 apostolicae
1279 4237 1518 4292 directa;
1537 4251 1641 4308 pro
1657 4236 1857 4292 eadem

210 4335 385 4376 causa
424 4335 532 4385 ;ne
557 4322 709 4392 quod
743 4323 953 4378 factum
986 4328 1111 4378 erat
1147 4325 1214 4378 ad
1267 4325 1543 4380 honorem
1586 4326 1857 4381 Romanae

1964 1768 2074 1829 set,
2102 1764 2322 1833 judicio
2349 1764 2503 1834 dato,
2528 1764 2614 1819 eis
2636 1765 2851 1819 frustra
2868 1763 3065 1819 sedem
3091 1757 3472 1831 apostolicam
3499 1772 3598 1828 ap-

1965 1851 2343 1921 pellantibus,
2375 1854 2693 1922 rogabatur
2722 1851 2930 1908 stolam
2967 1849 3209 1905 reddere
3241 1852 3299 1903 et
3339 1844 3594 1902 anulum.

1966 1942 2033 1995 Et
2058 1941 2288 1995 interim
2310 1940 2433 2012 ipse
2469 1945 2625 1995 retro
2660 1940 2842 1995 altare
2867 1938 3149 1995 secedens
3172 1951 3301 1993 cum
3321 1934 3464 2003 suis,
3492 1947 3599 1989 nec

1959 2028 2178 2098 judicio
2214 2044 2415 2100 parere
2439 2029 2643 2099 voluit,
2679 2044 2783 2084 nec
2809 2029 2879 2084 ad
2928 2040 3266 2084 consessum
3314 2036 3595 2089 remeare,

1968 2121 2031 2172 ut
2056 2118 2812 2191 praecipiebatur,assensit.
2844 2117 3227 2183 Quamobrem
3278 2115 3349 2169 ab
3380 2111 3603 2183 episco-

1969 2206 2080 2277 pali
2106 2211 2163 2261 et
2180 2206 2628 2262 sacerdotaliest
2650 2206 2834 2262 oﬁieio
2848 2206 3079 2260 omnino
3099 2202 3421 2273 depositus,
3448 2198 3604 2255 etni-

1967 2295 2016 2350 si
2042 2295 2329 2363 obedirct,
2355 2310 2385 2350 a
2410 2294 2589 2350 limini
2602 2296 2708 2350 bus
2724 2297 2940 2351 sanctm
2955 2292 3217 2350 ecclesiae
3231 2293 3597 2359 segregatus;

1967 2397 2283 2453 omnesque
2312 2383 2408 2453 qui
2429 2382 2746 2439 eiulterins
2772 2382 3124 2453 utepiscopo
3154 2379 3456 2436 obedirent
3506 2374 3598 2430 vel

1969 2476 2400 2540 revererentur,
2432 2475 2648 2527 aeterna
2678 2470 3082 2526 maledictione
3134 2467 3473 2533 multantur,
3506 2461 3596 2517 vel

1962 2560 2063 2628 'qui
2096 2559 2145 2614 ei
2177 2574 2345 2630 Opem
2378 2560 2597 2615 ferrent
2624 2561 2678 2614 in
2709 2559 3028 2631 pertinacia
3052 2554 3420 2628 persistendi.
3449 2551 3596 2619 Quid

1967 2653 2158 2704 autem
2192 2648 2614 2717 intercesserit,
2652 2648 2958 2718 quodcum
2981 2645 3329 2703 Turonensis
3382 2640 3603 2698 archie-

1968 2739 2266 2808 piscopus,
2296 2742 2355 2794 et
2410 2737 2788 2806 Redonensis,
2833 2739 2889 2791 et
2950 2734 3046 2792 alii
3097 2732 3470 2806 quamplures
3513 2746 3605 2787 eo-

1966 2831 2308 2898 0peratores
2324 2842 2386 2883 se
2401 2827 2587 2897 primo
2603 2825 2928 2897 eptulerint
2946 2822 3300 2881 defensionis
3314 2824 3369 2877 et
3387 2820 3609 2891 adjuto-

1970 2931 2063 2971 res
2093 2915 2475 2986 purgationis,
2495 2915 2624 2984 quia
2640 2918 2808 2970 erant
2833 2914 2900 2969 de
2929 2912 3224 2984 provincia
3266 2910 3607 2980 Lugdunen-

1968 3004 2037 3071 si,
2056 3004 2107 3059 in
2124 3008 2384 3075 tempore
2405 3002 2778 3059 necessitatis
2794 3000 3472 3075 subtraxerint,retieere
3488 3012 3597 3054 non

1968 3094 2265 3148 debemus.
2300 3091 2737 3147 Ubiaudierunt
2761 3089 3022 3147 canonici
3041 3087 3244 3157 nostri,
3285 3087 3339 3142 id
3381 3088 3452 3141 ab
3510 3086 3597 3142 eis

1969 3179 2313 3251 prrcsentari
2342 3193 2604 3250 personae
2636 3178 2719 3233 illi
2751 3179 2918 3249 cujus
2962 3175 3304 3246 ignorabant
3330 3174 3502 3231 vitam
3540 3176 3599 3229 et

1968 3284 2175 3338 mores,
2203 3267 2439 3325 solliciti
2464 3268 2535 3324 ad
2554 3282 2655 3323 eos
2680 3267 3049 3335 conveniunt,
3074 3264 3342 3336 privatim
3371 3265 3602 3318 contes-

1968 3362 2162 3413 tantes
2192 3363 2250 3412 et
2274 3356 2527 3428 publice,
2564 3371 2634 3411 ne
2666 3355 3153 3412 attaminarentur
3198 3350 3601 3409 communione

1969 3444 2124 3500 illius
2147 3460 2250 3501 nec
2268 3445 2497 3500 dicendi
2513 3443 2881 3513 sacramenti,
2899 3443 3070 3497 immo
3088 3440 3600 3513 perjurii,quorum

1971 3534 2316 3604 purgatione
2330 3533 2531 3589 eadem
2548 3532 2940 3588 certissimum
2964 3534 3087 3586 erat
3116 3527 3435 3600 perieulum
3458 3526 3505 3582 si
3523 3532 3605 3582 ta-

1970 3635 2098 3677 men
2124 3622 2391 3693 purgatio
2419 3621 2661 3677 dicenda
2684 3622 2846 3676 esset
2868 3619 3129 3676 criminis
3177 3614 3554 3686 exaggeratio
3587 3630 3601 3677 ;

1970 3716 2301 3765 asserentes
2326 3710 2496 3765 sinon
2513 3708 2970 3779 adquievisscnt,
3007 3722 3068 3763 se
3119 3707 3408 3776 quotquot
3439 3706 3606 3758 erant

1971 3797 2257 3867 canonici,
2294 3797 2610 3868 perjurium
2636 3812 2834 3853 eorum
2870 3796 3096 3852 ratione
3137 3798 3197 3849 et
3244 3794 3611 3849 sacramento
3680 3808 3693 3817 -

1970 3885 2388 3955 declaraturos,
2422 3890 2476 3940 et
2495 3884 2718 3954 judicio
2737 3885 2887 3953 ignis
2910 3885 3288 3956 probaturos.
3307 3881 3468 3946 Quod
3492 3878 3610 3934 die-

1972 3975 2179 4031 tnmab
2211 3975 2443 4044 incepto
2459 3988 2559 4029 eos
2585 3973 2901 4042 prohibuit,
2920 3971 3160 4027 maxime
3183 3969 3316 4039 quia
3335 3967 3607 4024 videbant

1970 4063 2130 4119 viros
2147 4065 2328 4117 tanta;
2344 4060 2779 4116 auctoritatiset
2799 4059 3126 4115 nobilitatis
3144 4058 3425 4113 rationem
3447 4069 3610 4111 suam

1971 4150 2568 4206 evidentiassertione
2589 4153 2647 4204 et
2695 4144 3347 4216 documentoprobabili
3386 4150 3609 4200 astrue—

1974 4254 2054 4293 re.
2084 4239 2236 4295 Etde
2262 4253 2330 4294 eo
2351 4238 2583 4308 quidem
2608 4237 2682 4292 ita
2704 4252 2763 4292 sc
2780 4251 2875 4292 res
2890 4236 3083 4292 habet.
3107 4237 3236 4305 Ipse
3256 4246 3391 4289 vero
3417 4246 3612 4302 quam-

1973 4342 2142 4397 quam
2178 4327 2505 4399 depositus,
2532 4340 2878 4396 quamquam
2908 4340 2936 4379 a
2958 4322 3255 4380 consortio
3276 4325 3333 4377 et
3360 4335 3614 4377 commu-

209 4408 500 4465 aecclesiaz
530 4410 859 4467 cardinales
882 4412 1140 4467 sinerent
1166 4413 1501 4483 infringere.
1529 4415 1596 4469 Et
1622 4429 1751 4470 cum
1770 4429 1859 4469 ro-
1890 4407 1942 4466 D
1973 4416 2143 4471 nione
2162 4416 2443 4471 aecelesiae
2459 4418 2887 4485 scquestratus,
2910 4413 3114 4469 stolam
3131 4411 3457 4479 retinuit,et
3474 4423 3615 4464 anu-

210 4504 383 4567 garet
419 4513 524 4568 pro
545 4501 842 4555 eonfratre
873 4501 1540 4572 episcopodimissusest
1574 4503 1645 4558 ab
1660 4517 1749 4572 eo,
1769 4517 1861 4558 ac-

209 4586 406 4657 ceptis
430 4587 717 4643 mandatis
776 4595 834 4645 ut
886 4589 1132 4659 justitim
1193 4592 1453 4646 faverent
1505 4591 1859 4661 cardinales,

210 4674 369 4745 apud
402 4688 466 4730 se
500 4678 687 4731 ratum
724 4677 847 4733 fore
871 4677 1153 4748 judicium
1173 4679 1435 4748 aequitati
1470 4679 1627 4734 Petri
1673 4678 1861 4750 prola-

215 4768 359 4819 tum.
395 4763 605 4832 Sicque
637 4764 833 4833 rediit,
859 4770 918 4820 et
976 4766 1309 4821 Pictavensi
1372 4768 1623 4823 concilio
1684 4769 1863 4822 inter-

214 4850 343 4905 fuit.

285 4938 448 5005 Quod
483 4948 965 5010 aggregatumest
987 4944 1041 4999 in
1066 4946 1329 5001 {ecclesia
1348 4945 1531 5001 sancti
1554 4945 1730 5014 Petri,
1768 4944 1861 5000 dic

209 5035 554 5085 oc'avarum
589 5032 775 5087 sancti
806 5033 1031 5088 Martini
1072 5034 1219 5106 (215)
1264 5036 1427 5106 (Nor.
1464 5040 1570 5106 18),
1634 5035 1859 5105 episco-

212 5130 421 5185 porum
451 5120 808 5175 etabbatum
835 5136 1074 5176 numero
1106 5125 1192 5176 80.
1246 5122 1421 5178 Aﬂuit
1459 5125 1514 5177 et
1575 5122 1862 5179 Eduensis

208 5218 342 5259 cum
369 5206 741 5263 Cabilonensi
778 5209 1006 5265 Diensis
1038 5225 1268 5280 quoque
1308 5210 1641 5282 episcopus,
1687 5226 1857 5279 quem

1974 4503 2087 4560 lum
2122 4521 2135 4568 ;
2174 4505 2318 4559 bona
2353 4509 2542 4559 tamen
2568 4502 2847 4573 episcopii
2897 4501 3095 4558 clerici
3144 4498 3525 4572 providebant
3553 4502 3610 4552 et

1973 4591 2378 4663 disponebant,
2409 4593 2558 4662 quod
2584 4596 2640 4646 et
2662 4606 2810 4646 nunc
2836 4605 3019 4660 usque
3055 4589 3292 4659 faciunt,
3333 4586 3601 4643 omnimo-

1973 4680 2063 4737 dis
2083 4682 2137 4735 id
2170 4681 2290 4751 igre
2314 4682 2531 4736 ferente
2556 4679 3016 4749 archiepiscopo,
3040 4678 3195 4748 quod
3218 4682 3383 4733 extra
3404 4674 3606 4730 volun-

1971 4773 2152 4824 tatem
2185 4785 2344 4825 suam
2376 4774 2431 4824 et
2453 4772 2764 4824 accusatus
2794 4772 2853 4821 et
2873 4766 3172 4837 judicatus
3194 4763 3612 4835 depositusque

1975 4860 2169 4913 forcta
2192 4872 2253 4911 se
2274 4856 2892 4926 sacratuscpisc0pus,
2920 4853 3275 4924 querimonia
3298 4856 3463 4907 extra
3482 4865 3613 4921 pro-

1973 4946 2218 5001 vinciam
2250 4945 2527 5000 ventilata
2563 4960 2661 5015 per
2687 4957 2889 4998 manus
2922 4941 3265 5010 legatorum,
3292 4954 3398 4995 nec
3421 4939 3492 4994 ad
3525 4953 3607 5007 se,

1974 5034 2067 5105 qui
2095 5032 2582 5103 metropolitanus
2615 5038 2671 5087 et
2699 5031 2912 5103 primas
2944 5034 3072 5086 erat
3101 5027 3434 5099 provinciae,
3464 5027 3609 5081 infra

1972 5122 2326 5193 provinciam
2345 5120 2524 5175 relata
2541 5121 2856 5175 secundum
2871 5119 3020 5175 scita
3038 5117 3334 5174 canonica.
3354 5115 3438 5172 Ad
3459 5115 3612 5185 quod

1970 5218 2162 5266 tamen
2197 5211 2624 5279 exequendum,
2649 5215 2708 5263 et
2740 5208 2905 5263 itaut
2964 5210 3156 5263 actum
3180 5211 3274 5261 est
3335 5219 3617 5277 peragen—

1811 5323 2030 5380 NOT/E.

291 5425 538 5496 (215)0f,
557 5427 865 5498 epistolam
888 5429 1213 5498 legatorum
1239 5429 1308 5485 ad
1329 5430 1695 5486 Lambertum
1714 5431 1877 5485 Atre-

216 5496 752 5567 batensem,ltlansi
784 5501 896 5557 XX:
929 5496 1085 5557 1—125.
1111 5500 1251 5557 Vide
1274 5500 1486 5558 ibidem
1532 5502 1877 5560 Actaeonci-

1988 5429 2045 5483 lii
2080 5443 2129 5485 a.
2168 5433 2323 5499 1100,
2358 5442 2469 5484 non
2506 5427 2750 5498 integra.
2780 5427 2841 5482 K.
