3964 6044
427 132 544 198 933

1374 140 1738 206 HUt‘uONiS
1781 143 2130 207 ABBXTIS
2174 143 2864 209 FLAVINIAUENSIS

3708 142 3828 203 3t

430 266 587 341 dum,
614 268 790 343 justw
809 286 911 331 eos
933 269 1178 332 rationis
1201 272 1439 333 evidens
1457 273 2062 335 adduxitneeessitas.
2095 278 2146 339 A
2181 279 2355 349 regiae
2381 278 2583 352 stirpis
2615 292 2796 337 uxore
2822 275 3146 350 repudiata,
3170 270 3450 334 thuriﬂde
3478 272 3714 347 violata,
3739 293 3831 336 ro-

432 357 657 415 Etenim
689 376 818 418 cum
853 362 1064 435 inipso
1094 364 1411 435 primordio
1436 365 1692 421 scandali
1739 367 2067 422 cardinales

433 446 828 520 advenissent,
848 452 1084 508 hortatu
1107 456 1163 508 et
1205 455 1477 524 precibus
1501 455 1756 525 ejusdem
1786 455 2069 526 pseudoe-

434 534 656 608 piscopi
680 538 748 594 ad
765 542 1216 611 componendam
1236 557 1433 613 pacem
1450 542 1755 612 recclesize,
1775 558 1902 613 quae
1920 543 2067 600 foeda

434 620 853 682 dilaceratione
876 628 976 684 sed
1002 630 1324 685 necessaria
1341 630 1742 700 scindebatur,
1762 630 1995 685 .Eduam
2014 630 2066 685 in

434 710 582 767 festo
598 714 783 769 sancti
801 716 1023 770 Nazarii
1042 723 1346 786 venerunt,
1363 722 1422 773 et
1444 717 1639 773 audita
1658 718 1841 788 partis
1857 718 2069 773 utrius-

434 812 546 868 que
578 803 861 859 sententia
886 808 1051 859 tanto
1085 805 1279 860 favore
1306 806 1646 876 prosequuti
1679 812 1811 862 sunt
1836 811 1894 861 et
1946 810 2070 861 tue-

434 886 647 945 bantur
662 890 1009 962 vicesillius,
1037 894 1628 963 quamquamjustitia
1658 895 2067 950 canonicorum

434 976 581 1045 parti
616 978 857 1049 faveret,
883 986 943 1035 ut
978 982 1049 1037 de
1100 982 1342 1038 maxima
1406 981 1767 1039 dissensione
1806 983 1875 1038 ad
1914 982 2072 1053 pacis

432 1064 701 1119 unionem
736 1067 1047 1137 rediretur,
1082 1075 1140 1124 ct
1163 1070 1297 1126 talis
1318 1086 1418 1125 eos
1450 1071 1761 1127 concordia
1793 1071 2065 1139 soeiaret,

428 1151 523 1205 cui
558 1155 822 1222 quamvis
851 1170 988 1226 egre
1010 1172 1039 1213 a
1063 1159 1358 1215 canonicis
1390 1174 1693 1216 assensum
1720 1164 1895 1215 esset.
1932 1160 2069 1224 Quae

429 1254 555 1296 cum
592 1243 823 1300 tandem
849 1246 1241 1303 obstinatione
1265 1248 1392 1318 ejus
1433 1249 1489 1303 in
1530 1249 1758 1304 irritum
1810 1248 2060 1304 deducta

431 1328 658 1402 fuisset,
683 1334 753 1388 ab
778 1334 996 1391 eisdem
1042 1341 1170 1407 post
1220 1338 1478 1409 capitulo
1523 1340 1864 1406 abnegatam
1900 1338 2069 1408 justi-

432 1416 591 1488 tiam,
618 1420 687 1475 ad
712 1422 1064 1479 audientiam
1090 1428 1293 1497 metro;
1321 1425 1522 1481 olitani
1546 1432 1603 1481 et
1622 1426 1899 1496 judicium
1922 1426 2063 1495 ejus,

432 1505 503 1560 de
527 1511 961 1567 communitatis
986 1513 1405 1585 dilapidatione
1428 1517 1576 1570 unde
1592 1516 2069 1584 agebatur,voca-

2176 368 2254 437 gii
2284 368 2493 425 cubitis
2525 368 2738 424 decore
2770 366 3139 435 obnubilato,
3163 365 3305 437 regii
3330 365 3607 435 germinis
3633 366 3830 439 splen-

2177 456 2317 511 dore
2331 457 2653 525 obfuscato,
2671 455 2868 511 comiti
2889 470 2993 510 suo
3011 454 3416 523 Audegavensi
3433 469 3675 510 uxorem
3692 457 3830 512 sub-

2179 544 2376 615 ripuit,
2400 545 2569 600 militi
2585 544 2784 615 utique
2797 558 2902 600 suo
2923 542 3014 598 cui
3032 542 3199 598 fidem
3219 543 3590 613 promiserat,
3618 548 3679 599 et
3696 559 3829 600 car-

2179 633 2267 688 nis
2288 632 2796 703 consanguinitate
2814 631 3139 703 propinquo
3158 651 3169 686 :
3191 632 3336 686 adeo
3356 637 3418 686 ut
3437 646 3509 686 ex
3528 646 3636 687 una
3657 640 3828 703 parte

2179 718 2234 773 in
2271 719 2466 787 tertio,
2492 718 2683 774 exalia
2712 718 2765 773 in
2798 721 3004 787 quarta
3027 716 3490 788 prepinquitatis
3540 732 3828 787 sanguine

2180 811 2577 878 necterentur,
2599 811 2654 863 et
2683 807 2874 863 federa
2891 806 3143 875 conjugii
3167 821 3294 876 quae
3309 820 3380 861 ne
3405 806 3832 863 dirimerentur

2180 894 2395 964 regalis
2426 895 2824 965 gladinsulter
2848 896 3132 949 hactenus
3157 893 3429 964 inhibuit,
3458 894 3751 966 impudica
3767 902 3831 952 et

2182 983 2549 1040 incontinens
2575 984 2732 1052 regis
2756 982 3277 1039 dissolvitlascivia
3328 982 3617 1054 impudica
3652 990 3712 1040 et
3746 985 3832 1040 in-

2182 1086 2477 1142 reverens,
2514 1071 2827 1128 scindenda
2860 1075 2921 1127 et
2950 1070 3270 1126 dirimenda
3313 1075 3399 1126 tot
3432 1071 3600 1127 annis
3642 1073 3830 1128 violat

2179 1160 2761 1229 obstinatia.Verum,
2789 1160 2925 1231 quid
2962 1159 3190 1228 mirum,
3223 1160 3269 1216 si
3304 1160 3356 1214 in
3395 1160 3569 1216 fluvio
3615 1162 3828 1232 seculi,

2181 1247 2234 1304 in
2269 1255 2535 1305 torrente
2565 1250 2767 1305 fluoris
2791 1248 2958 1318 regii,
2993 1249 3300 1305 Leviathan
3335 1249 3611 1319 antiquus
3653 1265 3831 1321 quem

2180 1338 2492 1394 absorbeat
2508 1338 2724 1393 invenit
2744 1355 2757 1401 ;
2774 1338 2870 1407 qui
2888 1338 2942 1392 in
2962 1337 3245 1394 descensu
3258 1337 3530 1393 Iordanis
3558 1339 3832 1410 preciosa

2179 1430 2238 1480 et
2260 1426 2447 1482 electa
2480 1427 2653 1498 rapit,
2683 1427 2736 1481 in
2758 1426 2962 1481 ordine
2985 1426 3387 1497 episcoporum
3421 1426 3517 1497 qui
3566 1441 3830 1498 praaesse

2181 1514 2395 1570 debent
2421 1516 2575 1587 ipsos
2601 1514 2986 1585 prmsidentes
3002 1514 3108 1571 sibi
3124 1514 3444 1569 substernit
3470 1518 3493 1570 ?
3509 1516 3629 1570 Rex
3649 1516 3831 1585 regia:

435 1598 657 1698 tusest.
678 1598 837 1663 Quod
860 1602 1107 1672 respuit,
1133 1604 1276 1658 etde
1315 1603 1869 1674 prioribenignitate
1883 1601 2068 1658 cardi-
2097 1637 2150 1698 Β
2180 1604 2472 1659 castitatis
2486 1619 2640 1672 osor,
2661 1603 2973 1672 regiithori
2993 1602 3285 1658 violentus
3310 1603 3607 1673 etl‘ractor,
3626 1604 3833 1661 diade-

433 1682 645 1739 nalium
662 1688 1060 1760 conﬁdens,ad
1080 1691 1444 1761 designatum
1460 1691 1866 1747 Valentincnsc
1881 1691 2069 1746 conci-

430 1768 567 1826 lium
594 1775 921 1833 eosibidem
943 1781 1835 1849 responsurusetsatisfacturus
1862 1780 2068 1835 invita-

432 1858 537 1929 vit,
571 1867 629 1916 et
662 1863 927 1921 nolentes
958 1866 1040 1921 ire
1059 1868 1249 1936 coegit
1274 1868 1618 1924 invitatione
1663 1884 1785 1937 sua,
1843 1867 1958 1922 illis
2006 1872 2063 1922 et

437 1964 541 2019 pro
562 1950 791 2020 publico
805 1954 931 2009 dam
943 1970 1050 2024 pno
1063 1956 1469 2012 cominunitati
1488 1972 1687 2013 corum
1706 1956 1866 2012 illato
1879 1962 1937 2011 et
1966 1972 2065 2024 πονο

436 2037 681 2106 privatis
697 2040 924 2111 injuriis
941 2044 1229 2100 hominum
1246 2046 1372 2115 ejus
1391 2045 1810 2114 rejicientibus,
1830 2050 1888 2100 et
1903 2060 2066 2116 aper-

429 2128 521 2181 tos
535 2129 899 2200 semimicos,
935 2147 1006 2187 ex
1021 2132 1126 2188 hoc
1153 2134 1394 2189 maxime
1418 2133 1548 2203 quia
1574 2134 1643 2188 dc
1669 2135 1842 2189 rebus
1874 2134 2065 2189 dome-

430 2214 597 2271 sticis
622 2218 689 2272 ad
711 2221 1020 2277 concilium
1041 2228 1277 2277 etextra
1304 2223 1659 2293 provinciam
1684 2224 2061 2291 vocabantur,

436 2308 923 2368 protestantibus.
944 2310 1193 2366 llolenda
1216 2311 1460 2367 hominis
1476 2312 1707 2367 miseria
1723 2311 1818 2381 qui
1844 2311 2063 2366 nullum

437 2407 703 2463 umquam
740 2396 965 2467 dilexit,
991 2414 1018 2453 a
1051 2399 1275 2455 nemine
1298 2399 1551 2456 dilectus
1584 2406 1695 2469 est,
1742 2399 1882 2454 nulli
1928 2400 1979 2455 in
2004 2414 2065 2455 se

436 2483 698 2550 peccanti
735 2485 1132 2555 ignovit,nulli
1168 2488 1462 2558 postiram
1488 2487 2067 2544 benedictionemtri-

434 2569 580 2638 buit,
617 2570 671 2625 in
705 2573 826 2628 sola
862 2575 1120 2644 pecunia)
1143 2576 1555 2645 aggregatione
1588 2592 1749 2647 spem
1775 2592 2067 2633 suamom-

439 2670 566 2711 nem
591 2660 997 2716 constituens!
1030 2664 1643 2731 Noncredaturnobis,
1672 2664 1720 2719 si
1741 2679 1851 2719 non
1877 2665 1931 2719 in
1954 2665 2063 2721 hoc

431 2759 541 2799 vox
566 2761 675 2801 una
702 2754 985 2805 consonat
1009 2752 1283 2806 omnium.
1338 2754 1450 2806 Nec
1489 2758 1752 2808 nostrum
1786 2759 1899 2821 est,
1950 2753 2062 2808 etsi

431 2830 538 2889 lesi
570 2850 789 2906 sumus,
810 2836 950 2893 lesio
969 2839 1278 2895 maledicto
1306 2839 1579 2895 talionem
1605 2840 1947 2911 rependere,
1966 2842 2062 2911 qui

427 2920 646 2979 scimus
682 2924 734 2980 in
769 2940 875 2982 nos
908 2928 1291 2998 peccantibus
1313 2943 1416 2984 nos
1458 2928 1672 2983 debere
1716 2929 2061 2998 ignoscere;

2182 1707 2266 1746 ma
2279 1692 2354 1747 tis
2371 1691 2511 1761 regii
2531 1706 2744 1763 procax
2760 1690 3159 1759 conculcator,
3175 1691 3285 1746 etsi
3302 1690 3491 1761 potuit
3517 1692 3782 1760 reginam
3799 1709 3830 1749 a

2181 1778 2352 1834 thoro
2375 1783 2432 1834 ct
2468 1794 2684 1834 corona
2703 1778 2961 1834 indebite
2980 1776 3255 1847 dejicere,
3274 1793 3385 1834 non
3404 1783 3637 1851 poterat
3664 1780 3832 1836 adul-

2177 1871 2358 1922 teram
2393 1868 2446 1922 in
2472 1866 2617 1923 solio
2640 1866 2802 1936 regni
2821 1866 3230 1922 benedictione
3246 1865 3498 1936 firmare,
3524 1866 3633 1923 nisi
3660 1867 3831 1923 inor-

2176 1955 2309 2010 dinc
2338 1955 2747 2026 episcoporum
2778 1970 2902 2009 com
2914 1954 3096 2025 plices
3108 1954 3217 2009 sibi
3239 1954 3579 2023 invenisset,
3598 1955 3691 2010 vel
3708 1957 3829 2011 sibi

2177 2043 2300 2114 ipse
2319 2043 2632 2099 miserabili
2649 2044 3060 2115 desperatione
3078 2056 3420 2114 promovere
3439 2043 3700 2111 fecisset,
3725 2046 3828 2115 qui

2178 2131 2496 2187 voluntatis
2518 2133 3072 2201 ejnsexequutores,
3088 2135 3146 2186 et
3168 2132 3383 2199 regina:
3411 2145 3571 2187 nova:
3591 2133 3728 2187 novi
3747 2136 3830 2189 τοο

2179 2226 2302 2275 rcnt
2332 2224 2681 2276 sacratores.
2711 2221 2754 2274 Ο
2772 2220 3127 2290 impudentia
3147 2222 3159 2273 !
3178 2234 3210 2275 ο
3226 2219 3577 2276 miserabilis
3594 2220 3829 2293 disper-

2177 2308 2262 2364 sio
2295 2308 2550 2379 lapidum
2584 2308 2902 2365 sanctuarii
2936 2309 2991 2363 in
3022 2309 3215 2380 capite
3241 2308 3593 2380 platearum!
3629 2311 3804 2378 (1092

2176 2397 2221 2453 si
2258 2398 2455 2467 regina
2480 2397 2766 2453 immerito
2781 2397 3075 2467 abjicitur,
3102 2396 3239 2467 quid
3262 2402 3355 2452 est
3379 2398 3533 2467 quod
3548 2398 3793 2455 adulter

2178 2487 2331 2556 quod
2363 2487 2860 2557 eognatojuncta,
2915 2485 3123 2540 marito
3180 2483 3535 2542 reclamante
3582 2487 3789 2558 vimqu
3820 2503 3855 2545 θ

2176 2590 2370 2646 passo.
2406 2574 2896 2631 subintrodicitur
2924 2573 3111 2639 ?(Fol.
3138 2572 3296 2643 ΜΕ).
3331 2574 3386 2629 Si
3416 2574 3503 2631 vis
3525 2590 3685 2646 regia
3721 2576 3827 2646 jus

2175 2664 2447 2734 abnegat,
2485 2664 2569 2719 fas
2602 2664 2851 2731 subruit,
2900 2663 3059 2718 nefas
3088 2661 3329 2731 attollit,
3356 2662 3494 2732 quid
3512 2678 3651 2734 rogo
3699 2670 3819 2733 est,

2176 2753 2329 2823 quod
2364 2754 2527 2810 nefas
2551 2753 2919 2808 benedicitur
2952 2770 2967 2819 ;
2996 2757 3055 2807 et
3088 2752 3145 2807 in
3175 2751 3394 2823 templo
3441 2750 3826 2827 sacrilegium

2176 2841 2490 2910 attollitur,
2513 2841 2865 2897 adulterium
2883 2845 3169 2908 sacratur,
3198 2840 3568 2911 impudicicia
3592 2857 3829 2913 promo-

2173 2934 2363 2997 vetur,
2399 2930 2578 2985 ethoc
2614 2944 2715 3001 per
2748 2942 2951 2984 manus
2970 2929 3418 3001 episcoporum?
3446 2930 3706 2999 Nequius
3726 2931 3828 2988 hic

422 3011 523 3065 sed
559 3027 664 3069 nec
694 2990 963 3084 congruit
986 3016 1221 3073 veritati
1245 3019 1300 3072 et
1349 3016 1551 3088 pietati
1598 2990 2059 3090 {ecclesiastica},
2095 2990 2143 3052 Ο
2173 2990 2391 3088 aliquid
2418 2990 2803 3088 video,'quam
2839 3017 2891 3072 in
2918 2990 3825 3089 tempore-beatipapael‘licholai

423 3100 493 3155 de
525 3101 618 3156 his
652 3103 860 3172 quibus
885 3104 938 3159 in
963 3120 1025 3160 se
1052 3106 1430 3175 peccantibus
1455 3105 1763 3174 ignoverit,
1793 3105 1931 3163 falsa
1961 3122 2062 3177 pro

420 3189 576 3244 veris
590 3191 961 3261 concinnare,
987 3193 1119 3262 quia
1144 3208 1277 3248 vera
1300 3193 1537 3249 dilectio
1589 3208 1618 3248 a
1652 3194 1763 3249 fide
1788 3195 1910 3250 veri
1936 3209 2061 3252 nes-

417 3275 499 3330 cit
531 3276 782 3334 deviare.
810 3279 1045 3335 Tribuat
1091 3280 1173 3335 illi
1215 3281 1493 3337 Dominus
1540 3287 1623 3350 ut,
1681 3282 1812 3351 quia
1867 3284 2058 3354 ceptis

417 3363 537 3419 suis
558 3366 742 3421 omnia
771 3366 1012 3423 adversa
1039 3370 1381 3439 responderi
1409 3369 1591 3435 videt,
1620 3385 1729 3425 non
1756 3371 1970 3426 adiciat
1997 3376 2059 3427 ut

414 3450 659 3508 similem
687 3454 969 3525 principio
994 3456 1165 3511 finem
1210 3457 1716 3529 faciat,set3peret
1745 3458 1797 3513 in
1827 3459 2057 3515 nomine

415 3539 661 3609 Domini,
690 3558 800 3598 non
834 3543 888 3597 in
925 3544 1149 3602 incerto
1172 3545 1525 3616 divitiarum,
1554 3550 1609 3600 et
1664 3546 1947 3603 innitatur
1965 3563 2057 3603 su-

415 3643 518 3699 per
550 3630 779 3687 domino
801 3633 917 3688 Deo
950 3649 1075 3689 suo.
1106 3637 1300 3689 Amen.

485 3719 552 3773 Et
575 3719 845 3789 quoniam
878 3721 1037 3777 viros
1070 3722 1307 3778 virtutis
1328 3723 1618 3779 memoriae
1642 3724 2053 3782 commendare

410 3806 804 3875 gratissimum
824 3810 1091 3866 omnibus
1107 3814 1164 3865 et
1191 3810 1331 3866 utile
1356 3811 1733 3874 arbitramur,
1762 3826 1873 3866 non
1894 3813 1965 3867 ab
1991 3827 2053 3867 re

411 3894 643 3951 videtur
663 3898 851 3968 nobis,
868 3898 913 3955 si
940 3899 1123 3955 zelum
1150 3900 1354 3955 horum
1374 3899 1699 3969 legatorum
1724 3907 1929 3956 contra
1953 3902 2054 3956 im-

410 3984 850 4056 pudicissimum
867 3986 1286 4058 Philippiregis
1309 3989 1659 4043 Francorum
1677 3988 2049 4058 adulterium,

411 4074 684 4130 secundae
714 4075 1042 4132 Jhezabelis
1062 4076 1359 4132 veneficiis
1384 4090 1413 4131 a
1446 4092 1587 4132 vero
1611 4080 1669 4132 et
1694 4077 1879 4147 justo,
1922 4077 2051 4133 utili

410 4164 467 4214 et
493 4160 738 4218 honesto
770 4162 1093 4233 depravati,
1116 4162 1317 4233 paucis
1350 4163 1733 4233 explicemus.
1764 4163 1875 4219 Nec
1910 4163 2054 4218 indi-

408 4254 626 4316 gnetur
648 4265 784 4319 erga
815 4266 921 4307 nos
946 4250 1251 4321 quispiam,
1279 4250 1431 4321 quod
1457 4251 1619 4320 quasi
1655 4251 1812 4321 regia
1834 4266 1861 4306 a
1884 4252 2053 4308 nobis

2173 3106 2229 3161 in
2259 3106 2561 3175 Tietberga
2594 3106 2790 3175 regina
2821 3104 3124 3176 repudiata
3149 3111 3203 3161 et
3226 3105 3529 3161 Waldrada
3544 3105 3822 3162 adultera

2172 3194 2621 3251 subintroducta
2654 3208 2685 3249 a
2712 3194 3004 3264 Lothario,
3034 3193 3289 3249 Lotharii
3326 3194 3701 3265 imperatoris
3717 3197 3826 3265 qui

2170 3284 2486 3339 monachus
2511 3282 2948 3349 factusestfilio,
2970 3282 3122 3352 quia,
3156 3281 3359 3337 etsiibi
3396 3280 3571 3337 fallax
3591 3282 3828 3353 episeo-

2171 3371 2695 3442 porumjudicium,
2721 3371 2765 3426 si
2794 3371 3007 3439 reginae
3032 3368 3645 3440 innocentisdejectio,
3665 3371 3717 3427 si
3738 3371 3825 3429 lc-

2167 3460 2352 3529 gitimi
2370 3459 2874 3528 thoridivortium,
2893 3458 2941 3513 si
2969 3457 3707 3529 pelicisexaltatze‘”intra
3724 3474 3819 3516 re-

2166 3546 2329 3619 gales
2361 3546 2525 3605 aulas
2561 3545 2975 3619 prostibulum,
2996 3545 3217 3602 nonilla
3245 3552 3436 3601 tamen
3452 3546 3820 3619 virojuncta,

2166 3651 2276 3691 non
2304 3650 2332 3689 a
2364 3634 2549 3690 latere
2577 3634 2711 3705 viri,
2743 3633 3155 3702 consanguinei
3189 3633 3467 3689 etmilitis
3488 3637 3678 3705 rapta,
3701 3650 3823 3691 non

2165 3723 2221 3779 in
2254 3739 2318 3779 ea
2357 3722 2687 3794 nuptiarum
2709 3722 3003 3793 utrimque
3028 3725 3163 3778 sunt
3198 3721 3393 3777 federa
3427 3720 3667 3791 violata,
3711 3726 3819 3780 sed

2165 3811 2597 3869 concubinariae
2612 3810 3030 3867 oblectationis
3050 3810 3303 3880 antiquas
3322 3810 3824 3884 gurgesinexple-

2166 3901 2301 3958 bilis
2335 3899 3101 3972 intemperantermemoriae
3127 3898 3427 3969 reductus,
3452 3899 3586 3955 dum
3601 3915 3822 3958 concu-

2168 3989 2467 4061 pisccntize
2486 4003 2747 4044 {enerves
2789 3988 2947 4042 laxat
2970 3987 3249 4056 habenas,
3283 3986 3509 4042 necscit
3534 4001 3818 4045 revocare

2165 4078 2410 4146 solutas,
2429 4077 2539 4132 sibi
2558 4080 2824 4144 mortem,
2842 4089 3022 4143 regno
3055 4075 3379 4146 horrorem,
3413 4075 3709 4147 episcopis
3721 4092 3822 4133 ca-

2166 4163 2907 4235 lamitatem,optimatibus
2935 4161 3328 4219 miserabilem
3349 4163 3579 4219 induxit
3601 4179 3811 4221 necem
3852 4188 3871 4199 ο

2163 4258 2219 4309 et
2243 4251 2772 4309 confusionemllic
2786 4251 2977 4307 omnia
2990 4251 3253 4320 confusa,
3278 4250 3466 4307 omnia
3481 4252 3816 4323 horrentia,

411 4341 690 4408 carpatur
711 4338 849 4406 vita,
872 4330 972 4393 a'ut
996 4338 1288 4394 laceretur
1312 4342 1488 4395 tantae
1507 4338 1831 4407 majestatis
1847 4340 1937 4395 vel
1960 4355 2052 4395 no-
2078 4341 2134 4402 D
2164 4341 2351 4397 omnia
2386 4339 2674 4395 diabolico
2706 4345 2837 4395 astu
2862 4338 3300 4409 etmalignitate
3321 4344 3623 4411 corrupta.
3643 4342 3821 4397 Inve-

412 4422 584 4478 minis
608 4424 903 4481 excellens
927 4425 1270 4481 auctoritas.
1298 4426 1419 4480 Non
1442 4432 1529 4480 est
1552 4430 1766 4483 nostra:
1790 4426 2052 4483 volunta-

410 4511 491 4567 tis
531 4515 625 4567 aut
651 4512 855 4582 studii,
886 4512 940 4568 in
966 4513 1055 4569 his
1081 4512 1174 4569 vel
1204 4517 1435 4584 tempus
1457 4514 1787 4583 expendere
1816 4515 1905 4570 vel
1930 4519 2052 4572 stu-

408 4600 566 4656 dium
599 4603 857 4656 atterere
891 4618 904 4667 ;
940 4601 1044 4656 sed
1074 4601 1328 4657 virorum
1364 4602 1512 4657 facta
1559 4602 1751 4672 fortia,
1780 4617 1907 4672 quae
1925 4603 2048 4659 sine

404 4687 541 4759 illis,
580 4689 1271 4760 quorumcomparatione
1297 4689 1465 4745 fortia
1500 4693 1655 4759 sunt,
1683 4694 1741 4745 et
1774 4706 1902 4747 cum
1924 4692 2049 4762 qui-

406 4778 515 4834 bus
530 4777 891 4834 decertatum
906 4783 1017 4847 est,
1036 4778 1342 4833 memorari
1358 4782 1457 4834 aut
1473 4778 1567 4834 vix
1587 4782 1687 4833 aut
1709 4778 2045 4836 nullatenus

405 4871 668 4936 possunt,
703 4880 733 4921 a
759 4870 963 4922 nostro
987 4879 1097 4921 non
1121 4866 1375 4935 patimur
1397 4865 1638 4921 alienari
1661 4865 1881 4935 labore,
1916 4870 1976 4923 ut
1998 4868 2043 4924 si

406 4953 575 5009 fortia
600 4953 813 5011 audere
835 4952 1161 5025 nequimus,
1182 4952 1374 5009 saltim
1400 4954 1635 5009 fortium
1660 4955 1801 5009 bene
1820 4960 1947 5010 acta
1973 4956 2047 5010 ri-

406 5055 647 5098 memur.
678 5042 783 5111 (Cf.
808 5044 922 5116 ιδῃ
947 5059 983 5113 ι,
1024 5046 1168 5114 196).
1197 5043 1252 5098 Si
1277 5042 1447 5099 sileat
1474 5043 1738 5113 scedula,
1766 5048 1886 5101 tota
1912 5061 2045 5102 con-

388 5127 676 5185 clamabit
709 5131 971 5201 Francia,
1000 5131 1172 5187 immo
1206 5131 1665 5188 totusOccidcns
1689 5148 1796 5189 una
1823 5133 2044 5190 intona-

406 5213 491 5270 bit
524 5218 669 5272 fama
705 5218 856 5286 quod
878 5234 1004 5287 rex,
1036 5218 1296 5289 legitimo
1325 5219 1597 5275 abdicato
1652 5220 2038 5291 matrimonio,

2164 4429 2272 4497 nit,
2305 4429 2557 4499 inquam,
2585 4444 2684 4483 rex
2720 4427 2832 4482 iste
2866 4427 2921 4482 in
2944 4427 3257 4499 episcopis,
3294 4442 3439 4498 quos
3466 4428 3576 4484 sibi
3624 4430 3817 4485 socia-

2163 4521 2272 4587 ret,
2301 4532 2443 4587 quos
2459 4516 2601 4571 tanti
2632 4515 2921 4585 sacrilegii
2944 4515 3250 4571 ministros
3275 4515 3552 4587 efficeret,
3590 4517 3818 4590 Philip-

2163 4621 2295 4677 pum
2329 4607 2670 4660 Trecensem
2702 4603 3063 4675 episcopum,
3094 4610 3151 4658 et
3186 4602 3525 4660 Walterium
3564 4604 3818 4663 Melden-

2163 4708 2285 4748 sem
2312 4710 2325 4757 ;
2359 4692 2452 4749 cui
2488 4693 2563 4749 ob
2592 4693 2699 4748 hoc
2730 4692 3134 4763 episcopatum
3159 4690 3342 4761 dedit,
3371 4697 3433 4747 ut
3465 4694 3813 4766 sacrationi,

2158 4781 2325 4851 cujus
2355 4780 2659 4837 Trecensis
2690 4783 2846 4835 esset
2870 4782 3169 4850 operator,
3205 4779 3298 4835 hic
3332 4779 3480 4835 foret
3501 4788 3818 4841 consenta-

2163 4884 2306 4924 neus
2334 4873 2392 4924 et
2427 4869 2712 4924 minister.
2738 4867 2845 4923 Sed
2874 4867 3008 4938 quid
3039 4869 3813 4942 succensemusepiseopos,

2162 4956 2375 5026 quibus
2391 4956 2580 5027 pietas
2597 4955 2922 5027 apostolica
2947 4955 3355 5013 erratitribuit
3371 4956 3820 5015 remissionem?

2159 5045 2331 5101 Multa
2368 5045 2443 5100 hii
2474 5060 2503 5101 a
2538 5045 3416 5116 domnoepiscopoLugdunensi
3437 5050 3572 5102 tunc
3588 5053 3819 5121 tempo-

2159 5133 2241 5189 ris
2275 5134 2467 5205 legato
2509 5135 2780 5189 Romana:
2839 5132 3121 5189 zecclesize
3163 5134 3401 5190 coerciti
3456 5135 3811 5203 invectione,

2154 5221 2356 5291 multa,
2392 5220 2499 5278 nisi
2533 5221 2642 5293 ipsi
2667 5221 2772 5278 sibi
2800 5222 3243 5293 praecavissent,
3271 5222 3500 5278 multati
3555 5224 3813 5280 fuissent

1779 5316 2015 5372 VARUE
2058 5317 2457 5375 LECTIONES.

470 5380 537 5415 ⁸³⁸
557 5378 875 5442 exaltatam
897 5383 1096 5455 primo
1125 5385 1414 5457 scriptum
1416 5386 1624 5460 fuisse
1649 5386 1905 5445 videtur.
