3982 6056
170 239 296 328 ass

1424 250 1924 331 CHRONICON.
1958 299 2038 315 --
2065 252 2220 335 LIB.
2266 254 2340 334 ΙῘ.

3366 245 3381 254 ’
3465 273 3586 337 886

172 402 519 459 severitate.
541 400 670 471 Sed,
698 402 759 458 ut
786 397 1012 472 prafati
1037 414 1255 471 sumus,
1283 374 1536 459 Romana
1560 401 1750 474 pietas
1770 406 1827 458 et
1863 418 1911 477 Α
1947 405 2167 468 tes,nec
2200 402 2514 476 aliquando
2545 421 2574 462 a
2597 404 2768 464 laude
2792 406 2961 463 Deiet
2985 408 3400 479 pradicatione
3431 411 3583 468 veri-

170 491 636 547 erratadonavit
662 496 722 547 et
754 490 1099 546 remissione
1133 506 1235 547 sua
1280 492 1572 548 infamiam
1596 506 1832 563 supera-

176 580 281 634 vit.
311 580 476 635 Adeo
522 584 585 635 ut
626 579 1084 650 compelleretur
1117 580 1595 652 archiepiscopus
1615 580 1769 636 datis
1799 594 1829 635 a

176 670 359 723 Rr-ma
388 668 497 724 sibi
525 668 759 736 litteris,
780 676 1094 738 utrumque
1108 669 1509 725 communione
1529 669 1829 739 suscipere

176 763 234 811 et
287 755 517 812 osculo.
560 755 734 823 Quod
766 772 837 810 ex
888 772 1001 827 quo
1031 756 1267 827 pietatis
1301 758 1456 826 fonte
1487 756 1826 823 manaverit,

178 850 395 915 querat
413 844 510 915 qui
535 844 787 913 volet,et
810 844 857 899 si
882 848 1081 915 potest
1112 845 1421 915 intelligat.
1449 846 1660 913 Regem
1693 860 1829 914 quo-

178 949 295 1005 que
321 934 510 1005 ipsum
558 932 761 1003 pelicis
802 949 922 989 sua
967 934 1381 1004 prostitutione
1424 935 1762 1005 superbum,
1798 948 1826 989 a

180 1022 437 1093 reproba
470 1021 730 1091 ejusdem
757 1022 1168 1091 conjunctione
1189 1028 1560 1093 sequestrare
1582 1026 1828 1092 tempta-

180 1110 283 1179 vit,
328 1108 645 1165 interdicta
693 1108 775 1165 illi
798 1124 1012 1166 corona
1037 1110 1142 1165 nisi
1187 1110 1685 1180 obediret.(1094)
1715 1109 1822 1165 Sed

181 1198 378 1254 nescit
403 1198 672 1270 impietas
689 1197 835 1253 mala
860 1213 988 1268 qua
1014 1198 1171 1268 fecit,
1198 1199 1309 1253 nisi
1332 1214 1461 1255 cum
1486 1213 1589 1270 pro
1608 1198 1823 1254 eisdem

181 1287 449 1358 peccatis
476 1286 719 1357 caperit
752 1286 870 1356 jam
911 1287 1123 1358 puniri.
1153 1292 1340 1360 (1095)
1374 1288 1476 1343 Din
1498 1287 1567 1343 de
1592 1288 1682 1343 his
1712 1292 1826 1343 tra-

179 1382 407 1432 ctatum
432 1382 544 1445 εει,
565 1376 675 1431 Sed
698 1375 889 1431 renuit
920 1375 1250 1447 apostolico
1282 1377 1499 1432 mederi
1534 1376 1822 1445 antidoto,

179 1465 272 1521 cui
318 1464 544 1520 veritas
583 1463 939 1533 etjudicium
962 1464 1030 1520 ad
1074 1465 1382 1521 arbitrium
1417 1466 1632 1536 pendet
1696 1464 1826 1520 femi

180 1568 390 1621 neum;
413 1566 717 1624 usquequo
740 1554 971 1609 Urbano
1001 1569 1149 1624 papa
1174 1553 1497 1609 decedente
1527 1553 1829 1610 Paschalis

182 1640 554 1711 succederet,
589 1647 646 1697 et
680 1643 785 1698 has
815 1642 1100 1699 acclesia
1152 1642 1455 1699 columnas
1486 1644 1557 1699 de
1617 1642 1831 1712 quibus

1943 492 2085 547 tatis
2124 494 2457 565 reticentes,
2504 497 2656 566 quod
2691 510 2831 553 voce
2864 498 3202 567 prosequuti
3232 506 3420 572 erant,
3454 518 3580 559 san-

1942 580 2116 648 guine
2139 582 2505 653 conﬁrmare,
2525 584 2573 637 si
2593 585 3301 654 sitnecesse,gestientos.
3325 588 3580 655 Quorum

1941 670 2273 725 constantia
2303 671 2511 727 devota
2536 677 2593 727 ct
2626 673 2858 729 devotio
2893 675 3365 731 constantissima
3400 677 3588 734 furen-

1942 756 2086 811 tium
2112 758 2261 813 faeta
2288 764 2381 813 est
2416 761 2707 831 repressio
2743 766 2799 816 et
2825 761 2893 817 ad
2918 762 3298 832 penitentiam
3320 765 3585 823 cordium

1942 843 2263 903 inclinatio.
2284 848 2441 903 Adeo
2469 854 2526 904 ut
2562 850 2807 905 comites
2830 855 2889 905 et
2920 856 3204 921 quotquot
3230 859 3397 910 antea
3428 869 3591 925 gras-

1940 933 2221 988 sabantur
2256 935 2308 989 in
2361 937 2701 993 confusione
2762 952 2961 1006 eorum
3021 939 3307 995 humiliati
3358 942 3472 997 sint
3532 944 3588 998 in

1940 1029 2259 1092 conspectu
2290 1023 2522 1081 illorum
2568 1026 2969 1083 satisfactione
3031 1029 3332 1097 pramissa
3356 1034 3412 1084 et
3447 1047 3591 1102 pra-

1940 1111 2100 1164 tenta
2134 1111 2491 1169 obedientia.

2009 1198 2339 1256 Tractatum
2362 1207 2454 1257 est
2482 1203 2537 1257 in
2563 1203 2811 1260 concilio
2830 1203 3030 1259 eodem
3047 1204 3117 1259 de
3132 1204 3478 1275 expulsione
3493 1208 3595 1263 ab-

1941 1286 2096 1342 batis
2129 1290 2317 1345 sancti
2348 1291 2591 1359 Remigii
2617 1292 2831 1361 injusta
2867 1296 2921 1347 et
2970 1293 3285 1349 Burchardi
3308 1295 3591 1353 substitu-

1941 1374 2098 1430 tione
2128 1376 2360 1447 illicita,
2393 1384 2452 1433 et
2503 1394 2633 1434 cum
2666 1379 2763 1435 diu
2797 1394 2857 1434 re
2891 1381 3171 1437 ventilata
3216 1385 3589 1441 conversatio

1942 1462 2070 1533 ejus
2093 1472 2314 1535 sancta,
2350 1467 2628 1524 introitus
2652 1468 2964 1537 legitimus,
2990 1470 3278 1539 promotio
3300 1476 3476 1541 atque
3502 1488 3592 1529 sa-

1942 1554 2131 1609 cratio
2163 1554 2396 1610 inventa
2451 1555 2649 1611 fuisset
2700 1558 2992 1612 autentiea
3025 1563 3079 1612 et
3130 1560 3427 1629 canonica,
3461 1576 3589 1631 qua

1946 1641 2121 1697 etiam
2146 1642 2366 1699 litteris
2390 1643 2581 1699 domni
2609 1660 2769 1715 papa
2796 1645 3008 1700 Urbani
3035 1647 3443 1717 roborabatur,
3470 1649 3593 1719 qui-

183 1732 413 1828 agitur,
454 1730 557 1828 ad“
578 1730 791 1787 Gallias
822 1731 1165 1828 destinaret,
1202 1732 1503 1828 quosju‘re
1533 1731 1834 1828 columnas
1863 1768 1918 1828 B
1950 1730 2059 1787 bus
2091 1731 2298 1828 merito
2323 1732 2466 1787 ﬁdes
2512 1732 2913 1828 adhiberetur,
2939 1735 3225 1828 cumjam
3258 1735 3382 1805 ipsa
3415 1737 3590 1794 etiam

182 1818 470 1875 acclesia
502 1818 693 1875 dictos
722 1834 794 1875 ex
845 1820 966 1891 ipsa
1000 1819 1090 1876 sui
1144 1820 1486 1875 inﬁrmitate
1527 1824 1584 1875 et
1638 1820 1836 1875 incon-

182 1922 359 1964 cussa
386 1908 559 1963 animi
585 1908 825 1979 virtute,
843 1908 1350 1980 quioperaeorum
1372 1909 1625 1965 solerter
1650 1909 1835 1964 intue-

181 2002 299 2065 tur,
324 1996 607 2066 colligere
633 2002 844 2068 potest.
873 1998 961 2052 Hii
987 2002 1116 2069 post
1134 1998 1442 2054 consilium
1463 1998 1833 2053 Valentinum

185 2100 287 2157 per
318 2100 384 2141 se
418 2086 582 2156 ipsos
609 2101 745 2156 rege
773 2092 1090 2157 convento,
1127 2102 1257 2144 cum
1307 2087 1524 2144 nullam
1549 2088 1607 2143 in
1637 2089 1833 2145 verbis

184 2173 276 2230 vel
298 2173 533 2230 actibus
569 2173 695 2243 ejus
725 2176 1157 2247 correptionem
1193 2175 1277 2232 vel
1316 2176 1717 2247 penitentiam,
1756 2177 1836 2233 fo-

184 2261 399 2318 diendo
448 2262 604 2319 circa
638 2265 907 2319 arborem
958 2263 1377 2321 infructuosam
1410 2270 1468 2319 et
1520 2265 1832 2336 cophinum

183 2350 472 2407 stercoris
485 2351 874 2422 aggregando,
892 2353 1283 2424 reperissent:
1305 2368 1414 2409 non
1428 2354 1594 2425 passi
1613 2357 1831 2409 tantam

182 2439 385 2496 videre
419 2440 475 2495 in
495 2439 761 2496 acclesia
803 2440 1090 2498 catholica
1126 2442 1494 2513 ignominiam
1517 2446 1575 2498 et
1598 2442 1835 2498 concul-

182 2529 498 2599 cationem,
560 2529 858 2585 menbrum
902 2529 1198 2600 putridum
1234 2530 1289 2585 in
1345 2530 1594 2588 concilio
1649 2531 1835 2586 Picta-

184 2617 345 2672 vensi
366 2630 397 2671 a
430 2631 711 2688 compage
742 2618 1008 2689 corporis
1030 2618 1242 2673 Christi
1276 2618 1471 2687 gladio
1504 2619 1834 2675 anathema-

188 2705 261 2760 tis
281 2704 607 2775 pracidere
638 2721 749 2761 non
785 2710 1137 2762 metuerunt.
1169 2708 1349 2777 (1100,
1377 2707 1503 2762 Oct.
1539 2709 1654 2779 20.)
1688 2706 1833 2763 Ade-

187 2799 275 2848 rat
303 2793 381 2848 ibi
428 2808 625 2850 comes
663 2794 1043 2860 Pictavensis,
1070 2810 1288 2851 summa
1322 2810 1493 2866 prece
1526 2810 1629 2852 eos
1660 2795 1834 2866 depo—

187 2896 355 2937 scens
386 2895 456 2937 ne
486 2881 780 2939 dominum
825 2898 989 2940 suum
1041 2884 1635 2940 excommunicarent.
1689 2884 1833 2941 Ade-

188 2974 318 3027 rant
344 2973 403 3024 et
435 2970 700 3042 episcopi
761 2970 1076 3028 identidem
1132 2972 1433 3043 facientes,
1470 2976 1524 3027 et
1556 2988 1686 3029 cum
1721 2988 1829 3028 non

188 3059 573 3129 impetrarent
604 3060 759 3129 quod
776 3059 1070 3130 volebant,
1094 3076 1122 3117 a
1147 3076 1425 3118 consessu
1460 3062 1669 3118 etloco
1698 3078 1834 3118 con-

1948 1834 2083 1891 pars
2116 1820 2353 1875 inimica
2379 1821 2866 1877 restaurationem
2900 1822 3026 1893 ejus
3057 1837 3170 1878 non
3212 1825 3588 1894 reprobaret:

1949 1923 2055 1979 pro
2080 1908 2426 1978 quibusdam
2458 1909 2674 1965 litteris
2707 1910 2996 1981 conﬁctis,
3034 1912 3197 1982 quasi
3230 1927 3259 1967 a
3292 1912 3431 1968 sede
3461 1927 3596 1983 apo-

1949 1996 2155 2053 stolica
2183 1997 2446 2067 directis,
2474 1998 2528 2053 in
2549 1999 2763 2068 quibus
2782 1998 3112 2055 cardinales
3136 2014 3240 2055 nec
3264 2000 3465 2056 stilum
3490 2002 3597 2057 Ro-

1948 2099 2176 2141 manum
2211 2100 2317 2140 nec
2378 2101 2789 2157 pergamenum
2823 2088 3140 2143 Romanum
3176 2089 3592 2159 agnoscebant,

1948 2174 2193 2229 maxime
2225 2190 2354 2229 cum
2389 2174 2445 2228 in
2477 2174 2586 2229 ﬁne
2618 2189 2815 2231 earum
2841 2175 3239 2246 subscriptum
3265 2177 3443 2232 foret:
3491 2178 3596 2235 Va-

1950 2264 2076 2332 lete,
2115 2262 2267 2333 quod
2307 2264 2561 2317 Romana
2586 2278 2696 2318 non
2748 2263 2920 2318 habet
2951 2264 3294 2333 auctoritas,
3322 2280 3426 2337 pro
3475 2265 3594 2322 illis

1949 2350 2180 2421 inquam
2195 2349 2564 2407 confutandis
2580 2350 2905 2422 judicatum
2924 2352 3101 2408 estad
3117 2351 3313 2408 sedem
3337 2353 3591 2409 eundum

1947 2438 2347 2509 apostolicam,
2399 2438 2743 2509 quibusdam
2775 2439 2871 2509 qui
2910 2440 3095 2510 primo
3127 2439 3590 2511 appellaverant,

1946 2542 2053 2583 nec
2081 2541 2421 2583 concessum
2453 2533 2583 2582 erat
2613 2528 2721 2597 eis,
2748 2528 2803 2582 id
2826 2542 2964 2597 egre
2991 2528 3341 2593 ferentibus;
3368 2528 3583 2598 quibus

1946 2619 2140 2671 tamen
2172 2615 2428 2671 evidenti
2464 2615 2691 2671 ratione
2744 2630 3084 2686 responsum
3117 2622 3227 2685 est,
3260 2615 3368 2672 etsi
3417 2616 3589 2673 satis-

1948 2705 2163 2760 factum
2204 2720 2316 2759 non
2340 2711 2452 2759 est.

2018 2793 2302 2859 Quantam
2335 2798 2526 2849 autem
2573 2792 2701 2848 ﬁdei
2757 2793 2979 2863 frugem
3010 2791 3198 2849 virilis
3243 2792 3339 2848 illa
3376 2809 3590 2866 propu-

1945 2881 2236 2951 gnationis
2266 2881 2526 2938 ealcstis
2569 2895 2734 2951 seges
2761 2879 3047 2949 attulerit,
3100 2881 3231 2937 hinc
3262 2881 3457 2952 colligi
3490 2898 3590 2954 po-

1947 2974 2058 3025 test
2094 2969 2248 3040 quod
2300 2976 2524 3041 postea,
2560 2986 2689 3026 cum
2752 2970 2900 3040 apud
2938 2969 3136 3025 urbem
3168 2971 3456 3026 Senonum
3490 2987 3593 3028 rex

1945 3073 2076 3115 cum
2101 3059 2299 3127 regina
2332 3074 2432 3114 sua
2466 3073 2568 3129 per
2604 3062 2666 3114 l5
2690 3058 2810 3112 fere
2838 3058 2964 3113 dies
2999 3062 3328 3114 remoratus
3360 3059 3587 3129 fuisset,

185 3147 327 3213 cilii,
367 3146 518 3203 idem
548 3162 747 3203 comes
777 3152 836 3202 et
868 3149 958 3204 sui
1009 3150 1192 3204 minas
1239 3150 1617 3220 intendendo,
1653 3149 1831 3221 aliqui
1867 3122 1915 3184 Ο
1944 3147 2166 3203 clausis
2199 3152 2323 3202 tota
2358 3147 2500 3202 urbe
2531 3146 2833 3215 acclesiis,
2868 3146 3022 3201 nulla
3052 3147 3203 3201 facta
3234 3150 3327 3201 est
3355 3146 3405 3202 ei
3440 3147 3593 3202 chri-

190 3248 423 3304 quoque
455 3248 528 3289 ex
558 3234 871 3305 episcopis,
908 3236 1074 3291 multi
1102 3250 1174 3292 ex
1203 3236 1457 3303 clericis,
1508 3237 1835 3293 innumera-

190 3322 337 3378 biles
376 3338 448 3378 ex
496 3322 677 3393 laycis
724 3324 1014 3379 exierunt.
1050 3324 1141 3380 Sic
1171 3325 1375 3381 ordine
1404 3326 1659 3395 turbato,
1696 3340 1836 3396 pace

190 3411 243 3466 in
276 3410 536 3467 tumultu
569 3426 758 3481 versa,
808 3410 893 3467 illi
938 3418 1347 3489 remanserunt
1379 3414 1476 3484 qui
1507 3414 1712 3469 Finees
1747 3429 1837 3469 ze-

189 3498 307 3555 lum
341 3500 558 3555 imitari
591 3501 954 3569 gestiebant;
980 3504 1037 3556 et
1062 3501 1213 3557 sicut
1236 3501 1335 3556 ille
1362 3508 1622 3558 scortum
1646 3503 1838 3558 Zama-

188 3588 292 3644 ria
341 3604 473 3643 cum
526 3589 791 3644 Chorami
828 3589 1134 3645 Madianita
1166 3590 1361 3660 gladio
1387 3590 1649 3662 pupugit,
1685 3592 1838 3646 furo-

190 3691 430 3747 remque
458 3678 680 3733 Domini
714 3677 988 3749 placavit,
1025 3679 1111 3735 sic
1134 3683 1194 3734 et
1226 3679 1343 3751 isti,
1376 3694 1488 3736 non
1520 3680 1692 3735 veriti
1729 3679 1836 3734 fre-

190 3765 394 3821 mitum
431 3766 947 3837 perstrepentium,
976 3760 1430 3824 ‘adulterantem
1461 3782 1676 3837 regem
1708 3782 1839 3824 cum

189 3853 459 3911 adultera
475 3869 645 3925 quem
674 3856 973 3925 corrigere
1006 3856 1414 3927 nequiverunt,
1448 3856 1841 3913 excommuni-

189 3943 443 3998 cationis
466 3944 718 4015 pugione
733 3945 1082 4015 perfossum,
1101 3946 1391 4016 vita,qua
1411 3946 1464 4000 in
1481 3946 1709 4002 Christo
1723 3950 1838 4016 est,

188 4037 490 4088 extorrem
510 4032 912 4088 reddiderunt.
935 4034 1054 4089 Hoc
1066 4036 1259 4089 autem
1276 4038 1467 4090 actum
1481 4038 1589 4105 est,
1610 4033 1840 4104 quando

184 4120 305 4189 jam
325 4127 453 4176 erat
480 4121 823 4177 solvendum
855 4121 1187 4178 concilium.
1212 4124 1450 4193 Jamque
1471 4122 1599 4178 laus
1622 4122 1839 4179 Christi

196 4209 251 4264 in
277 4223 382 4264 ore
403 4223 602 4265 eorum
619 4209 715 4280 qui
730 4210 1001 4265 astabant
1015 4225 1120 4281 pro
1138 4210 1490 4267 demissione
1504 4210 1753 4280 concilii,
1778 4213 1837 4267 ut

192 4298 499 4369 morisest,
516 4298 850 4368 resonabat,
867 4304 1125 4355 etastus
1147 4299 1763 4356 turbatumultuantis
1779 4304 1841 4355 ut

191 4387 388 4442 fervor
414 4387 588 4442 maris
619 4387 1068 4444 incandescebat
1092 4403 1197 4459 pro
1220 4387 1435 4444 domini
1459 4404 1549 4445 SUl
1573 4388 1730 4458 regis
1744 4403 1842 4443 ex-

1945 3236 2215 3292 stianitas
2246 3236 2418 3305 (216),
2466 3235 2520 3289 in
2555 3238 2776 3290 tantum
2808 3237 2868 3289 ut
2900 3233 3230 3290 Jhezabelis
3264 3236 3426 3290 furor
3457 3250 3595 3291 usus

1948 3326 2206 3380 novitate
2240 3324 2477 3396 profana
2505 3339 2709 3378 manus
2733 3322 2938 3394 impias
2963 3323 3017 3377 in
3048 3324 3223 3379 Deum
3244 3324 3588 3394 extendens,

1949 3413 2141 3469 missis
2174 3412 2612 3483 apparitoribus
2642 3411 2962 3468 acelesiam
3013 3412 3327 3481 frangeret,
3361 3416 3419 3466 et
3441 3412 3495 3466 in
3527 3426 3592 3467 ea

1949 3501 2061 3556 sibi
2094 3501 2327 3556 missam
2360 3516 2388 3555 a
2422 3500 2511 3555 sui
2543 3500 2832 3555 similibus
2864 3500 2976 3555 dici
3010 3506 3266 3569 cogeret.
3295 3502 3372 3556 Ve
3397 3500 3582 3555 huma~

1949 3604 2036 3644 na
2096 3588 2497 3659 impudentia!
2544 3587 2871 3657 lnerubida,
2931 3588 3165 3644 servilis
3194 3593 3255 3644 et
3303 3604 3417 3644 non
3450 3588 3595 3658 regii

1951 3677 2125 3733 animi
2159 3675 2477 3746 cavillatio,
2512 3678 2765 3732 Romana
2800 3690 2901 3732 usa
2934 3676 3194 3747 levitate,
3229 3691 3380 3733 nunc
3411 3690 3596 3747 usque

1951 3765 2211 3834 reginam
2246 3780 2406 3821 suam
2444 3768 2665 3835 tuetur,
2709 3769 2768 3821 et
2800 3764 3178 3822 dedecorosis
3233 3764 3599 3836 amplexibus

1951 3852 2175 3909 erroris
2197 3858 2255 3908 et
2286 3852 2663 3924 impudicitia
2687 3853 2912 3909 estibus
2934 3868 3239 3923 succensa,
3263 3867 3493 3910 corona
3518 3854 3601 3911 di-

1950 3942 2233 4012 gnitatem
2283 3940 2627 4003 dedecorat;
2674 3945 2891 3996 etcum
2924 3941 3061 3995 olim
3111 3942 3183 3996 ad
3238 3942 3596 3997 exorandum

1950 4033 2129 4086 Deum
2158 4028 2410 4099 gentiles
2434 4043 2621 4099 reges,
2646 4034 2703 4083 et
2728 4029 3100 4099 absquejugo
3124 4029 3283 4098 leges
3303 4029 3595 4099 dederint,

1952 4125 2012 4175 et
2045 4117 2620 4189 blaSphematoribus
2646 4130 2749 4172 seu
2772 4116 3276 4187 contemptoribus
3291 4117 3390 4172 Dei
3416 4116 3600 4172 vindi-

1950 4212 2103 4263 ctam
2139 4206 2581 4275 intentaverint,
2618 4205 2709 4262 hic
2751 4205 3274 4275 regniFrancorum
3317 4218 3599 4276 propaga-

1953 4295 2424 4366 tor,christiana
2460 4293 2605 4365 legis
2620 4300 3041 4365 propugnator,
3059 4292 3355 4349 contraria
3383 4308 3599 4365 prace-

1953 4385 2071 4456 ptis
2086 4383 2590 4456 pradecessorum
2617 4383 2865 4455 peragit,
2902 4381 3047 4451 legis
3076 4386 3295 4438 sancta
3324 4386 3382 4438 et
3397 4381 3600 4460 Roma-

188 4475 1097 4547 communicationeinsanientis,
1114 4492 1244 4533 cum
1260 4476 1838 4547 quidamepopuloin
1869 4482 1924 4543 D
1953 4489 2158 4531 norum
2174 4472 2510 4544 pontiﬁcum
2540 4475 2764 4528 statuta
2792 4470 3097 4527 convellit:
3124 4476 3202 4541 et,
3239 4470 3391 4542 quod
3429 4470 3597 4542 pejus

189 4563 603 4633 superioribus
620 4564 955 4621 consistens
969 4564 1252 4622 acclesia
1267 4565 1319 4620 la
1329 4565 1517 4637 pidem
1536 4565 1700 4636 jecit,
1717 4580 1840 4621 car-

190 4650 423 4707 dinales
445 4651 618 4708 ferire
633 4652 858 4724 volens,
882 4655 1051 4725 cujus
1076 4655 1192 4710 ictu
1216 4652 1468 4709 clericus
1488 4652 1721 4723 quidam
1741 4654 1838 4724 qui

189 4740 425 4797 astabat
470 4741 664 4812 capite
716 4741 868 4799 illiso
927 4743 1343 4814 prosternitur.
1406 4742 1694 4812 Sanguine
1728 4758 1841 4798 ma-

188 4833 335 4886 nent
356 4827 425 4860 ⁴³⁴
448 4830 801 4901 pavimenta,
836 4830 1088 4888 clamore
1120 4832 1361 4887 confuso
1406 4832 1612 4887 domus
1642 4831 1841 4902 imple-

187 4922 313 4987 tur,
338 4916 536 4973 furore
557 4923 617 4973 et
645 4919 869 4975 insania
892 4920 1052 4977 intus
1075 4924 1132 4975 et
1156 4924 1323 4976 extra
1349 4920 1596 4976 ministri
1625 4924 1841 4977 satana

188 5005 620 5064 debachantur.
657 5007 884 5064 Manent
932 5008 1197 5066 colunna
1247 5008 1462 5064 Christi
1496 5008 1842 5081 immobiles,

187 5098 446 5151 mortem
469 5095 518 5150 si
548 5096 1047 5166 Dominusjubeat
1071 5098 1347 5169 intrepidi
1366 5098 1757 5169 opperientes,
1783 5102 1842 5155 et

186 5183 266 5239 ad
293 5197 435 5241 saxa
460 5183 717 5241 volantia
741 5187 935 5243 mitris
958 5185 1170 5244 ablatis
1190 5187 1384 5258 capita
1404 5188 1557 5243 nuda
1579 5192 1847 5258 retegen-

1951 4567 2063 4632 est,
2095 4562 2311 4618 eisdem
2346 4560 2869 4632 patrocinantibus,
2901 4560 2948 4615 si
2982 4559 3096 4616 dici
3132 4559 3271 4616 licet
3306 4559 3459 4630 quod
3493 4575 3599 4631 pu-

1952 4650 2421 4721 det,ignominia
2462 4664 2584 4705 sua
2625 4648 2885 4704 defendit
2924 4663 3151 4719 causas,
3186 4649 3598 4705 excusationes

1955 4738 2287 4812 praetendit,
2304 4742 2363 4793 et
2377 4753 2407 4793 a
2421 4737 2633 4808 quibus
2648 4737 2776 4807 cogi
2791 4737 3009 4793 debuer
3020 4741 3075 4791 at
3110 4742 3175 4793 ut
3197 4736 3308 4793 resi
3320 4736 3595 4807 pisceret,

1953 4828 2174 4886 eisdem
2197 4827 2527 4884 faventibus
2566 4825 2909 4882 admonetur
2958 4832 3019 4882 ut
3050 4825 3107 4879 in
3139 4824 3447 4895 iniquitate
3474 4838 3601 4895 per-

1955 4918 2145 4974 duret.
2173 4917 2306 4985 Agit
2332 4916 2442 4972 hoc
2464 4913 3079 4971 Romanamavaricia
3102 4928 3315 4983 gurges
3346 4910 3603 4983 inexple-

1956 5006 2225 5077 bilis,qui
2251 5006 2387 5061 dum
2413 5004 2611 5075 nequit
2634 5002 2879 5076 expleri,
2905 5003 3063 5059 novit
3090 5001 3599 5060 resecandatueri.

1954 5098 2167 5154 Verum
2201 5096 2272 5151 de
2300 5094 2390 5151 his
2420 5094 2529 5150 ista
2554 5091 2863 5150 sufﬁciant.
2904 5136 2915 5149 .

2029 5181 2353 5256 (Fol.145.)
2411 5184 2577 5240 Anno
2633 5181 2743 5239 inc.
2780 5180 2930 5238 dom.
2992 5183 3151 5252 1101,
3180 5179 3471 5240 Iohannes
3500 5181 3608 5238 Tu-

1570 5300 1807 5356 νΑῐὶΙιΕ
1848 5300 2248 5358 LECTIONES.

260 5386 333 5421 “‘
363 5389 456 5446 ita
485 5403 533 5447 σ.
568 5388 689 5448 loco
720 5395 970 5448 manant.
1005 5390 1074 5424 ⁴³⁵
1097 5404 1213 5449 vox
1241 5404 1280 5447 α
1310 5388 1533 5450 Labboo
1559 5390 1981 5461 praetermissa.

1791 5484 2012 5543 ΝΟΤᾸΕ.

265 5557 422 5629 (216)
457 5557 497 5612 l.
532 5572 582 5615 e.
616 5556 814 5618 missa.
