3982 6056
355 289 470 354 387

1313 289 1680 354 HUGONIS
1725 290 2076 352 ABBATIS
2120 287 2798 352 FLAVINIACENSIS

3632 291 3752 355 388

355 426 626 484 scolanus
656 425 969 498 episcopus
1015 442 1044 482 a
1082 417 1223 501 papa
1279 430 1334 485 in
1366 430 1624 500 Angliam
1659 427 1870 483 missus
1898 431 1993 481 est
2022 426 2078 486 A
2179 425 2254 480 Ea
2282 424 2461 494 igitur
2485 429 2756 496 suscepta
2774 425 3752 498 purgatione,praefatuslohannes

355 519 594 586 propter
623 529 860 571 censum
910 517 1062 571 beati
1094 518 1272 574 Petri.
1309 519 1410 575 llic
1444 517 1757 574 canonicus
1799 516 1992 572 Sancti

353 603 610 670 Quintini
639 604 1005 660 Belvaeensis
1029 607 1336 676 regularis,
1365 607 1724 677 professione
1756 605 1990 674 violata,

357 693 558 747 habitu
591 692 880 762 deposito,
906 693 977 748 ad
1019 694 1280 750 seculum
1306 695 1512 762 rediit;
1541 700 1750 749 etcum
1787 695 1996 764 impro-

357 781 578 852 perium
604 783 754 836 ferre
784 782 1070 851 nequiret,
1105 783 1268 839 Bccci
1295 784 1610 838 monachus
1635 784 1838 851 factus,
1864 799 1992 839 cum

354 873 513 924 esset
539 869 769 924 natione
793 870 1098 937 Romanus,
1134 886 1276 940 papa
1313 872 1541 926 Urbano
1563 873 1633 927 ad
1659 869 1870 926 Gallias
1904 887 1994 926 ve-

359 958 552 1012 niente
579 957 1025 1029 familiaritatem
1059 959 1184 1028 ejus
1214 960 1462 1029 adeptus
1506 965 1614 1027 est,
1642 961 1991 1029 Romamque

359 1047 656 1110 reductus,
677 1049 732 1100 et
767 1023 1042 1101 defuncto
1075 1046 1355 1102 Lavicano
1387 1048 1682 1119 episcopo,
1719 1064 1847 1104 cum
1872 1050 1988 1117 jam

357 1133 428 1188 de
452 1133 681 1188 abbatis
703 1133 946 1202 quadam
971 1141 1308 1190 muneratus
1331 1142 1512 1203 esset,
1540 1137 1765 1193 demum
1791 1137 1862 1192 de
1895 1139 1990 1193 ab-

355 1222 487 1276 bate
518 1221 572 1275 in
603 1220 936 1291 episcopum
969 1229 1270 1293 promotus
1291 1230 1398 1279 est.
1446 1226 1566 1280 Jam
1598 1227 1833 1280 Romam
1866 1239 1991 1295 car-

357 1307 580 1364 dinales
605 1309 920 1376 redierant,
940 1311 1287 1366 sententiam
1305 1313 1688 1382 depositionis
1705 1315 1909 1368 factam
1931 1315 1984 1368 in

353 1397 674 1453 Eduensem
699 1399 1020 1453 invasorem
1055 1399 1238 1469 palam
1278 1401 1711 1469 conlirmantes,
1745 1406 1800 1457 et
1825 1402 1990 1457 testi-

357 1486 565 1542 moniis
596 1487 950 1542 authenticis
985 1488 1320 1543 canonicam
1351 1503 1475 1544 eam
1511 1492 1986 1560 pronunciantes,

353 1589 481 1630 cum
516 1588 545 1628 a
573 1575 780 1630 domno
823 1575 1202 1642 Lugdunense
1256 1577 1364 1632 hoc
1395 1592 1593 1633 eorum
1647 1579 1859 1634 factum
1893 1580 1994 1634 im-

353 1665 707 1733 probaretur
766 1662 949 1734 palam
982 1668 1038 1718 et
1100 1665 1351 1736 publice.
1385 1668 1546 1722 Hunc
1600 1667 1992 1724 Ierosolimam

2105 511 2450 568 Aiduensem
2509 526 2705 568 secum
2759 513 3010 582 reduxit,
3072 514 3454 584 Lugdunense
3511 515 3751 572 Romam-

2107 601 2410 670 tendente,
2448 600 2542 656 ubi
2574 605 2630 656 et
2673 603 3082 659 canonicorum
3135 603 3486 659 Eduensium
3521 603 3752 674 aliquos

2107 689 2326 745 invenit
2359 705 2594 746 causam
2637 705 2799 746 suam
2839 696 3097 760 agentes.
3133 693 3753 752 Excommunicaverat

2105 778 2254 832 enim
2277 777 2542 833 eosidem
2571 784 2699 850 post
2721 777 3042 835 discessum
3096 779 3496 850 cardiualium,
3522 781 3652 852 quia
3688 797 3752 839 se

2061 933 2076 948 ς
2105 865 2346 921 dimisso
2377 865 2524 936 apud
2550 867 3089 938 Romanosjudices
3112 869 3544 930 accusationem
3595 879 3754 927 retu-

2105 949 2312 1020 lerant,
2337 955 2394 1006 et
2428 951 2561 1022 quia
2593 953 2741 1008 bona
2791 952 3074 1010 aecelesire
3098 969 3203 1026 pro
3226 954 3333 1010 hac
3357 955 3748 1026 dissensione,

2103 1039 2412 1110 dumquod
2447 1045 2722 1112 ceperant
2775 1040 2846 1096 ad
2901 1042 3220 1112 perfectum
3245 1041 3551 1100 elaborant
3572 1043 3754 1101 dedu-

2099 1143 2252 1194 cere,
2287 1129 2712 1200 aliquantulum
2746 1130 3166 1201 distraxerant,
3192 1136 3252 1187 et
3284 1132 3416 1202 quia
3441 1132 3512 1188 de
3535 1133 3624 1190 his
3655 1149 3756 1190 vo-

2100 1217 2213 1271 cati
2235 1217 2305 1272 ad
2332 1217 2640 1288 judicium,
2675 1219 3032 1274 audientiam
3059 1219 3206 1290 ejus,
3242 1234 3410 1290 quem
3435 1222 3542 1278 sibi
3566 1222 3755 1278 inimi-

2099 1305 2220 1359 cari
2245 1307 2700 1377 cognoscebant,
2728 1321 2841 1362 non
2876 1312 3238 1378 receperant,
3265 1314 3321 1364 et
3357 1310 3490 1379 quia
3519 1311 3753 1367 domum

2099 1393 2492 1464 episcopalem
2553 1395 2660 1451 sibi
2707 1394 2952 1452 reddere
3009 1396 3302 1452 nolebant.
3338 1398 3498 1454 Unde
3553 1399 3754 1456 Romae

2103 1482 2408 1551 questione
2439 1483 2660 1546 habita,
2706 1488 2762 1538 et
2795 1483 2908 1555 ipsi
2941 1498 2972 1539 a
3009 1499 3154 1555 papa
3213 1485 3466 1542 absoluti
3501 1502 3756 1558 pronun-

2101 1569 2232 1624 tiati
2267 1578 2422 1641 sunt,
2455 1576 2514 1626 et
2547 1572 2779 1628 domum
2827 1587 2956 1628 cum
2991 1571 3209 1628 litteris
3268 1573 3607 1646 apostolicis
3665 1590 3758 1631 re-

2106 1657 2286 1728 missi,
2325 1659 2689 1728 Lugdunensi
2739 1676 2868 1717 cum
2901 1660 3094 1716 Diensi
3149 1662 3552 1719 Jerosolimam
3580 1663 3756 1736 profi-

352 1756 583 1806 eunteni
620 1751 938 1822 praedictus
979 1753 1336 1810 Tuscolanus
1368 1755 1492 1810 sive
1522 1756 1846 1812 Labicanus
1877 1757 1994 1828 epi-

2108 1747 2388 1803 ciscente.
2443 1749 2814 1818 Norigaudus
2876 1765 3015 1806 vero
3047 1751 3263 1806 Eduam
3325 1753 3567 1808 veniens
3619 1768 3752 1810 cum

354 1839 798 1908 scopusinvenit
841 1840 898 1894 in
931 1839 1140 1896 itinere
1179 1842 1328 1913 (217)
1359 1858 1488 1899 cum
1524 1841 1906 1899 Cabilonense
1937 1849 1993 1900 et

355 1927 481 1998 ipso
503 1927 788 1984 Eduensis
809 1928 1078 1984 ecclesia:
1095 1929 1455 2000 invasore,et
1475 1932 1815 1987 absentibus
1830 1948 1998 1989 accu-

351 2017 729 2072 cusatoribus
747 2020 910 2072 extra
929 2018 1281 2088 provinciam
1297 2019 1697 2089 purgationem
1712 2021 1998 2077 Eduensis

355 2104 632 2176 suscepit,
663 2105 1030 2174 Lugdunensi
1065 2113 1479 2178 prosequente,
1503 2109 1992 2181 etjuramentum~

349 2195 477 2265 ejus
522 2193 599 2247 ita
658 2193 1070 2249 conﬁrmante:
1124 2194 1312 2252 Credo
1362 2197 1778 2266 Norigaudmn
1818 2199 1998 2254 istum

348 2283 683 2340 Eduensem
695 2283 1029 2353 episcopum
1047 2286 1708 2354 ccrajurasscsicutme
1719 2288 1878 2342 Deus
1892 2288 1994 2342 ari-

339 2371 528 2443 jucct.
558 2370 924 2426 Cabilonensi
943 2386 1174 2442 quoque
1193 2373 1245 2427 in
1263 2373 1316 2428 id
1332 2374 1752 2443 consentiente,
1768 2377 1825 2430 et
1844 2375 1992 2430 idem

345 2459 600 2530 jurante.
634 2460 946 2529 Egomiror
967 2461 1316 2530 gravitatem
1342 2463 1486 2520 tanti
1503 2463 1633 2522 viri.
1657 2479 1760 2534 pro
1777 2463 1996 2532 ingeni-

352 2553 408 2603 ta
435 2547 544 2604 sibi
573 2547 833 2604 bonitate
855 2551 913 2603 et
946 2547 1254 2604 honestate
1281 2551 1422 2604 fama
1460 2551 1988 2622 ubiquecelebrati,

349 2636 518 2706 cujus
550 2635 907 2691 inadulatam
946 2638 1330 2694 constantiam
1357 2638 1646 2694 Gallicana
1678 2646 1994 2696 veneratur

353 2724 642 2792 aecclesia,
662 2724 738 2778 ita
774 2725 844 2778 ab
862 2739 976 2779 uno
995 2725 1224 2781 homine
1256 2727 1522 2796 potuisse
1537 2728 1747 2799 decipi,
1767 2734 1829 2784 ut
1844 2744 1992 2785 nunc

354 2827 537 2884 usque
565 2817 764 2884 partes
796 2811 953 2867 illius
985 2829 1152 2870 manu
1187 2820 1404 2886 teneat,
1449 2822 1678 2872 tueatur
1709 2823 1763 2872 et
1803 2823 1995 2888 prote-

349 2905 472 2970 gat;
496 2902 556 2956 et
579 2900 697 2956 fere
721 2899 882 2956 solus
904 2900 980 2956 sit
1004 2901 1057 2956 in
1085 2907 1282 2958 nostro
1327 2905 1490 2974 orbe,
1533 2905 1628 2974 qui
1663 2905 1733 2960 de
1767 2904 1866 2960 illo
1897 2906 1996 2961 ho-

352 2988 504 3046 mine
523 2989 669 3046 bona
693 2992 750 3044 et
777 2994 935 3046 recta
969 2990 1348 3060 sentiat,cum
1380 2993 1826 3063 sententizeejus
1859 2993 1994 3050 huic

353 3079 606 3134 omnium
655 3077 774 3134 fere
804 3079 977 3135 etiam
1028 3081 1334 3136 absentum
1367 3086 1422 3137 et
1459 3081 1790 3151 ignotorum
1827 3097 1996 3154 repu-

350 3170 488 3237 gnet
509 3166 863 3238 generalitas
879 3171 935 3222 et
952 3168 1242 3238 generalis
1269 3171 1636 3227 unanimitas.
1668 3171 1917 3227 Additur
1937 3177 1997 3227 et

352 3255 463 3311 hoc
486 3255 782 3325 miraculo,
819 3256 1116 3326 quia,cum
1151 3259 1892 3316 anteordinationemillius
1916 3260 1998 3314 in-

354 3344 603 3399 faustam
627 3343 925 3399 venissent
959 3345 1028 3399 ad
1070 3360 1199 3401 eum
1245 3347 1407 3402 bona;
1432 3348 1721 3403 memoriae
1753 3348 1998 3404 domnus

353 3430 516 3499 Hugo
548 3430 732 3486 abbas
789 3431 980 3486 Sancti
1008 3431 1235 3488 Martini
1282 3431 1582 3503 EduenSis,
1645 3435 1998 3506 praepositus

355 3533 586 3589 quoque
599 3517 857 3588 ejusdem
871 3519 950 3574 Ed
962 3521 1458 3592 uensisecclesiaa,
1475 3523 1996 3581 etarchidiaeonus

353 3605 602 3676 Signius,
647 3611 705 3662 et
737 3605 1082 3664 electionem
1114 3607 1268 3665 illam
1301 3611 1628 3681 symoniacc
1662 3612 1870 3667 factam
1905 3627 2000 3684 ap-

353 3695 714 3766 probassent,
751 3695 1010 3766 decania,
1045 3697 1496 3769 archidiaconia,
1543 3705 1907 3770 praecentura
1939 3705 1996 3756 et

353 3781 485 3839 aliis
508 3782 854 3852 quibusdam
901 3783 1341 3842 aecclesiasticis
1373 3787 1578 3844 officiis
1610 3789 1912 3859 promissis
1940 3796 2000 3846 et

352 3871 523 3941 datis,
553 3874 611 3927 ut
639 3886 790 3928 nunc
837 3873 993 3943 potis
1037 3878 1124 3929 est
1150 3889 1454 3946 apparere,
1485 3877 1648 3932 verbi
1695 3877 1842 3933 dixit
1868 3870 2000 3935 ease

351 3975 425 4016 ex
455 3959 574 4016 odii
601 3961 757 4016 fonte
800 3963 1112 4034 manantia,
1148 3964 1456 4034 coegitque
1479 3965 1636 4023 viros
1662 3968 1732 4022 ab
1765 3967 1998 4038 incepto

353 4048 585 4105 interim
609 4047 804 4120 silere,
843 4049 976 4106 dum
1025 4049 1153 4107 voci
1206 4050 1435 4108 illorum
1463 4055 1654 4110 renuit
1679 4069 1874 4110 aurem
1908 4069 2001 4112 ac-

352 4137 738 4194 commodare.
776 4137 935 4195 Adeo
959 4144 1023 4195 ut
1053 4155 1154 4196 eos
1182 4141 1356 4196 etiam
1411 4143 1611 4198 fecerit
1637 4143 1822 4199 eidem
1847 4143 2000 4198 ordi-

352 4229 491 4282 nato
530 4227 952 4298 professionem
985 4229 1197 4299 facere,
1233 4243 1402 4300 quem
1431 4229 1743 4302 culpabant
1777 4231 1848 4286 de
1879 4235 1996 4288 tam

353 4312 659 4368 manifesta
715 4314 1058 4381 ambitione;
1122 4316 1492 4387 promittens,
1530 4317 1576 4372 si
1610 4318 1864 4389 symonia
1897 4317 1994 4373 illa

350 4399 582 4457 effectui
603 4402 1057 4473 manciparetur,
1094 4418 1157 4459 se
1189 4404 1362 4460 aliter
1395 4404 1804 4475 loquuturum;
1841 4421 1994 4463 nunc

2105 1835 2382 1906 Johanne,
2429 1837 2579 1908 apud
2637 1838 2910 1895 Sanctum
2965 1839 3270 1896 Martinum
3331 1841 3684 1912 hospitatus,
3719 1857 3752 1899 a

2109 1924 2408 1982 canonicis
2438 1930 2752 1997 susceptus
2780 1941 2889 1982 non
2925 1930 3044 1994 est;
3077 1926 3133 1983 in
3192 1929 3392 1984 eodem
3427 1935 3614 1986 tamen
3637 1946 3756 1988 cm-

2110 2013 2282 2068 nobio
2306 2014 2515 2070 missas
2540 2013 2820 2084 celebrat,
2855 2015 3066 2071 crisma
3101 2015 3256 2086 fecit,
3283 2021 3340 2072 et
3366 2017 3752 2076 ministerium

2108 2101 2474 2157 sacerdotale
2523 2107 2876 2174 attemptare
2902 2119 3014 2160 non
3064 2105 3280 2176 timuit,
3325 2107 3755 2178 parvipendens

2108 2190 2387 2260 quidquid
2414 2190 2748 2246 cardinales
2771 2191 2827 2246 in
2847 2207 2976 2247 eum
3002 2193 3453 2264 intentaverant,
3474 2193 3617 2251 etde
3641 2196 3756 2252 tui-

2107 2278 2264 2333 tione
2283 2279 2704 2351 archiepiscopi
2719 2285 2774 2334 et
2798 2280 3015 2351 pietate
3036 2282 3406 2352 apostoliciet
3423 2297 3526 2340 sua
3545 2283 3755 2340 libera-

2105 2365 2270 2422 litate
2301 2367 2622 2423 eonfidens.
2653 2372 2719 2424 At
2749 2383 2888 2424 vero
2911 2369 3247 2426 cardinales
3272 2371 3328 2426 in
3344 2386 3445 2428 sua
3461 2373 3753 2430 sententia

2103 2462 2532 2526 permanentes,
2555 2455 2709 2527 quod
2728 2457 2941 2512 factum
2963 2462 3088 2513 erat
3116 2458 3346 2529 publice
3364 2461 3758 2532 reprehende-

2105 2545 2262 2613 bant,
2301 2544 2453 2614 qucd
2485 2559 2596 2600 non
2643 2551 2803 2600 esset
2845 2546 3207 2617 canonicum,
3235 2548 3337 2604 sed
3368 2550 3441 2604 ab
3472 2550 3755 2620 aequitate

2103 2633 2260 2687 Petri
2283 2633 2637 2698 alienum;et
2661 2635 2734 2690 ob
2759 2634 2811 2689 id
2836 2649 2865 2688 a
2892 2634 3287 2691 familiaritate
3309 2641 3367 2692 et
3390 2637 3634 2694 consilio
3657 2653 3756 2710 pa-

2106 2735 2190 2791 pae
2219 2735 2278 2776 se
2312 2723 2754 2791 subtraxerunt,
2783 2721 2858 2777 ita
2895 2727 2957 2777 ut
2987 2725 3486 2796 Johannes,Roma
3516 2725 3744 2796 relicta,

2103 2809 2295 2879 Papiae
2309 2809 2483 2864 etiam
2498 2824 2648 2866 nunc
2663 2811 3374 2881 remoretur,regulariter
3385 2813 3604 2885 degens
3615 2829 3747 2871 cum

2105 2897 2386 2955 fratribus
2432 2899 2487 2953 in
2520 2898 2809 2970 wcclesia,
2871 2899 2942 2955 de
2975 2915 3086 2972 qua
3120 2901 3190 2956 ad
3235 2902 3510 2973 palatium
3543 2909 3750 2976 raptus

2103 2991 2248 3040 erat.
2284 2985 2632 3043 Benedictus
2675 2999 2816 3044 vero
2846 2987 2899 3042 in
2960 2987 3134 3045 titulo
3195 3005 3302 3047 suo
3337 2996 3682 3063 remoratur,
3717 3007 3750 3048 a

2104 3074 2282 3129 curizc
2304 3075 2548 3131 consilio
2573 3089 2636 3130 se
2669 3089 2988 3145 removens,
3022 3081 3079 3132 et
3105 3077 3259 3148 quod
3284 3075 3616 3150 dampnavit
3651 3081 3754 3138 im-

2107 3162 2374 3232 probans.
2402 3164 2485 3218 lta
2522 3164 2752 3219 turbata
2785 3165 3050 3220 Eduense
3087 3167 3374 3236 zecclesia,
3407 3168 3753 3238 Norgaudus

2105 3249 2497 3306 Flaviniacum
2530 3251 2654 3322 ivit,
2677 3257 2733 3307 et
2781 3252 3101 3322 Gyrardum
3142 3254 3453 3325 aliquando
3494 3257 3750 3328 priorem

2107 3338 2491 3395 Colticensem
2538 3345 2742 3396 contra
2777 3341 3152 3399 interdictum
3182 3344 3427 3415 capituli
3460 3345 3750 3404 Eduensis

2106 3426 2184 3481 ibi
2209 3428 2475 3483 abbatem
2501 3428 2828 3498 constituit,
2847 3431 3171 3486 mercedem
3193 3433 3530 3502 pertinaciae
3545 3449 3664 3491 suae
3693 3435 3751 3490 in

2106 3515 2216 3570 hoc
2230 3516 2402 3570 etiam
2420 3521 2840 3586 consequutus,
2861 3521 2922 3573 ut
2947 3519 3137 3574 omnia
3153 3519 3498 3577 diebussuis
3513 3522 3568 3577 in
3585 3521 3752 3594 pejus

2108 3603 2266 3673 vergi
2299 3604 2544 3674 videret,
2587 3605 2737 3661 sicut
2770 3610 2830 3660 et
2862 3606 2932 3662 de
2963 3607 3212 3663 ecclesia
3272 3610 3456 3666 sancti
3517 3610 3748 3667 Martini

2108 3691 2448 3760 religionem
2471 3693 2827 3764 exturbavit,
2859 3699 2920 3750 et
2952 3695 3387 3753 secularitatem
3421 3697 3751 3756 introduxit

2107 3795 2236 3837 eum
2260 3779 2337 3835 ibi
2371 3779 2668 3849 ordinans,
2696 3796 2865 3852 quem
2906 3784 3136 3840 nomine
3163 3790 3337 3842 tenus
3387 3785 3632 3844 domnus
3661 3802 3755 3844 ar-

2107 3869 2864 3940 chiepiscopusinterdixit;
2889 3872 2972 3928 sic
3001 3879 3061 3928 et
3090 3873 3146 3928 in
3178 3873 3286 3930 hac
3307 3887 3587 3932 summam
3611 3876 3754 3934 infe-

2108 3958 2390 4014 licitatem
2411 3958 2482 4014 de
2507 3959 2870 4031 dispersione
2891 3966 2948 4016 et
2965 3961 3366 4020 destructione
3380 3963 3603 4021 ordinis
3616 3979 3757 4022 con-

2108 4050 2416 4117 sequutus,
2444 4061 2554 4102 non
2579 4047 2914 4117 intelligens
2927 4051 3080 4120 quod
3097 4050 3314 4108 dicitur
3330 4053 3383 4108 in
3405 4053 3752 4110 Sardicense

2107 4135 2356 4192 concilio
2368 4151 2494 4208 cap.
2512 4138 2570 4191 4:
2590 4137 2983 4208 Uumaliguis
2995 4140 3300 4212 cpiscopus
3311 4141 3754 4216 depositusfuc-

2103 4224 2192 4280 rit
2225 4237 2420 4281 eorum
2459 4226 2858 4297 episceporwm
2875 4228 3114 4298 judicio
3134 4229 3243 4300 qui
3264 4231 3330 4286 in
3357 4231 3576 4290 vicinis
3608 4232 3754 4291 locis

2104 4314 2559 4385 commorantwr,
2586 4315 2645 4370 et
2649 4315 3122 4386 proclamaverit
3137 4319 3564 4390 agendumsibi
3577 4335 3752 4394 nego-

2104 4401 2263 4458 cium
2275 4402 2342 4458 in
2374 4401 2521 4458 u/rbc
2531 4403 2739 4474 Roma,
2764 4404 3143 4477 episcOpusin
3163 4408 3294 4477 ejus
3313 4408 3602 4467 cathedra
3609 4411 3759 4482 post

351 4487 421 4543 de
452 4487 702 4545 occultis
714 4488 888 4545 alieni
911 4491 1107 4547 cordis
1121 4506 1232 4548 non
1255 4491 1470 4548 debere
1493 4499 1710 4550 temere
1719 4493 1986 4564 judicari.
2021 4491 2076 4554 D
2104 4491 3068 4564 appellationemejusquicidctur
3083 4509 3206 4552 esse
3226 4497 3542 4568 depositus,
3565 4500 3752 4557 omni-

351 4575 419 4630 Et
443 4589 513 4631 ne
553 4575 765 4648 aliquis
801 4582 978 4648 esset,
1014 4579 1550 4649 quiordinationem
1575 4581 1732 4638 illam
1757 4598 1786 4638 a
1819 4596 1882 4639 se
1916 4583 1994 4639 fa-

352 4667 506 4721 ctam
547 4665 926 4737 improbaret,
951 4667 1192 4724 eandem
1227 4670 1666 4741 professionem,
1703 4686 1872 4742 quam
1907 4671 1990 4727 illi

353 4753 631 4825 fecerant,
657 4769 858 4811 omnes
881 4757 1193 4814 canonicos
1223 4757 1320 4828 qui
1341 4766 1735 4816 convenerant
1757 4762 1992 4830 promit-

349 4844 478 4898 tere
503 4842 660 4915 fecit,
682 4847 739 4900 et
763 4858 864 4902 eos
884 4845 980 4916 qui
1019 4845 1171 4902 domi
1206 4854 1607 4904 remanserant
1639 4849 1788 4906 idem
1819 4865 1992 4922 agere

349 4930 664 5004 mandavit,
715 4948 844 4990 cum
878 4934 936 4990 in
986 4935 1306 5006 primordio
1355 4935 1626 4994 electioni
1657 4939 1844 4996 eidem
1876 4955 1994 4996 om-

351 5019 486 5076 nino
508 5020 858 5094 obstitisset,
881 5023 1013 5095 quia
1039 5039 1264 5097 semper
1283 5027 1580 5084 canonicis
1604 5032 1993 5100 repugnasset

351 5107 629 5180 decretis,
659 5110 715 5167 in
747 5111 976 5170 duabus
998 5113 1286 5171 aecclesiis
1309 5115 1707 5188 praelationem
1730 5119 1994 5188 optinen-

350 5194 443 5266 do,
478 5197 707 5254 scilicet
729 5200 1194 5259 archidiaconias
1226 5203 1536 5274 duas,cum
1559 5221 1670 5262 non
1693 5211 1850 5264 esset
1874 5207 1991 5264 dia~

350 5296 554 5354 conus,
589 5298 697 5343 nec
726 5300 858 5344 esse
880 5288 1078 5361 vellet,
1108 5295 1164 5347 ct
1194 5294 1456 5350 cantoris
1487 5294 1756 5352 ofﬁcium.

2101 4581 2640 4653 noueram-dinam,
2662 4583 2788 4640 nisi
2816 4585 3458 4658 causafueritjudicio
3487 4583 3750 4647 Romani

2101 4670 2357 4742 episcopi
2397 4670 2734 4729 terminata.
2790 4673 2872 4727 lta
2915 4672 3282 4742 Norigaudus
3327 4674 3746 4749 indiscussum,

2101 4757 2446 4828 inauditum,
2471 4758 3029 4830 indempnatumme,
3063 4762 3350 4818 Eduensis
3382 4764 3625 4836 capituli
3649 4779 3750 4822 au-

2102 4845 2376 4902 dientiam
2391 4851 2446 4901 et
2471 4847 2876 4917 Lugdunensis
2904 4849 3382 4921 appellantem,et
3395 4868 3526 4910 cum
3549 4853 3621 4910 ad
3639 4853 3750 4912 hec

2103 4949 2212 4991 non
2227 4934 2832 5006 admitterer,Romam
2845 4937 3020 4993 etiam
3034 4939 3601 5013 appellantem,etex
3613 4955 3750 5014 par-

2102 5028 2160 5080 te
2174 5023 2271 5080 Dei
2286 5029 2343 5080 et
2359 5023 2688 5080 beatiPetri
2703 5029 2764 5080 et
2793 5039 2956 5099 papae
2985 5027 3338 5085 ordinationi
3354 5028 3436 5084 illi
3451 5031 3750 5088 contradi-

2101 5118 2350 5184 centem,
2386 5114 2931 5184 quantuminsefuit
2948 5115 3182 5189 dejecit,
3217 5119 3422 5190 etipse
3437 5119 3592 5191 quod
3608 5134 3748 5193 ιιιιμ

2103 5201 2235 5260 sivit
2260 5201 2499 5258 invenit.
2549 5204 2710 5260 Nunc
2733 5203 2916 5274 igitur
2939 5204 3188 5274 sijuste,
3209 5209 3258 5263 si
3291 5208 3569 5266 canonice
3599 5209 3740 5281 egit,

2101 5294 2324 5353 letetur
2346 5295 2402 5350 in
2444 5298 2677 5366 pastore
2710 5310 2880 5366 quem
2909 5297 3245 5370 constituit,
3287 5303 3347 5356 et
3372 5299 3427 5356 in
3449 5314 3627 5372 grege
3645 5301 3742 5358 cui

2040 5391 2164 5450 ΤΕ.

2040 5393 2164 5450 ΤΕ.

421 5480 572 5571 φιλ)
603 5481 902 5554 Hugonem
945 5488 1078 5558 post
1108 5501 1164 5544 Iv
1192 5486 1275 5545 Id.
1331 5488 1520 5560 Mart,
1580 5503 1730 5547 anno
1761 5393 2086 5563 1101,11?”
2137 5489 2465 5561 ingressum
2516 5503 2651 5548 esse
2683 5487 2854 5547 docet
2909 5489 3112 5549 charta
3170 5491 3314 5550 Gall.
3377 5493 3588 5554 Christ.
3647 5497 3740 5571 IV,

347 5550 469 5614 tori.
502 5550 568 5628 n',
