3982 6056
179 310 302 371 389

1405 301 1898 374 CHRONICON.
1937 339 2011 349 —
2043 300 2195 367 LIB.
2230 303 2304 368 II.

3469 310 3587 377 390

182 444 302 495 tam
335 441 606 497 idoneum
650 447 944 513 pastorem
995 441 1245 515 providit
1275 461 1289 509 ;
1323 441 1410 497 sin
1446 440 1637 508 aliter,
1672 450 1836 506 egre-
1866 437 1917 496 A
1949 434 2243 505 capitibus
2290 437 2345 492 in
2389 438 2500 494 ima
2551 438 2853 510 demersis,
2882 439 3089 511 infixit,
3120 447 3179 499 ut
3229 443 3323 498 vix
3354 445 3590 503 cubitus

180 528 547 600 diaturignis
562 531 631 586 de
647 532 1000 601 Norigaudo,
1017 536 1073 587 et
1100 533 1340 587 devoret
1366 546 1496 587 eum
1520 543 1651 585 cum
1674 527 1832 593 suis;

176 618 523 686 egrediatur
554 618 705 688 ignis
736 619 806 673 de
839 621 1098 690 Gyrardo
1150 626 1209 676 et
1260 621 1370 675 sibi
1424 618 1742 686 commissi,
1776 622 1837 672 et

174 710 492 763 consumat
529 707 920 777 Norigaudum
949 722 1082 765 cum
1115 708 1585 765 ordinationibus
1617 705 1759 762 suis.

251 795 395 850 Post
428 796 537 850 hoc
571 796 785 853 missus
812 802 903 852 est
936 796 1166 867 legatus
1201 798 1253 851 in
1291 796 1585 852 Franciam
1611 794 1742 850 Milo
1765 807 1836 849 ex

181 884 546 939 monasterio
578 884 764 940 sancti
798 884 989 939 Albini
1037 886 1325 955 (218)......
1380 883 1447 917 ⁴³⁶
1494 884 1831 955 episcopus.

181 970 289 1025 Hic
325 970 471 1027 fecit
500 977 564 1027 ut
590 972 736 1027 infra
762 971 1056 1029 civitatem
1084 973 1428 1043 Norgaudus
1450 974 1834 1043 reciperetur,

177 1065 239 1114 et
277 1060 568 1129 quandam
602 1060 976 1116 concordiam
1013 1062 1165 1117 inter
1187 1076 1317 1117 cum
1341 1066 1396 1116 et
1424 1062 1737 1117 canonicos
1763 1062 1838 1116 fe-

179 1147 267 1202 cit
298 1148 673 1212 ;fecitetiam
706 1154 768 1204 ut
799 1148 853 1204 in
887 1149 1147 1220 capitulo
1181 1149 1544 1206 Cluniacensi
1579 1150 1839 1221 suscipe-

180 1239 375 1306 retur,
392 1241 451 1291 et
473 1237 788 1307 episcopus
805 1237 1251 1308 acclamaretur,
1271 1239 1419 1295 facta
1445 1238 1498 1293 in
1525 1238 1723 1294 eodem
1748 1254 1840 1293 ea-

185 1322 378 1393 pitulo
393 1325 659 1380 cessione
683 1326 1060 1395 quarumdam
1084 1325 1483 1382 {ecclesiarum
1501 1341 1833 1383 numero....

178 1408 251 1443 ⁸³⁷
284 1412 507 1481 absque
539 1412 710 1468 laude
738 1413 1173 1483 canonicorum,
1209 1419 1265 1468 et
1299 1429 1499 1470 eorum
1542 1414 1638 1484 qui
1672 1419 1839 1469 erant

180 1513 320 1554 cum
351 1499 552 1555 eodem
588 1502 915 1571 Norgaudo,
952 1506 1009 1557 et
1042 1517 1244 1558 eorum
1295 1503 1392 1572 qui
1442 1507 1648 1559 contra
1708 1519 1839 1558 eum

184 1592 475 1643 venerant
505 1603 715 1645 causas
742 1590 928 1646 acturi
964 1592 1019 1645 in
1053 1591 1365 1662 prmsentia
1397 1591 1575 1660 legati
1608 1590 1692 1645 ⁸³⁸.

261 1676 407 1745 (F01.
443 1676 609 1748 145’.)
661 1680 824 1734 Anno
871 1679 980 1735 ine.
1013 1680 1163 1735 dom.
1204 1684 1357 1747 1099,
1396 1680 1562 1749 (Aug.
1597 1682 1652 1750 2)
1694 1680 1841 1735 obiit

1952 538 2100 580 unus
2132 524 2203 579 de
2232 528 2394 581 tanta
2427 541 2626 583 earum
2649 528 3068 597 longitudinem
3094 531 3233 587 foris
3257 538 3586 604 appareret,
3662 586 3673 597 ,

1950 612 2102 681 quod
2132 618 2191 666 et
2224 621 2521 683 permanet
2559 632 2742 687 usque
2776 619 2831 673 in
2863 619 3204 675 hodiernum
3246 619 3417 676 diem.
3445 621 3593 688 Qua-

1950 701 2087 756 dros
2110 701 2282 757 etiam
2308 717 2488 774 super
2505 706 2650 760 muri
2669 706 3036 764 altitudinem
3052 709 3219 778 sitos,
3238 725 3412 782 supra
3440 725 3586 781 quos

1953 793 2168 844 tectum
2202 792 2526 848 stabilitum
2578 800 2728 864 erat,
2765 811 2947 865 usque
2982 796 3053 851 ad
3089 802 3309 868 septem
3344 797 3593 854 miliaria

1949 876 2182 933 evolare
2214 879 2371 950 fecit,
2409 882 2563 951 quod
2598 896 2750 938 nunc
2785 899 2970 955 usque
3022 899 3263 942 eernere
3313 886 3594 957 possibile

1949 970 2079 1027 est;
2112 966 2216 1021 fuit
2251 973 2442 1024 autem
2476 971 2630 1025 circa
2662 971 2860 1027 horam
2895 972 3007 1026 diei
3042 987 3269 1030 nonam.
3296 976 3357 1029 In
3391 975 3593 1031 eadem

1949 1055 2124 1109 etiam
2147 1056 2409 1112 zecclesia
2430 1056 2911 1129 jacebatquidam
2928 1060 3307 1118 edituuscum
3326 1062 3441 1118 alio
3456 1078 3595 1134 quo-

1951 1141 2077 1196 dam
2109 1143 2163 1197 in
2196 1143 2348 1199 lecto
2380 1161 2514 1215 uno,
2551 1152 2610 1201 et
2641 1146 2796 1203 inter
2828 1147 3077 1204 medium
3112 1163 3338 1220 eorum,
3366 1150 3596 1220 cumja-

1950 1236 2152 1286 cerent
2184 1232 2440 1288 distante
2474 1234 2625 1289 inter
2657 1249 2719 1298 se
2752 1236 2973 1307 spacio,
3004 1251 3111 1292 una
3137 1238 3390 1293 trabium
3421 1241 3595 1294 vento

1951 1326 2078 1375 acta
2108 1334 2215 1390 per
2247 1321 2496 1378 medium
2530 1322 2664 1377 lecti
2697 1326 2916 1379 terram
2952 1325 3210 1395 intravit,
3240 1331 3301 1381 ut
3325 1327 3421 1382 vix
3444 1341 3597 1382 sum-

1954 1407 2125 1463 mitas
2154 1408 2279 1479 ejus
2311 1416 2644 1481 appareret,
2682 1426 2787 1466 nec
2819 1412 2955 1467 lcsit
2981 1414 3264 1484 jacentes,
3300 1415 3408 1469 nisi
3441 1416 3594 1485 quod

1956 1495 2162 1553 timore
2195 1511 2340 1567 pene
2372 1499 2681 1554 exanimati
2724 1505 2878 1556 sunt.

2024 1587 2085 1639 In
2116 1584 2316 1641 eadem
2349 1587 2590 1643 civitate
2624 1588 2889 1658 spaciosa
2923 1595 2981 1644 et
3015 1590 3320 1661 populosa,
3344 1607 3476 1648 cum
3503 1606 3595 1647 es-

1954 1678 2085 1729 sent
2110 1674 2274 1730 multi
2298 1690 2472 1730 canes
2496 1677 2565 1732 ad
2591 1678 2988 1733 observandas
3010 1678 3227 1749 domos,
3254 1681 3351 1751 qui
3377 1684 3595 1751 quanto

184 1764 458 1820 Urbanus
479 1781 648 1837 papa,
676 1768 967 1824 successit
992 1766 1305 1823 Paschalis.
1325 1768 1482 1823 Obiit
1506 1768 1680 1823 etiam
1704 1768 1840 1823 Wil-
1872 1788 1923 1847 Β
1956 1762 2257 1818 breviores
2293 1769 2426 1820 sunt
2458 1779 2723 1835 corpore,
2751 1770 2913 1821 tanto
2940 1772 3075 1822 sunt
3101 1767 3348 1825 acrioris
3369 1774 3425 1824 et
3452 1770 3594 1825 fero-

184 1851 608 1923 lelmusjunior
629 1870 730 1910 rex
752 1855 1088 1926 Anglorum.
1118 1856 1242 1923 Quo
1264 1857 1438 1912 etiam
1464 1872 1615 1912 anno
1637 1857 1691 1941 in
1734 1861 1841 1913 An-

183 1939 304 2010 glia
334 1942 464 1998 fons
484 1957 685 1999 verum
712 1945 1050 2014 sanguinem
1076 1944 1295 2002 olidum
1318 1949 1377 2001 et
1403 1939 1702 2017 putantem
1729 1959 1834 2001 ma-

185 2043 333 2085 nare
363 2030 524 2087 visus
554 2036 666 2087 est.
693 2031 774 2089 Ad
810 2033 962 2103 quod
995 2033 1397 2104 spectaculum
1422 2049 1551 2090 cum
1576 2034 1696 2089 fere
1718 2039 1841 2089 tota

187 2117 381 2174 insula
411 2120 791 2189 cucurrisset,
820 2121 1054 2176 insolita
1080 2122 1163 2177 rei
1196 2122 1458 2177 novitate
1491 2123 1839 2193 stupefacta,

186 2220 294 2261 rex
330 2207 613 2278 praefatus
642 2196 899 2278 advenit,
923 2214 984 2265 et
1015 2209 1182 2280 vidit,
1206 2225 1309 2265 nec
1336 2214 1527 2266 tamen
1554 2210 1605 2264 ei
1627 2209 1845 2281 profuit

185 2295 430 2351 vidisse.
459 2297 815 2353 Autumabat
834 2298 1046 2367 vulgus
1070 2299 1479 2369 promiscuum,
1507 2304 1841 2370 portentum

184 2383 354 2439 istud
388 2390 635 2440 mortem
662 2386 817 2456 regis
839 2388 1211 2458 portendere,
1239 2390 1392 2459 quod
1416 2389 1590 2444 etiam
1613 2388 1664 2442 ei
1690 2387 1844 2443 dice-

184 2471 411 2528 batura
429 2474 853 2541 referentibus;
872 2475 973 2531 sed
1000 2476 1167 2531 homo
1189 2476 1491 2547 secularis,
1510 2477 1648 2533 etin
1672 2490 1841 2547 quem

180 2560 368 2616 timor
401 2562 501 2616 Dei
541 2577 649 2618 non
681 2564 999 2633 ceciderat,
1026 2564 1431 2635 voluptatibus
1454 2566 1649 2621 carnis
1668 2569 1724 2620 et
1751 2580 1844 2620 su-

183 2650 409 2720 perbire
425 2648 1015 2720 deditus,divinorum
1036 2657 1458 2723 praeceptorum
1474 2658 1844 2723 contemptor

182 2743 240 2793 et
273 2737 677 2809 adversarius,
702 2739 797 2810 qni
826 2745 1015 2795 tamen
1048 2741 1194 2797 satis
1226 2741 1369 2810 regii
1404 2741 1608 2798 fuisset
1646 2742 1839 2811 animi,

185 2826 235 2881 si
269 2841 383 2881 non
418 2827 596 2881 Deum
631 2828 1065 2897 postposuisset
1092 2829 1244 2885 fastu
1269 2829 1430 2899 regni
1458 2829 1716 2899 inﬂatus,
1739 2844 1843 2884 nec

185 2914 497 2985 cogitabat
528 2929 590 2969 se
623 2916 989 2971 moriturum.
1022 2917 1156 2971 Ideo
1181 2932 1309 2973 cum
1336 2918 1697 2988 temporibus
1718 2918 1844 2987 ejus

190 3002 459 3058 miranda
494 3004 548 3057 in
579 3002 785 3072 Anglia
816 3004 1227 3076 contigissent,
1254 3005 1479 3061 Domini
1503 3008 1847 3061 recordatus

191 3105 304 3146 non
333 3090 640 3158 est,immo
666 3106 769 3147 nec
792 3093 882 3147 sui
909 3092 1117 3163 ipsius,
1144 3108 1273 3149 cum
1298 3095 1472 3149 etiam
1497 3095 1845 3163 quibusdam

192 3141 304 3146 _--_
338 3141 635 3158 ---,-,--_-_-
666 3141 764 3147 --η
792 3141 882 3147 η-
909 3141 1117 3163 -,.--.,,,
1147 3141 1273 3149 η...
1500 3141 1845 3163 .,--....-.._...

191 3177 677 3247 revelationibus,
715 3193 843 3249 quaa
873 3186 1064 3237 tamen
1111 3182 1163 3236 ei
1212 3197 1324 3237 non
1379 3183 1744 3253 profuerunt,
1776 3182 1846 3238 ad
1882 3141 1930 3204 ϐ

193 3269 379 3322 Deum
393 3268 662 3323 converti
681 3274 1038 3340 moneretur,
1057 3271 1270 3340 quibus
1287 3286 1388 3326 nec
1405 3270 1685 3341 obedivit,
1704 3286 1846 3342 pena

194 3370 326 3426 quae
360 3355 411 3411 ei
442 3355 667 3425 judicio
702 3356 897 3413 divino
921 3358 1324 3415 intentabatur
1347 3358 1719 3430 perterritus.
1746 3361 1850 3414 lm-

192 3443 417 3514 pletum
449 3443 598 3498 enim
633 3448 758 3499 erat
784 3444 839 3500 in
865 3445 964 3501 illo
992 3446 1146 3516 quod
1172 3446 1390 3503 dictum
1414 3450 1501 3502 est
1530 3466 1542 3501 :
1568 3448 1851 3504 Peccator

192 3545 326 3588 cum
358 3533 591 3589 vena-it
624 3533 689 3589 in
728 3534 1099 3606 profundum
1146 3536 1458 3604 malorum,
1492 3535 1857 3607 contempnet

192 3619 398 3691 (Prov.
435 3634 592 3691 xvm,
628 3621 704 3690 3.)
739 3622 805 3676 Et
857 3622 989 3693 quia
1042 3624 1220 3678 Deum
1272 3622 1553 3694 deseruit,
1589 3629 1850 3680 sanetam

193 3706 524 3763 ecclesiam
572 3708 910 3779 Opprimens
951 3714 1010 3766 et
1042 3725 1167 3766 eam
1202 3710 1310 3767 sibi
1344 3709 1609 3767 ancillari
1640 3712 1853 3768 consti-

194 3797 569 3866 tuens,aDeo
599 3811 829 3867 quoque
862 3798 1184 3855 derelictus
1202 3803 1323 3865 est;
1347 3801 1403 3855 in
1430 3799 1742 3870 silva,quze
1757 3800 1853 3855 ad-

189 3883 351 3952 jacet
369 3883 839 3956 Wintoniae(219)
860 3885 1086 3941 civitati
1123 3886 1257 3942 dum
1290 3887 1659 3943 venationem
1690 3903 1855 3943 exer-

196 3977 311 4039 cet,
331 3973 553 4042 sagitta
573 3987 601 4028 a
625 3973 873 4044 quodam
897 3989 1235 4046 percussus,
1258 3990 1371 4046 quo
1393 3975 1594 4031 lethali
1613 3977 1853 4032 vulnere

196 4059 419 4115 decidit
442 4065 499 4115 et
525 4061 892 4118 exanimatus
906 4066 1019 4133 est,
1038 4063 1361 4135 penitentia
1377 4069 1437 4120 et
1451 4065 1853 4120 communione

196 4161 426 4216 carens,
459 4154 515 4203 et
550 4150 702 4221 apud
736 4151 976 4207 eandem
1011 4152 1212 4207 urbem
1242 4151 1528 4222 sepultus.
1562 4152 1855 4223 Tempori-

196 4235 306 4291 bus
335 4235 464 4305 ejus
494 4243 703 4293 ventus
722 4237 1032 4294 vehemens
1056 4240 1126 4295 de
1147 4239 1382 4295 ﬂumine
1403 4239 1665 4295 Tnmisia:
1688 4254 1859 4296 exur-

195 4338 343 4393 gens
371 4324 602 4381 ediﬁcia
635 4327 799 4397 plura
834 4328 1151 4395 destruxit,
1179 4343 1284 4384 nec
1316 4327 1628 4398 aliquando
1654 4333 1860 4389 tantus

194 4413 379 4469 turbo
411 4419 718 4471 ventorum
753 4417 1100 4472 sevientium
1132 4414 1235 4473 illo
1266 4416 1505 4474 auditus
1523 4421 1635 4473 est.
1664 4418 1861 4472 Hicir-

1956 1850 2134 1906 cioris
2157 1856 2400 1922 naturae,
2430 1860 2603 1909 nocte
2627 1852 3052 1911 obtenebrante
3071 1861 3203 1912 ante
3230 1856 3460 1913 domum
3482 1872 3600 1913 ma-

1949 1938 2098 2009 joris
2120 1938 2403 1996 (ecclesia;
2421 1942 2607 1997 sancti
2632 1942 2793 1998 Pauli
2815 1945 3345 2014 congregabantur,
3364 1945 3447 1999 ita
3463 1945 3604 2000 insi-

1956 2031 2180 2083 stentes
2203 2029 2668 2099 transeuntibus,
2686 2030 2730 2085 si
2758 2045 2927 2101 quem
2953 2032 3103 2087 forte
3122 2031 3503 2088 offendissent
3521 2047 3609 2089 so-

1955 2113 2071 2170 lum
2091 2119 2190 2170 aut
2210 2115 2587 2187 impotentem
2612 2122 2708 2173 aut
2736 2118 2858 2173 sine
2881 2119 3106 2189 baculo,
3126 2120 3400 2176 utnullus
3424 2121 3600 2177 aude-

1955 2208 2047 2258 ret
2079 2204 2297 2274 absque
2331 2206 2611 2261 comitatu
2637 2205 2725 2261 vel
2751 2206 3086 2263 defensione
3105 2223 3206 2278 per
3229 2208 3418 2264 locum
3438 2208 3599 2265 illum

1959 2292 2231 2362 transire,
2260 2294 2586 2363 praesertim
2609 2295 2868 2363 cnmjam
2894 2294 3180 2366 plurimos
3204 2297 3494 2353 morsibus
3518 2303 3601 2353 at-

1953 2385 2345 2448 trectassent;
2370 2388 2427 2436 et
2461 2381 2709 2451 singulis
2739 2382 3008 2438 noctibus
3039 2383 3109 2438 ad
3143 2384 3471 2454 hujusmodi
3506 2401 3602 2441 ex-

1955 2483 2166 2524 cursus
2202 2469 2565 2524 ferebantur.
2590 2471 2711 2524 Jam
2739 2485 2919 2542 prope
2953 2471 3151 2527 nullus
3185 2486 3287 2542 per
3315 2471 3456 2529 illud
3491 2473 3601 2529 iter

1956 2556 2259 2624 agebatur,
2287 2561 2366 2625 et,
2394 2557 2440 2611 si
2472 2558 2562 2613 cui
2598 2559 2748 2614 forte
2782 2558 3141 2614 incumberet
3176 2560 3603 2616 uecessitasiti-

1956 2644 2138 2713 neris,
2159 2645 2506 2701 diverticula
2534 2648 2952 2717 querebantur,
2968 2662 3096 2703 cum
3115 2649 3451 2717 congregati
3466 2649 3606 2705 Lun-

1956 2733 2271 2790 donienses
2292 2735 2349 2789 in
2374 2736 2563 2790 banno
2587 2734 2802 2806 placito
2825 2750 2933 2792 suo
2955 2735 3268 2792 clamorem
3294 2752 3471 2809 super
3492 2737 3604 2794 hoc

1958 2821 2047 2876 bis
2076 2826 2285 2892 terque
2320 2823 2601 2891 fecerunt,
2637 2827 2698 2877 et
2743 2837 2875 2879 cum
2925 2824 3322 2895 praeceptione
3374 2825 3507 2881 data
3543 2831 3605 2881 ut

1959 2911 2362 2981 unusquisque
2394 2925 2568 2967 canes
2596 2927 2735 2968 suos
2764 2911 3087 2968 includeret
3115 2913 3389 2968 noctibus
3422 2919 3481 2968 et
3511 2929 3608 2970 cu-

1960 2999 2231 3069 stodiret,
2250 3014 2357 3056 nec
2381 3000 2463 3056 sic
2480 3002 2741 3056 revocari
2759 3002 2830 3056 ab
2847 3000 3081 3072 incepto
3099 2988 3605 3073 potuissent,°data

1959 3089 2248 3144 sententia
2274 3088 2670 3159 adjudicatum
2696 3094 2787 3145 est
2820 3105 2987 3144 omne
3009 3123 3017 3133 ς
3042 3090 3256 3146 debere
3274 3090 3482 3161 occidi,
3511 3091 3605 3146 die

1962 3188 2189 3244 quoque
2211 3174 2537 3230 constituta
2564 3189 2675 3244 qua
2702 3176 2758 3231 id
2782 3176 3025 3231 deberet
3050 3175 3194 3231 fieri.
3213 3176 3351 3241 Quae
3373 3192 3503 3232 cum
3527 3176 3609 3232 iu-

1960 3266 2166 3331 staret,
2202 3267 2371 3317 nocte
2420 3263 2546 3333 ipsa
2602 3278 2729 3333 quae
2765 3263 2917 3320 diem
2954 3264 3347 3335 praecedebat,
3381 3265 3461 3321 ita
3493 3279 3611 3321 om-

1962 3351 2051 3406 nis
2084 3350 2399 3406 multitudo
2421 3366 2627 3407 cauum
2655 3351 2887 3407 illorum
2913 3354 3033 3409 fere
3057 3368 3240 3423 usque
3264 3352 3334 3409 ad
3359 3359 3612 3425 quatuor

1963 3438 2117 3495 milia
2173 3438 2505 3509 diﬂ‘ugiens,
2543 3455 2653 3495 non
2705 3442 3055 3511 comparuit,
3093 3442 3379 3498 incertum
3427 3457 3495 3498 an
3553 3443 3608 3499 in

1963 3541 2120 3582 mare
2153 3543 2213 3582 se
2240 3527 2513 3598 jecerint,
2552 3533 2614 3582 ut
2643 3527 2839 3585 nullus
2873 3528 3237 3586 inveniretur
3260 3531 3359 3600 qui
3383 3530 3611 3587 diceret

1964 3629 2077 3684 quo
2130 3615 2405 3685 abierint,
2438 3616 2528 3672 vel
2560 3617 2698 3685 quid
2734 3617 2868 3673 facti
2903 3617 3119 3673 fuerint
3147 3635 3160 3682 ;
3193 3622 3249 3674 et
3285 3618 3363 3674 ita
3401 3619 3612 3676 civitas

1964 3702 2212 3758 liberata
2245 3708 2355 3759 est.

2034 3792 2221 3849 Pudet
2255 3794 2478 3849 referre
2513 3793 2654 3850 illud
2697 3794 3023 3850 inauditum
3076 3795 3292 3852 seculis
3340 3796 3612 3852 omnibus

1966 3887 2311 3948 monstrum,
2332 3882 2487 3953 quod
2512 3887 2652 3938 tunc
2681 3884 2959 3955 temporis
2980 3884 3033 3948 in
3059 3884 3464 3941 eademinsula
3478 3899 3615 3941 con-

1967 3970 2097 4037 tigit
2126 3987 2139 4036 ;
2177 3970 2280 4025 sed
2308 3971 2671 4027 reticendum
2696 3986 2808 4026 non
2828 3977 2939 4041 est,
2970 3978 3029 4026 ut
3055 3972 3404 4043 quicumque
3428 3973 3617 4029 audie-

1967 4058 2064 4127 rit,
2083 4058 2334 4115 tinniant
2363 4074 2536 4115 aures
2557 4060 2711 4129 ejus,
2728 4065 2787 4115 et
2809 4061 3208 4130 Obstupescat,
3226 4065 3284 4115 et
3305 4062 3613 4117 erubescat

1970 4146 2189 4203 talibus
2217 4147 2455 4216 involvi,
2474 4147 2689 4217 quibus
2711 4147 2910 4203 nullus
2935 4163 3201 4218 umquam
3218 4148 3485 4205 irretitus
3499 4155 3611 4220 est,

1969 4236 2078 4290 nisi
2112 4235 2208 4306 qui
2240 4249 2269 4289 a
2301 4236 2418 4290 Deo
2450 4234 2771 4291 derelictus
2810 4235 2865 4289 in
2900 4237 3211 4306 reprobum
3242 4250 3477 4292 sensum
3498 4241 3618 4294 tra-

1971 4323 2132 4380 ditus
2160 4328 2269 4394 est,
2304 4325 2591 4381 hominem
2625 4324 2756 4380 dico
2790 4323 3109 4381 masculum
3143 4339 3172 4380 a
3206 4325 3483 4382 masculis
3515 4326 3617 4381 im-

1978 4415 2345 4484 pregnatum,
2361 4417 2418 4469 et
2445 4418 2766 4469 monstrum
2791 4411 2931 4469 illud
2953 4428 3085 4469 cum
3107 4413 3462 4471 dedecorosa
3486 4428 3620 4471 con-

198 4515 379 4558 ruens
408 4504 767 4559 monasterio
798 4510 1017 4561 sanctae
1049 4506 1241 4561 Mariae
1273 4505 1327 4559 in
1357 4505 1598 4561 civitate
1636 4504 1861 4561 Lundo-
1892 4500 1943 4560 D
1979 4502 2239 4558 cretione
2264 4517 2447 4573 usque
2470 4503 2540 4558 ad
2576 4502 2839 4572 quaedam
2870 4502 3206 4558 liniamenta
3233 4503 3501 4575 corporis
3525 4503 3621 4560 hu-

199 4590 310 4648 niae
333 4591 684 4663 constituto,
703 4592 799 4648 ubi
822 4593 927 4649 hec
953 4597 1079 4648 acta
1107 4598 1263 4663 sunt,
1281 4598 1507 4649 tectum
1523 4608 1692 4649 omne
1708 4594 1862 4664 deje-

198 4679 304 4747 cit,
338 4680 541 4735 trabes
575 4694 780 4736 novem
810 4695 1050 4736 numero
1082 4682 1165 4736 uti
1196 4687 1364 4737 erant
1395 4685 1740 4753 compactae,
1777 4681 1863 4736 di-

200 4766 501 4823 stantibus
525 4768 679 4824 inter
700 4783 761 4825 se
785 4769 1002 4840 spaciis
1023 4769 1256 4825 insimul
1280 4770 1589 4842 arripiens,
1627 4770 1859 4840 longius

202 4856 531 4925 asportavit
563 4871 747 4927 usque
779 4857 851 4913 ad
881 4858 1065 4914 forum
1102 4872 1307 4925 passus
1336 4857 1455 4914 fere
1488 4864 1574 4928 50,
1600 4859 1735 4914 etin
1765 4872 1862 4913 eo-

200 4941 332 4999 dem
371 4942 513 5014 foro,
541 4944 695 5015 quod
726 4945 886 5002 dictu
912 4961 1143 5016 quoque
1167 4945 1514 5002 incredibile
1535 4952 1647 5017 est,
1675 4946 1753 5002 ita
1779 4948 1861 5003 di-

201 5030 506 5089 stantibus
520 5033 811 5103 equaliter
824 5034 1041 5106 spaciis
1053 5039 1116 5091 ut
1135 5039 1301 5091 erant
1319 5039 1665 5107 compactae,
1684 5040 1857 5093 terrae

1973 4591 2124 4647 mani
2159 4592 2530 4662 perductum,
2557 4598 2611 4646 et
2649 4591 2938 4647 hominem
2971 4590 3155 4662 illum,
3179 4591 3336 4662 quod
3367 4592 3621 4649 detesta-

1973 4678 2149 4735 bilius
2162 4683 2273 4749 est,
2299 4677 2576 4735 clericum
2602 4680 2672 4734 de
2687 4678 2911 4751 capella
2928 4678 3106 4749 regis,
3125 4681 3361 4736 Petrum
3376 4680 3615 4751 dictum,

1971 4783 2076 4840 per
2106 4781 2314 4823 annum
2342 4768 2632 4837 integrum
2657 4772 2716 4823 et
2738 4783 2807 4823 eo
2831 4768 3084 4839 amplius
3107 4769 3214 4825 hoc
3235 4771 3619 4840 portentuosa

1970 4862 2030 4913 et
2062 4856 2449 4927 ignominioso
2500 4871 2678 4912 onere
2729 4857 3204 4927 dehonestatum,
3238 4862 3298 4913 et
3328 4871 3515 4928 usque
3545 4855 3618 4913 ad

1971 4951 2215 5001 mortem
2245 4944 2617 5016 perductum,
2643 4960 2775 5002 cum
2807 4943 2904 5000 ille
2936 4946 3123 5016 palam
3148 4950 3205 4999 et
3232 4944 3464 5016 publice
3484 4960 3620 5003 con-

1971 5034 2239 5090 meretur
2262 5037 2566 5104 peccatum
2590 5048 2778 5106 suum,
2796 5033 2952 5105 quod
2986 5033 3035 5089 si
3064 5031 3267 5106 vellet,
3292 5034 3485 5092 celare
3501 5049 3616 5093 non

1565 5185 1800 5245 VARIJE
1841 5186 2245 5248 LECTIONES.

274 5318 343 5352 "‘
371 5319 671 5378 catltedm
700 5318 859 5379 locus
886 5334 1131 5379 vacuus.
1162 5319 1231 5355 ⁸³⁷
1256 5335 1541 5381 amarus
1569 5323 1765 5381 vacat.
1809 5321 1882 5357 ⁸³⁸
1909 5321 2157 5396 reliqua
2173 5321 2424 5396 pagina
2448 5317 2688 5379 vacant.

1805 5466 2027 5530 ΝΟΤιΕ.

278 5584 432 5660 (218)
468 5584 705 5645 Scilicet
736 5585 1202 5658 Andegavensis.

2053 5586 2203 5660 (2l9)
2231 5584 2618 5645 Winchester.
