3964 6044
347 139 460 213 891

1308 128 1677 214 HUGONIS
1719 148 2074 215 ABBATIS
2121 151 2803 218 FLAVINIACENSIS

3648 146 3766 217 892

350 291 567 359 posset,
603 287 660 342 et
693 281 910 357 aperiri
945 283 1056 341 sibi
1095 275 1428 342 uteruurad
1482 285 1899 344 detrahendam
1940 295 1998 344 et
2031 291 2082 350 A
2115 291 2304 346 omnis
2336 289 2669 362 iniquitatis
2700 295 2758 346 et
2783 287 3270 346 abhominationis
3291 285 3633 344 inundatio?
3653 288 3762 346 Sed

348 373 945 431 eruendaminl‘ormis
971 374 1217 445 prodigii
1243 375 1531 431 sarcinam
1555 375 1994 448 deprecaretur,

349 479 455 519 nec
490 464 850 534 impetraret,
887 463 958 518 ad
991 463 1100 518 hoc
1132 478 1316 532 usque
1350 463 1790 532 ingravescente
1819 470 1879 520 et
1914 480 1999 520 re-

348 553 733 608 crudescente
761 551 1002 622 insania,
1020 567 1150 607 eum
1177 552 1419 607 feminea
1443 552 1564 622 pati
1589 557 1923 622 cogeretur,
1940 561 1998 608 et

355 648 561 698 natura
587 645 960 712 repugnaret,
979 640 1299 710 perductus
1319 644 1412 695 est
1434 645 1494 694 ut
1515 641 1657 695 mori
1682 641 1732 696 ei
1759 656 1996 696 necesse

352 735 531 800 esset,
570 729 1006 799 ignominiosam
1042 735 1282 784 mortem
1331 729 1403 783 de
1449 729 1826 798 ignominiosa
1877 730 1994 784 vita

350 817 1391 888 consequutus,etextraeimiterium
1411 817 1630 886 absque
1646 818 1997 873 officioehri-

350 907 556 964 stianis
579 907 800 976 debito,
818 921 924 961 suo
947 911 1137 962 tamen
1157 905 1322 974 jussu
1338 909 1395 960 et
1415 905 1717 976 petitione,
1735 906 1996 977 sepultu-

349 1011 410 1052 ra
444 995 589 1051 asini
619 995 904 1066 sepultus.
933 994 1109 1063 Cujus
1141 994 1390 1049 cadaver
1424 997 1710 1065 apertum,
1739 995 1812 1049 ita
1846 995 1900 1049 in
1932 1009 1994 1050 se

350 1086 566 1141 habere
598 1085 894 1139 inventum
928 1089 1041 1153 est,
1068 1084 1222 1139 sicut
1257 1083 1501 1138 relatum
1534 1088 1640 1138 cst.
1668 1085 1870 1140 Frater
1901 1085 1992 1140 hic

348 1180 474 1229 erat
499 1172 854 1242 Girardi,cui
873 1177 1002 1244 post
1027 1189 1129 1226 rex
1155 1173 1434 1243 praefatus
1457 1173 1874 1228 Eboracensem
1899 1173 1993 1228 de-

349 1261 432 1317 dit
457 1261 1024 1332 archiepiscopatum
1045 1278 1059 1325 ;
1075 1279 1100 1315 (⁸
1112 1261 1165 1329 uj
1178 1275 1244 1316 us
1257 1261 1374 1315 vita
1389 1275 1516 1315 cum
1536 1261 1680 1316 satis
1697 1276 1993 1332 superque

347 1349 822 1418 essetnotabilis,
840 1348 1014 1404 etiam
1030 1347 1262 1404 diabolo
1288 1347 1651 1404 sacriﬁcasse
1677 1349 1994 1420 impeteba-

347 1442 461 1496 tur.
490 1438 717 1494 Fuisset
743 1437 917 1492 nimia
941 1435 993 1490 in
1019 1451 1218 1492 omnes
1254 1442 1553 1506 magnates
1593 1438 1722 1507 ejus
1761 1443 1816 1492 et
1857 1439 1993 1492 ami-

343 1541 444 1583 eos
469 1525 774 1582 demonum
795 1525 1122 1597 oppressio,
1141 1533 1196 1580 et
1215 1525 1267 1580 in
1284 1540 1487 1581 omnes
1500 1532 1557 1580 et
1573 1527 1986 1596 obsequentes,

346 1615 458 1669 nisi
493 1613 851 1686 camerarius
900 1613 1045 1684 ejus,
1079 1615 1172 1668 cui
1226 1631 1464 1684 porcum
1518 1629 1721 1684 parare
1770 1618 1826 1668 ct
1879 1615 1989 1670 sibi
2019 1639 2076 1702 Β

344 1701 614 1758 clanculo
638 1702 834 1757 afferri
859 1703 1254 1772 mandaverat,
1283 1702 1626 1758 ammiratus
1653 1703 1792 1772 quid
1815 1702 1988 1758 vellet

347 1791 557 1860 facere,
588 1791 642 1844 in
667 1789 816 1846 locis
843 1791 1236 1846 abditioribus
1259 1805 1318 1847 se
1337 1791 1710 1859 oeculuisset,
1738 1807 1868 1847 eum
1903 1807 1994 1847 ro-

343 1885 518 1949 gatus
533 1878 738 1934 fuisset
761 1877 983 1947 egredi,
1002 1878 1119 1934 illis
1137 1884 1326 1933 tamen
1349 1878 1494 1935 locis
1519 1880 1588 1934 de
1613 1880 1824 1948 quibus
1844 1879 1992 1935 liber

344 1971 504 2022 esset
535 1966 765 2022 videndi
799 1982 926 2036 quae
961 1967 1032 2022 ab
1066 1967 1165 2022 illo
1186 1968 1583 2038 operabantur
1605 1982 1910 2034 accessus;
1935 1973 1990 2024 et

342 2070 472 2112 cum
496 2070 624 2112 eum
646 2069 776 2112 eum
800 2055 1042 2110 demone
1068 2055 1400 2125 loquentem
1427 2055 1708 2126 audisset,
1725 2055 1890 2126 cujus
1911 2062 1995 2112 ta-

344 2159 472 2200 men
508 2159 710 2200 vocem
743 2143 988 2200 audiens
1024 2144 1263 2199 formam
1310 2159 1418 2200 non
1473 2144 1733 2213 vidisset,
1769 2149 1824 2200 et
1861 2151 1992 2216 post

343 2248 474 2290 cum
500 2233 660 2289 illum
685 2246 790 2304 per
805 2233 1168 2289 necessarias
1185 2233 1714 2303 translatumjussu
1731 2233 1995 2290 demonis

346 2321 550 2378 abillo
583 2321 846 2391 vidisset,
880 2329 938 2376 et
986 2325 1114 2392 post
1164 2323 1234 2377 ab
1279 2337 1346 2377 eo
1398 2321 1723 2392 adoratum,
1762 2321 1993 2378 infanda

344 2411 519 2467 etiam
553 2410 815 2482 quedam
869 2411 923 2464 in
965 2411 1357 2466 conciliabulo
1401 2411 1498 2466 illo
1536 2411 1820 2481 audisset,
1861 2426 1993 2468 cum

345 2504 476 2571 post
509 2504 754 2555 evocato
784 2499 838 2554 ei
871 2504 1226 2568 przeceptum
1249 2499 1456 2554 fuisset
1480 2499 1778 2555 instruere
1797 2499 1998 2556 convi-

345 2588 522 2657 vium,
537 2601 864 2642 convocare
883 2601 1084 2640 omnes
1105 2590 1391 2656 quotquot
1418 2593 1619 2657 posset
1639 2587 1710 2642 ad
1733 2589 1990 2658 epulum,

345 2679 406 2729 et
437 2671 508 2728 de
560 2671 658 2726 illo
711 2685 888 2743 porco
935 2672 1204 2728 omnibus
1253 2674 1484 2728 omnino
1531 2673 1992 2744 praelibationem

350 2761 635 2832 quandam
661 2774 891 2831 parare,
918 2765 980 2816 ut
1015 2759 1211 2817 nullus
1241 2767 1396 2816 esset
1433 2762 1528 2830 qui
1563 2777 1676 2817 non
1703 2768 1992 2832 gustaret,

349 2849 450 2905 ille
475 2863 716 2920 porcum
740 2848 1238 2905 terraeinfodisset
1258 2869 1269 2903 :
1287 2854 1344 2904 et
1369 2849 1438 2904 de
1464 2849 1578 2905 alio
1604 2851 1756 2920 quod
1781 2866 1996 2922 praece-

349 2942 510 3012 ptum
546 2938 738 2994 fuerat
767 2937 1009 3009 implere
1042 2938 1366 2994 studuisset
1405 2958 1417 2993 :
1453 2939 1552 2994 illo
1591 2939 1668 2993 ita
1705 2949 1766 2995 ut
1797 2953 1995 3010 prece-

347 3034 516 3100 perat
548 3028 763 3084 factum
799 3027 980 3083 fuisse
1011 3030 1251 3098 putante
1281 3035 1340 3082 et
1372 3028 1670 3098 credente,
1697 3027 1807 3083 nisi
1832 3043 1860 3082 a
1882 3027 1996 3084 dae—

346 3130 513 3172 mone
547 3117 873 3172 instructus
907 3115 1129 3186 fuisset,
1168 3130 1197 3170 a
1232 3131 1365 3186 quo,
1401 3116 1684 3186 quidquid
1737 3131 1995 3172 camera-

347 3205 473 3261 rius
503 3205 743 3273 fecerat,
775 3203 1138 3274 publicatum
1166 3204 1220 3260 ei
1251 3209 1358 3260 est.
1396 3205 1517 3270 Qua
1550 3205 1620 3259 de
1657 3220 1716 3260 re
1747 3221 1879 3260 cum
1901 3219 1995 3261 ca-

346 3292 634 3348 merarius
665 3292 1068 3363 impeteretur,
1095 3297 1152 3348 et
1181 3293 1308 3363 capi
1344 3293 1741 3364 mandaretur,
1767 3293 1864 3349 ille
1895 3295 1991 3364 qui

345 3380 454 3436 hoc
490 3381 699 3436 timens
729 3380 838 3436 sibi
871 3379 1251 3451 praecaveret,
1278 3380 1473 3449 gladio
1505 3381 1720 3438 educto
1745 3397 1874 3438 sese
1898 3381 1994 3438 de-

348 3467 635 3526 fendendo
658 3467 887 3524 domum
915 3468 1089 3536 venit,
1107 3473 1164 3523 et
1188 3483 1507 3526 conscenso
1530 3485 1680 3540 equo
1705 3485 1872 3541 quem
1897 3487 1993 3543 pa-

348 3561 598 3626 raverat,
624 3556 696 3613 ad
720 3570 914 3626 regem
939 3556 1269 3612 Heinricum
1295 3556 1566 3612 Willelmi
1591 3573 1989 3615 successorem

344 3643 628 3714 confugit,
659 3643 751 3699 cui
785 3643 976 3698 omnia
1011 3641 1236 3712 retulit,
1268 3648 1510 3714 paratus
1557 3645 1711 3714 quod
1759 3647 1990 3702 dicebat

348 3731 433 3788 uti
451 3731 779 3801 judicatum
799 3731 1005 3787 fuisset
1027 3732 1375 3802 approbare.
1400 3735 1514 3788 Hec
1527 3738 1584 3788 et
1601 3733 1713 3789 alia
1729 3733 1989 3804 qumdam

349 3823 715 3878 monstruosa
741 3820 1082 3877 ferebantur
1105 3821 1214 3876 hoc
1233 3835 1381 3877 anno
1404 3821 1474 3877 de
1496 3837 1564 3877 eo
1587 3837 1691 3893 per
1713 3827 1893 3878 totam
1910 3823 1991 3877 in-

346 3909 552 3982 sulam,
577 3908 810 3980 quando
834 3908 912 3965 ibi
939 3909 1170 3981 fuimus,
1195 3916 1251 3965 et
1277 3911 1403 3966 dies
1428 3926 1541 3981 quo
1566 3910 1637 3966 de
1659 3911 1749 3968 his
1778 3917 1837 3966 et
1859 3910 1990 3967 aliis

348 3997 700 4070 disceptatio
714 3998 1053 4070 haberetur,
1070 4003 1126 4054 et
1137 3997 1417 4069 judicium
1437 4000 1691 4070 daretur,
1705 3999 1993 4056 constitu-

344 4092 443 4146 tus
465 4092 613 4159 erat,
631 4102 800 4160 quem
826 4092 1018 4144 tamen
1041 4103 1156 4143 non
1177 4081 1636 4158 eipectavimus.
1659 4089 1776 4142 Hoc
1798 4092 1990 4144 tamen

345 4177 418 4234 de
431 4192 502 4234 eo
515 4177 786 4234 omnibus
799 4182 998 4233 notum
1013 4182 1161 4247 erat,
1179 4192 1311 4234 esse
1327 4192 1459 4233 eum
1476 4176 1640 4234 malae
1652 4177 1788 4233 vitae
1801 4181 1858 4232 et
1874 4191 1994 4233 om-

346 4265 483 4322 nino
497 4266 761 4338 episcopi
778 4265 1248 4336 of’fieioindignze,
1269 4281 1396 4336 quae
1411 4280 1440 4320 a
1455 4280 1638 4336 puero
1658 4266 1882 4337 impura
1896 4281 1993 4321 ex-

2026 2993 2075 3055 C

2115 395 2221 434 nos
2255 379 2485 434 interim
2519 380 2624 434 hee
2650 379 2847 434 tristia
2873 383 3244 449 seponentes,
3263 376 3436 449 paulo
3458 377 3764 448 superiora

2113 472 2468 537 repetamus,
2495 472 2550 522 et
2587 467 2740 538 quod
2774 466 3078 523 dulcescat
3131 465 3368 537 spiritui
3421 465 3760 521 referamus.

2184 557 2296 610 Nos
2324 562 2516 612 autem
2551 554 3094 626 praetermittendus
3125 568 3154 610 a
3189 553 3358 610 nobis
3389 558 3482 609 est
3513 552 3765 610 domnus

2109 645 2274 714 Ilugo
2297 645 2480 700 abbas
2503 645 2696 700 Sancti
2721 643 2945 700 Martini
2970 643 3275 711 Eduensis,
3301 642 3398 712 qui
3423 642 3494 698 ad
3516 641 3761 700 eandem

2108 733 2432 791 :Bcclcsiam
2467 734 2522 788 in
2553 734 2863 804 pristinum
2889 738 3106 788 statum
3129 731 3356 788 ordinis
3379 735 3436 787 et
3461 731 3764 801 religionis

2110 821 2532 877 restituendam
2568 821 2640 877 de
2661 820 2914 877 ecclesia
2941 819 3272 876 Divionensi
3287 825 3525 892 raptus,
3545 822 3602 874 et
3625 818 3766 874 inibi

2109 913 2312 979 pastor
2335 910 2664 980 institutus,
2682 924 2813 966 cum
2837 908 3015 965 multa
3039 907 3279 964 adversa
3306 922 3514 980 passus
3533 907 3766 976 fuisset,

2107 1005 2163 1052 et
2189 1014 2292 1054 nec
2318 1003 2488 1054 nocte
2511 1013 2616 1054 nec
2638 997 2731 1053 die
2752 997 3170 1068 requiesceret,
3195 1011 3324 1052 cum
3347 996 3523 1052 etiam
3547 995 3621 1053 de
3646 1010 3771 1051 mo-

2107 1087 2366 1143 nasterio
2397 1086 2609 1157 expelli
2645 1086 2716 1141 ad
2746 1086 2945 1141 horam
2982 1099 3134 1155 quos
3159 1099 3353 1140 secum
3380 1083 3712 1139 adduxerat
3734 1096 3765 1138 a

2105 1176 2344 1232 Divione
2376 1175 2644 1246 vidisset,
2669 1179 2724 1229 et
2751 1180 2884 1244 post
2917 1173 3111 1230 securi
3146 1187 3468 1244 percussus
3501 1185 3650 1244 pene
3672 1185 3767 1228 ce-

2105 1265 2276 1320 rebro
2307 1269 2586 1320 vacuatus
2615 1269 2776 1319 esset
2807 1263 3134 1318 indefessus
3167 1261 3452 1332 perstitit,
3478 1266 3538 1316 et
3560 1261 3765 1316 novis-

2106 1353 2267 1421 sime,
2319 1359 2382 1409 ut
2427 1352 2664 1421 dicitur,
2716 1366 2940 1408 veneno
2999 1351 3179 1407 vitam
3231 1349 3437 1420 finivit,
3493 1349 3762 1406 bravium

2107 1441 2292 1496 beatae
2327 1441 2710 1511 perennitatis
2742 1438 3007 1510 adeptus.
3045 1440 3105 1492 In
3139 1438 3326 1508 cujus'
3353 1436 3520 1494 obitu
3571 1437 3766 1492 omnis

2107 1528 2202 1584 illa
2239 1529 2590 1598 religiositas
2611 1532 2780 1598 cepta
2809 1526 3080 1598 deperiit.
3107 1526 3249 1592 Quis
3273 1531 3464 1582 autem
3487 1525 3618 1594 ejus
3636 1539 3769 1582 suc-

2108 1633 2310 1674 cessor
2330 1605 2638 1673 institutus
2659 1617 2756 1686 sit,
2787 1617 3005 1672 referre
3030 1615 3410 1686 supersedeo,
3427 1614 3561 1685 quia
3586 1613 3663 1670 ad
3681 1614 3772 1668 in-

2103 1707 2318 1777 juriam
2353 1705 2545 1761 domni
2580 1705 2980 1774 Lugdunensis
3011 1705 3216 1760 referri
3249 1707 3466 1775 potest,
3499 1717 3606 1758 nec
3638 1701 3768 1758 sine

2107 1795 2236 1863 ejus
2269 1798 2404 1850 nota
2438 1793 2588 1858 dici;
2623 1808 2752 1848 cum
2787 1792 2906 1862 ille,
2942 1807 3111 1862 quem
3147 1793 3274 1863 ipse
3303 1791 3532 1846 nomine
3565 1796 3764 1859 tenus,

2107 1897 2177 1938 ne
2212 1882 2674 1937 intronizaretur
2705 1881 2892 1937 adhuc
2927 1881 3138 1937 abbate
3164 1881 3416 1949 vivente,
3442 1879 3774 1935 interdixe-

2105 1977 2218 2040 rat,
2255 1975 2319 2026 ut
2351 1969 2590 2038 dicitur,
2623 1969 2713 2024 hic
2759 1983 2828 2024 eo
2883 1969 3128 2037 sciente,
3161 1982 3230 2024 eo
3282 1967 3670 2038 suscipiente,
3697 1981 3772 2022 eo

2107 2062 2396 2114 annuente
2427 2057 2734 2112 ordinatus
2765 2062 2876 2112 est.
2913 2057 3023 2112 Sed
3057 2057 3162 2112 hec
3193 2055 3444 2111 interim.

2178 2151 2340 2202 Anno
2375 2145 2554 2214 igitur
2591 2145 2832 2215 praefato
2881 2145 2954 2200 ab
3005 2145 3118 2200 inc.
3154 2145 3311 2199 Dom.
3352 2147 3488 2200 1099
3520 2142 3774 2198 domnus

2105 2243 2161 2290 et
2190 2239 2355 2306 pater
2383 2239 2583 2290 noster
2607 2233 2949 2304 Rodulpbus
2978 2233 3122 2289 abba
3148 2237 3282 2303 post
3308 2231 3487 2288 multa
3507 2231 3774 2302 peregri-

2107 2323 2360 2379 nationis
2390 2326 2447 2376 et
2474 2321 2737 2378 laborum
2763 2322 3044 2392 pericula,
3074 2336 3206 2377 cum
3225 2322 3293 2378 ad
3315 2325 3534 2376 eterna:
3558 2334 3772 2390 repan-

2107 2411 2351 2467 sationis
2384 2415 2694 2466 vocaretur
2723 2409 2932 2480 gaudia
2957 2409 3326 2481 repromissa,
3351 2409 3407 2464 in
3435 2407 3767 2478 quadrage-

2107 2500 2247 2556 sima
2282 2499 2562 2556 infirmari
2595 2499 2774 2571 cepit.
2808 2499 3140 2555 Morabatur
3193 2503 3332 2554 tunc
3383 2497 3537 2569 apud
3577 2497 3768 2555 Flavi-

2107 2583 2335 2644 niacum
2381 2588 2598 2658 villam,
2633 2588 2936 2643 honestam
2985 2593 3041 2642 et
3093 2587 3369 2658 optimam
3419 2585 3762 2643 monasterii

2106 2678 2334 2746 cellam,
2366 2677 2452 2732 vel
2484 2682 2727 2748 prepter
2757 2675 3180 2733 incursantium
3203 2674 3653 2746 occupationum
3677 2675 3764 2731 vi-

2107 2768 2314 2822 tandas
2339 2765 2662 2835 molestias,
2681 2764 2770 2821 vel
2793 2769 2856 2819 ut
2880 2763 3122 2820 liberius
3145 2762 3552 2836 spiritualibus
3573 2763 3764 2820 inten-

2108 2853 2279 2909 deret
2307 2854 2556 2910 theoriis
2585 2859 2645 2909 et
2680 2853 2930 2908 filiorum
2962 2851 3340 2908 utilitatibus.
3377 2853 3447 2906 Et
3495 2851 3761 2921 quamvis

2106 2943 2476 3011 gravissimis
2500 2941 2858 2998 infirmitatis
2877 2945 3488 3012 corporeaeartaretur
3503 2942 3764 2994 anxieta-

2109 3028 2286 3098 tibus,
2307 3044 2528 3099 pernox
2551 3032 2740 3083 tamen
2768 3027 2822 3082 in
2848 3024 3528 3096 orationibusetvigiliis,
3547 3024 3763 3081 divinis

2111 3115 2398 3171 intererat
2428 3115 2652 3184 officiis,
2689 3114 2952 3190 d‘iurnale
2983 3129 3084 3171 seu
3137 3113 3479 3170 uocturnale
3509 3111 3762 3168 ofﬁcium

2108 3210 2242 3260 ante
2282 3219 2342 3258 se
2377 3203 2646 3273 religiosa
2680 3203 2990 3260 devotione
3018 3202 3321 3258 celebrare
3345 3201 3583 3270 faciens,
3608 3204 3669 3256 et
3688 3199 3765 3256 ad

2107 3291 2342 3348 missam
2369 3306 2600 3362 semper
2624 3291 2682 3346 in
2706 3291 2964 3348 oratorio
2989 3291 3420 3346 sustentatione
3436 3291 3765 3359 obsequen-
3793 3362 3803 3370 _

2105 3379 2249 3437 tium
2284 3381 2464 3436 fultus
2493 3380 2650 3444 iens;
2685 3379 2782 3435 ubi
2813 3393 2951 3435 vero
3001 3378 3393 3434 immensitate
3445 3375 3672 3434 doloris
3701 3383 3767 3434 et

2105 3468 2461 3524 infirmitatis
2494 3469 2646 3524 lecto
2691 3468 2746 3522 in
2801 3471 2990 3524 totum
3032 3466 3332 3536 decubuit,
3379 3465 3531 3537 quod
3567 3465 3762 3522 solum

2103 3562 2360 3630 poterat,
2394 3557 2628 3627 affectu,
2681 3555 2995 3626 desiderio,
3032 3555 3298 3612 manibus
3349 3553 3664 3627 protensis,
3699 3559 3761 3610 et

2103 3646 2290 3704 oculis
2313 3649 2473 3702 totus
2495 3645 2566 3702 ad
2591 3644 2767 3702 Deum
2790 3644 3090 3714 vigilabat,
3109 3659 3214 3700 nec
3239 3644 3308 3700 de
3327 3642 3524 3712 rigore
3546 3657 3764 3714 propo-

2105 3735 2226 3804 siti,
2262 3734 2450 3790 animo
2481 3739 2541 3790 et
2573 3733 2685 3788 ﬁde
2713 3740 3011 3802 constans,
3038 3731 3351 3804 quidquam
3373 3731 3552 3788 minui
3575 3731 3764 3802 patie-

2105 3823 2296 3879 batur.
2334 3824 2401 3880 Et
2427 3824 2544 3894 jam
2575 3823 2722 3878 fama
2758 3821 3116 3878 infirmitatis
3144 3822 3271 3892 ejus
3319 3820 3545 3878 vicinos
3571 3825 3634 3877 et
3662 3820 3762 3877 ab-

2103 3915 2319 3982 sentes,
2353 3913 2522 3982 longe
2553 3910 2727 3967 etiam
2759 3909 2988 3982 positos
3016 3912 3416 3980 perterruerat
3446 3907 3672 3979 ﬁdeles,
3698 3913 3758 3965 et

2103 4001 2372 4056 certatim
2397 4001 2766 4056 confluebant
2794 4013 3015 4067 omnes,
3043 3997 3388 4067 mediocres,
3406 3997 3640 4067 divites,
3665 4011 3764 4055 co-

2105 4088 2296 4158 mites,
2315 4088 2516 4158 duces,
2546 4089 2654 4159 ipsi
2686 4086 2860 4144 etiam
2888 4087 3196 4158 praesules,
3217 4092 3274 4144 ut
3301 4085 3451 4142 tanti
3478 4085 3586 4142 viri
3611 4082 3762 4142 sola-

2107 4180 2312 4233 rentur
2331 4177 2585 4248 alloquio
2607 4181 2663 4232 et
2690 4176 2969 4242 caritate;
2995 4174 3305 4246 dampnum
3329 4174 3483 4231 enim
3505 4172 3619 4230 sibi
3645 4187 3764 4230 ma-

2105 4262 2320 4320 ximum
2353 4263 2724 4334 reputabant,
2748 4263 2797 4318 si
2821 4261 3175 4319 insalutatus
3205 4261 3278 4317 ab
3309 4259 3396 4318 eis
3425 4259 3757 4317 recederet.

347 4353 591 4423 titisset,
628 4369 736 4410 nec
768 4353 1081 4423 aliquando
1113 4353 1577 4410 emendationem
1610 4355 1988 4426 suscepisset.
2021 4349 2076 4412 D
2106 4350 2327 4416 Quibus
2353 4351 2478 4422 ipse
2511 4351 3026 4420 tantasedulitate,
3054 4349 3417 4422 dapsilitate,
3439 4349 3758 4420 industria,

347 4441 472 4509 Quo
491 4442 668 4498 etiam
691 4455 840 4498 anno
866 4442 1168 4499 inundatio
1193 4442 1493 4514 sanguinis
1515 4457 1546 4499 a
1569 4445 1811 4514 praefato
1834 4443 1992 4500 fonte

255 4529 261 4537 '
346 4543 584 4586 manare
598 4529 752 4587 dicta
767 4534 878 4600 est,
895 4544 1064 4600 quam
1081 4535 1270 4587 tamen
1285 4545 1398 4586 non
1413 4530 1749 4587 vidimus.ln
1767 4530 1992 4602 capella

345 4623 543 4678 autem
559 4618 831 4675 omnibus
853 4617 1059 4674 diebus
1081 4617 1390 4674 dominicis
1413 4618 1534 4676 sive
1557 4619 1724 4676 festis
1745 4619 1995 4676 sodomi-

347 4712 424 4765 tae
456 4705 1055 4764 excommunicantur.
1085 4705 1206 4776 (fol.
1233 4709 1358 4780 146)
1384 4705 1535 4762 Alibi
1568 4721 1801 4778 quoque
1825 4708 1994 4764 enixa

347 4799 434 4852 est
453 4810 628 4853 vacca
657 4795 840 4850 fetum
866 4793 1164 4849 informem
1189 4793 1992 4869 bicipitem,quadricornem,

347 4883 642 4942 ammirari
665 4883 797 4954 quis
819 4888 1018 4955 posset
1039 4887 1257 4940 tantam
1277 4898 1472 4940 rerum
1493 4885 1832 4956 novitatem,
1861 4886 1992 4954 nisi,

340 4959 504 5042 quod
535 4971 822 5042 mirabile,
859 4973 957 5028 Dei
990 4973 1340 5044 pacientiam
1375 4976 1532 5028 tanta
1564 4973 1857 5030 hominum
1886 4974 1997 5030 cri-

348 5059 500 5116 mina
534 5065 594 5116 et
624 5063 864 5132 peccata
895 5065 1058 5118 tanta
1109 5060 1388 5133 patientia
1439 5061 1752 5133 sustinere,
1787 5067 1849 5119 ut
1878 5063 1994 5133 jam

345 5161 497 5220 pene
531 5161 700 5204 rarus
729 5149 810 5206 sit
838 5149 934 5220 qui
973 5148 1173 5207 credat
1205 5151 1382 5204 Deum
1415 5154 1516 5205 aut
1563 5165 1659 5206 res
1715 5151 1996 5208 humanas

345 5249 578 5306 curare,
606 5240 704 5292 aut
727 5237 784 5293 in
808 5235 1214 5294 malefactores
1237 5235 1551 5294 vindictam
1582 5251 1891 5306 exercere;
1915 5239 1996 5296 ita

343 5321 645 5382 cernimur
694 5337 896 5380 omnes
945 5323 1000 5379 in
1049 5324 1463 5396 iniquitatibus
1511 5324 1814 5382 eff‘erbere.
1847 5326 1996 5393 Quid

336 5410 500 5471 enim
531 5423 685 5468 nunc
704 5409 760 5466 in
785 5410 1023 5484 mundo,
1047 5414 1158 5474 nisi
1183 5413 1634 5486 omnisjustitiae
1655 5415 1994 5490 exinanitio,

2104 4445 2163 4498 et
2195 4441 2441 4498 caritate
2463 4440 2684 4498 servire
2705 4441 3310 4509 ammonebat,utcum
3333 4453 3483 4510 pene
3497 4437 3762 4494 innume-

2106 4531 2324 4588 rabiles
2355 4529 2574 4587 cotidie
2596 4529 2980 4597 confluerent,
3005 4528 3213 4584 mirum
3245 4527 3548 4584 videretur
3579 4525 3759 4583 etiam

2105 4619 2195 4676 his
2221 4621 2318 4690 qui
2343 4619 2836 4690 suscipiebantur,
2856 4617 3182 4674 undetanta
3198 4614 3759 4686 abundantia,tanta

2106 4707 2370 4780 largitas,
2398 4713 2558 4764 tanta
2590 4707 2647 4762 in
2675 4707 2829 4764 omni
2853 4710 3138 4778 apparatu
3162 4703 3382 4777 hylaris
3397 4709 3457 4762 et
3477 4719 3594 4760 non
3619 4701 3762 4761 defi-

2106 4797 2268 4854 ciens
2287 4797 2639 4854 exuberaret
2653 4795 2890 4853 caritas.
2907 4796 3022 4851 Nec
3037 4795 3442 4866 recusabat,ut
3459 4791 3760 4865 plerisque

2107 4885 2352 4943 infirmis
2377 4885 2555 4943 moris
2583 4890 2692 4956 est,
2729 4884 3070 4941 intrantium
3099 4889 3156 4940 et
3188 4882 3526 4940 exeuntium
3584 4881 3764 4940 devo-

2105 4978 2300 5032 torum
2331 4975 2750 5046 frequentiam;
2777 4974 2914 5046 quin
2937 4971 3134 5046 petius
3163 4976 3333 5029 tanto
3359 4971 3570 5028 affectu
3592 4975 3658 5027 et
3677 4971 3763 5027 of-

2110 5063 2425 5121 ficiositate
2441 5079 2549 5135 qua
2567 5067 2817 5135 poterat,
2833 5067 2892 5119 et
2906 5067 3077 5132 gestu
3091 5061 3362 5133 corporis
3379 5058 3759 5133 suscipiebat,

2108 5158 2170 5210 ut
2204 5152 2401 5211 nullus
2431 5158 2590 5210 esset
2622 5152 2719 5224 qui
2748 5167 2858 5210 non
2883 5167 2945 5209 se
2968 5151 3276 5222 refectum,
3302 5149 3400 5222 qui
3421 5163 3536 5206 non
3557 5162 3765 5206 conso-

2107 5241 2312 5314 latum,
2341 5241 2437 5314 qui
2469 5256 2580 5299 non
2613 5241 2896 5312 adjutum,
2917 5239 3052 5296 dum
3086 5238 3274 5297 solum
3296 5238 3495 5296 videre
3524 5236 3759 5308 liceret,

2109 5331 2508 5403 proﬁteretur.
2523 5331 2824 5388 Direxerat
2845 5329 2963 5400 jam
2999 5327 3321 5385 Virdunum
3341 5324 3652 5400 epistolam
3674 5323 3764 5382 in-

2109 5418 2408 5478 firmitatis
2439 5434 2558 5480 suae
2589 5415 3034 5491 nunciatricem,
3062 5420 3124 5476 et
3153 5415 3265 5488 ipsi
3296 5415 3761 5490 circumquaque
