3964 6044
180 250 312 310 393
422 249 437 261 ”

1447 192 1943 306 CHRONIcON.
1977 276 2057 288 —
2085 238 2241 307 LIB.
2276 242 2349 306 Π.

3484 250 3601 313 394

186 384 478 442 miserant
508 380 580 439 ad
608 380 1051 453 congregandos
1084 380 1296 438 fratres
1325 378 1422 451 qui
1461 382 1703 451 possent
1750 391 1845 434 ve-
1872 376 1927 438 A
1957 382 2017 433 et
2044 376 2353 437 absolutus
2382 380 2453 436 ab
2480 378 2567 437 eis
2595 384 2703 437 est.
2738 380 2876 438 Inde
2909 381 3163 441 sociatus
3209 385 3481 445 omnibus
3545 385 3604 446 in

186 473 341 543 nire,
373 476 429 529 et
452 472 547 543 qui
571 485 683 527 non
710 474 964 543 possent,
990 475 1051 527 ut
1077 470 1381 527 sanitatem
1407 468 1534 539 ejus
1554 482 1582 525 a
1605 467 1843 525 Domino

181 566 559 635 expeterent,
590 565 687 619 aut
720 560 940 617 exitum
969 560 1096 631 eius
1124 559 1488 617 orationibns
1539 556 1847 631 praemuni-

184 658 328 710 rent
356 650 452 709 ⁴³⁹.

261 742 404 797 Cum
437 738 616 811 igitur
646 740 717 795 ad
749 753 879 796 eum
911 738 1217 794 visendum
1268 737 1540 793 certatim
1590 734 1846 806 undique

177 833 664 897 concurreretur,
700 827 823 899 ipse
850 842 1051 883 omnes
1093 825 1673 894 commonefaciebat,
1730 838 1848 879 om-

194 918 376 974 nibus
408 916 577 972 fidem
607 930 778 987 quam
808 920 1080 972 tenuerat
1110 918 1167 971 et
1204 930 1308 986 pro
1342 930 1452 985 qua
1506 912 1847 969 exulaverat

190 1005 506 1063 tenendam
522 1005 885 1070 inculcabat;
911 1005 1115 1061 dicens
1133 1004 1278 1060 hanc
1296 1018 1427 1059 esse
1441 1017 1634 1058 veram
1651 1000 1842 1069 ﬁdem,

194 1099 345 1152 hanc
368 1093 715 1152 catholicam
738 1097 795 1149 et
820 1094 1220 1165 apostolicam,
1251 1106 1355 1163 pro
1379 1106 1491 1161 qua
1511 1090 1705 1146 nullus
1747 1088 1849 1145 du-

198 1184 395 1240 bitare
409 1182 650 1238 deberet
669 1181 787 1254 pati
805 1182 1071 1251 adversa,
1090 1181 1262 1236 immo
1278 1194 1384 1236 nec
1398 1179 1578 1250 ipsam
1602 1182 1846 1234 mortem

195 1272 403 1329 subire
429 1290 443 1338 ;
467 1285 740 1328 asserens
764 1285 845 1339 se,
872 1270 1155 1326 sivellent
1172 1274 1228 1324 et
1245 1272 1597 1339 Oportunum
1615 1267 1843 1336 fuisset,

196 1362 256 1415 in
288 1366 411 1416 tam
429 1358 731 1416 tremanda
757 1360 919 1428 hora,
941 1374 1073 1415 cum
1098 1357 1168 1413 ad
1192 1358 1291 1417 Dei
1309 1356 1592 1427 judicium
1614 1356 1849 1411 festina-

195 1455 293 1505 ret
310 1449 529 1518 anima,
555 1454 888 1519 separatum
913 1461 1045 1503 esse
1062 1444 1217 1517 quod
1232 1445 1463 1501 dicebat
1480 1447 1846 1501 sacramento

198 1538 457 1607 ﬁrmare,
489 1538 547 1591 et
582 1550 687 1607 pro
720 1535 832 1591 fide
864 1534 1066 1591 eadem
1100 1535 1307 1604 milies,
1339 1534 1387 1589 si
1409 1535 1563 1588 Deus
1587 1532 1844 1601 juberet,

196 1626 354 1692 velle
375 1624 565 1682 occidi
591 1625 777 1690 (Mart.
804 1624 916 1694 28).
942 1625 1012 1679 Et
1034 1638 1163 1679 cum
1184 1622 1300 1693 jam
1327 1628 1488 1678 totus
1511 1620 1580 1677 ad
1601 1620 1691 1676 sui
1732 1620 1849 1676 dis-

1956 468 2156 525 osculo
2175 473 2400 535 sancto,
2428 484 2560 527 cum
2585 469 2833 527 vidisset
2860 470 3088 542 aliquos
3106 473 3383 532 nobilium
3410 483 3604 534 astan-

1958 560 2070 626 tes,
2104 557 2265 613 viros
2297 557 2611 627 religiosos
2641 564 2701 615 et
2736 560 2832 630 qui
2867 561 3043 618 Deum
3066 561 3253 633 pluris
3279 563 3602 623 habuerant

1959 659 2125 715 quam
2160 646 2439 715 seculum,
2476 646 2631 717 ipsos
2659 647 2835 704 etiam
2869 649 2940 704 ad
2964 663 3027 705 se
3055 651 3319 707 evocavit
3350 655 3406 706 et
3439 666 3608 710 oscu-

1959 731 2114 788 latus
2145 738 2255 790 est.
2294 733 2535 790 Stabant
2565 733 2582 788 i
2609 752 2619 789 l
2656 740 2879 806 partem
2911 739 3155 793 alteram
3186 742 3245 794 et
3276 740 3502 798 nobiles
3532 740 3610 797 fe-

1960 821 2146 892 minae,
2179 829 2238 878 et
2266 822 2408 894 ipsae
2441 838 2470 878 a
2506 824 2706 880 seculo
2734 840 3052 897 conversae,
3076 842 3246 883 soror
3269 828 3491 885 scilicet
3517 829 3610 886 Ri-

1955 912 2157 967 chardi
2182 912 2527 970 Albanensis
2548 914 2830 985 episcopi,
2857 918 2915 969 et
2935 914 3044 970 alia
3063 916 3307 986 quedam
3325 933 3436 975 non
3453 918 3611 989 igno-

1961 1001 2097 1056 bilis
2122 1001 2385 1070 familiae;
2415 1018 2559 1073 quas
2580 1017 2713 1059 cum
2738 1002 2810 1058 ad
2835 1017 2899 1059 se
2921 1004 3534 1079 similiterevoeasset,
3550 1013 3608 1064 et

1960 1090 2055 1161 pio
2079 1091 2265 1160 patris
2286 1091 2499 1148 all‘ectu
2524 1106 2624 1148 eas
2650 1091 2799 1147 ﬁlias
2819 1096 2875 1147 et
2901 1108 3136 1149 sorores
3158 1110 3296 1151 suas
3318 1102 3610 1166 protesta-

1959 1181 2054 1233 tus
2072 1178 2515 1249 fuisset,dicens
2532 1179 2988 1252 deberectipsas
3004 1182 3153 1252 patri
3182 1182 3443 1239 ultimum
3482 1186 3609 1242 vale

1956 1265 2176 1335 dicere,
2214 1282 2440 1323 manum
2484 1268 2569 1323 eis
2603 1269 2862 1338 porrexit
2898 1273 2962 1324 ut
3012 1285 3136 1325 eam
3179 1271 3607 1345 oscularentur,

1956 1356 2103 1410 hanc
2134 1355 2445 1425 designans
2480 1357 2734 1427 ipsarum
2763 1371 2896 1413 esse
2926 1356 3142 1414 debere
3171 1359 3242 1415 ad
3271 1374 3401 1416 cum
3424 1362 3611 1419 socia-

1956 1443 2066 1499 lem
2099 1444 2390 1515 unionem,
2425 1444 2579 1515 quod
2610 1460 2719 1501 non
2753 1445 2830 1501 sit
2864 1444 3086 1503 licitum
3120 1447 3395 1505 mulieres
3420 1465 3612 1508 sacer-

1957 1532 2194 1589 dotibus
2220 1533 2384 1602 jungi
2424 1534 2481 1588 in
2512 1534 2731 1604 osculo,
2767 1538 2826 1590 et
2857 1535 3103 1590 maxime
3132 1536 3438 1607 religiosas
3480 1540 3588 1596 rell

1959 1621 2159 1691 giosis.
2196 1622 2333 1678 Cum
2368 1622 2545 1692 igitur
2574 1628 2631 1678 et
2666 1622 2843 1694 ipsas,
2882 1624 3224 1682 ammonitas
3259 1632 3322 1682 ut
3350 1627 3441 1683 his
3483 1644 3613 1700 quae
3718 1688 3719 1691 η

195 1714 558 1771 solutionem
592 1711 910 1773 laboraret.
948 1712 1080 1767 inde
1115 1715 1305 1766 tamen
1340 1714 1500 1766 totus
1539 1710 1592 1766 ei
1634 1724 1844 1778 sermo,
1876 1743 1932 1804 B
1965 1710 2094 1766 aliis
2119 1711 2272 1766 dicta
2293 1716 2461 1767 erant
2483 1712 2873 1779 intenderent,
2901 1716 2958 1767 et
2982 1714 3202 1769 scirent
3224 1716 3424 1772 eadem
3456 1717 3613 1775 dicta

200 1808 395 1859 totum
428 1800 805 1866 desiderium,
840 1803 963 1856 tota
985 1800 1238 1869 affectio,
1268 1804 1332 1855 ut
1361 1799 1467 1855 hcc
1493 1798 1637 1853 ﬁdes
1659 1813 1686 1853 s
1724 1811 1849 1853 rva-

198 1896 390 1959 retur,
409 1889 532 1946 haec
548 1892 667 1944 tota
681 1887 923 1958 virtute,
938 1892 1063 1944 tota
1078 1888 1265 1943 anima
1281 1886 1718 1950 custodiretur;
1743 1899 1848 1941 nec

199 1979 418 2051 aliquis
447 1982 580 2035 ante
610 1992 741 2035 eum
768 1977 944 2047 venit,
972 1978 1068 2048 qui
1094 1992 1206 2034 non
1238 1977 1305 2033 ad
1332 1978 1439 2033 hoc
1461 1989 1851 2032 commonere-

199 2074 304 2125 tur
332 2086 344 2123 :
380 2067 584 2123 dicens
615 2067 846 2122 omnino
878 2066 1222 2137 dampnatos
1250 2080 1381 2122 esse
1412 2079 1657 2136 quorum
1690 2078 1853 2120 mens

201 2158 277 2213 ab
293 2157 402 2212 hac
424 2155 796 2212 observantia
824 2169 926 2226 per
948 2169 1011 2210 se
1036 2154 1497 2226 repelleretur,si
1522 2152 1853 2224 contigeret

196 2259 306 2302 eos
334 2245 550 2315 absque
575 2229 914 2315 poenitentia
940 2243 1196 2313 defungi,
1222 2247 1283 2299 ut
1307 2258 1416 2298 non
1443 2258 1546 2313 per
1573 2242 1854 2314 paeniten-

198 2334 345 2390 tiam
380 2333 593 2390 unitati
645 2333 912 2403 corporis
950 2331 1233 2389 accclesiaa
1282 2331 1846 2401 redintegrarentur,

202 2421 521 2491 Aliquibus
541 2436 681 2491 ergo
704 2420 911 2477 diebus
937 2419 1457 2489 intercedentibus,
1475 2422 1636 2489 quasi
1656 2433 1853 2489 presa-
1900 2484 1903 2493 ι

190 2526 313 2581 gus
329 2509 504 2566 vicini
520 2511 607 2566 sui
633 2509 935 2579 transitus,
964 2509 1176 2565 fratres
1204 2516 1264 2564 et
1288 2508 1441 2564 filios
1462 2522 1606 2578 quos
1622 2506 1852 2563 Christo

198 2596 1203 2670 adquisierat,antesevenirefecit,
1228 2601 1287 2652 et
1334 2595 1679 2652 ammirabili
1728 2595 1868 2652 vul-'

198 2690 300 2744 tus
315 2692 376 2742 et
389 2686 514 2742 oris
530 2686 719 2756 gratia
739 2686 812 2742 de
824 2684 1016 2742 salute
1033 2699 1137 2741 sua
1170 2699 1272 2741 eos
1303 2682 1847 2753 commonefaciens,

197 2780 261 2831 et
282 2776 342 2831 in
362 2774 604 2831 Domino
628 2789 869 2845 sperare
891 2786 1248 2843 ammonens,
1272 2773 1666 2829 confitebatur
1698 2771 1853 2843 quod

204 2878 321 2920 non
352 2865 498 2920 bene
527 2878 631 2920 eos
662 2862 901 2933 rexerit,
936 2877 1049 2918 non
1082 2862 1161 2917 ita
1193 2865 1436 2933 paterno
1468 2875 1607 2931 erga
1633 2876 1737 2918 eos
1777 2861 1857 2917 af-

204 2954 366 3009 fectu
385 2951 605 3022 egisset
628 2957 691 3008 ut
711 2951 1003 3021 debuerit,
1031 2950 1162 3021 quia
1186 2950 1355 3007 homo
1372 2953 1551 3019 esset,
1573 2950 1670 3021 qui
1696 2956 1857 3007 num-

206 3056 383 3114 quam
416 3041 473 3096 in
502 3041 708 3097 eodem
745 3045 905 3096 statu
939 3044 1236 3112 permanet
1268 3039 1390 3109 (fol.
1422 3042 1567 3111 146).
1608 3041 1678 3095 Et
1724 3054 1852 3096 cum

205 3102 314 3187 eos
339 3130 488 3186 satis
505 3133 750 3201 paterne
774 3129 1193 3185 ammonuisset
1214 3132 1273 3186 ut
1297 3129 1353 3183 in
1378 3128 1489 3184 fide
1512 3132 1674 3184 recta
1707 3127 1855 3183 firmi
1888 3102 1936 3166 Ο

208 3219 623 3291 persisterent,
656 3218 811 3274 sicut
839 3232 970 3274 eum
1002 3218 1270 3273 viderent
1298 3219 1642 3273 constanter
1672 3222 1728 3273 et
1764 3217 1858 3272 fir-

201 3309 380 3364 miter
402 3307 776 3379 perdurasse,
801 3310 859 3362 et
883 3321 1084 3363 omnes
1100 3308 1363 3362 astantes
1378 3320 1449 3361 ne
1463 3305 1857 3362 ﬂerentmanu

198 3402 262 3453 et
275 3410 418 3452 voce
432 3409 542 3467 qua
564 3399 793 3468 poterat
809 3400 1217 3466 compesceret
1234 3396 1402 3465 :Ego,
1421 3394 1522 3463 ait,
1543 3395 1651 3465 qui
1661 3394 1858 3466 patris

196 3486 330 3543 eice
339 3485 399 3541 et
408 3484 632 3557 oficio,
653 3484 789 3541 licet
798 3483 1392 3554 immeritusfungor,
1398 3484 1637 3554 primus
1648 3497 1749 3540 eos
1765 3482 1860 3542 ab.

197 3576 432 3634 soleam
442 3575 918 3632 auctoritateDei
932 3574 992 3631 et
1025 3575 1369 3631 sanctorum
1390 3573 1447 3629 et
1473 3572 1666 3644 oﬂcii
1703 3573 1860 3631 milii

191 3665 520 3733 commissi,
545 3662 709 3720 etoos
726 3662 991 3733 posthac
995 3662 1250 3733 patrem,
1278 3661 1676 3719 karissimum
1698 3663 1862 3718 sicut

181 3753 322 3827 ﬁlii
333 3753 745 3810 amantissimi
757 3752 814 3808 et
828 3750 1379 3808 desiderantissimi
1393 3769 1419 3822 ,ο
1433 3750 1494 3805 et
1505 3750 1597 3807 sic
1614 3764 1858 3822 separa-

196 3841 401 3900 bimur
419 3854 678 3912 corpore,
694 3854 811 3897 non
822 3841 1022 3897 autem
1043 3840 1198 3910 ,ςρὶγὶ
1206 3839 1363 3895 tuati
1382 3838 1711 3911 afectione.
1751 3840 1856 3897 Vos

185 3931 825 4005 premittetispat/rem
857 3931 914 3987 et
925 3931 1053 4002 ipso
1067 3929 1289 4002 afectu
1320 3929 1619 3985 deducetis
1639 3930 1721 3985 ad
1743 3931 1857 3986 Do-

200 4020 471 4091 minum;
483 4033 588 4092 ego
617 4020 674 4077 si
689 4020 848 4077 Deus
866 4018 1345 4076 misericordiam
1362 4018 1579 4074 anima
1612 4017 1855 4090 meafe-

204 4108 377 4175 serit,
393 4108 555 4179 guod
564 4106 735 4165 credo
755 4108 1078 4179 eteapeeto,
1112 4106 1355 4175 adiutor
1368 4106 1428 4163 et
1452 4106 1856 4164 corroboratar

201 4210 300 4253 era
318 4195 476 4267 ﬁdei
491 4196 704 4254 vestra
727 4195 996 4253 omnibus
1019 4193 1241 4265 diebus,
1292 4195 1351 4251 et
1382 4196 1502 4251 mei
1539 4207 1857 4252 memorum

200 4297 430 4342 memor
441 4283 1195 4357 ereperauzeiliumgratiee
1206 4283 1458 4339 Dei.Hec
1486 4283 1707 4354 dicens,
1737 4288 1857 4340 sto-

206 4372 325 4431 lam
355 4372 470 4430 sibi
501 4374 638 4430 fecit
666 4373 881 4443 afferri,
913 4379 973 4428 et
1003 4386 1134 4429 cum
1162 4385 1288 4428 eam
1319 4371 1472 4428 collo
1505 4371 1630 4442 ejus
1677 4372 1855 4444 impo-

1964 1813 2094 1856 esse
2125 1804 2186 1855 et
2216 1799 2347 1871 sibi,
2384 1815 2414 1854 a
2449 1816 2508 1856 se
2541 1799 2817 1856 dimissas
2872 1802 3077 1871 gratim
3102 1802 3199 1858 Dei
3232 1804 3611 1878 assignasset,

1964 1902 2181 1960 corpus
2208 1888 2557 1945 dominicum
2588 1889 2860 1961 sumpsit,
2890 1893 2945 1945 et
2982 1895 3142 1947 totus
3176 1890 3247 1947 ad
3278 1894 3452 1949 Deum
3480 1910 3617 1951 con-

1962 1991 2185 2048 versus,
2219 1992 2283 2033 se
2309 1983 2369 2033 et
2400 1992 2602 2033 omnes
2634 1977 2835 2049 pietati
2882 1977 3008 2047 ejus
3054 1981 3369 2052 commisit,
3416 1982 3618 2055 praeci-

1962 2066 2130 2137 piens
2159 2067 2429 2122 omnibus
2463 2072 2524 2122 ut
2558 2081 2726 2137 quem
2761 2067 3084 2124 nominaret
3110 2070 3337 2127 donnus
3360 2072 3613 2143 Godezo,

1963 2155 2058 2226 qui
2092 2155 2203 2211 sibi
2232 2155 2569 2225 assistebat,
2592 2156 2682 2210 vir
2701 2156 2905 2226 utique
2936 2157 3069 2212 boni
3092 2158 3410 2215 testimonii
3448 2163 3506 2217 et
3530 2175 3618 2218 re-

1963 2241 2187 2313 ligiosae
2216 2244 2704 2313 conversationis,
2742 2244 2929 2315 ipsum
2962 2245 3070 2301 sibi
3106 2245 3231 2317 ipso
3256 2247 3348 2303 die
3370 2249 3619 2305 tumula-

1964 2332 2140 2388 tionis
2171 2346 2294 2388 sum
2328 2347 2429 2403 per
2458 2332 2851 2388 obedientiam
2883 2348 3283 2390 successorem
3307 2337 3612 2409 eligerent,

1961 2424 2021 2475 et
2050 2420 2131 2474 illi
2164 2420 2500 2484 obedirent;
2534 2424 2591 2476 et
2624 2420 2672 2475 si
2710 2419 2859 2476 alter
2888 2420 2989 2477 illo
3012 2421 3281 2493 neglecto
3302 2429 3362 2480 et
3382 2424 3617 2496 repulso

1962 2508 2302 2579 eligeretur,
2336 2506 2496 2564 nullo
2529 2509 2698 2565 modo
2729 2510 2780 2565 ei
2812 2510 3140 2567 obedirent.
3183 2512 3422 2569 Dicebat
3463 2515 3616 2571 enim

1963 2597 2118 2657 nolle
2152 2601 2235 2666 ut,
2261 2596 2414 2667 quod
2446 2597 2568 2668 ipse
2601 2597 3011 2669 aedificaverat,
3057 2599 3207 2657 alius
3259 2600 3612 2660 destrueret.

1965 2684 2065 2741 Cui
2081 2689 2375 2756 praecepto
2389 2701 2518 2741 cum
2533 2700 2733 2742 omnes
2746 2700 2808 2741 se
2823 2700 3171 2743 assensuros
3188 2689 3614 2764 promisissent,

1965 2787 2163 2830 omnes
2195 2788 2363 2829 manu
2394 2777 2668 2845 protensa
2702 2774 3020 2846 benedixit,
3053 2779 3111 2831 et
3142 2775 3360 2833 clausis
3407 2777 3616 2850 oculis,

1965 2862 2332 2933 praeparabat
2367 2877 2429 2918 se
2461 2862 2532 2918 ad
2564 2862 2762 2919 horam
2791 2863 3016 2919 Domini
3047 2865 3336 2922 venientis
3378 2871 3439 2923 ut
3490 2882 3622 2940 ape-

1966 2950 2105 3006 ritet
2136 2949 2212 3019 ei,
2245 2950 2574 3007 intraturus
2602 2965 2732 3007 cum
2765 2964 2834 3006 eo
2863 2956 2923 3006 et
2954 2966 3059 3022 per
3096 2966 3226 3009 eum
3266 2953 3338 3010 ad
3385 2955 3620 3027 nuptias

1968 3038 2118 3108 agni.
2156 3039 2521 3108 Legebantur
2566 3044 2700 3096 ante
2728 3054 2857 3096 eum
2889 3040 3194 3111 passiones
3224 3043 3524 3101 dominicae
3550 3046 3622 3101 ab

1967 3141 2036 3183 eo
2066 3141 2235 3197 quem
2269 3128 2475 3198 voluit,
2510 3132 2567 3183 et
2592 3129 2684 3185 cui
2718 3129 2996 3200 praecepit
3033 3130 3198 3202 (2‘20),
3240 3139 3451 3188 etcum
3476 3132 3624 3189 reci-

1969 3218 2095 3271 tare
2127 3215 2314 3272 lector
2347 3231 2480 3286 quaa
2511 3220 2570 3272 et
2602 3222 2816 3288 quanta
2847 3218 3110 3275 fecerunt
3142 3219 3215 3291 ei,
3252 3224 3413 3277 totus
3456 3221 3513 3277 in
3560 3237 3621 3279 se

1970 3305 2274 3376 fremebat,
2311 3307 2456 3362 adeo
2487 3310 2547 3362 ut
2580 3308 2789 3363 crebro
2822 3307 3129 3365 audiretur
3151 3324 3263 3366 vox
3319 3310 3570 3367 dicentis
3607 3331 3617 3369 :

1967 3394 2223 3452 Inimici
2253 3396 2367 3452 Dei
2393 3408 2585 3467 quare
2612 3397 2721 3454 hoc
2723 3397 3041 3469 fecerunt?
3066 3399 3201 3456 Non
3229 3400 3629 3471 agnoscebant

1966 3484 2158 3540 Deum
2183 3497 2325 3541 cera
2354 3483 2660 3556 dicentem,
2694 3484 2855 3542 mira
2868 3487 3239 3558 facientem?
3259 3487 3374 3546 Ali!
3413 3490 3625 3560 quales

1956 3586 2149 3644 penus
2176 3573 2344 3629 modo
2375 3573 2579 3631 luunt!
2611 3575 2780 3630 Venit
2810 3589 2950 3644 ergo
2984 3576 3126 3632 hora
3169 3591 3338 3647 quam
3393 3593 3624 3651 semper

1967 3662 2293 3731 optaverat,
2315 3664 2374 3715 et
2397 3675 2527 3716 cum
2553 3658 2852 3732 paululum
2872 3660 3150 3733 siluisset,
3177 3663 3363 3720 oculis
3405 3665 3623 3722 clausis

1966 3746 2147 3804 veluti
2171 3748 2463 3804 dormiens
2482 3748 2751 3820 spiritum
2772 3750 3006 3806 efﬂavit.
3035 3752 3257 3824 Corpus
3288 3752 3411 3823 ejus
3438 3753 3623 3811 lotum

1966 3842 2023 3891 et
2049 3842 2313 3893 curatum
2342 3838 2434 3909 pia
2457 3837 2707 3894 filiorum
2733 3838 3058 3909 diligentia.
3084 3841 3345 3898 vestibus
3375 3843 3623 3901 sacratis

1965 3940 2038 3981 ex
2071 3940 2229 3981 more
2260 3926 2525 3983 indutum
2559 3931 2671 3998 est,
2706 3931 2764 3982 et
2798 3930 2931 3984 ante
2953 3928 3140 3984 altare
3164 3930 3350 3986 sancti
3385 3929 3622 3988 Firmini

1966 4013 2077 4085 piis
2106 4029 2338 4071 suorum
2362 4016 2620 4072 humeris
2644 4016 2900 4071 delatum
2926 4020 3039 4086 est,
3067 4021 3124 4071 et
3149 4020 3413 4076 excubiis
3464 4021 3625 4079 debi-

1963 4102 2061 4173 tis,
2080 4117 2226 4173 quas
2241 4102 2555 4159 dictavitet
2573 4104 2765 4174 potuit
2789 4118 2950 4159 amor
2974 4104 3245 4177 filiorum,
3276 4107 3621 4166 honoratum

1965 4197 2057 4247 est
2092 4192 2277 4263 (Mart.
2313 4194 2424 4263 29).
2450 4192 2508 4247 In
2533 4191 2848 4248 crastinum
2884 4192 3060 4249 missa
3090 4208 3221 4249 cum
3255 4195 3428 4251 nimio
3460 4196 3623 4256 luctu

1966 4285 2024 4337 et
2054 4278 2281 4337 ululatu
2315 4280 2571 4336 omnium
2603 4278 2925 4351 celebrata,
2959 4282 3030 4338 ad
3061 4284 3479 4342 monasterium
3513 4286 3625 4344 iter

1967 4368 2203 4440 aggredi
2239 4372 2626 4439 maturarunt,
2659 4383 2773 4440 quo
2823 4383 2888 4426 se
2935 4369 3171 4442 sepeliri
3223 4374 3624 4448 mandaverat,

204 4461 760 4533 suissent,jacentis
780 4466 944 4518 tanta
966 4461 1155 4534 gratia
1178 4466 1238 4517 et
1260 4460 1471 4518 decore
1494 4460 1855 4533 resplenduit
1885 4459 1938 4520 D
1971 4459 2103 4531 quia
2138 4458 2289 4514 inter
2322 4457 2473 4515 ﬁlios
2501 4458 2559 4513 in
2588 4457 2788 4514 humili
2821 4458 2972 4532 loco,
3007 4460 3161 4518 sicut
3180 4465 3238 4518 et
3265 4464 3543 4537 przecepit
3567 4470 3630 4522 et

210 4551 390 4609 facies
414 4551 559 4622 ejus,
585 4556 642 4608 et
666 4552 746 4608 ita
761 4551 1161 4623 aptabaturei,
1181 4555 1458 4607 utomnes
1482 4551 1852 4621 mirarentur,

208 4646 265 4698 et
298 4654 454 4697 nunc
477 4654 662 4712 usque
683 4644 1090 4713 protestentur
1113 4638 1268 4711 quod
1292 4654 1601 4709 numquam
1625 4640 1705 4695 ita
1729 4640 1782 4694 ei
1801 4641 1859 4695 in

207 4732 337 4786 tota
366 4729 487 4787 vita
520 4742 627 4786 sua
656 4728 941 4786 habitudo
981 4728 1314 4786 vestimenti
1364 4727 1521 4785 illius
1567 4729 1624 4783 in
1669 4728 1858 4797 gratia

209 4822 485 4890 coaptata
519 4819 600 4874 sit
628 4819 782 4876 sicut
811 4822 971 4889 tunc,
996 4832 1127 4875 cum
1150 4816 1419 4874 omnibus
1441 4816 1651 4873 diebus
1672 4830 1859 4888 usque

211 4907 285 4965 ad
317 4906 376 4964 id
412 4911 645 4978 tempus
676 4913 735 4963 et
767 4908 968 4963 horam
997 4907 1094 4963 vix
1118 4906 1350 4963 inventa
1374 4905 1452 4962 sit
1485 4920 1727 4977 persona
1758 4905 1861 4963 ali-

213 4997 455 5069 qua,cui
470 4998 558 5054 sic
572 4998 912 5054 conveniret
930 5002 1172 5054 ornatus
1185 5001 1245 5052 et
1259 4996 1549 5067 appositio
1564 5011 1859 5054 sacrarum

214 5084 651 5161 vestium,sicut
669 5086 744 5155 ei,
772 5086 825 5141 in
849 5086 1060 5156 gratia,
1091 5085 1147 5140 in
1171 5085 1500 5156 honestate,
1526 5084 1581 5141 in
1605 5085 1862 5156 proceri-

212 5178 343 5230 tate
365 5173 423 5230 in
446 5172 669 5246 vultus,
690 5177 749 5231 et
772 5173 1292 5247 pronunciationis,
1314 5178 1371 5230 et
1396 5173 1752 5230 habitudinis
1783 5174 1865 5229 di-

211 5262 465 5334 gnitate.
498 5264 818 5322 Prostratis
839 5278 981 5335 ergo
1003 5263 1290 5335 omnibus,
1312 5260 1563 5320 absolvit
1594 5268 1861 5335 cunctos,

1968 4547 2173 4617 voluit,
2206 4547 2483 4604 tumulari
2516 4546 2902 4620 disposuerat.
2928 4547 3060 4606 Ideo
3083 4556 3277 4608 autem
3311 4554 3511 4623 egredi
3536 4569 3629 4611 ac-

1968 4635 2288 4695 celeratum
2307 4640 2420 4707 est,
2440 4636 2955 4695 nevenienteduce
2969 4638 3062 4696 vel
3093 4639 3304 4696 comite
3336 4642 3629 4699 ceterisve

1971 4726 2175 4797 patriae
2208 4725 2579 4797 primoribus,
2614 4740 2645 4781 a
2677 4726 2893 4797 quibus
2926 4727 3101 4784 nimio
3143 4727 3500 4799 diligebatur
3550 4732 3633 4789 af.

1971 4813 2147 4883 fectu,
2179 4829 2395 4886 corpus
2423 4814 2549 4885 ejus
2574 4815 2951 4886 retineretur,
2985 4821 3042 4872 et
3078 4816 3150 4871 ad
3211 4818 3628 4876 monasterium

1973 4904 2215 4976 perferri
2250 4910 2585 4970 vetaretur;
2613 4903 2766 4975 quod
2790 4910 2849 4960 et
2870 4904 3238 4975 contigisset,
3266 4906 3375 4961 nisi
3408 4908 3480 4963 ab
3515 4908 3626 4965 his,

1973 5008 2217 5064 quorum
2238 4992 2421 5049 studii
2436 4993 2488 5049 id
2502 4999 2628 5049 erat
2647 4992 3189 5065 prospicerc,antici
3197 4998 3395 5065 patum
3442 5003 3629 5087 esset,

1974 5088 2038 5141 ut
2069 5098 2099 5139 a
2128 5080 2266 5138 villa
2296 5082 2512 5140 elatum
2539 5082 2655 5151 jam
2689 5088 2913 5154 partem
2945 5081 3052 5138 viae
3098 5084 3447 5157 peregisset,
3499 5080 3632 5157 quaé

1977 5172 2140 5231 ducit
2171 5170 2273 5227 illo
2308 5185 2421 5243 quo
2448 5176 2574 5228 erat
2611 5170 2981 5227 tendendum.
3020 5170 3379 5230 Occurrebat
3400 5168 3631 5247 corpori

1978 5258 2305 5319 honorifico
2337 5261 2511 5317 turba
2546 5260 2744 5335 p0puli
2774 5258 2992 5318 diversi
3021 5274 3198 5319 sexus
3225 5267 3288 5321 et
3333 5262 3545 5336 aetatis,
3575 5266 3635 5322 et

1608 5360 1846 5419 VARLE
1885 5356 2287 5419 LECTIONES.

1818 5503 2040 5561 ΝΟΤΑΞ.

286 5432 360 5468 ⁸³⁸
388 5434 459 5490 ﬂ
490 5431 661 5493 linea
685 5447 888 5495 erasa.

295 5573 976 5707 (ﬂog’Scriptor'borum
1010 5576 1186 5636 fuisse
1216 5573 1468 5633 videtur.

482 5664 693 5707 amen.
726 5645 949 5707 CLIV.

482 5645 693 5710 unde.
726 5645 949 5714 CLIV.

3244 5647 3382 5711 '13
