3964 6044
373 166 488 227 3ξῶ

1332 146 1693 231 nodosis
1738 166 2091 229 ABBATIS
2133 166 2817 235 FLAV'INIACENSIS

3662 170 3783 235 3913

369 306 720 375 ubicumque
744 316 848 375 per
872 301 1039 359 villas
1073 303 1373 373 intrasset,
1412 304 1570 385 signa
1607 288 2012 374 pulsabantur,
2047 306 2101 364 Α
2133 318 2269 359 sens
2313 320 2441 361 cum
2495 306 2793 376 fratribus,
2841 308 3221 379 quoadusque
3272 306 3401 362 navi
3448 307 3779 378 impositum

368 395 619 469 populus
651 410 680 451 a
707 394 850 451 vicis
874 398 933 449 et
957 392 1111 463 agris
1134 393 1491 449 conveniens
1515 391 1815 447 venientes
1844 405 2019 462 cppe-

369 487 632 545 riebatur
663 500 792 542 cum
823 482 1116 551 crucibus,
1152 481 1454 537 thuribulo
1501 484 1557 537 et
1610 479 2014 536 luminaribus.

374 575 519 631 lllud
557 578 747 629 autem
798 560 1143 639 mirabilius,
1197 569 1349 639 quod
1398 585 1526 626 cum
1573 585 1601 623 a
1655 568 1822 636 longe
1871 566 2022 623 vide-

375 670 505 721 rent
537 663 839 719 venientes
874 661 1092 717 funeris
1122 661 1566 729 obsequutores,
1610 657 1685 712 hii
1724 655 1819 727 qui
1850 660 2020 711 erant

371 755 426 809 in
461 753 617 824 agris
644 751 735 807 vel
770 751 824 805 in
858 749 1088 821 pascuis
1118 762 1420 817 equorum,
1450 745 1655 801 rustici
1701 746 1881 800 boves
1932 758 2019 798 re-

370 842 732 913 linquebant,
768 838 997 908 equites
1047 851 1231 906 equos
1277 833 1792 901 ascendebant,-et
1846 834 2018 887 funus

372 931 579 1002 injussi
632 927 1156 1000 prosequebantur,
1210 929 1269 979 ct
1327 939 1397 979 ne
1453 922 1659 977 saltem
1716 920 1876 977 oneri
1939 920 2017 974 vi-

373 1022 652 1077 derentur
683 1031 815 1072 esse
848 1014 1057 1083 bajulis
1088 1013 1485 1084 exequiarum,
1522 1026 1649 1082 quae
1682 1008 2014 1065 necessaria

369 1114 534 1165 erant
568 1106 676 1177 ipsi
709 1105 819 1161 sibi
846 1104 1274 1175 praeparabant,
1303 1107 1511 1157 etcum
1537 1101 1635 1155 olli.
1657 1104 1868 1167 rretur,
1906 1111 2015 1152 non

369 1195 754 1266 accipiebant.
822 1195 958 1248 Cum
1018 1190 1120 1247 tali
1184 1190 1363 1259 igitur
1428 1187 1726 1258 triumpho
1791 1184 2015 1241 Tullum

368 1287 677 1353 venerunt,
727 1282 885 1337 etab
934 1281 1212 1351 episcopo
1261 1283 1318 1333 et
1366 1279 1577 1332 abbate
1626 1276 1819 1331 Sancti
1873 1277 2019 1329 Illan-

367 1374 516 1432 sueti
548 1376 749 1443 parata
774 1368 1179 1440 sollempniter
1204 1366 1603 1438 proeessione,
1631 1368 1754 1419 tota
1779 1378 2021 1431 congre-

366 1466 603 1534 gatione
634 1460 784 1518 albis
814 1458 1039 1526 induta,
1070 1456 1366 1524 crucibus,
1402 1454 1633 1509 vexillis
1682 1458 1739 1507 et
1788 1451 2018 1506 diverso

367 1552 570 1621 gloriae
603 1552 888 1620 apparatu
920 1545 1114 1613 elatis,
1167 1559 1383 1614 corpus
1416 1547 1679 1598 sanctum
1704 1540 2014 1611 excipitur,

376 1647 509 1696 ante
539 1638 723 1693 altare
747 1634 1078 1706 deponitur,
1106 1637 1163 1687 et
1189 1631 1453 1702 exequiis
1494 1629 1892 1700 soli-mpnlbus
1923 1628 2019 1681 ho-

370 1734 631 1786 noratur.
668 1728 869 1794 Itaque
921 1722 995 1778 ibi
1052 1724 1455 1793 pernoctatmu
1506 1724 1612 1775 est.
1670 1720 1855 1788 (Mart.
1903 1716 2015 1785 30.)

368 1816 474 1873 Ubi
505 1814 717 1884 illuxit,
753 1812 822 1868 ad
858 1811 1093 1865 missam
1126 1809 1331 1865 devota
1374 1810 1615 1863 fratrum
1666 1806 1882 1861 caritas
1929 1819 2018 1858 ac-

370 1905 648 1975 cingitur,
681 1907 737 1957 et
771 1898 1222 1956 occurrentibus
1254 1896 1524 1952 certatim
1563 1894 1850 1962 fidelibus,
1882 1907 2014 1948 eum

372 2008 593 2051 summa
628 1989 939 2046 devotione
969 1988 1024 2041 in
1078 1986 1248 2042 laude
1300 1985 1400 2039 Dei
1448 1990 1504 2039 ct
1560 1982 1814 2039 fidelium
1858 1980 2019 2037 obla-

369 2084 528 2138 tione
562 2079 1021 2152 pereelebratur.
1056 2075 1451 2145 Expectabant
1486 2072 1749 2127 ecclesiae
1784 2070 2017 2140 majoris

371 2170 556 2228 sancti
591 2165 865 2238 Stephani
897 2163 1161 2221 canonici
1187 2163 1401 2218 deferri
1429 2160 1538 2215 sibi
1563 2161 1788 2230 glebam
1813 2174 2020 2230 corpo-

372 2262 473 2329 ris,
512 2262 575 2315 ut
603 2262 661 2313 et
694 2258 766 2312 ab
798 2254 942 2326 ipsis
973 2251 1238 2321 exequiis
1269 2250 1485 2306 debitis
1518 2250 1926 2317 bonoraretur,
1959 2252 2015 2302 et

370 2363 475 2419 per
506 2343 856 2402 monasteria
887 2340 1146 2398 civitatis
1176 2339 1621 2409 deportaretur;
1656 2337 1757 2392 sed
1793 2337 1863 2391 ab
1909 2336 2016 2405 his,

371 2449 617 2508 quorum
646 2436 770 2489 erat
802 2432 912 2485 iter
961 2429 1314 2495 accelerare,
1366 2425 1707 2497 permissum
1752 2439 1861 2480 non
1909 2430 2018 2493 est,

370 2524 525 2596 quod
559 2522 705 2577 satis
736 2533 873 2588 egre
892 2518 963 2573 ab
987 2517 1262 2587 episcopo
1283 2518 1339 2571 et
1363 2514 1661 2570 canonicis
1695 2518 2017 2584 acceptum.

370 2612 491 2682 (fol.
530 2610 679 2679 147.)
714 2609 788 2663 Ea
842 2606 934 2661 die
986 2604 1155 2673 longo
1206 2603 1408 2658 ordine
1461 2602 1913 2673 praecedentium
1964 2605 2023 2655 et

273 2727 285 2741 ε
374 2696 877 2767 subsequentium,
913 2695 1149 2748 ventum
1177 2697 1270 2747 est
1299 2691 1368 2748 ad
1398 2694 1809 2745 monasterium
1836 2694 2024 2754 sancti

371 2784 667 2843 Michaelis
714 2783 862 2851 ('22!)
914 2794 1091 2851 super
1141 2780 1351 2834 Mosam
1405 2778 1637 2833 fluvium
1692 2778 1887 2847 situm,
1942 2776 2022 2831 uti

369 2880 511 2931 tunc
527 2878 583 2929 et
608 2886 760 2928 nunc
782 2869 1060 2941 praesidet
1084 2868 1230 2923 abba
1245 2867 1318 2921 tis
1331 2866 1519 2921 ofﬁcio
1534 2866 1778 2921 domnus
1793 2865 1855 2919 Ο.
1875 2866 2023 2935 (2°22)

371 2966 537 3021 bonze
564 2958 959 3032 simplicitatis
990 2956 1098 3027 vir,
1126 2955 1473 3012 innocenti:e
1503 2958 1561 3009 ct
1586 2954 1889 3023 religionis
1932 2953 2025 3025 do_

366 3052 667 3115 micilium,
704 3051 774 3106 de
794 3048 996 3104 eodem
1020 3045 1284 3109 ceuobio,
1315 3044 1409 3101 ubi
1434 3044 1522 3099 vir
1546 3043 1642 3098 Dei
1667 3044 1736 3099 de
1762 3058 1874 3112 quo
1906 3042 2026 3111 agi-

368 3148 462 3199 tur
494 3138 891 3197 monachicum
923 3150 1113 3191 scema
1148 3136 1520 3204 sus-ceperat,
1547 3135 1751 3202 raptus
1775 3131 1846 3186 ad
1874 3132 2027 3201 regi-

367 3244 496 3286 men
525 3228 874 3284 animarum!
906 3225 1008 3289 Qui
1033 3223 1207 3279 etiam
1236 3227 1394 3277 tanta
1421 3236 1481 3275 se
1502 3221 1749 3276 invicem
1778 3220 2026 3276 caritate

368 3318 719 3385 dilexerant,
754 3319 838 3381 ut,
876 3312 1238 3380 intelligeres
1262 3310 1547 3381 quandam
1574 3310 1626 3363 in
1649 3310 1735 3364 eis
1756 3309 2028 3365 caritatis

368 3412 428 3463 et
462 3402 870 3461 benivolentiw
903 3400 1362 3456 communionem
1397 3404 1456 3453 et
1487 3398 1736 3454 similem
1768 3398 2027 3454 innocin-

366 3495 465 3549 tize
498 3501 554 3548 et
586 3489 887 3559 religionis
914 3486 1308 3556 concordiam,
1347 3486 1497 3541 unde
1516 3492 1575 3541 et
1600 3485 1713 3541 iste
1741 3485 1901 3541 illum
1932 3501 2027 3557 pa-

366 3581 442 3637 tri
469 3580 667 3637 debito
693 3578 1082 3635 reverebatur
1105 3575 1346 3643 honore,
1373 3578 1433 3629 et
1458 3574 1633 3630 istum
1663 3574 1758 3629 ille
1781 3574 2024 3644 quadam

365 3670 683 3726 tenerrima
698 3672 757 3722 et
776 3662 1284 3736 inreprehensibili
1320 3662 1582 3734 amplexa
1594 3663 1765 3719 batur
1799 3662 2029 3719 filiatiO'

370 3773 459 3827 ne,
488 3759 691 3827 utpote
712 3754 807 3824 qui
839 3756 1003 3809 bonae
1026 3752 1182 3820 vitae,
1214 3753 1378 3807 bona:
1397 3752 1579 3815 fama),
1600 3752 1764 3806 bonae
1788 3766 2025 3807 conver-

369 3859 430 3899 sa
444 3843 617 3900 tionis
629 3846 795 3897 erant
811 3845 867 3896 et
881 3839 1106 3909 gratiae.
1130 3838 1231 3894 llic
1247 3844 1307 3894 ut
1325 3839 1549 3894 audivit
1566 3838 1749 3909 patris
1763 3838 2021 3895 defuncti

369 3932 574 3987 adesse
605 3928 1039 4001 corpusculum,
1076 3927 1242 3997 quasi
1283 3927 1378 3997 qui
1429 3932 1814 3997 suscepturus
1861 3932 2020 3984 esset

370 4019 801 4092 preciosissima
839 4018 1078 4089 pignora
1109 4019 1465 4085 sanctorum,
1498 4016 1581 4071 sic
1607 4015 1861 4071 instituit
1896 4031 2022 4083 pro-

367 4108 650 4165 cessionis
673 4107 921 4163 ofﬁcium
946 4105 1239 4173 crucibus,
1260 4104 1507 4173 vexillis,
1533 4104 2016 4169 timiamatberiis,

364 4196 736 4254 ceroferariis
760 4200 814 4251 et
834 4196 987 4251 omni
1004 4194 1205 4264 gloriae
1232 4199 1535 4265 apparatu,
1554 4199 1610 4248 ct
1632 4192 1713 4249 sic
1728 4192 2020 4249 decoratis

364 4288 634 4343 omnibus
657 4284 866 4340 sericis
889 4298 1144 4353 auroque
1171 4283 1349 4337 textis
1373 4282 1639 4338 vestibus
1660 4282 1867 4337 obvius
1893 4297 2023 4353 pro-

2056 3005 2105 3068 C

2131 396 2395 464 aspectui
2422 396 2529 451 sub
2554 396 2890 465 duceretur,
2918 396 3118 465 dirigit
3142 398 3480 465 Virduuum,
3516 396 3788 461 omnibus

2134 483 2278 536 trito
2311 484 2457 538 calle
2488 484 2913 553 gradientibus,
2949 489 3007 539 et
3029 484 3360 556 psalmodiie
3384 485 3631 541 cilicium
3668 500 3782 541 non

2133 571 2563 629 deserentibus.
2588 574 2832 627 Ventum
2860 578 2950 628 est
2974 573 3150 642 igitur
3172 574 3240 628 ad
3262 572 3548 644 quandam
3586 573 3783 629 villam

2134 660 2431 716 Giniscort
2463 662 2692 717 nomine
2729 663 3086 733 populosam,
3138 677 3310 732 supra
3362 663 3665 733 przefatum
3703 662 3787 717 al-

2130 763 2295 803 veum
2323 750 2514 819 sitam,
2540 750 2735 806 tribus
2762 750 2947 819 leugis
2967 752 3038 806 ab
3063 752 3204 806 urbe
3228 751 3397 819 longe
3424 751 3691 821 positam,
3722 758 3783 807 et

2130 836 2245 891 illis
2276 839 2715 894 remorantibus
2739 839 3157 908 sliquaululum
3181 839 3275 908 qui
3301 840 3688 909 persinuosos
3723 846 3784 897 et

2129 927 2379 981 reflexos
2402 926 2655 982 fluminis
2678 929 2976 983 anfractus
3000 943 3214 999 corpus
3232 928 3621 1000 deducebant,
3653 945 3784 986 cum

2128 1013 2210 1070 illi
2238 1014 2351 1083 jam
2387 1015 2682 1071 venissent
2709 1017 2806 1085 qui
2832 1018 3110 1085 exequias
3141 1018 3526 1086 deducebant,
3553 1022 3613 1072 et
3643 1004 3788 1075 remi

2125 1107 2334 1171 gantcs
2348 1108 2754 1174 expectarent,
2776 1105 2961 1159 vellen
2974 1109 2993 1159 t
3006 1105 3176 1161 etiam
3192 1110 3242 1160 et
3264 1110 3662 1162 ammonercut
3676 1108 3790 1163 cle.

2130 1192 2285 1247 ricos
2318 1191 2490 1261 villae,
2531 1193 2703 1247 trium
2739 1192 2967 1248 scilicet
3001 1193 3421 1261 :eeclesiarum,
3455 1200 3519 1251 ut
3553 1195 3789 1267 corpori

2129 1280 2355 1335 obviam
2385 1291 2593 1336 euntes
2619 1281 3053 1352 funebriajusta
3081 1282 3502 1353 persolverent,
3534 1283 3792 1340 sicutiet

2130 1368 2224 1423 alii
2249 1369 2505 1423 fecerant
2527 1368 2700 1424 etiam
2723 1384 2833 1425 non
2859 1370 3157 1425 ammoniti
3188 1390 3198 1424 :
3232 1371 3480 1440 maligna
3521 1373 3789 1442 quaedam

2128 1461 2184 1510 et
2216 1456 2448 1526 indigna
2478 1456 2805 1513 obicientes
2848 1458 3203 1527 sacerdotes,
3253 1474 3562 1529 numquam
3614 1460 3684 1515 ad
3730 1459 3787 1515 id

2129 1546 2255 1612 cogi
2285 1550 2621 1616 potuerunt,
2652 1547 3154 1615 utconsuctojure
3176 1548 3557 1604 humanitatis
3572 1549 3791 1604 oratio-

2050 1661 2100 1719 Β
2133 1650 2257 1689 nem
2279 1633 2718 1705 progredientes
2732 1635 3069 1700 darent;sed
3087 1635 3395 1705 malignum
3411 1650 3541 1692 eum
3554 1651 3791 1694 asseve-

2133 1727 2483 1791 rautes,eum
2498 1736 2651 1791 esse,
2671 1723 2768 1791 qui
2782 1737 2916 1792 erga
2934 1723 3242 1794 episcopos
3256 1724 3575 1781 rebellione
3597 1731 3793 1783 utere-

2131 1811 2270 1877 tur,i
2281 1824 2415 1880 psos
2432 1810 2784 1879 sacerdotio,
2797 1811 2808 1863 i
2822 1817 3206 1881 mperatorem
3225 1827 3400 1881 regno
3414 1814 3577 1883 quasi
3593 1814 3798 1871 detru.

2130 1898 2268 1954 drre
2299 1897 2622 1967 moliretur,
2657 1898 3097 1955 conclamabant
3134 1900 3358 1955 beatam
3390 1916 3522 1957 esse
3572 1902 3780 1959 horam

2130 1986 2348 2043 funeris
2368 1985 2515 2054 ejus,
2546 1986 2599 2040 in
2623 2001 2737 2056 quo
2762 1987 3303 2043 omnisrebellionis
3317 1994 3374 2044 et
3391 1989 3792 2048 dissensionis

2127 2075 2361 2131 occasio
2384 2073 2731 2145 deperisset.
2752 2076 2851 2130 llis
2874 2075 2950 2131 ita
2966 2075 3316 2144 garrulitate
3341 2078 3637 2136 rusticana
3659 2094 3793 2150 per-

2129 2169 2363 2235 strepen
2378 2163 2773 2233 tibus,corpus
2791 2163 3651 2235 pertransiit,prosequentium
3667 2173 3796 2224 tur-

2133 2253 2202 2308 ba
2226 2256 2457 2323 ceptum
2493 2252 2605 2307 iter
2635 2255 2988 2322 prosequuta
3020 2259 3129 2319 est,
3164 2253 3592 2311 rusticanorum
3625 2271 3794 2313 vesa-

2133 2342 2280 2397 niam
2300 2340 2519 2396 ultione
2535 2338 2725 2397 divina
2740 2340 3026 2408 evcstigio
3040 2346 3457 2411 consequente.
3477 2344 3614 2399 Cum
3637 2346 3794 2401 enim

2132 2431 2236 2486 hcc
2264 2444 2324 2484 se
2351 2428 2561 2484 fecisse
2583 2428 2860 2497 gaudent,
2899 2434 2957 2483 et
2980 2430 3227 2499 quadam
3260 2431 3510 2500 superba
3553 2431 3797 2489 levitate

2134 2522 2294 2573 recte
2325 2531 2385 2572 se
2421 2517 2626 2572 fecisse
2657 2516 3019 2588 applaudunt
3051 2517 3158 2573 sibi
3200 2517 3387 2589 palam
3418 2524 3478 2575 et
3529 2520 3789 2590 publice,

2136 2606 2208 2661 im
2219 2606 2546 2677 penitentcs
2561 2605 2709 2674 ignis
2724 2605 2879 2660 ultor
2893 2605 3099 2661 invasit
3116 2612 3174 2661 et
3192 2611 3368 2662 totam
3395 2606 3589 2663 villam
3603 2609 3798 2666 incen-

2135 2695 2318 2750 dioab
2351 2692 2578 2762 integro
2611 2699 3034 2749 concrematam
3065 2695 3310 2751 necdum
3343 2710 3539 2752 mense
3578 2706 3795 2755 exacto

2136 2783 2314 2839 fuisse
2326 2786 2577 2838 constat.
2598 2783 2715 2836 Non
2731 2781 3097 2851 credenthis,
3115 2783 3209 2852 qui
3225 2797 3337 2837 non
3350 2784 3792 2843 creduntDeum

2135 2870 2447 2928 vindictam
2473 2870 2865 2926 retribuerein
2884 2871 3083 2925 hostes
3100 2871 3293 2941 populi
3311 2873 3422 2941 sui,
3447 2875 3792 2944 sanguinem

2137 2974 2438 3016 servorum
2467 2972 2705 3015 suorum
2737 2963 3000 3029 paratum
3034 2957 3259 3015 ulcisci.
3301 2961 3425 3016 Jam
3475 2961 3546 3017 ad
3597 2978 3793 3020 mona-

2136 3048 2379 3104 sterium
2412 3047 2658 3103 nuncius
2691 3046 3123 3103 adventantium
3155 3048 3531 3118 exequiarum
3572 3066 3795 3121 praecu-

2135 3143 2421 3205 currerat,
2441 3134 2557 3203 jam
2582 3150 2726 3202 grex
2754 3134 3003 3190 filiorum
3036 3136 3185 3207 patri
3213 3136 3305 3206 pie
3325 3136 3577 3194 devotus
3609 3139 3668 3195 in
3698 3156 3795 3197 oc-

2135 3239 2373 3281 cursum
2398 3222 2668 3294 corporis
2690 3236 2872 3294 appro
2883 3223 3404 3295 pinquantislongo
3424 3241 3706 3297 processu
3733 3245 3796 3285 se

2136 3313 2533 3384 proripuerat,
2559 3317 2617 3367 et
2641 3318 3063 3382 praetergressa
3087 3312 3327 3369 civitate
3344 3314 3415 3370 ad
3445 3316 3794 3374 suburbium

2137 3402 2636 3467 ultramuraneum
2652 3399 2963 3472 opperiens
2975 3401 3279 3457 venientes
3295 3402 3347 3457 in
3362 3402 3634 3460 {ecclesia
3662 3420 3796 3462 san—

2137 3488 2217 3544 cti
2234 3488 2487 3544 Victoris
2499 3488 2864 3543 consederat.
2886 3488 3022 3542 Erat
3038 3487 3093 3542 iu
3108 3489 3308 3544 eadem
3332 3482 3797 3560 congregatione

2138 3576 2319 3631 frater
2332 3575 2644 3646 aliquantae
2661 3574 3014 3641 utilitatis,si
3030 3577 3242 3634 scisset
3260 3578 3581 3648 reprimere
3594 3585 3797 3639 motus

2136 3664 3089 3736 animiindignantis,etappetitus
3130 3666 3394 3735 frangere
3425 3668 3620 3725 carnis
3639 3670 3792 3726 male

2135 3753 2514 3818 blandientis,
2542 3757 2603 3809 ut
2639 3752 2795 3823 quod
2826 3753 3167 3824 plerumque
3191 3755 3337 3810 male
3359 3762 3598 3827 ceperat
3642 3758 3792 3814 bene

2135 3844 2332 3896 nosset
2357 3839 2687 3895 dimittere.
2720 3841 2817 3911 qui
2840 3845 2897 3895 et
2922 3841 3481 3913 ordinationiejusin
3507 3843 3695 3914 initio,
3732 3846 3787 3901 in

2132 3929 2320 3985 medio
2349 3932 2410 3984 et
2442 3930 2494 3983 in
2528 3929 2638 3984 fine
2666 3943 2894 4000 semper
2915 3929 3112 3984 extitit
3144 3930 3496 4001 contrarius,
3527 3938 3587 3987 et
3610 3935 3791 3989 omni-

2133 4018 2239 4074 bus
2264 4032 2445 4089 prope
2468 4018 2639 4073 factis
2659 4017 2785 4087 ejus
2801 4023 2859 4073 et
2880 4018 3191 4088 praeceptis
3218 4033 3320 4075 seu
3344 4019 3789 4078 constitutioni-

2133 4107 2241 4162 bus
2267 4111 2395 4163 erat
2425 4106 2827 4173 adversarius;
2847 4106 2949 4162 sed
2975 4107 3132 4176 quod
3150 4106 3456 4164 destruere
3481 4123 3590 4165 non
3620 4116 3789 4180 pote-

2134 4194 2385 4265 rat,quia
2401 4195 2573 4250 aliter
2586 4195 3031 4265 nequibat,egrc
3047 4194 3355 4252 videbatur
3370 4201 3780 4256 assentaneus.

2136 4284 2272 4339 Erat
2294 4283 2491 4353 etiam,
2517 4287 2579 4339 ut
2600 4282 2928 4353 videbatur,
2949 4288 3007 4338 et
3032 4288 3095 4339 ut
3129 4285 3451 4355 asserebat,
3482 4285 3787 4344 infirmita-

364 4375 509 4431 cedit
535 4373 771 4443 corpori
796 4378 959 4428 totus
984 4371 1245 4439 festivus,
1266 4373 1515 4441 excepto
1532 4371 1682 4441 quod
1704 4385 1832 4426 cum
1855 4371 2023 4437 lacri,
2052 4355 2105 4414 D
2139 4373 2295 4429 tibus
2312 4372 2505 4429 carnis
2521 4372 2944 4442 aliquantulum
2961 4373 3340 4444 praepeditus,
3359 4373 3512 4430 sicut
3531 4373 3787 4445 plerum-

365 4463 472 4518 mis
506 4467 565 4516 et
587 4461 841 4529 gemitu;
877 4473 1222 4529 quamquam
1248 4463 1305 4513 et
1339 4459 1442 4514 hoc
1477 4458 1553 4513 sit
1579 4459 1845 4515 festivum
1870 4475 2019 4538 esse,

366 4550 645 4620 exequias
681 4548 1107 4617 religiosorum,
1142 4562 1341 4604 eorum
1373 4547 1619 4603 maxime
1653 4548 1750 4617 qui
1800 4544 2025 4605 labora-

370 4643 581 4697 verunt
617 4638 669 4691 in
708 4637 885 4691 verbo
905 4640 964 4690 et
982 4650 1180 4706 opere,
1202 4640 1260 4690 ct
1284 4635 1353 4690 de
1378 4650 1622 4705 quorum
1648 4636 1766 4691 vita
1791 4651 1902 4692 non
1922 4636 2024 4694 du-

366 4729 609 4796 bitatur,
649 4725 983 4794 in.quorum
1014 4723 1386 4779 estimatione
1411 4723 1537 4779 laus
1561 4730 1760 4779 nostra
1795 4741 1902 4779 non
1929 4742 2023 4796 pe-

366 4817 684 4884 riclitatur,
707 4812 1010 4869 celebrare
1034 4812 1437 4884 sollempniter
1456 4812 1507 4867 in
1535 4813 1751 4881 gemitu
1773 4818 1829 4869 et
1847 4815 2018 4886 animi

360 4904 730 4963 contritione.
752 4899 1035 4957 Volebant
1054 4900 1229 4972 aliqui
1258 4900 1575 4972 reprimere
1592 4901 1868 4972 impetum
1886 4903 2015 4975 viri,

360 4995 459 5048 sed
495 4993 589 5061 qui
625 4996 867 5047 noverat
902 4989 1162 5046 defuncti
1194 4990 1604 5058 innocentiam,
1644 4991 1821 5046 nichil
1848 4993 2020 5057 nimis

362 5083 651 5136 facturam
686 5095 747 5135 se
780 5080 1059 5135 credebat
1090 5078 1158 5134 ad
1184 5078 1310 5146 ejus
1343 5094 1444 5149 pro
1471 5080 1583 5133 Deo
1609 5081 2019 5137 reverentiam-

363 5170 548 5240 (llart.
586 5167 692 5236 3t.)
730 5168 883 5222 Fecit
916 5184 1055 5237 ergo
1093 5174 1259 5222 nocte
1295 5166 1413 5236 illa,
1450 5167 1601 5236 quod
1631 5168 1818 5237 potuit
1852 5173 1909 5224 et
1935 5168 2018 5225 di-

359 5254 544 5313 ctavit
570 5256 878 5311 :estuantis
910 5258 1153 5311 affectus
1187 5255 1380 5323 animi,
1417 5259 1477 5309 et
1518 5253 1706 5311 locata
1765 5271 1907 5314 nave
1957 5262 2014 5314 ct

360 5344 555 5403 nautis
584 5342 792 5412 bajulis
815 5343 1035 5399 funeris
1059 5358 1160 5415 per
1184 5344 1394 5399 Mosam
1420 5342 1676 5414 fluvium,
1704 5345 1829 5416 ipse
1873 5361 2015 5418 prce-

2137 4475 2247 4532 que
2279 4460 2494 4518 assolet
2524 4476 2595 4516 ex
2628 4460 3023 4530 indignatione
3054 4467 3114 4517 et
3143 4461 3386 4518 adversa
3412 4463 3776 4522 habitudine.

2136 4564 2239 4605 seu
2272 4549 2644 4620 passionibus
2668 4548 2914 4605 hominis
2947 4548 3245 4605 interioris
3274 4552 3627 4609 exteriorem
3658 4568 3786 4610 cor-

2135 4638 2321 4709 rumpi
2352 4643 2407 4692 et
2438 4636 2758 4705 indignari;
2792 4637 2924 4693 dum
2959 4653 3069 4693 non
3111 4642 3198 4693 est
3251 4640 3348 4709 qui
3397 4640 3785 4699 medicamen-

2130 4730 2254 4783 tum
2286 4725 2575 4795 adhibeat,
2614 4731 2712 4781 aut
2741 4725 3019 4795 malagma
3051 4725 3233 4796 plagae
3265 4726 3464 4784 liventi
3496 4728 3778 4801 imponat,

2132 4815 2283 4886 quod
2338 4814 2420 4869 illi
2468 4828 2637 4885 quam
2678 4815 2922 4870 maxime
2967 4815 3273 4886 contingit,
3324 4816 3421 4888 qui
3473 4818 3783 4890 passiones

2131 4904 2335 4960 anima:
2361 4903 2510 4975 patri
2535 4903 2826 4974 spirituali
2852 4903 3043 4959 differt
3067 4904 3355 4960 confiteri.
3374 4906 3495 4975 Hic,
3522 4906 3778 4964 dumalii

2130 4993 2521 5061 accinguntur
2550 4991 2928 5062 expeditioni,
2966 5008 3075 5062 qua
3123 4993 3275 5063 patri
3324 4994 3554 5050 obviam
3613 5003 3775 5067 eant,

2128 5096 2363 5153 operam
2386 5080 2523 5137 dare
2538 5080 2671 5136 dum
2687 5085 2970 5137 conantur
2987 5084 3042 5135 et
3070 5082 3393 5138 necessaria
3414 5090 3775 5156 praeparant,

2128 5170 2197 5226 ad
2230 5170 2482 5241 priorem
2515 5169 2797 5225 accedens
2822 5182 3032 5226 causas
3064 5169 3420 5228 infirmitatis
3473 5174 3775 5245 enunciat,

2128 5274 2238 5314 non
2273 5274 2442 5331 posse
2473 5273 2535 5315 se
2559 5258 2673 5313 iter
2694 5256 2838 5314 illud
2862 5260 3150 5315 conficere
3174 5264 3461 5331 autumat,
3488 5268 3548 5318 ut
3576 5263 3780 5318 remit-

2124 5349 2287 5403 tatur
2301 5351 2526 5404 exorat.
2542 5346 2711 5403 Prior
2727 5346 3230 5417 tergiversationis
3240 5348 3368 5422 ejus
3379 5364 3492 5406 non
3507 5350 3774 5423 ignarus,

1960 5444 2182 5503 NOT/E.

425 5512 571 5590 (221)
600 5512 653 5572 s.
691 5509 886 5575 Mihel.

2191 5516 2340 5593 (222)
2374 5515 2700 5576 Odelricus.
