3982 6056
256 246 376 309 39⁵7

1504 246 1999 312 CHRONICON.
2035 284 2114 295 —
2141 247 2305 313 LIB.
2346 246 2419 312 II.

3543 256 3660 319 398

255 397 374 454 quo
389 381 533 454 pede
555 380 919 439 claudicaret
940 384 1084 441 bene
1100 385 1340 459 sciolus,
1366 402 1471 447 nec
1484 387 1776 447 concessit
1795 401 1900 443 nec
1931 399 1986 459 Α
2016 382 2116 454 ligi
2147 383 2318 455 quod,
2353 384 2485 455 quia
2509 384 2655 456 ipse,
2679 386 2848 456 cujus
2868 391 2997 442 erat
3017 385 3483 457 funus,ordinate
3505 405 3663 449 lee-

252 471 481 540 abuuit,
518 471 622 528 sed
654 471 706 528 ei
737 473 925 528 totum
959 472 1256 547 imposuit,
1290 483 1351 534 ut
1374 481 1495 550 ipse
1516 479 1741 535 videret
1765 475 1903 547 quid

255 563 483 630 ageret,
509 560 813 631 negocium
841 561 997 618 istud
1029 562 1233 622 dicens
1262 566 1415 624 inter
1438 570 1616 625 Deum
1639 572 1699 623 et
1718 566 1903 637 ipsum

250 653 549 721 constare,
568 649 665 718 qui
681 649 877 705 cordis
890 650 1114 707 videret
1130 655 1360 713 occulta
1379 675 1394 722 ;
1412 659 1766 728 praecaveret
1783 654 1905 725 ipse

255 735 396 807 sibi,
418 736 466 793 si
490 751 627 793 vera
650 737 895 793 essetin]
905 740 1267 809 possibilitas
1282 759 1451 815 quam
1468 743 1903 815 prmtendebat;

255 825 437 880 Deum
473 830 738 896 paratum
770 825 973 883 ulcisci
1006 843 1231 886 omnem
1270 831 1667 901 dolositatem,
1710 831 1907 887 iuobe—

253 912 536 969 dientiam
569 916 626 969 et
656 914 1016 971 mendacium
1044 934 1155 981 ;'se
1184 935 1361 992 super
1390 935 1452 977 se
1481 920 1658 976 nichil
1699 920 1904 976 horum

254 1002 548 1073 accipere,
578 1003 679 1058 sed
703 1004 819 1059 Deo
847 1009 906 1059 et
928 1004 1039 1075 ipsi
1067 1009 1582 1080 totumimponere.
1603 1008 1722 1079 (fol.
1756 1008 1899 1079 147).

249 1091 406 1146 Itum
434 1104 574 1161 ergo
606 1095 717 1161 est,
751 1090 851 1147 illo
887 1099 1241 1165 remanente,
1272 1100 1332 1151 et
1362 1112 1587 1153 omnem
1613 1095 1773 1152 illum
1799 1110 1904 1166 pro

253 1182 494 1234 mortuo
521 1184 864 1250 apparatum
897 1182 1063 1251 quasi
1094 1183 1356 1252 graviter
1387 1186 1627 1242 ferente.
1666 1184 1775 1240 Sed
1806 1183 1903 1254 qui

250 1266 326 1322 ad
361 1267 549 1337 patris
580 1267 666 1324 ire
694 1267 924 1324 distulit
958 1272 1253 1342 exequias,
1285 1274 1410 1344 ipse
1431 1289 1500 1329 eo
1525 1272 1621 1343 qui
1645 1273 1757 1328 sibi
1777 1288 1906 1329 con-

251 1354 571 1412 fessionem
605 1357 794 1426 daret,
829 1357 1100 1414 viaticum
1133 1361 1462 1431 porrigeret
1485 1361 1754 1418 morienti
1773 1375 1906 1417 exe-

249 1443 425 1514 quias
455 1444 692 1515 faceret,
717 1445 1000 1516 obsequio
1028 1449 1217 1504 caruit
1247 1468 1258 1502 :
1300 1450 1490 1505 subita
1517 1453 1576 1505 et
1608 1449 1904 1520 inOpinata

251 1538 447 1588 morte
464 1532 797 1603 defunctus,
820 1534 1069 1590 utetiam
1085 1542 1217 1606 post
1238 1538 1443 1594 mortis
1457 1537 1904 1607 ejusmaximum

250 1619 630 1677 intervallum
664 1622 758 1676 vix
777 1622 1075 1680 adveniret
1108 1625 1205 1695 qui
1232 1626 1417 1682 funeri
1440 1625 1740 1697 ejusjusta
1782 1640 1908 1696 per-

251 1708 536 1779 solveret,
570 1710 686 1765 Deo
719 1710 775 1765 in
808 1711 916 1767 hoc
945 1713 1119 1769 etiam
1154 1715 1307 1770 servi
1360 1715 1448 1770 sui
1489 1714 1732 1784 injurias
1765 1714 1905 1770 ulci-

252 1802 483 1854 scente.
513 1798 814 1854 Fratribus
838 1798 1035 1869 igitur,
1064 1805 1123 1856 ut
1149 1802 1218 1857 ad
1242 1816 1360 1857 rem
1386 1803 1710 1871 redeamus,
1728 1803 1781 1856 in
1798 1816 1905 1858 aec-

248 1884 439 1942 clesia
472 1886 659 1941 sancti
692 1886 947 1944 Victoris
976 1903 1193 1961 corpus
1245 1892 1431 1962 patris
1478 1892 1899 1962 operientibus.

251 1974 537 2047 episcopo
564 1990 704 2032 vero
731 1990 862 2032 cum
896 1976 1129 2035 clericis
1158 1984 1216 2034 et
1242 1979 1491 2049 diverso,
1520 1985 1581 2035 ut
1606 1980 1662 2035 in
1685 1979 1903 2036 talibus

257 2062 479 2119 assolet
510 2070 796 2136 apparatu
828 2065 970 2136 ripae
1008 2067 1262 2123 ﬂuminis
1311 2068 1660 2138 astantibus,
1714 2073 1903 2124 nautae

256 2150 577 2209 adveniunt
602 2168 731 2209 cum
746 2167 1027 2225 corpore;
1046 2161 1104 2210 et
1122 2161 1241 2212 tota
1260 2158 1401 2212 urbe
1419 2158 1690 2213 certatim
1705 2172 1907 2213 occur-

255 2244 448 2309 rente,
479 2243 540 2296 ut
574 2255 645 2296 ex
677 2243 1117 2300 concertatione
1146 2244 1418 2302 aﬁ‘ectum
1464 2246 1720 2302 omnium
1768 2260 1906 2315 erga

255 2334 553 2385 mortuum
586 2329 968 2401 intelligeres,
1007 2332 1177 2389 funus
1207 2334 1531 2406 excipitur;
1568 2340 1626 2389 et
1667 2348 1909 2404 congre-

252 2417 596 2485 gationibus
621 2419 1109 2491 praecedentibus,
1142 2430 1205 2477 ut
1234 2423 1821 2493 morisest,crucibus
1851 2428 1905 2479 et

256 2504 492 2576 reliquo
515 2512 798 2579 apparatu
824 2508 982 2564 circa
1004 2523 1218 2581 corpus
1236 2512 1693 2581 remanentibus,
1718 2512 1787 2567 ad
1803 2526 1910 2568 aec-

252 2591 499 2650 clesiam
523 2596 799 2666 majorem
822 2605 1039 2654 sanctae
1063 2599 1253 2655 Mariae
1278 2600 1388 2655 iter
1411 2599 1807 2670 protenditur,
1823 2605 1912 2657 to-

249 2685 317 2736 ta
351 2683 494 2738 urbe
522 2681 706 2752 signis
730 2684 1122 2755 pulsantibus.
1159 2685 1370 2742 Videre
1392 2694 1519 2743 erat
1540 2688 1908 2742 suburbanos

254 2768 542 2841 homines,
578 2774 634 2825 et
669 2773 847 2828 etiam
890 2773 1244 2843 rusticanos,
1298 2776 1551 2847 compati
1608 2774 1908 2832 doloribus

255 2860 673 2916 monachorum
706 2875 811 2931 pro
842 2876 946 2917 sua
971 2861 1358 2920 destitutione
1375 2864 1740 2933 merentium,
1767 2867 1822 2919 et
1838 2877 1907 2919 ex

253 2946 665 3019 compassioue
697 2949 753 3003 in
786 2963 987 3005 vocem
1017 2966 1146 3007 cum
1179 2950 1436 3008 lacrimis
1474 2965 1800 3023 erumpere,
1847 2955 1904 3007 et

258 3035 495 3093 dicere:
523 3037 679 3093 Boni
704 3038 1001 3107 monaclti,
1032 3054 1151 3097 non
1180 3041 1442 3111 amplius
1476 3039 1907 3112 recaperabitis

1933 1760 1987 1820 B

2016 478 2106 528 rat
2139 472 2379 530 honeste
2406 478 2463 530 et
2494 474 2761 531 ordinate
2792 489 2854 532 se
2884 476 3189 545 habuerat,
3225 478 3413 533 omnia
3447 494 3575 551 quae
3606 480 3659 538 ei

2016 562 2442 632 competebant,
2477 563 2746 619 ordinata
2768 568 2825 619 et
2848 563 3168 635 composita
3200 579 3231 620 a
3256 565 3371 621 Deo
3394 566 3445 620 ei
3471 569 3663 637 provi-

2019 648 2318 719 derentur.
2354 651 2491 706 Nam
2524 657 2582 706 et
2613 667 2741 707 cum
2762 650 2831 708 de
2850 656 3019 722 petra
3044 666 3154 723 qua
3182 651 3374 708 claudi
3409 654 3659 712 debebat

2017 741 2311 809 ageretur,
2346 742 2403 794 et
2436 739 2533 795 vix
2564 739 2807 794 inveniri
2842 755 3010 811 posse
3041 741 3343 797 videretur
3372 742 3443 797 ad
3468 741 3660 801 locum

2018 827 2116 883 ubi
2150 827 2395 883 inveniri
2430 828 2744 899 putabatur
2773 828 3028 886 artiﬁces
3052 829 3279 900 directi,
3306 831 3490 901 prima
3515 831 3661 889 irru-

2018 915 2215 985 ptione
2244 930 2348 971 seu
2376 915 2532 973 aditu
2556 921 2732 974 terrae
2755 918 3010 988 quinque
3040 923 3240 988 petras
3253 919 3661 976 excavatasin-

2018 1010 2303 1058 venerunt
2331 1018 2460 1060 cum
2493 1004 2807 1076 operculis,
2845 1020 3087 1075 quarum
3131 1021 3257 1077 quae
3309 1006 3557 1078 dignior,
3602 1014 3660 1064 et

2019 1090 2221 1161 major,
2253 1096 2311 1146 et
2339 1092 2590 1149 habilior
2622 1093 2744 1149 visa
2774 1097 2884 1163 est,
2906 1095 3169 1165 receptui
3194 1096 3460 1166 corporis
3503 1096 3660 1153 beati

2019 1182 2216 1249 aptata
2237 1184 2344 1235 est.
2368 1179 2645 1236 Dicebant
2672 1180 2850 1252 aliqui
2876 1182 3117 1250 utjuxta
3145 1183 3418 1240 domuum
3454 1185 3664 1241 Beren-

2017 1265 2243 1334 garium
2274 1267 2632 1337 episcopum,
2667 1269 2764 1338 qui
2796 1270 3099 1325 institutor
3122 1270 3226 1326 fuit
3250 1271 3498 1343 cenobii,
3527 1277 3661 1330 ante

2020 1353 2205 1410 altare
2233 1354 2462 1411 scilicet
2495 1357 2679 1413 sancti
2727 1357 2962 1413 Firmini
3009 1358 3383 1430 sepeliretur,
3438 1375 3543 1431 pro
3590 1375 3660 1417 eo

2021 1443 2173 1513 quod
2207 1444 2580 1514 monasterio,
2618 1445 2715 1500 ubi
2745 1446 3078 1515 preciosum
3107 1462 3321 1519 corpus
3350 1449 3477 1518 ejus
3502 1449 3661 1520 quie-

2019 1531 2150 1601 scit,
2178 1532 2296 1588 vita
2317 1539 2653 1589 excesserat
2679 1551 2694 1599 ;
2720 1533 2822 1589 sed
2846 1533 2982 1603 quia
3002 1533 3164 1591 locus
3187 1534 3284 1591 ille
3300 1542 3660 1607 aconspectu

2018 1621 2495 1690 congregationis
2526 1621 2761 1678 nimium
2796 1627 3056 1679 remotus
3096 1627 3244 1692 erat,
3296 1629 3429 1680 ante
3477 1626 3663 1683 altare

2019 1709 2208 1764 sancti
2242 1710 2565 1778 Benedicti,
2594 1710 2759 1779 juxta
2785 1711 3056 1766 domuum
3106 1712 3400 1768 Dadodem
3443 1714 3667 1784 episco-

2017 1812 2175 1868 pum,
2201 1799 2298 1854 ubi
2323 1799 2497 1855 etiam
2525 1799 2772 1855 domnus
2792 1800 3146 1856 Humbertus
3167 1801 3390 1871 primus
3413 1802 3666 1871 ejusloci

2015 1886 2161 1941 abba
2200 1887 2573 1957 requiescere
2605 1887 2931 1957 dicebatur,
2966 1888 3265 1959 sepultura
3291 1891 3663 1960 ejusiuiciata

2013 1979 2118 2030 est.
2155 1975 2314 2045 (Apr.
2350 1976 2429 2047 2.)
2462 1976 2581 2042 Qua
2611 1990 2858 2047 operose
2889 1976 3236 2047 accelerata,
3270 1978 3325 2032 in
3341 1980 3659 2037 crastinum

2013 2070 2371 2133 congregata
2402 2070 2491 2120 est
2524 2066 2711 2122 omnis
2740 2065 2949 2121 civitas
2979 2066 3049 2120 ad
3075 2067 3470 2137 sepeliendum
3492 2082 3660 2137 eum;

2012 2157 2072 2207 et
2096 2151 2272 2208 missa
2287 2153 2464 2223 dicta,
2487 2168 2756 2210 sermone
2781 2154 2938 2224 dato,
2963 2157 3140 2211 terrae
3159 2155 3426 2211 redditus
3444 2161 3555 2229 est,
3573 2171 3662 2213 re-

2017 2241 2346 2309 surgendus
2376 2240 2431 2296 in
2464 2241 2649 2311 gloria
2684 2247 2743 2297 et
2774 2241 3077 2298 nobiscum
3101 2257 3330 2313 semper
3350 2244 3666 2315 spirituali-

2018 2333 2109 2383 ter
2142 2333 2601 2386 conversaturus
2624 2346 2642 2394 ;-
2673 2330 2828 2400 quod
2860 2334 2915 2384 et
2950 2330 3077 2401 ipse
3108 2332 3477 2402 promiserat,
3530 2332 3665 2390 dum

2019 2430 2173 2487 suos,
2209 2418 2304 2488 qui
2339 2424 2665 2489 praesentes
2698 2416 2963 2489 aderant,
2997 2418 3067 2473 ad
3090 2418 3267 2475 Deum
3293 2419 3503 2490 iturus,
3528 2422 3663 2491 Deo,

2018 2505 2186 2574 cujus
2217 2510 2403 2576 erant,
2441 2506 2538 2575 qui
2572 2506 2685 2561 sibi
2728 2520 2829 2562 eos
2868 2506 3259 2577 commiserat,
3315 2507 3660 2578 assignaret.

2020 2592 2124 2647 Cui
2157 2593 2354 2649 ethoc
2386 2593 2558 2663 digne
2588 2598 2781 2665 potest
2836 2594 2889 2649 in
2943 2594 3166 2650 meritis
3215 2595 3452 2666 ascribi,
3505 2597 3662 2667 quod

2018 2681 2353 2751 apudDeum
2377 2682 2579 2738 vivens
2600 2682 2923 2754 optinuerit
2943 2686 3005 2739 ut
3032 2675 3185 2739 inter
3214 2682 3481 2755 sepulcra
3509 2685 3662 2757 epis-

2018 2784 2299 2841 coporum
2329 2776 2398 2828 25
2420 2773 2794 2843 sepeliretur,
2829 2772 2947 2842 ubi,
2966 2777 3180 2843 praeter
3204 2772 3662 2832 domnumabba-

2018 2864 2134 2914 tem
2166 2859 2535 2931 Richardum,
2571 2865 2631 2916 et
2661 2861 2967 2931 praefatum
2998 2861 3379 2918 Humbertum
3427 2864 3663 2920 Ermen-

2018 2948 2200 3004 ricum
2235 2962 2466 3019 quoque
2499 2964 2663 3019 aeque
2687 2950 2949 3019 abbates,
2976 2948 3249 3005 domuum
3273 2965 3505 3022 quoque
3536 2953 3664 3009 Ber-

2015 3038 2237 3092 nerium
2271 3036 2432 3092 urbis
2460 3037 2856 3108 praepositum,
2893 3037 2984 3094 cui
3014 3053 3121 3108 pro
3163 3052 3282 3094 sum
3324 3040 3656 3098 sanctitatis

242 3125 490 3196 patrem
503 3124 626 3181 tam
638 3127 826 3197 pium,
845 3128 967 3184 tam
983 3128 1676 3199 amatissimnm;merito
1695 3127 1906 3186 doletis
1937 3118 1985 3181 C
2016 3125 2225 3180 merito
2240 3124 2541 3196 sepultura
2558 3125 2654 3180 illa
2668 3140 2943 3182 concessa
2957 3132 3069 3196 est,
3093 3127 3659 3199 nullussepultusin-

252 3214 469 3271 merito
494 3213 847 3272 tristamini.
878 3214 1042 3281 Quod
1076 3216 1204 3272 ideo
1223 3222 1349 3272 erat
1381 3216 1705 3273 mirabilius
1744 3221 1802 3271 et
1832 3218 1904 3273 ad

252 3300 586 3359 divinitatis
618 3301 846 3359 laudem
877 3303 1297 3375 honorabilius,
1334 3305 1470 3375 quia
1505 3306 1601 3375 qui
1644 3303 1905 3375 aliquau-

250 3390 328 3446 do
361 3390 437 3446 ab
469 3391 685 3464 ineptis
714 3397 775 3447 et
797 3392 988 3449 minus
1037 3395 1405 3465 sapientibus
1454 3396 1774 3451 subversor
1824 3394 1905 3450 le-

246 3491 387 3548 gum
417 3485 478 3535 et
512 3480 718 3550 patria)
751 3495 856 3552 pro
888 3480 1259 3538 dissensione
1293 3484 1467 3553 regis,
1504 3483 1638 3553 quia
1669 3482 1902 3538 nolebat

247 3567 680 3625 communicare
723 3568 1202 3627 destructoribus
1248 3578 1583 3627 sanctarum
1622 3571 1905 3628 constitu-

249 3656 481 3713 tionum
509 3656 720 3713 divinae
772 3657 935 3728 legis,
994 3658 1421 3730 appellabatur,
1484 3660 1578 3716 hic
1632 3675 1782 3717 nunc
1832 3660 1904 3717 ab

247 3744 524 3802 omnibus
552 3745 611 3800 in
642 3762 945 3803 commune
972 3753 1031 3803 et
1065 3748 1285 3817 absque
1324 3748 1690 3805 detractione
1738 3753 1905 3820 pater

250 3833 519 3890 civitatis
540 3839 601 3890 et
631 3835 856 3906 patriae,
894 3839 952 3891 et
984 3836 1081 3906 qui
1120 3851 1231 3892 non
1269 3836 1518 3907 amplius
1567 3838 1905 3908 recuperari

251 3926 483 3993 posset,
515 3923 605 3978 vir
636 3923 889 3993 consilii,
922 3939 1123 3980 murus
1145 3928 1203 3981 et
1225 3930 1451 3982 scutum
1477 3926 1681 3981 domus
1721 3925 1909 3981 Domi-

253 4008 311 4064 ni
343 4010 860 4081 prononciabatur,
891 4016 953 4067 ut
981 4011 1233 4070 lacrima
1254 4017 1313 4069 et
1339 4014 1593 4084 gemitus
1615 4013 1906 4069 dictorum

254 4096 431 4154 ﬁdem
460 4103 728 4155 astruere
759 4100 1080 4155 videretur.

329 4186 496 4258 (Apr.
529 4193 579 4242 1.
611 4188 632 4258 )
664 4187 754 4243 Sic
783 4187 1100 4245 deductum
1134 4203 1351 4259 corpus
1381 4203 1412 4245 a
1446 4188 1581 4246 filiis
1610 4193 1668 4245 et
1694 4191 1765 4246 ab
1799 4205 1911 4246 om-

252 4274 311 4330 ni
346 4274 469 4331 fere
502 4276 716 4347 populo
745 4276 1021 4348 civitatis,
1055 4292 1086 4333 a
1127 4277 1420 4334 canonicis
1462 4280 1912 4336 occurrentibus

252 4364 406 4420 infra
438 4365 854 4422 monasterium
879 4371 1096 4423 sanctae
1130 4366 1320 4423 Maria:
1344 4368 1657 4440 excipitur,
1688 4374 1745 4424 et
1778 4372 1907 4439 post

2015 3213 2264 3283 venitur,
2281 3228 2409 3269 cum
2425 3213 2587 3269 locus
2603 3213 2698 3269 ille
2712 3215 2944 3284 ducum,
2964 3215 3659 3285 marchiouum,comitum

2015 3300 2377 3372 aliorumque
2410 3317 2717 3373 procerum
2749 3303 3050 3373 sepultura
3082 3302 3324 3373 insignis
3348 3304 3651 3361 habeatur.

2088 3391 2247 3462 (Apr.
2285 3394 2337 3446 2.
2371 3391 2391 3461 )
2422 3391 2665 3462 Expleta
2699 3391 2880 3460 igitur
2909 3390 3230 3463 sepultura,
3264 3392 3335 3448 ad
3356 3393 3658 3449 consolan-

2015 3479 2124 3535 dos
2157 3480 2370 3536 fratres
2403 3480 2456 3534 in
2486 3480 2807 3551 capitulum
2842 3480 2998 3535 venit
3030 3481 3346 3551 episcopus
3389 3496 3522 3538 cum
3565 3483 3663 3537 ab-

2017 3568 2252 3624 batibus
2283 3572 2342 3623 et
2375 3568 2518 3624 clcri
2553 3568 2938 3640 primoribus;
2969 3573 3028 3623 et
3058 3584 3186 3624 cum
3221 3568 3415 3626 habita
3447 3573 3665 3627 tracta-

2016 3655 2175 3712 tione
2206 3657 2276 3713 de
2307 3662 2494 3712 morte
2527 3657 2728 3728 patris,
2763 3656 2834 3713 ad
2883 3656 3212 3727 eligendum
3248 3673 3657 3715 successorem

2018 3745 2555 3816 quiessetidoueus
2589 3752 3118 3817 commonerentur,
3150 3747 3317 3817 cujus
3345 3745 3662 3818 protelatio

2015 3834 2319 3904 religionis
2351 3838 2407 3890 et
2437 3834 2675 3891 honoris
2701 3841 2858 3890 esset
2887 3834 3216 3905 diminutio,
3243 3836 3491 3891 maxime
3530 3850 3661 3893 cum

2015 3928 2319 3979 constaret
2353 3922 2688 3978 defunctum
2724 3923 3073 3993 praecepisse
3103 3929 3165 3979 ut
3194 3923 3287 3980 die
3326 3925 3530 3981 eodem
3576 3939 3665 3983 se-

2020 4011 2271 4083 pulturae
2305 4026 2424 4068 suae
2455 4025 2762 4067 successor
2796 4011 2908 4066 sibi
2939 4011 3279 4081 eligeretur,
3307 4012 3377 4067 de
3401 4013 3661 4084 capitulo

2018 4113 2291 4170 egressus
2302 4104 2388 4155 est
2405 4099 2722 4170 episcopus
2738 4099 2881 4154 dans
2895 4102 3247 4169 oportunum
3264 4098 3454 4156 locum
3471 4101 3665 4155 fratri-

2021 4189 2150 4259 bus,
2186 4194 2251 4247 ut
2281 4190 2351 4243 de
2385 4193 2550 4259 patre
2582 4186 2689 4242 sibi
2722 4185 3112 4257 praeponenda
3145 4185 3419 4243 licentius
3469 4190 3540 4243 ab
3575 4188 3663 4245 eis

2022 4282 2401 4335 tractaretur.
2438 4278 2508 4332 Et
2539 4290 2668 4331 cum
2700 4290 2901 4331 omnes
2931 4276 3212 4346 exissent,
3242 4281 3301 4331 et
3348 4276 3426 4331 hii
3478 4274 3664 4334 solum

2023 4368 2094 4422 ad
2124 4381 2271 4437 quos
2303 4366 2634 4439 pertinebat
2664 4364 2896 4435 electio,
2922 4364 3363 4435 remansissent,
3398 4369 3454 4421 et
3491 4371 3665 4422 terrae

255 4453 541 4525 exequias
587 4453 657 4510 de
690 4468 848 4510 more
878 4456 1209 4512 celebratas
1238 4455 1410 4512 missa
1441 4457 1735 4526 generalis
1777 4471 1907 4512 cum
1939 4478 1993 4539 D
2026 4456 2305 4527 prostrati
2335 4459 2369 4511 9
2400 4454 2673 4526 psalmos,
2707 4467 2837 4508 cum
2870 4452 3255 4523 orationibus,
3293 4468 3536 4523 quarum
3561 4453 3667 4509 ini-

256 4541 662 4599 oblatiouibus
720 4542 1077 4600 celebratur.
1139 4543 1355 4599 Dehinc
1382 4543 1453 4599 ad
1495 4544 1909 4601 monasterium

251 4630 447 4687 sancti
461 4630 657 4687 Vitoui
672 4631 967 4703 processio
980 4632 1275 4702 dirigitur.
1290 4634 1911 4690 Precesserantautem

257 4718 479 4774 fratres
495 4718 758 4788 ejusdem
781 4721 1047 4792 cenobii,
1076 4726 1384 4792 postquam
1424 4735 1639 4793 corpus
1663 4722 1848 4793 patris
1880 4737 1911 4778 a

258 4805 564 4863 canonicis
597 4812 935 4879 susceptum
964 4812 1054 4865 est
1075 4813 1131 4864 et
1158 4809 1325 4878 quasi
1347 4814 1572 4880 patrem
1613 4809 1910 4881 recepturi

258 4907 435 4965 quem
457 4896 807 4953 eternaliter
824 4900 1023 4953 essent
1049 4898 1326 4969 habituri,
1353 4898 1438 4954 sic
1462 4912 1525 4954 se
1554 4898 1910 4969 competenti

256 4996 423 5040 more
452 4983 903 5055 adornaverant,
937 4990 994 5042 et
1028 4990 1108 5042 ita
1154 4990 1450 5057 caverant,
1503 4989 1565 5043 ut
1611 4988 1912 5044 canonicis

255 5072 703 5144 egredientibus
728 5080 952 5147 portam
977 5077 1158 5147 urbis,
1185 5076 1294 5149 ipsi
1318 5078 1376 5133 in
1395 5092 1502 5133 suo
1519 5078 1802 5135 suburbio
1816 5092 1910 5134 oc-

257 5169 592 5235 currerent,
627 5170 688 5221 et
704 5180 918 5237 corpus
932 5166 1151 5223 honore
1165 5166 1481 5223 condebito
1496 5167 1904 5238 suscipientes,

257 5252 481 5309 eisdem
508 5254 928 5311 comitantibus
958 5256 1203 5311 cenobio
1233 5255 1537 5311 inferrent.
1572 5256 1710 5310 Post
1755 5256 1906 5326 quod

255 5354 290 5397 a
316 5343 618 5399 canonicis
650 5344 973 5402 discessum
996 5352 1106 5417 est,
1139 5350 1200 5402 et
1222 5360 1252 5401 a
1280 5346 1415 5401 ﬁliis
1445 5361 1572 5417 quae
1590 5346 1749 5416 justa
1772 5351 1908 5403 sunt

256 5431 498 5505 corpori
519 5435 871 5507 propensius
890 5434 1108 5493 exibita
1133 5440 1289 5494 sunt.
1316 5437 1400 5492 lta
1425 5435 1615 5492 omnia
1639 5434 1909 5492 ordinate

255 5525 316 5580 et
349 5523 685 5595 composite
706 5524 1145 5596 proveniebant,
1180 5530 1243 5582 ut
1270 5524 1458 5598 palam
1483 5523 1910 5583 dareturintel-

2026 4546 2168 4601 tium
2200 4548 2290 4600 est
2312 4544 2647 4612 :Adsamns,
2662 4542 3172 4613 sancteSpiritns,
3177 4544 3415 4614 peccati
3424 4543 3668 4614 quidem

2021 4632 2402 4691 immanitate
2424 4631 2665 4702 detenti,
2689 4631 2795 4688 sed
2813 4632 2879 4687 in
2895 4632 2993 4687 tno
3027 4633 3261 4688 nomine
3299 4631 3663 4704 congregati,

2024 4722 2457 4791 decantassent,
2496 4720 2593 4776 ubi
2625 4724 3006 4789 assurgentes
3034 4719 3403 4789 resederunt,
3436 4720 3668 4791 etapri-

2023 4826 2125 4868 ore
2147 4809 2445 4866 ammoniti
2460 4813 2659 4865 essent
2676 4814 2739 4866 ut
2753 4824 2921 4880 quem
2939 4808 3548 4878 idoneumjudicarent
3563 4806 3670 4863 eli-

2021 4904 2273 4971 gerent,,
2326 4912 2390 4954 se
2434 4898 2481 4955 si
2522 4897 2791 4953 idoneum
2834 4901 3029 4952 nosset
3078 4895 3348 4965 electum,
3402 4901 3667 4966 paratum

2022 4988 2299 5046 electioni
2332 4987 2650 5044 assentire:
2684 4999 3002 5055 assurgens
3033 4984 3669 5055 suprascriptusl‘ratcr

2024 5079 2191 5135 bona)
2221 5076 2356 5134 vitae
2387 5080 2443 5132 et
2476 5075 2800 5131 testimonii
2834 5078 2967 5129 ante
2989 5072 3428 5129 conversionem
3451 5077 3512 5129 et
3530 5079 3671 5144 post

2020 5165 2478 5235 conversionem,
2515 5164 2718 5220 ﬁdeles
2755 5162 3053 5219 orationes
3091 5163 3215 5216 toto
3252 5163 3564 5217 conventui
3597 5176 3669 5218 ex

2023 5260 2187 5330 parte
2220 5254 2413 5311 domui
2447 5253 2676 5309 abbatis
2707 5251 2935 5307 Rodulﬁ
2994 5248 3309 5321 peroravit.
3344 5249 3463 5320 (fol.
3520 5251 3668 5321 148.)

2022 5346 2244 5412 Quibus
2270 5341 2736 5410 ammirantibus,
2771 5344 2831 5396 et
2864 5338 3276 5397 salutationem
3317 5337 3472 5395 illam
3508 5339 3670 5411 geni-

2021 5436 2130 5492 bus
2161 5439 2339 5491 terraa
2369 5430 2610 5489 deﬂexis
2635 5434 2802 5500 grate
2829 5433 2886 5485 et
2918 5443 3049 5486 cum
3082 5427 3340 5485 lacrimis
3378 5427 3670 5500 excipien-

2019 5525 2200 5595 tibus,
2233 5521 2331 5579 ille
2364 5520 2575 5592 adjecit
2598 5537 2609 5574 :
2618 5518 2843 5593 jubere
2872 5518 3142 5577 domuum
3170 5518 3438 5576 abbatem
3457 5515 3671 5577 Rodul-
