3982 6056
323 218 441 285 899

1270 213 1639 291 HUGONIS
1680 212 2035 282 ABBATIS
2081 215 2766 290 FLAVINMCENSIS

3611 223 3730 290 400

325 360 442 415 fum
492 369 597 428 per
642 350 1055 424 obedientiam,
1111 358 1172 410 ut
1222 369 1622 412 successorem
1655 355 1765 412 sibi
1797 366 1965 424 quem
1996 353 2051 413 A
2081 362 2137 410 et
2169 358 2438 415 oratione
2463 361 2622 417 ﬁnita
2648 362 2979 419 memoriam
2999 359 3184 431 patris
3203 356 3342 416 inibi
3367 359 3732 430 quiescentis

324 446 446 517 ipse
475 444 1029 513 uominasset,quem
1062 440 1357 513 elegisset,
1390 444 1647 500 cuionus
1684 458 1848 499 suum
1876 443 1969 497 im-

322 534 651 605 ponendum
675 531 1095 601 decrevissent,
1122 531 1424 601 eligerent.
1451 532 1709 598 Quicum
1734 534 1971 602 stupen-

326 622 822 679 tesobedientiam
861 618 1255 691 excepissent,
1292 619 1390 674 ille
1429 620 1787 690 subjungens
1820 619 1972 690 prio-

323 709 994 780 remuominavit,etpro
1008 706 1210 764 eadem
1235 708 1571 765 obedientia
1590 723 1717 779 qua)
1752 707 1864 765 sibi
1897 708 1973 763 si-

323 806 425 859 cut
453 806 513 856 et
539 799 672 856 aliis
704 798 919 870 injncta
955 797 1165 868 fuerat,
1197 811 1266 853 ne
1289 795 1631 851 inobedieus
1649 802 1971 866 esset,eum

321 905 451 947 cum
481 888 837 944 nominasset
870 886 1071 955 elegit,
1103 888 1420 942 Asseusum
1452 890 1539 941 est
1573 884 1626 939 ei
1657 899 1685 939 a
1720 884 1971 953 cunctis,

323 977 424 1036 sed
443 977 512 1033 ab
535 990 623 1047 eo,
653 976 748 1046 qui
773 974 1203 1043 nominabatur,
1229 980 1452 1029 nonest
1478 991 1490 1027 :
1518 974 1660 1043 Ego,
1679 972 1972 1043 inquiens,

325 1067 620 1131 dixeram,
645 1064 700 1122 si
730 1062 942 1120 idonea
960 1075 1223 1133 persona
1251 1062 1591 1133 eligerelur,
1620 1076 1713 1117 me
1740 1074 1978 1118 consen-

321 1168 531 1211 surum
556 1150 864 1220 electioni;
892 1164 1069 1220 nunc,
1110 1151 1260 1221 quia
1288 1149 1457 1205 video
1478 1163 1577 1205 vos
1594 1150 1904 1220 inﬁrmum
1923 1148 1983 1204 et

323 1242 581 1299 hebetem
609 1241 874 1312 elegisse,
901 1242 961 1297 et
977 1242 1151 1312 cujus
1171 1240 1507 1311 inﬁrmitas
1537 1239 1786 1296 desidia
1816 1238 1978 1295 vobis

304 1331 645 1402 fomentum
672 1330 776 1399 sit,
807 1343 925 1386 non
954 1329 1237 1397 assentio,
1269 1330 1533 1385 maxime
1558 1342 1689 1384 cum
1720 1328 1777 1383 et
1832 1328 1980 1384 elec-

323 1420 405 1477 tio
431 1419 633 1477 uestra
659 1432 952 1476 canonum
977 1417 1271 1488 repugnet
1292 1416 1614 1485 institutis,
1664 1416 1726 1472 et
1770 1414 1837 1471 ob
1872 1415 1979 1471 hoc

322 1508 573 1580 inﬁrma
601 1506 703 1575 sit,
738 1507 898 1577 quod
924 1520 1042 1562 non
1073 1505 1212 1561 licet
1223 1504 1550 1576 praelatum
1567 1504 1826 1561 ecclesia
1857 1517 1979 1560 sue'

324 1609 606 1653 cessarem
625 1594 745 1652 sibi
766 1595 1005 1665 eligere.
1032 1593 1269 1649 Dicebat
1293 1593 1398 1647 hec
1414 1598 1473 1647 et
1495 1591 1605 1647 alia
1623 1591 1826 1661 multa,
1845 1606 1976 1647 cum

2086 444 2316 515 faciant,
2354 450 2848 506 constitutumest
2873 469 2886 515 ;
2907 455 2966 505 et
2993 466 3060 504 ne
3082 450 3174 504 cui
3200 463 3375 518 grave
3406 447 3727 517 videretur,

2086 536 2357 591 memoria
2374 552 2501 608 quae
2525 538 2695 595 solita
2713 543 2839 594 erat
2857 554 2960 610 pro
2977 539 3187 593 domno
3211 538 3421 592 abbate
3444 537 3733 592 Richardo

2083 622 2197 677 dici
2228 628 2365 694 post
2398 627 2736 696 matutinos,
2773 642 2901 697 quae
2934 626 3099 696 quasi
3138 626 3212 680 ob
3262 638 3573 694 gravamen
3623 626 3736 680 fra-

2089 714 2240 766 trum
2276 714 2347 768 ab
2378 728 2447 769 eo
2481 714 2810 771 intermissa
2846 720 2958 783 est,
3009 714 3143 784 quia
3197 712 3250 767 id
3304 712 3584 768 fratribus
3634 712 3736 768 ali-

2087 799 2317 869 quibus,
2364 802 2516 873 apud
2550 817 2717 873 quos,
2759 807 2822 858 ut
2849 802 3085 870 dignum
3114 805 3227 869 est,
3256 800 3438 871 patris
3458 799 3732 855 Richardi

2087 889 2359 943 memoria
2389 889 2642 945 celebris
2673 891 2940 959 habetur,
2975 904 3151 957 grave
3183 889 3512 957 videbatur,
3564 903 3733 960 repe-

2090 976 2193 1031 tita
2227 982 2340 1046 est,
2374 992 2444 1034 ne
2476 979 2639 1049 quasi
2671 983 3058 1035 causarentur
3087 976 3419 1033 memoriam
3456 974 3615 1033 illius
3650 976 3733 1031 in-

2090 1065 2441 1136 termissam,
2474 1071 2529 1122 et
2563 1066 2736 1136 hujus
2767 1067 3078 1122 iniciatam.
3116 1065 3223 1120 Sed
3254 1068 3313 1119 et
3344 1079 3526 1134 usque
3558 1065 3732 1121 hodie

2091 1153 2277 1209 bonus
2306 1158 2473 1210 utror
2520 1170 2688 1224 mque
2720 1162 2945 1225 patrum
2978 1168 3304 1223 successor,
3360 1158 3492 1209 ante
3540 1153 3736 1223 sepul-

2090 1256 2251 1297 crum
2283 1243 2600 1312 transiens,
2632 1258 2773 1299 oves
2801 1243 2909 1298 sibi
2941 1243 3013 1297 ab
3041 1257 3110 1297 eo
3139 1241 3481 1297 commissas
3514 1241 3596 1297 illi
3645 1256 3734 1296 re-

2089 1330 2392 1399 consignat
2419 1346 2433 1395 ;
2465 1335 2525 1385 et
2559 1336 2623 1385 ut
2651 1331 2722 1386 ab
2751 1345 2819 1386 eo
2854 1336 3131 1399 regantur
3150 1334 3206 1384 et
3241 1334 3643 1400 protegantur,
3674 1335 3736 1385 et

2091 1422 2292 1487 pastor
2313 1422 2370 1473 et
2393 1433 2534 1474 oves
2557 1418 2902 1489 plerumque
2925 1433 2978 1473 οι
2994 1434 3044 1483 e,
3072 1431 3298 1489 semper
3319 1422 3511 1474 autem
3544 1417 3735 1474 animo

2090 1521 2156 1561 ac
2170 1504 2480 1562 devotione
2494 1511 2716 1562 exorat.
2738 1507 3240 1563 TribuatilliDeus
3264 1509 3323 1561 ut
3340 1520 3539 1561 curam
3563 1520 3733 1576 quam

2088 1594 2313 1650 invitus
2352 1595 2634 1666 suscepit,
2672 1594 2925 1649 fideliter
2954 1599 3300 1663 exequatur,
3334 1597 3397 1649 ut
3423 1594 3495 1648 ab
3528 1595 3734 1650 auditu

327 1684 425 1741 ille
456 1685 637 1739 frater
673 1684 729 1739 id
759 1682 949 1739 solum
980 1682 1251 1738 omnibus
1268 1682 1533 1737 obiceret
1558 1682 1849 1737 :Domnus
1878 1678 1977 1735 ab-
2005 1703 2061 1762 Β
2093 1682 2242 1736 malo
2276 1698 2390 1738 non
2416 1682 2637 1752 timeat,
2666 1683 2765 1739 sed
2781 1682 3310 1754 Eugedominicum
3328 1682 3620 1751 audiat,et
3643 1698 3740 1739 su-

327 1772 432 1830 bas
455 1771 757 1844 Rodulfus
772 1786 880 1842 per
900 1770 1297 1827 obedientiam
1307 1768 1587 1841 precipit.
1607 1768 1755 1835 Quid
1771 1768 1978 1823 multa?

325 1859 550 1916 Electio
588 1860 739 1916 facta
772 1860 842 1915 ad
876 1859 1067 1930 laycos
1101 1858 1284 1913 relata
1315 1862 1483 1912 estet
1510 1860 1868 1927 praeceptum
1894 1860 1977 1911 at-

327 1962 440 2019 que
472 1947 777 2004 consilium
813 1947 1041 2018 praefati
1076 1947 1260 2017 patris
1311 1945 1427 2002 illis
1470 1944 1717 2001 relatum
1763 1950 1874 2014 est,
1920 1944 1976 1998 in

327 2052 443 2107 quo
460 2036 646 2092 omnis
670 2036 980 2092 assentiret
1007 2034 1403 2104 congregatio.
1427 2034 1606 2099 Quam
1629 2033 1975 2089 electionem

331 2124 450 2181 illis
477 2124 959 2195 suscipientibus,
993 2127 1049 2178 et
1084 2123 1140 2177 in
1182 2137 1248 2177 ea
1282 2138 1390 2177 una
1425 2136 1566 2177 voce
1598 2122 1866 2177 omnibus
1888 2136 1978 2177 ac-

327 2212 741 2283 clamantibus,
773 2212 843 2268 ad
867 2209 1187 2283 capitulum
1212 2214 1522 2265 revocatur
1542 2210 1876 2281 episcopus.
1907 2212 1975 2265 Et

326 2316 456 2357 cum
490 2301 812 2358 resedisset
844 2315 974 2357 cum
1019 2297 1334 2354 abbatibus
1365 2302 1421 2353 et
1460 2297 1603 2353 cleri
1633 2297 1973 2367 capitaneis,

326 2403 649 2458 assurgens
678 2388 1017 2460 sepedictus
1050 2387 1231 2442 frater
1265 2384 1597 2455 idem,quod
1622 2384 1982 2440 dixeratfra-

327 2478 536 2548 tribus,
571 2476 981 2549 rccapitulavit
997 2474 1277 2547 episcopo
1293 2474 1583 2531 ceterisve
1598 2472 1974 2544 primoribus,

325 2566 596 2623 domuum
626 2564 903 2621 videlicet
937 2562 1206 2620 abbatem
1240 2561 1552 2618 Rodulfum
1586 2566 1646 2615 et
1680 2561 1889 2630 jubere
1918 2565 1975 2617 et

327 2654 557 2727 precari
590 2658 650 2710 ut
684 2666 993 2710 successor
1023 2666 1054 2707 a
1087 2666 1150 2707 se
1181 2650 1408 2707 electus
1428 2653 1485 2706 et
1512 2650 1844 2705 nominatus
1868 2649 1978 2705 sibi

324 2744 584 2799 daretur.
618 2740 974 2796 Electiouem
1005 2739 1184 2809 igitur
1218 2743 1494 2808 quantum
1522 2738 1576 2791 iu
1603 2752 1662 2794 se
1686 2743 1833 2806 erat,
1861 2737 1982 2794 lau-

324 2832 423 2886 dat
453 2830 788 2902 episcopus,
819 2833 876 2884 et
900 2827 1144 2897 inquirit
1171 2833 1362 2883 utrum
1389 2827 1443 2881 in
1471 2827 1579 2882 hac
1616 2827 1977 2881 consentiret

323 2923 656 2975 conventus
688 2922 746 2973 et
782 2915 1051 2988 populus.
1095 2916 1317 2983 Quibus
1356 2915 1578 2986 pariter
1617 2914 1983 2970 acclamanti.

327 3008 458 3078 bus,
483 3020 614 3064 cum
639 3005 867 3062 electus
891 3019 1021 3076 qua:
1038 3004 1557 3060 dixerateademet
1580 3003 1789 3058 similia
1806 3002 1981 3059 vellet

327 3100 618 3167 repetere,
651 3098 711 3150 et
743 3093 1091 3150 electionem
1123 3092 1177 3147 in
1214 3106 1276 3147 se
1310 3092 1516 3147 factam
1553 3092 1843 3147 niteretur
1884 3091 1984 3146 im-

327 3186 601 3257 probare,
627 3199 657 3240 a
682 3184 863 3239 fratre
882 3184 978 3238 cui
1003 3185 1347 3253 prcceptum
1373 3180 1563 3235 fuerat
1584 3180 1978 3249 concurritur,

333 3272 639 3344 arripitur,
674 3278 731 3327 et
764 3287 894 3327 cum
927 3271 1181 3339 sederet,
1226 3270 1298 3324 ab
1329 3283 1400 3324 eo
1427 3272 1484 3323 et
1516 3267 1757 3338 reliquis
1784 3268 1880 3339 qui
1912 3268 1984 3324 ad

327 3360 437 3414 hoc
471 3360 659 3431 ipsum
695 3372 864 3428 opem
895 3373 1060 3413 suam
1096 3361 1443 3426 paraverant
1493 3356 1817 3426 praaseutize
1865 3357 1985 3426 epi-

329 3447 491 3518 scopi
523 3446 782 3514 sistitur,
818 3449 875 3500 et
911 3450 974 3500 ut
1010 3443 1283 3500 Baculum
1305 3443 1657 3515 pastoralem
1681 3444 1981 3516 suscipiat,

329 3537 731 3604 ammonetur,
762 3533 1014 3603 cogitur,
1047 3547 1152 3587 nec
1184 3531 1457 3587 vincitur.
1484 3531 1589 3587 Ubi
1612 3532 1984 3588 inﬂexibilem

327 3624 456 3694 ejus
487 3622 738 3679 animum
786 3621 935 3678 vidit
982 3621 1298 3693 episcopus
1351 3625 1407 3677 et
1460 3620 1556 3691 qui
1606 3620 1870 3691 aderant,
1906 3622 1989 3677 in-

328 3712 535 3769 choata
567 3711 885 3781 antiphona
926 3710 1231 3767 C'onﬂrma
1257 3709 1365 3766 hoc
1393 3711 1570 3780 Deus,
1593 3710 1647 3765 in
1664 3710 1986 3768 aecclesiam

331 3815 361 3857 a
391 3800 673 3857 fratribus
706 3803 1043 3871 aSportatur
1066 3797 1266 3869 potius
1286 3813 1456 3868 quam
1477 3798 1806 3869 deducitur,
1826 3806 1886 3856 et
1904 3801 1989 3857 in-

329 3890 461 3945 loco
488 3888 721 3945 abbatis
750 3886 1005 3956 sistitur,
1038 3886 1201 3955 sigua
1240 3886 1509 3942 manibus
1536 3886 1664 3957 ejus
1703 3889 1757 3944 vi
1809 3889 1988 3959 impo-

279 4026 289 4033 .
338 3982 579 4044 nuntur,
614 3990 718 4032 nec
751 3976 823 4032 ab
854 3991 925 4032 eo
960 3974 1270 4046 pulsantur
1291 3992 1306 4039 ;
1331 3979 1390 4029 et
1420 3990 1449 4030 a
1478 3980 1770 4032 conventu
1791 3982 1851 4033 ut
1872 3993 1988 4034 mo-

330 4067 415 4123 ris
440 4069 535 4123 est
550 4065 667 4136 jam
687 4079 800 4121 non
824 4063 1127 4133 resistens,
1154 4063 1288 4132 quia
1312 4077 1424 4118 non
1446 4064 1808 4135 proficiebat,
1824 4064 1986 4122 deos.

327 4156 583 4224 culatur,
615 4158 676 4210 et
700 4152 972 4224 sequenti
1005 4150 1290 4208 dominica
1316 4151 1372 4206 in
1396 4152 1665 4208 abbatem
1692 4154 1987 4211 benedici-

333 4250 446 4302 tur.
483 4246 689 4300 Actum
722 4246 809 4298 est
840 4242 952 4298 hoc
984 4255 1134 4297 anno
1165 4241 1237 4296 ab
1273 4240 1385 4296 inc.
1420 4241 1579 4297 Dom.
1615 4246 1773 4299 1099.
1795 4246 1844 4298 4.
1864 4245 1983 4300 Non

331 4332 571 4402 Aprilis,
606 4333 657 4386 4.
696 4329 857 4399 feria,
887 4335 938 4386 δ.
970 4328 1064 4385 die
1087 4327 1475 4398 depositionis
1500 4329 1649 4400 (223)
1676 4331 1839 4387 bona:
1870 4345 1984 4388 me-

2011 3052 2062 3116 C

2089 1784 2195 1841 pra
2231 1771 2410 1826 multa
2443 1772 2722 1827 constitui
2761 1776 3072 1827 mereatur.
3103 1772 3213 1838 Qui
3243 1776 3435 1828 autem
3483 1771 3739 1827 voluerit

2092 1872 2409 1927 agnoscere
2431 1858 2568 1928 quid
2590 1859 2660 1914 de
2677 1864 2840 1930 patre
2855 1866 3054 1915 nostro
3068 1859 3357 1914 Rieliardo
3393 1859 3525 1914 huic
3558 1860 3739 1930 patri-

2090 1952 2296 2003 nostro
2314 1948 2562 2003 Rodulfo
2579 1948 2651 2002 ab
2674 1948 2879 2017 angelo
2901 1954 3199 2004 ostensum
3225 1947 3320 2015 sit,
3353 1953 3415 2002 ut
3438 1948 3509 2003 ab
3531 1962 3601 2003 eo
3625 1949 3738 2003 fra-

2093 2036 2282 2092 tribus
2316 2035 2561 2091 relatum
2593 2040 2707 2105 est,
2743 2036 2797 2090 in
2831 2036 2950 2091 vita
2983 2036 3204 2107 praefati
3255 2036 3605 2093 venerabilis
3624 2036 3736 2091 viri

2088 2124 2363 2179 Richardi
2396 2128 2623 2193 querat,
2646 2129 2705 2179 et
2727 2123 3001 2179 inveniet.
3028 2125 3209 2179 Natus
3227 2127 3316 2179 est
3336 2128 3528 2179 autem
3551 2123 3736 2179 isdem

2088 2211 2195 2280 vir,
2218 2210 2420 2281 quisic
2442 2211 2749 2269 ordinatus
2770 2218 2882 2280 est,
2907 2212 2963 2266 iu
2986 2211 3282 2282 episcopio
3308 2211 3605 2282 Leodensi,
3623 2227 3737 2267 non

2088 2299 2364 2369 ignobilis
2390 2299 2641 2369 familiae,
2662 2304 2719 2354 et
2741 2299 2943 2355 eodem
2970 2306 3233 2370 tempore
3247 2314 3359 2367 quo
3389 2305 3450 2355 et
3486 2299 3736 2356 domnus

2090 2388 2273 2443 abbas
2302 2386 2590 2443 Rodulfus
2618 2386 2817 2443 seculo
2849 2387 3136 2444 derelicto
3163 2388 3562 2443 monachicum
3577 2388 3741 2444 habi-

2093 2483 2213 2533 tum
2249 2476 2532 2546 suscepit,
2566 2482 2626 2531 et
2657 2477 2861 2532 eodem
2890 2477 3136 2531 cenobio
3168 2491 3280 2546 quo
3327 2481 3385 2532 et
3438 2476 3599 2547 ipse;
3649 2485 3733 2543 et,

2090 2568 2357 2636 promoto
2392 2562 2463 2618 ad
2498 2564 2787 2619 abbatiam
2821 2578 2951 2620 cum
2999 2562 3158 2634 prior
3205 2568 3386 2634 esset,
3438 2564 3493 2618 in
3544 2563 3734 2620 locum

2088 2652 2215 2721 ejus
2239 2652 2597 2707 substitutus
2628 2658 2740 2721 est,
2773 2657 2829 2707 et
2862 2656 2994 2723 post
3023 2667 3153 2710 eum
3185 2652 3477 2709 Divionem
3501 2652 3740 2708 commi-

2089 2753 2446 2809 grassemus,
2467 2739 2805 2795 claustralis
2829 2740 2905 2795 ibi
2932 2740 3093 2811 prior
3115 2741 3349 2797 habitus
3369 2745 3480 2810 est,
3506 2746 3563 2795 et
3581 2744 3739 2812 post-

2091 2828 2322 2884 modum
2356 2828 2643 2897 regressis
2674 2828 2956 2883 fratribus
2979 2828 3050 2883 ad
3073 2828 3400 2897 ceuobium,
3426 2832 3737 2885 revocante

2090 2930 2218 2971 cum
2248 2917 2493 2987 praefato
2521 2917 2827 2986 patre,sub
2850 2930 2920 2971 eo
2951 2923 3011 2971 et
3044 2917 3115 2971 ab
3143 2931 3212 2971 eo
3233 2917 3394 2987 prior
3416 2916 3736 2973 Virdunen-

2092 3004 2175 3059 sis
2196 3004 2505 3059 institutus
2521 3008 2629 3059 est.
2652 3003 2741 3060 Sic
2757 3017 2859 3074 per
2872 3003 3096 3074 singula
3123 3005 3475 3061 monasteria
3499 3011 3558 3060 et
3573 3005 3738 3060 mini-

2094 3092 2270 3147 steria
2304 3092 2610 3162 probatus,
2643 3106 2871 3163 semper
2894 3093 3213 3148 ascendens
3232 3099 3289 3149 et
3317 3093 3737 3165 proficiens,ad

2094 3180 2349 3250 regimen
2364 3180 2682 3236 animarum
2701 3181 2825 3236 loco
2839 3186 2898 3236 et
2912 3187 3049 3237 voto
3066 3181 3249 3252 patris
3266 3186 3598 3253 assumptus
3618 3189 3734 3249 est,

2169 3270 2329 3323 Anno
2351 3268 2727 3333 abiuc.Dom,
2776 3273 2930 3326 1101.
2984 3270 3077 3325 die
3128 3270 3465 3325 festivitatis
3521 3276 3742 3327 saucue

2098 3357 2345 3425 Ceciliae,
2370 3361 2580 3413 ventus
2604 3357 2913 3413 vehemens
2937 3359 3337 3414 Normanniam
3364 3357 3624 3429 intravit,
3641 3359 3741 3430 qui

2096 3446 2240 3500 adeo
2272 3445 2582 3502 vehemens
2615 3445 2743 3516 fuit,
2782 3450 2843 3501 ut
2873 3445 3120 3516 quedam
3161 3447 3387 3503 edificia
3437 3448 3737 3509 straverit,

2096 3533 2275 3591 silvas
2296 3537 2487 3590 autem
2507 3534 2585 3588 ita
2601 3534 3017 3605 devastaverit,
3044 3535 3288 3591 utetiam
3304 3549 3555 3591 annosas
3570 3550 3744 3605 quer-

2094 3637 2202 3678 cus
2234 3636 2346 3678 non
2379 3622 2673 3692 aliquibus
2708 3628 2764 3677 ut
2786 3622 3008 3679 assolet
3034 3623 3267 3694 inlocis,
3304 3624 3408 3680 sed
3448 3628 3625 3680 totam
3643 3625 3744 3679 sil-

2098 3725 2245 3780 vam,
2280 3710 2415 3766 dum
2446 3710 2551 3766 hec
2573 3714 2737 3767 eruta
2763 3709 2932 3767 alteri
2960 3711 3167 3776 innisa,
3202 3726 3328 3768 eam
3351 3711 3443 3768 cui
3470 3711 3743 3768 innititur

2099 3798 2314 3868 frangit
2335 3804 2389 3855 et
2417 3798 2636 3870 dejicit,
2663 3800 2735 3855 ab
2760 3799 2889 3855 imis
2915 3799 3211 3856 radicibus
3232 3800 3470 3857 eruerit.
3497 3799 3742 3856 Fuitau-

2100 3893 2214 3943 tem
2246 3887 2402 3943 circa
2436 3886 2681 3943 mediam
2717 3892 2966 3957 noctem,
3002 3894 3059 3943 et
3103 3887 3333 3945 duravit
3386 3888 3505 3943 fere
3556 3903 3741 3958 usque.

2098 3975 2168 4032 ad
2201 3976 2351 4031 diem
2381 3974 2647 4046 mediam,
2682 3990 2783 4031 nec
2806 3975 3115 4046 aliquando
3134 3975 3498 4047 temporibus
3521 3976 3742 4032 nostris

2097 4064 2426 4135 huiusmodi
2454 4068 2665 4119 ventus
2699 4064 2935 4120 auditus
2963 4070 3075 4133 est,
3127 4078 3491 4135 quocumque
3539 4064 3732 4132 irruit,

2097 4154 2175 4209 ita
2206 4153 2395 4208 omnia
2427 4151 2917 4224 pessumdederit.

2166 4243 2328 4297 Anno
2357 4242 2430 4297 ab
2461 4241 2570 4298 inc.
2622 4242 2778 4296 Dom.
2834 4245 2972 4297 1102
3019 4241 3325 4297 ordinatus
3371 4244 3464 4297 est
3512 4241 3568 4296 in
3614 4241 3738 4312 epi-

2093 4344 2333 4402 scopum
2363 4328 2723 4385 Aniciensem
2753 4329 2995 4386 Pontius
3017 4329 3175 4385 Casae
3202 4329 3298 4384 Dei
3322 4329 3523 4399 abbas,
3555 4333 3613 4384 et
3637 4329 3739 4384 ab-

331 4420 530 4476 moriae
555 4418 739 4491 patris
763 4417 1015 4474 Rodulfl.
1049 4420 1274 4473 Atvero
1288 4417 1621 4488 sepulcrum
1637 4419 1984 4491 patrisprae.
2011 4406 2063 4465 D
2096 4417 2309 4473 batiam
2334 4418 2493 4474 Casaa
2517 4417 2614 4473 Dei
2639 4418 3063 4489 procurandum
3087 4418 3349 4489 suscepit
3368 4417 3728 4489 Aymericus.

330 4507 473 4565 dicti
508 4506 822 4575 diligenter
850 4505 1112 4561 clausum
1146 4508 1206 4560 et
1238 4504 1646 4561 bituminatum
1680 4513 1788 4577 est,
1824 4513 1884 4564 et
1928 4510 1980 4564 ei

334 4595 532 4652 tabula
546 4608 866 4650 marmorea
887 4593 1159 4664 imposita
1174 4598 1353 4663 est,et
1375 4594 1509 4664 quia
1526 4599 1612 4651 est
1635 4594 1691 4649 in
1708 4595 1980 4665 ingressu

332 4685 517 4755 chori,
550 4688 685 4741 ante
714 4682 898 4738 altare
927 4681 1157 4737 scilicet
1185 4681 1371 4738 sancti
1397 4682 1715 4753 Benedicti,
1746 4688 1806 4740 ut
1838 4685 1978 4742 ubia

331 4768 914 4827 mandatocotidiano
935 4769 1150 4824 fratres
1174 4767 1491 4825 redeuntes
1505 4774 1975 4842 prosternuntur,

2093 4506 2343 4575 Legatus
2375 4520 2604 4576 quoque
2637 4506 2690 4561 in
2726 4506 3114 4576 Burgundiam
3145 4510 3204 4562 et
3234 4506 3530 4563 Franciam
3580 4504 3735 4562 dire-

2090 4598 2224 4650 ctus
2269 4599 2360 4650 est
2410 4594 2734 4650 Richardus
2784 4593 3132 4650 Albaneusis
3162 4594 3491 4665 episcopus,
3548 4593 3737 4664 primo

2092 4682 2279 4739 sancti
2310 4682 2583 4752 Stephani
2618 4682 2916 4739 Mettensis
2946 4681 3210 4739 ecclesiae
3242 4682 3516 4739 decanus.

1817 4867 2236 4881 ψ

765 4918 1239 5028 SERIES
1329 4918 1959 5033 ABBATUM
2045 4920 3306 5033 FLAVINIACENSIUM.

407 5103 418 5116 .
464 5105 477 5118 .
522 5104 534 5118 .
582 5103 594 5116 .
640 5104 653 5117 .
684 5060 755 5096 “°
779 5060 1103 5133 Gayi'oinus
1134 5060 1448 5132 episcopus
1470 5064 1774 5133 successit,
1818 5069 1878 5120 et
1920 5064 1976 5121 in

331 5150 700 5221 expeditione
749 5147 1122 5221 imperatoris
1150 5148 1294 5204 obiit
1327 5153 1360 5203 2
1390 5150 1531 5207 Non.
1564 5150 1699 5207 Julii
1758 5156 1865 5208 755
1897 5152 1979 5208 in-

334 5238 475 5295 dict.
510 5242 594 5293 13.

2157 5065 2448 5121 Manasses
2493 5062 2798 5120 ordinatur
2849 5064 3029 5119 abbas
3079 5063 3231 5119 dono
3275 5064 3501 5134 Pippini
3553 5062 3729 5132 regis.

2087 5152 2191 5208 Hic
2213 5166 2427 5223 corpus
2458 5150 2644 5207 sancti
2677 5151 2942 5221 Praejecti
2967 5166 2996 5208 a
3028 5150 3304 5208 Volovico
3334 5150 3587 5207 relatum
3613 5148 3737 5204 Fla-

2087 5238 2406 5295 viniacensi
2435 5238 2703 5296 ecclesiae
2735 5240 2950 5297 intulit.
2987 5240 3228 5296 Moritur
3258 5253 3407 5295 anno
3429 5241 3534 5295 787
3556 5235 3730 5310 [789.]

1695 5328 1929 5385 VARLE
1970 5327 2367 5384 LECTIONES.

403 5416 473 5449 “0
510 5415 650 5483 Qua
663 5414 1029 5488 praecedunt,
1082 5415 1468 5488 investigare,
1528 5415 1701 5473 nulla
1752 5417 1988 5474 ratione
2014 5417 2320 5476 valuimus
2350 5414 2560 5475 Labbe.

407 5602 554 5677 (223)
592 5599 831 5663 Scilicet
862 5600 1086 5678 primae,
1120 5605 1255 5662 ante
1283 5599 1468 5662 altare
1500 5598 1555 5657 S.
1591 5598 1824 5659 Firmiui
1865 5513 2201 5675 Ειῖῗῆῖἒξέὶ,
2234 5601 2362 5677 ipso
2391 5602 2485 5663 die
2513 5601 2708 5664 obitus
