  <div class='ocr_page' id='page_1' title='image "/cluster/home/n/w/nwhite01/storage/ocr_20150623/154/hvd.32044054760129/206.png"; bbox 0 0 3982 6056; ppageno 0'>
   <div class='ocr_carea' id='block_1_1' title="bbox 224 280 344 346">
    <p class='ocr_par' dir='ltr' id='par_1_1' title="bbox 224 280 344 346">
     <span class='ocr_line' id='line_1_1' title="bbox 224 280 344 346; baseline 0 0"><span class='ocrx_word' id='word_1_1' title='bbox 224 280 344 346; x_wconf 75' lang='grc'><strong>401</strong></span> 
     </span>
    </p>
   </div>
   <div class='ocr_carea' id='block_1_2' title="bbox 1517 280 2396 354">
    <p class='ocr_par' dir='ltr' id='par_1_2' title="bbox 1517 280 2396 354">
     <span class='ocr_line' id='line_1_2' title="bbox 1517 280 2396 354; baseline 0.002 -2"><span class='ocrx_word' id='word_1_2' title='bbox 1517 280 2015 354; x_wconf 81' lang='lat' dir='ltr'><strong>CHRONICON.</strong></span> <span class='ocrx_word' id='word_1_3' title='bbox 2051 287 2128 336; x_wconf 59' lang='lat'><strong>4—</strong></span> <span class='ocrx_word' id='word_1_4' title='bbox 2161 285 2294 354; x_wconf 87' lang='lat' dir='ltr'><strong>LIB</strong></span> <span class='ocrx_word' id='word_1_5' title='bbox 2319 283 2396 354; x_wconf 88' lang='grc' dir='ltr'><strong>Ῑῐ.</strong></span> 
     </span>
    </p>
   </div>
   <div class='ocr_carea' id='block_1_3' title="bbox 3524 281 3644 352">
    <p class='ocr_par' dir='ltr' id='par_1_3' title="bbox 3524 281 3644 352">
     <span class='ocr_line' id='line_1_3' title="bbox 3524 281 3644 352; baseline 0.008 -1"><span class='ocrx_word' id='word_1_6' title='bbox 3524 281 3644 352; x_wconf 71' lang='grc'><strong>402</strong></span> 
     </span>
    </p>
   </div>
   <div class='ocr_carea' id='block_1_4' title="bbox 228 408 3647 497">
    <p class='ocr_par' dir='ltr' id='par_1_4' title="bbox 228 408 3647 497">
     <span class='ocr_line' id='line_1_4' title="bbox 228 408 3647 497; baseline 0.002 -23"><span class='ocrx_word' id='word_1_7' title='bbox 228 415 352 476; x_wconf 89' lang='lat' dir='ltr'><strong>ind.</strong></span> <span class='ocrx_word' id='word_1_8' title='bbox 378 421 467 476; x_wconf 74' lang='lat'><strong>15.</strong></span> <span class='ocrx_word' id='word_1_9' title='bbox 501 418 559 476; x_wconf 89' lang='lat' dir='ltr'><strong>et</strong></span> <span class='ocrx_word' id='word_1_10' title='bbox 594 419 726 490; x_wconf 90' lang='lat' dir='ltr'><strong>post</strong></span> <span class='ocrx_word' id='word_1_11' title='bbox 751 430 881 476; x_wconf 89' lang='lat' dir='ltr'><strong>eum</strong></span> <span class='ocrx_word' id='word_1_12' title='bbox 903 415 971 453; x_wconf 74' lang='grc'><strong>⁸⁸³</strong></span> <span class='ocrx_word' id='word_1_13' title='bbox 991 416 1345 478; x_wconf 76' lang='lat' dir='ltr'><strong>Adalbertus</strong></span> <span class='ocrx_word' id='word_1_14' title='bbox 1368 418 1699 480; x_wconf 81' lang='lat' dir='ltr'><strong>ordinatur.</strong></span> <span class='ocrx_word' id='word_1_15' title='bbox 1724 419 1884 481; x_wconf 91' lang='lat' dir='ltr'><strong>Obiit</strong></span> <span class='ocrx_word' id='word_1_16' title='bbox 1914 423 1970 484; x_wconf 81' lang='grc' dir='ltr'><strong>Α</strong></span> <span class='ocrx_word' id='word_1_17' title='bbox 1999 422 2265 483; x_wconf 65' lang='lat' dir='ltr'><strong>ecclesia:</strong></span> <span class='ocrx_word' id='word_1_18' title='bbox 2288 421 2530 484; x_wconf 85' lang='lat' dir='ltr'><strong>Rainoni</strong></span> <span class='ocrx_word' id='word_1_19' title='bbox 2551 413 2748 482; x_wconf 78' lang='lat' dir='ltr'><strong>abbati</strong></span> <span class='ocrx_word' id='word_1_20' title='bbox 2783 408 3145 494; x_wconf 82' lang='lat' dir='ltr'><strong>Magabrensi</strong></span> <span class='ocrx_word' id='word_1_21' title='bbox 3169 421 3480 497; x_wconf 83' lang='lat' dir='ltr'><strong>commisit,</strong></span> <span class='ocrx_word' id='word_1_22' title='bbox 3505 427 3647 482; x_wconf 84' lang='lat' dir='ltr'><strong>tem-</strong></span> 
     </span>
    </p>
   </div>
   <div class='ocr_carea' id='block_1_5' title="bbox 229 507 1884 579">
    <p class='ocr_par' dir='ltr' id='par_1_5' title="bbox 229 507 1884 579">
     <span class='ocr_line' id='line_1_5' title="bbox 229 507 1884 579; baseline 0.003 -16"><span class='ocrx_word' id='word_1_23' title='bbox 229 522 388 563; x_wconf 88' lang='lat' dir='ltr'><strong>anno</strong></span> <span class='ocrx_word' id='word_1_24' title='bbox 421 508 471 562; x_wconf 77' lang='grc'><strong>4.</strong></span> <span class='ocrx_word' id='word_1_25' title='bbox 529 513 584 563; x_wconf 89' lang='lat' dir='ltr'><strong>et</strong></span> <span class='ocrx_word' id='word_1_26' title='bbox 635 507 820 564; x_wconf 88' lang='lat' dir='ltr'><strong>Zacho</strong></span> <span class='ocrx_word' id='word_1_27' title='bbox 880 508 1185 579; x_wconf 90' lang='lat' dir='ltr'><strong>successit,</strong></span> <span class='ocrx_word' id='word_1_28' title='bbox 1246 509 1552 568; x_wconf 90' lang='lat' dir='ltr'><strong>ordinatus</strong></span> <span class='ocrx_word' id='word_1_29' title='bbox 1599 511 1720 568; x_wconf 85' lang='lat' dir='ltr'><strong>Kal.</strong></span> <span class='ocrx_word' id='word_1_30' title='bbox 1755 513 1884 570; x_wconf 89' lang='lat' dir='ltr'><strong>Maii</strong></span> 
     </span>
    </p>
   </div>
   <div class='ocr_carea' id='block_1_6' title="bbox 231 596 1882 672">
    <p class='ocr_par' dir='ltr' id='par_1_6' title="bbox 231 596 1882 672">
     <span class='ocr_line' id='line_1_6' title="bbox 231 596 1882 672; baseline 0.002 -19"><span class='ocrx_word' id='word_1_31' title='bbox 231 596 408 665; x_wconf 71' lang='grc'>(224),</span> <span class='ocrx_word' id='word_1_32' title='bbox 427 596 588 653; x_wconf 86' lang='lat' dir='ltr'><strong>ethic</strong></span> <span class='ocrx_word' id='word_1_33' title='bbox 611 601 820 668; x_wconf 89' lang='lat' dir='ltr'><strong>quarto</strong></span> <span class='ocrx_word' id='word_1_34' title='bbox 851 611 999 653; x_wconf 89' lang='lat' dir='ltr'><strong>anno</strong></span> <span class='ocrx_word' id='word_1_35' title='bbox 1021 597 1168 653; x_wconf 86' lang='lat' dir='ltr'><strong>obiit</strong></span> <span class='ocrx_word' id='word_1_36' title='bbox 1201 603 1251 654; x_wconf 93' lang='lat'><strong>7.</strong></span> <span class='ocrx_word' id='word_1_37' title='bbox 1279 597 1413 656; x_wconf 89' lang='lat' dir='ltr'><strong>ldus</strong></span> <span class='ocrx_word' id='word_1_38' title='bbox 1440 599 1568 655; x_wconf 83' lang='lat' dir='ltr'><strong>Maii</strong></span> <span class='ocrx_word' id='word_1_39' title='bbox 1590 599 1702 670; x_wconf 90' lang='lat' dir='ltr'><strong>(an.</strong></span> <span class='ocrx_word' id='word_1_40' title='bbox 1735 601 1882 672; x_wconf 93' lang='lat'><strong>793).</strong></span> 
     </span>
    </p>
   </div>
   <div class='ocr_carea' id='block_1_7' title="bbox 235 685 1890 762">
    <p class='ocr_par' dir='ltr' id='par_1_7' title="bbox 235 685 1890 762">
     <span class='ocr_line' id='line_1_7' title="bbox 235 685 1890 762; baseline 0.002 -22"><span class='ocrx_word' id='word_1_41' title='bbox 235 685 520 742; x_wconf 72' lang='lat' dir='ltr'><strong>Alcuinus</strong></span> <span class='ocrx_word' id='word_1_42' title='bbox 547 694 681 756; x_wconf 91' lang='lat' dir='ltr'><strong>post</strong></span> <span class='ocrx_word' id='word_1_43' title='bbox 712 687 862 742; x_wconf 89' lang='lat' dir='ltr'><strong>hunc</strong></span> <span class='ocrx_word' id='word_1_44' title='bbox 894 687 1186 746; x_wconf 86' lang='lat' dir='ltr'><strong>successit</strong></span> <span class='ocrx_word' id='word_1_45' title='bbox 1217 687 1388 759; x_wconf 87' lang='lat'><strong>(796),</strong></span> <span class='ocrx_word' id='word_1_46' title='bbox 1422 694 1454 744; x_wconf 94' lang='lat'><strong>7</strong></span> <span class='ocrx_word' id='word_1_47' title='bbox 1488 703 1638 745; x_wconf 89' lang='lat' dir='ltr'><strong>anno</strong></span> <span class='ocrx_word' id='word_1_48' title='bbox 1669 689 1890 762; x_wconf 87' lang='lat' dir='ltr'><strong>Apolli-</strong></span> 
     </span>
    </p>
   </div>
   <div class='ocr_carea' id='block_1_8' title="bbox 234 773 1883 850">
    <p class='ocr_par' dir='ltr' id='par_1_8' title="bbox 234 773 1883 850">
     <span class='ocr_line' id='line_1_8' title="bbox 234 773 1883 850; baseline 0.002 -20"><span class='ocrx_word' id='word_1_49' title='bbox 234 774 361 830; x_wconf 95' lang='lat' dir='ltr'><strong>nari</strong></span> <span class='ocrx_word' id='word_1_50' title='bbox 393 773 590 830; x_wconf 80' lang='lat' dir='ltr'><strong>sedem</strong></span> <span class='ocrx_word' id='word_1_51' title='bbox 625 775 861 844; x_wconf 92' lang='lat' dir='ltr'><strong>reliquit</strong></span> <span class='ocrx_word' id='word_1_52' title='bbox 895 775 1045 832; x_wconf 90' lang='lat' dir='ltr'><strong>dono</strong></span> <span class='ocrx_word' id='word_1_53' title='bbox 1077 777 1270 832; x_wconf 86' lang='lat' dir='ltr'><strong>Karoli</strong></span> <span class='ocrx_word' id='word_1_54' title='bbox 1305 777 1677 848; x_wconf 82' lang='lat' dir='ltr'><strong>imperatoris</strong></span> <span class='ocrx_word' id='word_1_55' title='bbox 1713 778 1883 850; x_wconf 90' lang='lat'><strong>(803).</strong></span> 
     </span>
    </p>
   </div>
   <div class='ocr_carea' id='block_1_9' title="bbox 233 863 1886 936">
    <p class='ocr_par' dir='ltr' id='par_1_9' title="bbox 233 863 1886 936">
     <span class='ocr_line' id='line_1_9' title="bbox 233 863 1886 936; baseline 0.002 -18"><span class='ocrx_word' id='word_1_56' title='bbox 233 863 505 930; x_wconf 88' lang='lat' dir='ltr'><strong>Quantus</strong></span> <span class='ocrx_word' id='word_1_57' title='bbox 555 863 666 932; x_wconf 92' lang='lat' dir='ltr'><strong>hic,</strong></span> <span class='ocrx_word' id='word_1_58' title='bbox 729 863 990 935; x_wconf 83' lang='lat' dir='ltr'><strong>qualisve</strong></span> <span class='ocrx_word' id='word_1_59' title='bbox 1049 865 1244 936; x_wconf 86' lang='lat' dir='ltr'><strong>fuerit,</strong></span> <span class='ocrx_word' id='word_1_60' title='bbox 1307 865 1536 936; x_wconf 89' lang='lat' dir='ltr'><strong>publica</strong></span> <span class='ocrx_word' id='word_1_61' title='bbox 1585 867 1886 924; x_wconf 88' lang='lat' dir='ltr'><strong>continent</strong></span> 
     </span>
    </p>
   </div>
   <div class='ocr_carea' id='block_1_10' title="bbox 233 951 1883 1026">
    <p class='ocr_par' dir='ltr' id='par_1_10' title="bbox 233 951 1883 1026">
     <span class='ocr_line' id='line_1_10' title="bbox 233 951 1883 1026; baseline 0.001 -19"><span class='ocrx_word' id='word_1_62' title='bbox 233 955 439 1022; x_wconf 84' lang='lat' dir='ltr'><strong>gesta;</strong></span> <span class='ocrx_word' id='word_1_63' title='bbox 487 951 630 1008; x_wconf 89' lang='lat' dir='ltr'><strong>obiit</strong></span> <span class='ocrx_word' id='word_1_64' title='bbox 663 956 927 1024; x_wconf 88' lang='lat' dir='ltr'><strong>tempore</strong></span> <span class='ocrx_word' id='word_1_65' title='bbox 960 952 1233 1010; x_wconf 88' lang='lat' dir='ltr'><strong>Ludovici</strong></span> <span class='ocrx_word' id='word_1_66' title='bbox 1268 953 1644 1026; x_wconf 85' lang='lat' dir='ltr'><strong>imperatoris</strong></span> <span class='ocrx_word' id='word_1_67' title='bbox 1677 954 1883 1011; x_wconf 91' lang='lat' dir='ltr'><strong>indict.</strong></span> 
     </span>
    </p>
   </div>
   <div class='ocr_carea' id='block_1_11' title="bbox 233 1041 1882 1113">
    <p class='ocr_par' dir='ltr' id='par_1_11' title="bbox 233 1041 1882 1113">
     <span class='ocr_line' id='line_1_11' title="bbox 233 1041 1882 1113; baseline 0.001 -17"><span class='ocrx_word' id='word_1_68' title='bbox 233 1043 422 1110; x_wconf 66' lang='lat'><strong>4,826,</strong></span> <span class='ocrx_word' id='word_1_69' title='bbox 454 1043 511 1097; x_wconf 93' lang='lat' dir='ltr'><strong>et</strong></span> <span class='ocrx_word' id='word_1_70' title='bbox 545 1045 775 1098; x_wconf 90' lang='lat' dir='ltr'><strong>mortuo</strong></span> <span class='ocrx_word' id='word_1_71' title='bbox 808 1041 1051 1111; x_wconf 84' lang='lat' dir='ltr'><strong>Vigilius</strong></span> <span class='ocrx_word' id='word_1_72' title='bbox 1083 1043 1392 1098; x_wconf 83' lang='lat' dir='ltr'><strong>successit.</strong></span> <span class='ocrx_word' id='word_1_73' title='bbox 1417 1043 1558 1100; x_wconf 80' lang='lat' dir='ltr'><strong>Huic</strong></span> <span class='ocrx_word' id='word_1_74' title='bbox 1589 1059 1738 1100; x_wconf 86' lang='lat' dir='ltr'><strong>anno</strong></span> <span class='ocrx_word' id='word_1_75' title='bbox 1760 1043 1882 1113; x_wconf 84' lang='lat'><strong>839,</strong></span> 
     </span>
    </p>
   </div>
   <div class='ocr_carea' id='block_1_12' title="bbox 235 1129 1888 1200">
    <p class='ocr_par' dir='ltr' id='par_1_12' title="bbox 235 1129 1888 1200">
     <span class='ocr_line' id='line_1_12' title="bbox 235 1129 1888 1200; baseline 0.003 -15"><span class='ocrx_word' id='word_1_76' title='bbox 235 1129 610 1186; x_wconf 79' lang='lat' dir='ltr'><strong>Adrevaldus</strong></span> <span class='ocrx_word' id='word_1_77' title='bbox 639 1131 947 1200; x_wconf 85' lang='lat' dir='ltr'><strong>successit,</strong></span> <span class='ocrx_word' id='word_1_78' title='bbox 963 1134 1019 1186; x_wconf 86' lang='lat' dir='ltr'><strong>et</strong></span> <span class='ocrx_word' id='word_1_79' title='bbox 1044 1131 1221 1187; x_wconf 88' lang='lat' dir='ltr'><strong>tertio</strong></span> <span class='ocrx_word' id='word_1_80' title='bbox 1243 1145 1394 1188; x_wconf 89' lang='lat' dir='ltr'><strong>anno</strong></span> <span class='ocrx_word' id='word_1_81' title='bbox 1415 1133 1578 1188; x_wconf 87' lang='lat' dir='ltr'><strong>obiit.</strong></span> <span class='ocrx_word' id='word_1_82' title='bbox 1599 1133 1888 1190; x_wconf 88' lang='lat' dir='ltr'><strong>Marianus</strong></span> 
     </span>
    </p>
   </div>
   <div class='ocr_carea' id='block_1_13' title="bbox 235 1217 1888 1293">
    <p class='ocr_par' dir='ltr' id='par_1_13' title="bbox 235 1217 1888 1293">
     <span class='ocr_line' id='line_1_13' title="bbox 235 1217 1888 1293; baseline 0.003 -19"><span class='ocrx_word' id='word_1_83' title='bbox 235 1217 670 1275; x_wconf 74' lang='lat' dir='ltr'><strong>successit845.</strong></span> <span class='ocrx_word' id='word_1_84' title='bbox 697 1218 813 1276; x_wconf 88' lang='lat' dir='ltr'><strong>ind.</strong></span> <span class='ocrx_word' id='word_1_85' title='bbox 841 1222 892 1290; x_wconf 89' lang='lat'><strong>8,</strong></span> <span class='ocrx_word' id='word_1_86' title='bbox 923 1225 984 1275; x_wconf 92' lang='lat' dir='ltr'><strong>et</strong></span> <span class='ocrx_word' id='word_1_87' title='bbox 1007 1219 1254 1276; x_wconf 86' lang='lat' dir='ltr'><strong>Wlfaldo</strong></span> <span class='ocrx_word' id='word_1_88' title='bbox 1278 1220 1473 1276; x_wconf 91' lang='lat' dir='ltr'><strong>sedem</strong></span> <span class='ocrx_word' id='word_1_89' title='bbox 1497 1221 1888 1293; x_wconf 86' lang='lat' dir='ltr'><strong>reliquit.Quo</strong></span> 
     </span>
    </p>
   </div>
   <div class='ocr_carea' id='block_1_14' title="bbox 235 1306 1884 1382">
    <p class='ocr_par' dir='ltr' id='par_1_14' title="bbox 235 1306 1884 1382">
     <span class='ocr_line' id='line_1_14' title="bbox 235 1306 1884 1382; baseline 0.002 -20"><span class='ocrx_word' id='word_1_90' title='bbox 235 1306 551 1377; x_wconf 82' lang='lat' dir='ltr'><strong>migrante,</strong></span> <span class='ocrx_word' id='word_1_91' title='bbox 573 1307 844 1364; x_wconf 75' lang='lat' dir='ltr'><strong>Warinus</strong></span> <span class='ocrx_word' id='word_1_92' title='bbox 874 1323 1070 1364; x_wconf 91' lang='lat' dir='ltr'><strong>comes</strong></span> <span class='ocrx_word' id='word_1_93' title='bbox 1103 1308 1257 1366; x_wconf 89' lang='lat' dir='ltr'><strong>dono</strong></span> <span class='ocrx_word' id='word_1_94' title='bbox 1291 1309 1662 1382; x_wconf 88' lang='lat' dir='ltr'><strong>imperatoris</strong></span> <span class='ocrx_word' id='word_1_95' title='bbox 1693 1309 1884 1366; x_wconf 87' lang='lat' dir='ltr'><strong>Karoli</strong></span> 
     </span>
    </p>
   </div>
   <div class='ocr_carea' id='block_1_15' title="bbox 236 1395 1882 1470">
    <p class='ocr_par' dir='ltr' id='par_1_15' title="bbox 236 1395 1882 1470">
     <span class='ocr_line' id='line_1_15' title="bbox 236 1395 1882 1470; baseline 0.002 -18"><span class='ocrx_word' id='word_1_96' title='bbox 236 1395 478 1467; x_wconf 67' lang='lat' dir='ltr'><strong>praafuit</strong></span> <span class='ocrx_word' id='word_1_97' title='bbox 513 1396 636 1452; x_wconf 90' lang='lat' dir='ltr'><strong>vice</strong></span> <span class='ocrx_word' id='word_1_98' title='bbox 661 1396 908 1466; x_wconf 84' lang='lat' dir='ltr'><strong>abbatis,</strong></span> <span class='ocrx_word' id='word_1_99' title='bbox 947 1401 1006 1453; x_wconf 92' lang='lat' dir='ltr'><strong>et</strong></span> <span class='ocrx_word' id='word_1_100' title='bbox 1048 1398 1154 1454; x_wconf 89' lang='lat' dir='ltr'><strong>sub</strong></span> <span class='ocrx_word' id='word_1_101' title='bbox 1185 1412 1254 1452; x_wconf 92' lang='lat' dir='ltr'><strong>eo</strong></span> <span class='ocrx_word' id='word_1_102' title='bbox 1288 1398 1550 1454; x_wconf 89' lang='lat' dir='ltr'><strong>Sarulfus</strong></span> <span class='ocrx_word' id='word_1_103' title='bbox 1582 1399 1882 1470; x_wconf 85' lang='lat' dir='ltr'><strong>diaconus,</strong></span> 
     </span>
    </p>
   </div>
   <div class='ocr_carea' id='block_1_16' title="bbox 234 1486 1889 1556">
    <p class='ocr_par' dir='ltr' id='par_1_16' title="bbox 234 1486 1889 1556">
     <span class='ocr_line' id='line_1_16' title="bbox 234 1486 1889 1556; baseline 0.002 -16"><span class='ocrx_word' id='word_1_104' title='bbox 234 1489 295 1540; x_wconf 91' lang='lat' dir='ltr'><strong>et</strong></span> <span class='ocrx_word' id='word_1_105' title='bbox 327 1490 466 1556; x_wconf 89' lang='lat' dir='ltr'><strong>post</strong></span> <span class='ocrx_word' id='word_1_106' title='bbox 518 1499 649 1541; x_wconf 93' lang='lat' dir='ltr'><strong>eum</strong></span> <span class='ocrx_word' id='word_1_107' title='bbox 706 1486 999 1542; x_wconf 86' lang='lat' dir='ltr'><strong>Gozserus</strong></span> <span class='ocrx_word' id='word_1_108' title='bbox 1043 1486 1224 1541; x_wconf 82' lang='lat' dir='ltr'><strong>abbas</strong></span> <span class='ocrx_word' id='word_1_109' title='bbox 1273 1487 1574 1543; x_wconf 87' lang='lat' dir='ltr'><strong>successit.</strong></span> <span class='ocrx_word' id='word_1_110' title='bbox 1637 1487 1761 1553; x_wconf 86' lang='lat' dir='ltr'><strong>Quo</strong></span> <span class='ocrx_word' id='word_1_111' title='bbox 1793 1486 1889 1544; x_wconf 90' lang='lat' dir='ltr'><strong>de-</strong></span> 
     </span>
    </p>
   </div>
   <div class='ocr_carea' id='block_1_17' title="bbox 235 1573 1890 1645">
    <p class='ocr_par' dir='ltr' id='par_1_17' title="bbox 235 1573 1890 1645">
     <span class='ocr_line' id='line_1_17' title="bbox 235 1573 1890 1645; baseline 0.004 -19"><span class='ocrx_word' id='word_1_112' title='bbox 235 1573 463 1645; x_wconf 86' lang='lat' dir='ltr'><strong>functo,</strong></span> <span class='ocrx_word' id='word_1_113' title='bbox 511 1575 674 1644; x_wconf 86' lang='lat' dir='ltr'><strong>Ilugo</strong></span> <span class='ocrx_word' id='word_1_114' title='bbox 722 1574 1007 1631; x_wconf 89' lang='lat' dir='ltr'><strong>successit</strong></span> <span class='ocrx_word' id='word_1_115' title='bbox 1057 1577 1123 1628; x_wconf 84' lang='lat'><strong>16</strong></span> <span class='ocrx_word' id='word_1_116' title='bbox 1154 1588 1303 1630; x_wconf 91' lang='lat' dir='ltr'><strong>anno</strong></span> <span class='ocrx_word' id='word_1_117' title='bbox 1338 1574 1559 1641; x_wconf 82' lang='lat' dir='ltr'><strong>Karoli;</strong></span> <span class='ocrx_word' id='word_1_118' title='bbox 1592 1581 1648 1630; x_wconf 93' lang='lat' dir='ltr'><strong>et</strong></span> <span class='ocrx_word' id='word_1_119' title='bbox 1681 1575 1730 1631; x_wconf 92' lang='lat' dir='ltr'><strong>ei</strong></span> <span class='ocrx_word' id='word_1_120' title='bbox 1763 1591 1890 1632; x_wconf 89' lang='lat' dir='ltr'><strong>suc-</strong></span> 
     </span>
    </p>
   </div>
   <div class='ocr_carea' id='block_1_18' title="bbox 232 1661 1888 1734">
    <p class='ocr_par' dir='ltr' id='par_1_18' title="bbox 232 1661 1888 1734">
     <span class='ocr_line' id='line_1_18' title="bbox 232 1661 1888 1734; baseline 0.001 -17"><span class='ocrx_word' id='word_1_121' title='bbox 232 1661 424 1718; x_wconf 82' lang='lat' dir='ltr'><strong>cessit</strong></span> <span class='ocrx_word' id='word_1_122' title='bbox 444 1668 682 1718; x_wconf 88' lang='lat' dir='ltr'><strong>sanetus</strong></span> <span class='ocrx_word' id='word_1_123' title='bbox 704 1661 888 1734; x_wconf 79' lang='lat' dir='ltr'><strong>Eygil,</strong></span> <span class='ocrx_word' id='word_1_124' title='bbox 922 1661 1289 1733; x_wconf 86' lang='lat' dir='ltr'><strong>postmodum</strong></span> <span class='ocrx_word' id='word_1_125' title='bbox 1325 1663 1672 1718; x_wconf 89' lang='lat' dir='ltr'><strong>Senonensis</strong></span> <span class='ocrx_word' id='word_1_126' title='bbox 1704 1663 1888 1720; x_wconf 87' lang='lat' dir='ltr'><strong>archi-</strong></span> 
     </span>
    </p>
   </div>
   <div class='ocr_carea' id='block_1_19' title="bbox 233 1749 1882 1820">
    <p class='ocr_par' dir='ltr' id='par_1_19' title="bbox 233 1749 1882 1820">
     <span class='ocr_line' id='line_1_19' title="bbox 233 1749 1882 1820; baseline 0.001 -15"><span class='ocrx_word' id='word_1_127' title='bbox 233 1749 570 1820; x_wconf 74' lang='lat' dir='ltr'><strong>episcopus;</strong></span> <span class='ocrx_word' id='word_1_128' title='bbox 605 1749 703 1820; x_wconf 88' lang='lat' dir='ltr'><strong>qui</strong></span> <span class='ocrx_word' id='word_1_129' title='bbox 759 1765 976 1820; x_wconf 89' lang='lat' dir='ltr'><strong>corpus</strong></span> <span class='ocrx_word' id='word_1_130' title='bbox 1025 1753 1243 1806; x_wconf 79' lang='lat' dir='ltr'><strong>sanctae</strong></span> <span class='ocrx_word' id='word_1_131' title='bbox 1293 1749 1527 1819; x_wconf 61' lang='lat' dir='ltr'><strong>Reginae</strong></span> <span class='ocrx_word' id='word_1_132' title='bbox 1562 1751 1882 1807; x_wconf 86' lang='lat' dir='ltr'><strong>transtulit.</strong></span> 
     </span>
    </p>
   </div>
   <div class='ocr_carea' id='block_1_20' title="bbox 234 1838 1884 1909">
    <p class='ocr_par' dir='ltr' id='par_1_20' title="bbox 234 1838 1884 1909">
     <span class='ocr_line' id='line_1_20' title="bbox 234 1838 1884 1909; baseline 0.002 -16"><span class='ocrx_word' id='word_1_133' title='bbox 234 1839 385 1895; x_wconf 80' lang='lat' dir='ltr'><strong>Huic</strong></span> <span class='ocrx_word' id='word_1_134' title='bbox 416 1838 590 1893; x_wconf 90' lang='lat' dir='ltr'><strong>etiam</strong></span> <span class='ocrx_word' id='word_1_135' title='bbox 627 1838 906 1908; x_wconf 87' lang='lat' dir='ltr'><strong>Sigardus</strong></span> <span class='ocrx_word' id='word_1_136' title='bbox 924 1839 1210 1894; x_wconf 90' lang='lat' dir='ltr'><strong>successit</strong></span> <span class='ocrx_word' id='word_1_137' title='bbox 1235 1843 1292 1894; x_wconf 91' lang='lat' dir='ltr'><strong>et</strong></span> <span class='ocrx_word' id='word_1_138' title='bbox 1319 1843 1369 1909; x_wconf 73' lang='grc' dir='ltr'><strong>ὅ,</strong></span> <span class='ocrx_word' id='word_1_139' title='bbox 1396 1854 1544 1896; x_wconf 87' lang='lat' dir='ltr'><strong>anno</strong></span> <span class='ocrx_word' id='word_1_140' title='bbox 1567 1839 1884 1907; x_wconf 83' lang='lat' dir='ltr'><strong>Wolfardo,</strong></span> 
     </span>
    </p>
   </div>
   <div class='ocr_carea' id='block_1_21' title="bbox 236 1925 1890 1998">
    <p class='ocr_par' dir='ltr' id='par_1_21' title="bbox 236 1925 1890 1998">
     <span class='ocr_line' id='line_1_21' title="bbox 236 1925 1890 1998; baseline 0.002 -18"><span class='ocrx_word' id='word_1_141' title='bbox 236 1926 515 1982; x_wconf 77' lang='lat' dir='ltr'><strong>Ludovici</strong></span> <span class='ocrx_word' id='word_1_142' title='bbox 547 1927 592 1980; x_wconf 91' lang='lat' dir='ltr'><strong>ll</strong></span> <span class='ocrx_word' id='word_1_143' title='bbox 624 1925 998 1998; x_wconf 91' lang='lat' dir='ltr'><strong>imperatoris</strong></span> <span class='ocrx_word' id='word_1_144' title='bbox 1039 1926 1288 1995; x_wconf 90' lang='lat' dir='ltr'><strong>sororio,</strong></span> <span class='ocrx_word' id='word_1_145' title='bbox 1325 1927 1477 1982; x_wconf 91' lang='lat' dir='ltr'><strong>dono</strong></span> <span class='ocrx_word' id='word_1_146' title='bbox 1509 1927 1764 1998; x_wconf 87' lang='lat' dir='ltr'><strong>ejusdem</strong></span> <span class='ocrx_word' id='word_1_147' title='bbox 1801 1943 1890 1983; x_wconf 91' lang='lat' dir='ltr'><strong>se-</strong></span> 
     </span>
    </p>
   </div>
   <div class='ocr_carea' id='block_1_22' title="bbox 233 2014 1892 2086">
    <p class='ocr_par' dir='ltr' id='par_1_22' title="bbox 233 2014 1892 2086">
     <span class='ocr_line' id='line_1_22' title="bbox 233 2014 1892 2086; baseline 0.001 -16"><span class='ocrx_word' id='word_1_148' title='bbox 233 2015 370 2071; x_wconf 89' lang='lat' dir='ltr'><strong>dem</strong></span> <span class='ocrx_word' id='word_1_149' title='bbox 407 2014 662 2086; x_wconf 89' lang='lat' dir='ltr'><strong>reliquit.</strong></span> <span class='ocrx_word' id='word_1_150' title='bbox 699 2015 875 2085; x_wconf 87' lang='lat' dir='ltr'><strong>Cujus</strong></span> <span class='ocrx_word' id='word_1_151' title='bbox 906 2014 1292 2072; x_wconf 88' lang='lat' dir='ltr'><strong>ordinationis</strong></span> <span class='ocrx_word' id='word_1_152' title='bbox 1323 2029 1473 2072; x_wconf 91' lang='lat' dir='ltr'><strong>anno</strong></span> <span class='ocrx_word' id='word_1_153' title='bbox 1505 2019 1536 2070; x_wconf 91' lang='lat'>3</span> <span class='ocrx_word' id='word_1_154' title='bbox 1586 2030 1892 2072; x_wconf 90' lang='lat' dir='ltr'><strong>consecra-</strong></span> 
     </span>
    </p>
   </div>
   <div class='ocr_carea' id='block_1_23' title="bbox 233 2103 1889 2176">
    <p class='ocr_par' dir='ltr' id='par_1_23' title="bbox 233 2103 1889 2176">
     <span class='ocr_line' id='line_1_23' title="bbox 233 2103 1889 2176; baseline 0.002 -18"><span class='ocrx_word' id='word_1_155' title='bbox 233 2104 320 2160; x_wconf 87' lang='lat' dir='ltr'><strong>tio</strong></span> <span class='ocrx_word' id='word_1_156' title='bbox 358 2103 812 2161; x_wconf 86' lang='lat' dir='ltr'><strong>Flaviniacensis</strong></span> <span class='ocrx_word' id='word_1_157' title='bbox 835 2103 1102 2161; x_wconf 81' lang='lat' dir='ltr'><strong>ecclesiae</strong></span> <span class='ocrx_word' id='word_1_158' title='bbox 1127 2109 1254 2160; x_wconf 89' lang='lat' dir='ltr'><strong>acta</strong></span> <span class='ocrx_word' id='word_1_159' title='bbox 1279 2111 1370 2160; x_wconf 90' lang='lat' dir='ltr'><strong>est</strong></span> <span class='ocrx_word' id='word_1_160' title='bbox 1394 2119 1422 2159; x_wconf 93' lang='lat' dir='ltr'><strong>a</strong></span> <span class='ocrx_word' id='word_1_161' title='bbox 1454 2105 1712 2160; x_wconf 84' lang='lat' dir='ltr'><strong>Johanne</strong></span> <span class='ocrx_word' id='word_1_162' title='bbox 1741 2120 1889 2176; x_wconf 88' lang='lat' dir='ltr'><strong>papa</strong></span> 
     </span>
    </p>
   </div>
   <div class='ocr_carea' id='block_1_24' title="bbox 229 2191 1890 2264">
    <p class='ocr_par' dir='ltr' id='par_1_24' title="bbox 229 2191 1890 2264">
     <span class='ocr_line' id='line_1_24' title="bbox 229 2191 1890 2264; baseline 0 -16"><span class='ocrx_word' id='word_1_163' title='bbox 229 2197 296 2248; x_wconf 87' lang='lat' dir='ltr'><strong>et</strong></span> <span class='ocrx_word' id='word_1_164' title='bbox 326 2195 398 2248; x_wconf 90' lang='grc'><strong>18</strong></span> <span class='ocrx_word' id='word_1_165' title='bbox 427 2191 740 2264; x_wconf 77' lang='lat' dir='ltr'><strong>episCOpis,</strong></span> <span class='ocrx_word' id='word_1_166' title='bbox 775 2207 924 2248; x_wconf 91' lang='lat' dir='ltr'><strong>anno</strong></span> <span class='ocrx_word' id='word_1_167' title='bbox 951 2195 1057 2248; x_wconf 88' lang='lat'><strong>878</strong></span> <span class='ocrx_word' id='word_1_168' title='bbox 1085 2191 1202 2248; x_wconf 91' lang='lat' dir='ltr'><strong>ind.</strong></span> <span class='ocrx_word' id='word_1_169' title='bbox 1239 2196 1293 2249; x_wconf 86' lang='lat' dir='ltr'><strong>ll</strong></span> <span class='ocrx_word' id='word_1_170' title='bbox 1334 2193 1477 2258; x_wconf 81' lang='lat' dir='ltr'><strong>Quo.</strong></span> <span class='ocrx_word' id='word_1_171' title='bbox 1513 2193 1688 2248; x_wconf 90' lang='lat' dir='ltr'><strong>etiam</strong></span> <span class='ocrx_word' id='word_1_172' title='bbox 1740 2208 1890 2249; x_wconf 90' lang='lat' dir='ltr'><strong>anno</strong></span> 
     </span>
    </p>
   </div>
   <div class='ocr_carea' id='block_1_25' title="bbox 232 2280 1891 2352">
    <p class='ocr_par' dir='ltr' id='par_1_25' title="bbox 232 2280 1891 2352">
     <span class='ocr_line' id='line_1_25' title="bbox 232 2280 1891 2352; baseline 0 -16"><span class='ocrx_word' id='word_1_173' title='bbox 232 2281 490 2336; x_wconf 89' lang='lat' dir='ltr'><strong>moritur</strong></span> <span class='ocrx_word' id='word_1_174' title='bbox 512 2280 841 2337; x_wconf 89' lang='lat' dir='ltr'><strong>Ludovicus</strong></span> <span class='ocrx_word' id='word_1_175' title='bbox 863 2281 1202 2352; x_wconf 89' lang='lat' dir='ltr'><strong>imperator,</strong></span> <span class='ocrx_word' id='word_1_176' title='bbox 1228 2285 1286 2336; x_wconf 90' lang='lat' dir='ltr'><strong>et</strong></span> <span class='ocrx_word' id='word_1_177' title='bbox 1311 2280 1732 2338; x_wconf 89' lang='lat' dir='ltr'><strong>Karlomannus</strong></span> <span class='ocrx_word' id='word_1_178' title='bbox 1760 2297 1891 2339; x_wconf 88' lang='lat' dir='ltr'><strong>suc-</strong></span> 
     </span>
    </p>
   </div>
   <div class='ocr_carea' id='block_1_26' title="bbox 231 2359 1888 2442">
    <p class='ocr_par' dir='ltr' id='par_1_26' title="bbox 231 2359 1888 2442">
     <span class='ocr_line' id='line_1_26' title="bbox 231 2359 1888 2442; baseline -0.001 -16"><span class='ocrx_word' id='word_1_179' title='bbox 231 2369 440 2426; x_wconf 88' lang='lat' dir='ltr'><strong>cessit.</strong></span> <span class='ocrx_word' id='word_1_180' title='bbox 479 2371 618 2426; x_wconf 87' lang='lat' dir='ltr'><strong>Post</strong></span> <span class='ocrx_word' id='word_1_181' title='bbox 647 2359 1150 2440; x_wconf 40' lang='lat' dir='ltr'><strong>hmc&#39;Adalgarius</strong></span> <span class='ocrx_word' id='word_1_182' title='bbox 1183 2370 1494 2442; x_wconf 89' lang='lat' dir='ltr'><strong>episcopus</strong></span> <span class='ocrx_word' id='word_1_183' title='bbox 1545 2370 1830 2427; x_wconf 84' lang='lat' dir='ltr'><strong>Eduensis</strong></span> <span class='ocrx_word' id='word_1_184' title='bbox 1860 2386 1888 2425; x_wconf 93' lang='lat' dir='ltr'><strong>a</strong></span> 
     </span>
    </p>
   </div>
   <div class='ocr_carea' id='block_1_27' title="bbox 233 2457 1891 2531">
    <p class='ocr_par' dir='ltr' id='par_1_27' title="bbox 233 2457 1891 2531">
     <span class='ocr_line' id='line_1_27' title="bbox 233 2457 1891 2531; baseline 0.001 -17"><span class='ocrx_word' id='word_1_185' title='bbox 233 2457 455 2514; x_wconf 86' lang='lat' dir='ltr'><strong>Karolo</strong></span> <span class='ocrx_word' id='word_1_186' title='bbox 486 2458 758 2530; x_wconf 81' lang='lat' dir='ltr'><strong>Simpliee</strong></span> <span class='ocrx_word' id='word_1_187' title='bbox 790 2459 976 2531; x_wconf 88' lang='lat' dir='ltr'><strong>primo</strong></span> <span class='ocrx_word' id='word_1_188' title='bbox 1007 2473 1157 2515; x_wconf 89' lang='lat' dir='ltr'><strong>anno</strong></span> <span class='ocrx_word' id='word_1_189' title='bbox 1187 2459 1348 2528; x_wconf 85' lang='lat' dir='ltr'><strong>regni</strong></span> <span class='ocrx_word' id='word_1_190' title='bbox 1388 2459 1514 2529; x_wconf 93' lang='lat' dir='ltr'><strong>ejus</strong></span> <span class='ocrx_word' id='word_1_191' title='bbox 1553 2459 1661 2514; x_wconf 89' lang='lat' dir='ltr'><strong>sub</strong></span> <span class='ocrx_word' id='word_1_192' title='bbox 1695 2459 1891 2516; x_wconf 90' lang='lat' dir='ltr'><strong>Odone</strong></span> 
     </span>
    </p>
   </div>
   <div class='ocr_carea' id='block_1_28' title="bbox 234 2547 1888 2620">
    <p class='ocr_par' dir='ltr' id='par_1_28' title="bbox 234 2547 1888 2620">
     <span class='ocr_line' id='line_1_28' title="bbox 234 2547 1888 2620; baseline -0.001 -17"><span class='ocrx_word' id='word_1_193' title='bbox 234 2547 536 2604; x_wconf 87' lang='lat' dir='ltr'><strong>abbatiam</strong></span> <span class='ocrx_word' id='word_1_194' title='bbox 570 2547 920 2620; x_wconf 88' lang='lat' dir='ltr'><strong>perquisivit</strong></span> <span class='ocrx_word' id='word_1_195' title='bbox 949 2555 1013 2604; x_wconf 87' lang='lat' dir='ltr'><strong>et</strong></span> <span class='ocrx_word' id='word_1_196' title='bbox 1041 2547 1318 2614; x_wconf 86' lang='lat' dir='ltr'><strong>obtinuit,</strong></span> <span class='ocrx_word' id='word_1_197' title='bbox 1351 2550 1410 2603; x_wconf 88' lang='lat' dir='ltr'><strong>et</strong></span> <span class='ocrx_word' id='word_1_198' title='bbox 1441 2549 1513 2603; x_wconf 88' lang='lat' dir='ltr'><strong>ab</strong></span> <span class='ocrx_word' id='word_1_199' title='bbox 1536 2547 1644 2604; x_wconf 88' lang='lat' dir='ltr'><strong>hoc</strong></span> <span class='ocrx_word' id='word_1_200' title='bbox 1679 2563 1708 2603; x_wconf 91' lang='lat' dir='ltr'><strong>a</strong></span> <span class='ocrx_word' id='word_1_201' title='bbox 1744 2563 1888 2618; x_wconf 87' lang='lat' dir='ltr'><strong>papa</strong></span> 
     </span>
    </p>
   </div>
   <div class='ocr_carea' id='block_1_29' title="bbox 239 2633 1889 2704">
    <p class='ocr_par' dir='ltr' id='par_1_29' title="bbox 239 2633 1889 2704">
     <span class='ocr_line' id='line_1_29' title="bbox 239 2633 1889 2704; baseline -0.001 -12"><span class='ocrx_word' id='word_1_202' title='bbox 239 2637 485 2692; x_wconf 82' lang='lat' dir='ltr'><strong>Romam</strong></span> <span class='ocrx_word' id='word_1_203' title='bbox 516 2635 822 2704; x_wconf 87' lang='lat' dir='ltr'><strong>invitatus,</strong></span> <span class='ocrx_word' id='word_1_204' title='bbox 858 2635 911 2690; x_wconf 91' lang='lat' dir='ltr'><strong>in</strong></span> <span class='ocrx_word' id='word_1_205' title='bbox 958 2635 1168 2692; x_wconf 84' lang='lat' dir='ltr'><strong>itinere</strong></span> <span class='ocrx_word' id='word_1_206' title='bbox 1217 2633 1362 2692; x_wconf 81' lang='lat' dir='ltr'><strong>obiit</strong></span> <span class='ocrx_word' id='word_1_207' title='bbox 1395 2635 1702 2704; x_wconf 89' lang='lat' dir='ltr'><strong>Trenortii,</strong></span> <span class='ocrx_word' id='word_1_208' title='bbox 1739 2650 1889 2690; x_wconf 89' lang='lat' dir='ltr'><strong>anno</strong></span> 
     </span>
    </p>
   </div>
   <div class='ocr_carea' id='block_1_30' title="bbox 235 2723 1890 2796">
    <p class='ocr_par' dir='ltr' id='par_1_30' title="bbox 235 2723 1890 2796">
     <span class='ocr_line' id='line_1_30' title="bbox 235 2723 1890 2796; baseline 0 -16"><span class='ocrx_word' id='word_1_209' title='bbox 235 2725 468 2794; x_wconf 86' lang='lat' dir='ltr'><strong>eodem,</strong></span> <span class='ocrx_word' id='word_1_210' title='bbox 501 2724 728 2781; x_wconf 87' lang='lat' dir='ltr'><strong>scilicet</strong></span> <span class='ocrx_word' id='word_1_211' title='bbox 761 2729 894 2791; x_wconf 88' lang='lat'><strong>893;</strong></span> <span class='ocrx_word' id='word_1_212' title='bbox 923 2730 982 2780; x_wconf 93' lang='lat' dir='ltr'><strong>et</strong></span> <span class='ocrx_word' id='word_1_213' title='bbox 1009 2726 1118 2780; x_wconf 89' lang='lat' dir='ltr'><strong>sub</strong></span> <span class='ocrx_word' id='word_1_214' title='bbox 1151 2739 1220 2780; x_wconf 90' lang='lat' dir='ltr'><strong>eo</strong></span> <span class='ocrx_word' id='word_1_215' title='bbox 1257 2724 1510 2795; x_wconf 85' lang='lat' dir='ltr'><strong>Aquinas</strong></span> <span class='ocrx_word' id='word_1_216' title='bbox 1536 2723 1890 2796; x_wconf 68' lang='lat' dir='ltr'><strong>prmpositus</strong></span> 
     </span>
    </p>
   </div>
   <div class='ocr_carea' id='block_1_31' title="bbox 236 2988 1884 3058">
    <p class='ocr_par' dir='ltr' id='par_1_31' title="bbox 236 2988 1884 3058">
     <span class='ocr_line' id='line_1_31' title="bbox 236 2988 1884 3058; baseline 0 -16"><span class='ocrx_word' id='word_1_217' title='bbox 236 3032 249 3043; x_wconf 92' lang='lat'><strong>.</strong></span> <span class='ocrx_word' id='word_1_218' title='bbox 299 3031 310 3043; x_wconf 94' lang='lat'><strong>.</strong></span> <span class='ocrx_word' id='word_1_219' title='bbox 358 3032 369 3043; x_wconf 93' lang='lat'><strong>.</strong></span> <span class='ocrx_word' id='word_1_220' title='bbox 419 3033 430 3044; x_wconf 93' lang='lat'><strong>.</strong></span> <span class='ocrx_word' id='word_1_221' title='bbox 477 3031 492 3044; x_wconf 95' lang='lat'><strong>.</strong></span> <span class='ocrx_word' id='word_1_222' title='bbox 534 2990 806 3047; x_wconf 79' lang='lat' dir='ltr'><strong>Richardi</strong></span> <span class='ocrx_word' id='word_1_223' title='bbox 831 2991 998 3048; x_wconf 91' lang='lat' dir='ltr'><strong>ducis</strong></span> <span class='ocrx_word' id='word_1_224' title='bbox 1023 3004 1384 3046; x_wconf 86' lang='lat' dir='ltr'><strong>successore.</strong></span> <span class='ocrx_word' id='word_1_225' title='bbox 1431 3031 1442 3043; x_wconf 94' lang='lat'><strong>.</strong></span> <span class='ocrx_word' id='word_1_226' title='bbox 1490 3031 1501 3042; x_wconf 93' lang='lat'><strong>.</strong></span> <span class='ocrx_word' id='word_1_227' title='bbox 1546 3030 1558 3044; x_wconf 93' lang='lat'><strong>.</strong></span> <span class='ocrx_word' id='word_1_228' title='bbox 1607 2988 1884 3058; x_wconf 88' lang='lat' dir='ltr'><strong>ordinari,</strong></span> 
     </span>
    </p>
   </div>
   <div class='ocr_carea' id='block_1_32' title="bbox 235 3077 1890 3150">
    <p class='ocr_par' dir='ltr' id='par_1_32' title="bbox 235 3077 1890 3150">
     <span class='ocr_line' id='line_1_32' title="bbox 235 3077 1890 3150; baseline -0.001 -15"><span class='ocrx_word' id='word_1_229' title='bbox 235 3093 411 3149; x_wconf 84' lang='lat' dir='ltr'><strong>quem</strong></span> <span class='ocrx_word' id='word_1_230' title='bbox 443 3079 736 3136; x_wconf 87' lang='lat' dir='ltr'><strong>ordinavit</strong></span> <span class='ocrx_word' id='word_1_231' title='bbox 761 3080 1064 3150; x_wconf 83' lang='lat' dir='ltr'><strong>Argrimus</strong></span> <span class='ocrx_word' id='word_1_232' title='bbox 1084 3093 1114 3134; x_wconf 90' lang='lat' dir='ltr'><strong>a</strong></span> <span class='ocrx_word' id='word_1_233' title='bbox 1141 3080 1400 3134; x_wconf 87' lang='lat' dir='ltr'><strong>Johanne</strong></span> <span class='ocrx_word' id='word_1_234' title='bbox 1425 3092 1570 3150; x_wconf 90' lang='lat' dir='ltr'><strong>papa</strong></span> <span class='ocrx_word' id='word_1_235' title='bbox 1595 3078 1664 3132; x_wconf 89' lang='lat' dir='ltr'><strong>de</strong></span> <span class='ocrx_word' id='word_1_236' title='bbox 1690 3077 1890 3148; x_wconf 84' lang='lat' dir='ltr'><strong>Lingo-</strong></span> 
     </span>
    </p>
   </div>
   <div class='ocr_carea' id='block_1_33' title="bbox 235 3167 1892 3240">
    <p class='ocr_par' dir='ltr' id='par_1_33' title="bbox 235 3167 1892 3240">
     <span class='ocr_line' id='line_1_33' title="bbox 235 3167 1892 3240; baseline 0 -18"><span class='ocrx_word' id='word_1_237' title='bbox 235 3167 408 3223; x_wconf 88' lang='lat' dir='ltr'><strong>nensi</strong></span> <span class='ocrx_word' id='word_1_238' title='bbox 435 3167 781 3240; x_wconf 88' lang='lat' dir='ltr'><strong>episcopatu</strong></span> <span class='ocrx_word' id='word_1_239' title='bbox 813 3167 1136 3240; x_wconf 92' lang='lat' dir='ltr'><strong>depositus,</strong></span> <span class='ocrx_word' id='word_1_240' title='bbox 1173 3167 1276 3224; x_wconf 89' lang='lat' dir='ltr'><strong>sed</strong></span> <span class='ocrx_word' id='word_1_241' title='bbox 1309 3182 1338 3223; x_wconf 91' lang='lat' dir='ltr'><strong>a</strong></span> <span class='ocrx_word' id='word_1_242' title='bbox 1365 3168 1639 3223; x_wconf 85' lang='lat' dir='ltr'><strong>Formoso</strong></span> <span class='ocrx_word' id='word_1_243' title='bbox 1672 3170 1892 3223; x_wconf 89' lang='lat' dir='ltr'><strong>restau-</strong></span> 
     </span>
    </p>
   </div>
   <div class='ocr_carea' id='block_1_34' title="bbox 232 3254 1887 3326">
    <p class='ocr_par' dir='ltr' id='par_1_34' title="bbox 232 3254 1887 3326">
     <span class='ocr_line' id='line_1_34' title="bbox 232 3254 1887 3326; baseline -0.001 -16"><span class='ocrx_word' id='word_1_244' title='bbox 232 3260 406 3312; x_wconf 90' lang='lat' dir='ltr'><strong>ratus</strong></span> <span class='ocrx_word' id='word_1_245' title='bbox 437 3256 494 3311; x_wconf 90' lang='lat' dir='ltr'><strong>in</strong></span> <span class='ocrx_word' id='word_1_246' title='bbox 519 3256 902 3326; x_wconf 84' lang='lat' dir='ltr'><strong>Lugdunensi,</strong></span> <span class='ocrx_word' id='word_1_247' title='bbox 930 3271 1060 3313; x_wconf 91' lang='lat' dir='ltr'><strong>cum</strong></span> <span class='ocrx_word' id='word_1_248' title='bbox 1085 3271 1197 3312; x_wconf 91' lang='lat' dir='ltr'><strong>nou</strong></span> <span class='ocrx_word' id='word_1_249' title='bbox 1221 3256 1467 3311; x_wconf 88' lang='lat' dir='ltr'><strong>haberet</strong></span> <span class='ocrx_word' id='word_1_250' title='bbox 1494 3254 1756 3326; x_wconf 88' lang='lat' dir='ltr'><strong>pallium,</strong></span> <span class='ocrx_word' id='word_1_251' title='bbox 1783 3269 1887 3310; x_wconf 89' lang='lat' dir='ltr'><strong>nec</strong></span> 
     </span>
    </p>
   </div>
   <div class='ocr_carea' id='block_1_35' title="bbox 234 3344 1890 3416">
    <p class='ocr_par' dir='ltr' id='par_1_35' title="bbox 234 3344 1890 3416">
     <span class='ocr_line' id='line_1_35' title="bbox 234 3344 1890 3416; baseline -0.001 -16"><span class='ocrx_word' id='word_1_252' title='bbox 234 3345 579 3401; x_wconf 87' lang='lat' dir='ltr'><strong>restitutam</strong></span> <span class='ocrx_word' id='word_1_253' title='bbox 605 3345 947 3416; x_wconf 87' lang='lat' dir='ltr'><strong>dignitatem</strong></span> <span class='ocrx_word' id='word_1_254' title='bbox 973 3359 1082 3415; x_wconf 91' lang='lat' dir='ltr'><strong>qua</strong></span> <span class='ocrx_word' id='word_1_255' title='bbox 1107 3351 1308 3416; x_wconf 86' lang='lat' dir='ltr'><strong>posset</strong></span> <span class='ocrx_word' id='word_1_256' title='bbox 1329 3344 1668 3415; x_wconf 89' lang='lat' dir='ltr'><strong>episcopum</strong></span> <span class='ocrx_word' id='word_1_257' title='bbox 1688 3357 1890 3399; x_wconf 90' lang='lat' dir='ltr'><strong>conse-</strong></span> 
     </span>
    </p>
   </div>
   <div class='ocr_carea' id='block_1_36' title="bbox 231 3432 1888 3503">
    <p class='ocr_par' dir='ltr' id='par_1_36' title="bbox 231 3432 1888 3503">
     <span class='ocr_line' id='line_1_36' title="bbox 231 3432 1888 3503; baseline -0.002 -13"><span class='ocrx_word' id='word_1_258' title='bbox 231 3447 428 3502; x_wconf 90' lang='lat' dir='ltr'><strong>crare,</strong></span> <span class='ocrx_word' id='word_1_259' title='bbox 461 3439 523 3490; x_wconf 85' lang='lat' dir='ltr'><strong>et</strong></span> <span class='ocrx_word' id='word_1_260' title='bbox 551 3433 986 3490; x_wconf 77' lang='lat' dir='ltr'><strong>contradiceret</strong></span> <span class='ocrx_word' id='word_1_261' title='bbox 1017 3432 1374 3489; x_wconf 89' lang='lat' dir='ltr'><strong>ordinationi</strong></span> <span class='ocrx_word' id='word_1_262' title='bbox 1423 3447 1495 3488; x_wconf 85' lang='lat' dir='ltr'><strong>ex</strong></span> <span class='ocrx_word' id='word_1_263' title='bbox 1528 3437 1693 3503; x_wconf 88' lang='lat' dir='ltr'><strong>parte</strong></span> <span class='ocrx_word' id='word_1_264' title='bbox 1729 3445 1888 3502; x_wconf 70' lang='lat' dir='ltr'><strong>papae</strong></span> 
     </span>
    </p>
   </div>
   <div class='ocr_carea' id='block_1_37' title="bbox 233 3521 1891 3594">
    <p class='ocr_par' dir='ltr' id='par_1_37' title="bbox 233 3521 1891 3594">
     <span class='ocr_line' id='line_1_37' title="bbox 233 3521 1891 3594; baseline -0.002 -16"><span class='ocrx_word' id='word_1_265' title='bbox 233 3521 558 3579; x_wconf 88' lang='lat' dir='ltr'><strong>Tetbaldus</strong></span> <span class='ocrx_word' id='word_1_266' title='bbox 591 3522 971 3592; x_wconf 90' lang='lat' dir='ltr'><strong>Lingonensis</strong></span> <span class='ocrx_word' id='word_1_267' title='bbox 999 3521 1331 3594; x_wconf 91' lang='lat' dir='ltr'><strong>episcopus.</strong></span> <span class='ocrx_word' id='word_1_268' title='bbox 1371 3521 1758 3587; x_wconf 75' lang='lat' dir='ltr'><strong>Quamobrem</strong></span> <span class='ocrx_word' id='word_1_269' title='bbox 1787 3522 1891 3576; x_wconf 87' lang='lat' dir='ltr'><strong>Ar-</strong></span> 
     </span>
    </p>
   </div>
   <div class='ocr_carea' id='block_1_38' title="bbox 233 3597 1890 3682">
    <p class='ocr_par' dir='ltr' id='par_1_38' title="bbox 233 3597 1890 3682">
     <span class='ocr_line' id='line_1_38' title="bbox 233 3597 1890 3682; baseline -0.002 -16"><span class='ocrx_word' id='word_1_270' title='bbox 233 3610 489 3681; x_wconf 83' lang='lat' dir='ltr'><strong>grimum</strong></span> <span class='ocrx_word' id='word_1_271' title='bbox 540 3612 852 3668; x_wconf 86' lang='lat' dir='ltr'><strong>Formosus</strong></span> <span class='ocrx_word' id='word_1_272' title='bbox 903 3609 1452 3682; x_wconf 87' lang='lat' dir='ltr'><strong>inrecuperabiliter</strong></span> <span class='ocrx_word' id='word_1_273' title='bbox 1485 3597 1773 3680; x_wconf 79' lang='lat' dir='ltr'><strong>deposuit</strong></span> <span class='ocrx_word' id='word_1_274' title='bbox 1831 3613 1890 3664; x_wconf 90' lang='lat' dir='ltr'><strong>et</strong></span> 
     </span>
    </p>
   </div>
   <div class='ocr_carea' id='block_1_39' title="bbox 234 3697 1890 3770">
    <p class='ocr_par' dir='ltr' id='par_1_39' title="bbox 234 3697 1890 3770">
     <span class='ocr_line' id='line_1_39' title="bbox 234 3697 1890 3770; baseline -0.001 -15"><span class='ocrx_word' id='word_1_275' title='bbox 234 3699 520 3756; x_wconf 85' lang='lat' dir='ltr'><strong>Walonen</strong></span> <span class='ocrx_word' id='word_1_276' title='bbox 576 3715 706 3758; x_wconf 92' lang='lat' dir='ltr'><strong>cum</strong></span> <span class='ocrx_word' id='word_1_277' title='bbox 765 3700 1111 3770; x_wconf 83' lang='lat' dir='ltr'><strong>fautoribus,</strong></span> <span class='ocrx_word' id='word_1_278' title='bbox 1173 3699 1227 3754; x_wconf 91' lang='lat' dir='ltr'><strong>id</strong></span> <span class='ocrx_word' id='word_1_279' title='bbox 1261 3703 1348 3755; x_wconf 89' lang='lat' dir='ltr'><strong>est</strong></span> <span class='ocrx_word' id='word_1_280' title='bbox 1411 3697 1720 3768; x_wconf 84' lang='lat' dir='ltr'><strong>Richardo,</strong></span> <span class='ocrx_word' id='word_1_281' title='bbox 1781 3697 1890 3753; x_wconf 87' lang='lat' dir='ltr'><strong>Ma-</strong></span> 
     </span>
    </p>
   </div>
   <div class='ocr_carea' id='block_1_40' title="bbox 238 3785 1890 3860">
    <p class='ocr_par' dir='ltr' id='par_1_40' title="bbox 238 3785 1890 3860">
     <span class='ocr_line' id='line_1_40' title="bbox 238 3785 1890 3860; baseline -0.002 -16"><span class='ocrx_word' id='word_1_282' title='bbox 238 3801 418 3845; x_wconf 88' lang='lat' dir='ltr'><strong>nasse</strong></span> <span class='ocrx_word' id='word_1_283' title='bbox 448 3795 505 3844; x_wconf 89' lang='lat' dir='ltr'><strong>et</strong></span> <span class='ocrx_word' id='word_1_284' title='bbox 538 3789 800 3860; x_wconf 89' lang='lat' dir='ltr'><strong>reliquis,</strong></span> <span class='ocrx_word' id='word_1_285' title='bbox 842 3803 944 3857; x_wconf 90' lang='lat' dir='ltr'><strong>pro</strong></span> <span class='ocrx_word' id='word_1_286' title='bbox 977 3788 1277 3844; x_wconf 90' lang='lat' dir='ltr'><strong>invasione</strong></span> <span class='ocrx_word' id='word_1_287' title='bbox 1313 3787 1581 3844; x_wconf 59' lang='lat' dir='ltr'><strong>ecclesia;</strong></span> <span class='ocrx_word' id='word_1_288' title='bbox 1613 3785 1890 3842; x_wconf 84' lang='lat' dir='ltr'><strong>Flavinia-</strong></span> 
     </span>
    </p>
   </div>
   <div class='ocr_carea' id='block_1_41' title="bbox 236 3874 1892 3945">
    <p class='ocr_par' dir='ltr' id='par_1_41' title="bbox 236 3874 1892 3945">
     <span class='ocr_line' id='line_1_41' title="bbox 236 3874 1892 3945; baseline -0.002 -11"><span class='ocrx_word' id='word_1_289' title='bbox 236 3877 440 3934; x_wconf 89' lang='lat' dir='ltr'><strong>censis</strong></span> <span class='ocrx_word' id='word_1_290' title='bbox 481 3876 1032 3934; x_wconf 88' lang='lat' dir='ltr'><strong>excommunicavit.</strong></span> <span class='ocrx_word' id='word_1_291' title='bbox 1068 3877 1231 3933; x_wconf 85' lang='lat' dir='ltr'><strong>Walo</strong></span> <span class='ocrx_word' id='word_1_292' title='bbox 1259 3881 1453 3932; x_wconf 90' lang='lat' dir='ltr'><strong>tamen</strong></span> <span class='ocrx_word' id='word_1_293' title='bbox 1493 3874 1760 3932; x_wconf 73' lang='lat' dir='ltr'><strong>saeculari</strong></span> <span class='ocrx_word' id='word_1_294' title='bbox 1793 3889 1892 3945; x_wconf 92' lang='lat' dir='ltr'><strong>po-</strong></span> 
     </span>
    </p>
   </div>
   <div class='ocr_carea' id='block_1_42' title="bbox 241 3963 1893 4038">
    <p class='ocr_par' dir='ltr' id='par_1_42' title="bbox 241 3963 1893 4038">
     <span class='ocr_line' id='line_1_42' title="bbox 241 3963 1893 4038; baseline -0.002 -17"><span class='ocrx_word' id='word_1_295' title='bbox 241 3966 429 4024; x_wconf 86' lang='lat' dir='ltr'><strong>tentia</strong></span> <span class='ocrx_word' id='word_1_296' title='bbox 466 3965 660 4036; x_wconf 87' lang='lat' dir='ltr'><strong>fultus,</strong></span> <span class='ocrx_word' id='word_1_297' title='bbox 687 3966 1092 4038; x_wconf 76' lang='lat' dir='ltr'><strong>epis00patum</strong></span> <span class='ocrx_word' id='word_1_298' title='bbox 1115 3965 1392 4035; x_wconf 88' lang='lat' dir='ltr'><strong>obtinuit,</strong></span> <span class='ocrx_word' id='word_1_299' title='bbox 1417 3970 1477 4020; x_wconf 90' lang='lat' dir='ltr'><strong>et</strong></span> <span class='ocrx_word' id='word_1_300' title='bbox 1500 3965 1684 4020; x_wconf 87' lang='lat' dir='ltr'><strong>abbas</strong></span> <span class='ocrx_word' id='word_1_301' title='bbox 1710 3963 1893 4019; x_wconf 80' lang='lat' dir='ltr'><strong>Flavi-</strong></span> 
     </span>
    </p>
   </div>
   <div class='ocr_carea' id='block_1_43' title="bbox 240 4054 1890 4124">
    <p class='ocr_par' dir='ltr' id='par_1_43' title="bbox 240 4054 1890 4124">
     <span class='ocr_line' id='line_1_43' title="bbox 240 4054 1890 4124; baseline -0.003 -13"><span class='ocrx_word' id='word_1_302' title='bbox 240 4055 544 4111; x_wconf 88' lang='lat' dir='ltr'><strong>niacensis</strong></span> <span class='ocrx_word' id='word_1_303' title='bbox 576 4055 766 4111; x_wconf 91' lang='lat' dir='ltr'><strong>factus</strong></span> <span class='ocrx_word' id='word_1_304' title='bbox 807 4068 836 4109; x_wconf 89' lang='lat' dir='ltr'><strong>a</strong></span> <span class='ocrx_word' id='word_1_305' title='bbox 873 4069 932 4110; x_wconf 88' lang='lat' dir='ltr'><strong>se</strong></span> <span class='ocrx_word' id='word_1_306' title='bbox 962 4054 1092 4124; x_wconf 90' lang='lat' dir='ltr'><strong>ipso</strong></span> <span class='ocrx_word' id='word_1_307' title='bbox 1121 4056 1512 4108; x_wconf 88' lang='lat' dir='ltr'><strong>casameutum</strong></span> <span class='ocrx_word' id='word_1_308' title='bbox 1565 4065 1668 4106; x_wconf 90' lang='lat' dir='ltr'><strong>sua</strong></span> <span class='ocrx_word' id='word_1_309' title='bbox 1721 4065 1890 4106; x_wconf 86' lang='lat' dir='ltr'><strong>manu</strong></span> 
     </span>
    </p>
   </div>
   <div class='ocr_carea' id='block_1_44' title="bbox 243 4138 1895 4213">
    <p class='ocr_par' dir='ltr' id='par_1_44' title="bbox 243 4138 1895 4213">
     <span class='ocr_line' id='line_1_44' title="bbox 243 4138 1895 4213; baseline -0.004 -15"><span class='ocrx_word' id='word_1_310' title='bbox 243 4143 515 4213; x_wconf 88' lang='lat' dir='ltr'><strong>retinuit,</strong></span> <span class='ocrx_word' id='word_1_311' title='bbox 549 4147 607 4198; x_wconf 84' lang='lat' dir='ltr'><strong>et</strong></span> <span class='ocrx_word' id='word_1_312' title='bbox 654 4145 765 4199; x_wconf 90' lang='lat' dir='ltr'><strong>sub</strong></span> <span class='ocrx_word' id='word_1_313' title='bbox 795 4156 859 4198; x_wconf 90' lang='lat' dir='ltr'><strong>se</strong></span> <span class='ocrx_word' id='word_1_314' title='bbox 892 4142 1198 4198; x_wconf 90' lang='lat' dir='ltr'><strong>Otbertum</strong></span> <span class='ocrx_word' id='word_1_315' title='bbox 1253 4139 1628 4212; x_wconf 68' lang='lat' dir='ltr'><strong>praepositum</strong></span> <span class='ocrx_word' id='word_1_316' title='bbox 1679 4138 1895 4195; x_wconf 85' lang='lat' dir='ltr'><strong>consti-</strong></span> 
     </span>
    </p>
   </div>
   <div class='ocr_carea' id='block_1_45' title="bbox 241 4227 1894 4304">
    <p class='ocr_par' dir='ltr' id='par_1_45' title="bbox 241 4227 1894 4304">
     <span class='ocr_line' id='line_1_45' title="bbox 241 4227 1894 4304; baseline -0.002 -18"><span class='ocrx_word' id='word_1_317' title='bbox 241 4232 382 4288; x_wconf 87' lang='lat' dir='ltr'><strong>tuit.</strong></span> <span class='ocrx_word' id='word_1_318' title='bbox 412 4232 506 4288; x_wconf 91' lang='lat' dir='ltr'><strong>Sic</strong></span> <span class='ocrx_word' id='word_1_319' title='bbox 530 4247 632 4304; x_wconf 89' lang='lat' dir='ltr'><strong>per</strong></span> <span class='ocrx_word' id='word_1_320' title='bbox 646 4231 826 4288; x_wconf 89' lang='lat' dir='ltr'><strong>multa</strong></span> <span class='ocrx_word' id='word_1_321' title='bbox 842 4244 1123 4288; x_wconf 90' lang='lat' dir='ltr'><strong>annorum</strong></span> <span class='ocrx_word' id='word_1_322' title='bbox 1138 4227 1432 4286; x_wconf 89' lang='lat' dir='ltr'><strong>curricula</strong></span> <span class='ocrx_word' id='word_1_323' title='bbox 1449 4229 1667 4298; x_wconf 90' lang='lat' dir='ltr'><strong>absque</strong></span> <span class='ocrx_word' id='word_1_324' title='bbox 1683 4228 1894 4283; x_wconf 89' lang='lat' dir='ltr'><strong>abbate</strong></span> 
     </span>
    </p>
   </div>
   <div class='ocr_carea' id='block_1_46' title="bbox 244 4317 1893 4377">
    <p class='ocr_par' dir='ltr' id='par_1_46' title="bbox 244 4317 1893 4377">
     <span class='ocr_line' id='line_1_46' title="bbox 244 4317 1893 4377; baseline -0.003 -2"><span class='ocrx_word' id='word_1_325' title='bbox 244 4321 359 4377; x_wconf 89' lang='lat' dir='ltr'><strong>fuit</strong></span> <span class='ocrx_word' id='word_1_326' title='bbox 389 4319 848 4376; x_wconf 87' lang='lat' dir='ltr'><strong>Flaviniacencis</strong></span> <span class='ocrx_word' id='word_1_327' title='bbox 878 4317 1144 4375; x_wconf 91' lang='lat' dir='ltr'><strong>ecclesia.</strong></span> <span class='ocrx_word' id='word_1_328' title='bbox 1209 4317 1301 4373; x_wconf 89' lang='lat' dir='ltr'><strong>Sic</strong></span> <span class='ocrx_word' id='word_1_329' title='bbox 1333 4317 1507 4372; x_wconf 90' lang='lat' dir='ltr'><strong>etiam</strong></span> <span class='ocrx_word' id='word_1_330' title='bbox 1565 4325 1893 4371; x_wconf 86' lang='lat' dir='ltr'><strong>casamenta</strong></span> 
     </span>
    </p>
   </div>
   <div class='ocr_carea' id='block_1_47' title="bbox 241 4403 1895 4480">
    <p class='ocr_par' dir='ltr' id='par_1_47' title="bbox 241 4403 1895 4480">
     <span class='ocr_line' id='line_1_47' title="bbox 241 4403 1895 4480; baseline -0.004 -14"><span class='ocrx_word' id='word_1_331' title='bbox 241 4409 535 4480; x_wconf 67' lang='lat' dir='ltr'><strong>ecclesiae,</strong></span> <span class='ocrx_word' id='word_1_332' title='bbox 571 4409 704 4465; x_wconf 90' lang='lat' dir='ltr'><strong>dum</strong></span> <span class='ocrx_word' id='word_1_333' title='bbox 739 4407 854 4464; x_wconf 88' lang='lat' dir='ltr'><strong>sibi</strong></span> <span class='ocrx_word' id='word_1_334' title='bbox 886 4407 1147 4464; x_wconf 88' lang='lat' dir='ltr'><strong>vicissim</strong></span> <span class='ocrx_word' id='word_1_335' title='bbox 1191 4407 1534 4474; x_wconf 89' lang='lat' dir='ltr'><strong>succedunt,</strong></span> <span class='ocrx_word' id='word_1_336' title='bbox 1588 4403 1895 4476; x_wconf 78' lang='lat' dir='ltr'><strong>pontifices</strong></span> 
     </span>
    </p>
   </div>
   <div class='ocr_carea' id='block_1_48' title="bbox 2001 510 3646 586">
    <p class='ocr_par' dir='ltr' id='par_1_48' title="bbox 2001 510 3646 586">
     <span class='ocr_line' id='line_1_48' title="bbox 2001 510 3646 586; baseline 0 -16"><span class='ocrx_word' id='word_1_337' title='bbox 2001 528 2141 586; x_wconf 90' lang='lat' dir='ltr'><strong>pore</strong></span> <span class='ocrx_word' id='word_1_338' title='bbox 2200 513 2428 570; x_wconf 81' lang='lat' dir='ltr'><strong>Rodulﬁ</strong></span> <span class='ocrx_word' id='word_1_339' title='bbox 2489 513 2644 584; x_wconf 81' lang='lat' dir='ltr'><strong>regis</strong></span> <span class='ocrx_word' id='word_1_340' title='bbox 2677 510 2778 568; x_wconf 85' lang='lat' dir='ltr'><strong>filii</strong></span> <span class='ocrx_word' id='word_1_341' title='bbox 2835 510 3106 568; x_wconf 82' lang='lat' dir='ltr'><strong>Riehardi</strong></span> <span class='ocrx_word' id='word_1_342' title='bbox 3157 511 3487 568; x_wconf 88' lang='lat' dir='ltr'><strong>Justitiarii.</strong></span> <span class='ocrx_word' id='word_1_343' title='bbox 3520 513 3646 580; x_wconf 87' lang='lat' dir='ltr'><strong>Quo</strong></span> 
     </span>
    </p>
   </div>
   <div class='ocr_carea' id='block_1_49' title="bbox 1999 600 3650 672">
    <p class='ocr_par' dir='ltr' id='par_1_49' title="bbox 1999 600 3650 672">
     <span class='ocr_line' id='line_1_49' title="bbox 1999 600 3650 672; baseline 0.001 -15"><span class='ocrx_word' id='word_1_344' title='bbox 1999 601 2264 672; x_wconf 90' lang='lat' dir='ltr'><strong>decente,</strong></span> <span class='ocrx_word' id='word_1_345' title='bbox 2322 601 2669 658; x_wconf 88' lang='lat' dir='ltr'><strong>Wichardus</strong></span> <span class='ocrx_word' id='word_1_346' title='bbox 2727 601 3010 671; x_wconf 90' lang='lat' dir='ltr'><strong>succedit,</strong></span> <span class='ocrx_word' id='word_1_347' title='bbox 3045 608 3104 656; x_wconf 91' lang='lat' dir='ltr'><strong>et</strong></span> <span class='ocrx_word' id='word_1_348' title='bbox 3154 600 3206 657; x_wconf 89' lang='lat' dir='ltr'><strong>ei</strong></span> <span class='ocrx_word' id='word_1_349' title='bbox 3242 600 3490 658; x_wconf 90' lang='lat' dir='ltr'><strong>domnus</strong></span> <span class='ocrx_word' id='word_1_350' title='bbox 3519 603 3650 660; x_wconf 86' lang='lat' dir='ltr'><strong>Ful-</strong></span> 
     </span>
    </p>
   </div>
   <div class='ocr_carea' id='block_1_50' title="bbox 1998 687 3648 762">
    <p class='ocr_par' dir='ltr' id='par_1_50' title="bbox 1998 687 3648 762">
     <span class='ocr_line' id='line_1_50' title="bbox 1998 687 3648 762; baseline 0.001 -16"><span class='ocrx_word' id='word_1_351' title='bbox 1998 690 2234 747; x_wconf 91' lang='lat' dir='ltr'><strong>cherius</strong></span> <span class='ocrx_word' id='word_1_352' title='bbox 2257 696 2523 762; x_wconf 86' lang='lat' dir='ltr'><strong>tempore</strong></span> <span class='ocrx_word' id='word_1_353' title='bbox 2550 689 2822 746; x_wconf 90' lang='lat' dir='ltr'><strong>Ludovici</strong></span> <span class='ocrx_word' id='word_1_354' title='bbox 2857 687 2958 758; x_wconf 76' lang='lat' dir='ltr'><strong>filii</strong></span> <span class='ocrx_word' id='word_1_355' title='bbox 2983 687 3172 745; x_wconf 87' lang='lat' dir='ltr'><strong>Caroli</strong></span> <span class='ocrx_word' id='word_1_356' title='bbox 3209 688 3520 761; x_wconf 90' lang='lat' dir='ltr'><strong>Simplicis.</strong></span> <span class='ocrx_word' id='word_1_357' title='bbox 3546 691 3648 748; x_wconf 87' lang='lat' dir='ltr'><strong>Hic</strong></span> 
     </span>
    </p>
   </div>
   <div class='ocr_carea' id='block_1_51' title="bbox 1997 776 3643 850">
    <p class='ocr_par' dir='ltr' id='par_1_51' title="bbox 1997 776 3643 850">
     <span class='ocr_line' id='line_1_51' title="bbox 1997 776 3643 850; baseline 0.002 -18"><span class='ocrx_word' id='word_1_358' title='bbox 1997 777 2454 848; x_wconf 80' lang='lat' dir='ltr'><strong>Hierosolymam</strong></span> <span class='ocrx_word' id='word_1_359' title='bbox 2480 779 2783 850; x_wconf 91' lang='lat' dir='ltr'><strong>profectus</strong></span> <span class='ocrx_word' id='word_1_360' title='bbox 2804 792 2954 834; x_wconf 91' lang='lat' dir='ltr'><strong>anno</strong></span> <span class='ocrx_word' id='word_1_361' title='bbox 2979 779 3128 834; x_wconf 91' lang='lat' dir='ltr'><strong>dom.</strong></span> <span class='ocrx_word' id='word_1_362' title='bbox 3166 776 3276 834; x_wconf 91' lang='lat' dir='ltr'><strong>inc.</strong></span> <span class='ocrx_word' id='word_1_363' title='bbox 3305 781 3411 834; x_wconf 72' lang='grc'><strong>946</strong></span> <span class='ocrx_word' id='word_1_364' title='bbox 3441 779 3643 837; x_wconf 88' lang='lat' dir='ltr'><strong>indict.</strong></span> 
     </span>
    </p>
   </div>
   <div class='ocr_carea' id='block_1_52' title="bbox 1996 865 3645 941">
    <p class='ocr_par' dir='ltr' id='par_1_52' title="bbox 1996 865 3645 941">
     <span class='ocr_line' id='line_1_52' title="bbox 1996 865 3645 941; baseline 0.001 -16"><span class='ocrx_word' id='word_1_365' title='bbox 1996 873 2048 938; x_wconf 88' lang='grc'>2,</span> <span class='ocrx_word' id='word_1_366' title='bbox 2085 872 2308 940; x_wconf 90' lang='lat' dir='ltr'><strong>partem</strong></span> <span class='ocrx_word' id='word_1_367' title='bbox 2336 869 2484 926; x_wconf 88' lang='lat' dir='ltr'><strong>clavi</strong></span> <span class='ocrx_word' id='word_1_368' title='bbox 2520 867 2740 924; x_wconf 88' lang='lat' dir='ltr'><strong>Domini</strong></span> <span class='ocrx_word' id='word_1_369' title='bbox 2763 873 2822 923; x_wconf 92' lang='lat' dir='ltr'><strong>et</strong></span> <span class='ocrx_word' id='word_1_370' title='bbox 2844 865 3248 939; x_wconf 89' lang='lat' dir='ltr'><strong>portiunculas</strong></span> <span class='ocrx_word' id='word_1_371' title='bbox 3281 867 3476 924; x_wconf 89' lang='lat' dir='ltr'><strong>crucis</strong></span> <span class='ocrx_word' id='word_1_372' title='bbox 3498 868 3645 941; x_wconf 87' lang='lat' dir='ltr'><strong>ejus,</strong></span> 
     </span>
    </p>
   </div>
   <div class='ocr_carea' id='block_1_53' title="bbox 1999 955 3643 1028">
    <p class='ocr_par' dir='ltr' id='par_1_53' title="bbox 1999 955 3643 1028">
     <span class='ocr_line' id='line_1_53' title="bbox 1999 955 3643 1028; baseline 0.001 -16"><span class='ocrx_word' id='word_1_373' title='bbox 1999 972 2158 1012; x_wconf 70' lang='lat' dir='ltr'><strong>zonae</strong></span> <span class='ocrx_word' id='word_1_374' title='bbox 2189 961 2248 1012; x_wconf 91' lang='lat' dir='ltr'><strong>et</strong></span> <span class='ocrx_word' id='word_1_375' title='bbox 2279 957 2519 1028; x_wconf 86' lang='lat' dir='ltr'><strong>sudarii,</strong></span> <span class='ocrx_word' id='word_1_376' title='bbox 2556 955 2745 1014; x_wconf 88' lang='lat' dir='ltr'><strong>baculi</strong></span> <span class='ocrx_word' id='word_1_377' title='bbox 2777 970 3008 1026; x_wconf 89' lang='lat' dir='ltr'><strong>quoque</strong></span> <span class='ocrx_word' id='word_1_378' title='bbox 3039 957 3374 1026; x_wconf 86' lang='lat' dir='ltr'><strong>apportavit</strong></span> <span class='ocrx_word' id='word_1_379' title='bbox 3407 972 3527 1015; x_wconf 68' lang='lat' dir='ltr'><strong>sum</strong></span> <span class='ocrx_word' id='word_1_380' title='bbox 3551 971 3643 1016; x_wconf 85' lang='lat' dir='ltr'><strong>ec-</strong></span> 
     </span>
    </p>
   </div>
   <div class='ocr_carea' id='block_1_54' title="bbox 1997 1043 3647 1106">
    <p class='ocr_par' dir='ltr' id='par_1_54' title="bbox 1997 1043 3647 1106">
     <span class='ocr_line' id='line_1_54' title="bbox 1997 1043 3647 1106; baseline 0.004 -7"><span class='ocrx_word' id='word_1_381' title='bbox 1997 1043 2212 1102; x_wconf 74' lang='lat' dir='ltr'><strong>clesiae.</strong></span> <span class='ocrx_word' id='word_1_382' title='bbox 2231 1045 2587 1102; x_wconf 82' lang='lat' dir='ltr'><strong>Rexitetiam</strong></span> <span class='ocrx_word' id='word_1_383' title='bbox 2610 1045 3017 1101; x_wconf 69' lang='lat' dir='ltr'><strong>liivioneusem</strong></span> <span class='ocrx_word' id='word_1_384' title='bbox 3032 1043 3360 1102; x_wconf 89' lang='lat' dir='ltr'><strong>ecclesiam.</strong></span> <span class='ocrx_word' id='word_1_385' title='bbox 3381 1049 3647 1106; x_wconf 64' lang='lat' dir='ltr'><strong>Sanctam</strong></span> 
     </span>
    </p>
   </div>
   <div class='ocr_carea' id='block_1_55' title="bbox 1999 1133 3648 1208">
    <p class='ocr_par' dir='ltr' id='par_1_55' title="bbox 1999 1133 3648 1208">
     <span class='ocr_line' id='line_1_55' title="bbox 1999 1133 3648 1208; baseline 0.002 -18"><span class='ocrx_word' id='word_1_386' title='bbox 1999 1147 2229 1205; x_wconf 89' lang='lat' dir='ltr'><strong>quoque</strong></span> <span class='ocrx_word' id='word_1_387' title='bbox 2269 1135 2644 1191; x_wconf 84' lang='lat' dir='ltr'><strong>Paschasiam</strong></span> <span class='ocrx_word' id='word_1_388' title='bbox 2679 1133 3096 1190; x_wconf 84' lang='lat' dir='ltr'><strong>Flaviniacensi</strong></span> <span class='ocrx_word' id='word_1_389' title='bbox 3131 1133 3332 1190; x_wconf 89' lang='lat' dir='ltr'><strong>intulit</strong></span> <span class='ocrx_word' id='word_1_390' title='bbox 3362 1135 3648 1208; x_wconf 65' lang='lat' dir='ltr'><strong>ecclesiae,</strong></span> 
     </span>
    </p>
   </div>
   <div class='ocr_carea' id='block_1_56' title="bbox 1997 1222 3649 1295">
    <p class='ocr_par' dir='ltr' id='par_1_56' title="bbox 1997 1222 3649 1295">
     <span class='ocr_line' id='line_1_56' title="bbox 1997 1222 3649 1295; baseline 0.002 -17"><span class='ocrx_word' id='word_1_391' title='bbox 1997 1223 2241 1280; x_wconf 88' lang='lat' dir='ltr'><strong>mediam</strong></span> <span class='ocrx_word' id='word_1_392' title='bbox 2269 1223 2497 1280; x_wconf 88' lang='lat' dir='ltr'><strong>scilicet</strong></span> <span class='ocrx_word' id='word_1_393' title='bbox 2525 1227 2746 1294; x_wconf 87' lang='lat' dir='ltr'><strong>partem</strong></span> <span class='ocrx_word' id='word_1_394' title='bbox 2783 1222 3048 1294; x_wconf 81' lang='lat' dir='ltr'><strong>corporis</strong></span> <span class='ocrx_word' id='word_1_395' title='bbox 3081 1222 3227 1293; x_wconf 92' lang='lat' dir='ltr'><strong>ejus.</strong></span> <span class='ocrx_word' id='word_1_396' title='bbox 3259 1223 3414 1279; x_wconf 90' lang='lat' dir='ltr'><strong>Obiit</strong></span> <span class='ocrx_word' id='word_1_397' title='bbox 3439 1229 3649 1295; x_wconf 88' lang='lat' dir='ltr'><strong>quarto</strong></span> 
     </span>
    </p>
   </div>
   <div class='ocr_carea' id='block_1_57' title="bbox 1998 1309 3644 1383">
    <p class='ocr_par' dir='ltr' id='par_1_57' title="bbox 1998 1309 3644 1383">
     <span class='ocr_line' id='line_1_57' title="bbox 1998 1309 3644 1383; baseline 0.001 -16"><span class='ocrx_word' id='word_1_398' title='bbox 1998 1311 2283 1368; x_wconf 83' lang='lat' dir='ltr'><strong>Kalendas</strong></span> <span class='ocrx_word' id='word_1_399' title='bbox 2304 1311 2451 1380; x_wconf 87' lang='lat' dir='ltr'><strong>Maii,</strong></span> <span class='ocrx_word' id='word_1_400' title='bbox 2479 1327 2628 1367; x_wconf 90' lang='lat' dir='ltr'><strong>anno</strong></span> <span class='ocrx_word' id='word_1_401' title='bbox 2669 1315 2792 1381; x_wconf 71' lang='lat'><strong>955,</strong></span> <span class='ocrx_word' id='word_1_402' title='bbox 2819 1317 2878 1366; x_wconf 91' lang='lat' dir='ltr'><strong>et</strong></span> <span class='ocrx_word' id='word_1_403' title='bbox 2911 1309 3198 1367; x_wconf 88' lang='lat' dir='ltr'><strong>successit</strong></span> <span class='ocrx_word' id='word_1_404' title='bbox 3233 1310 3283 1366; x_wconf 91' lang='lat' dir='ltr'><strong>ei</strong></span> <span class='ocrx_word' id='word_1_405' title='bbox 3310 1311 3438 1370; x_wconf 84' lang='lat' dir='ltr'><strong>Milo</strong></span> <span class='ocrx_word' id='word_1_406' title='bbox 3468 1313 3644 1383; x_wconf 85' lang='lat' dir='ltr'><strong>Maga-</strong></span> 
     </span>
    </p>
   </div>
   <div class='ocr_carea' id='block_1_58' title="bbox 1999 1399 3644 1472">
    <p class='ocr_par' dir='ltr' id='par_1_58' title="bbox 1999 1399 3644 1472">
     <span class='ocr_line' id='line_1_58' title="bbox 1999 1399 3644 1472; baseline 0.004 -18"><span class='ocrx_word' id='word_1_407' title='bbox 1999 1399 2244 1456; x_wconf 86' lang='lat' dir='ltr'><strong>brensis.</strong></span> <span class='ocrx_word' id='word_1_408' title='bbox 2301 1399 2604 1456; x_wconf 84' lang='lat' dir='ltr'><strong>Romundo</strong></span> <span class='ocrx_word' id='word_1_409' title='bbox 2667 1399 2953 1469; x_wconf 87' lang='lat' dir='ltr'><strong>migrante</strong></span> <span class='ocrx_word' id='word_1_410' title='bbox 2985 1413 3134 1454; x_wconf 91' lang='lat' dir='ltr'><strong>anno</strong></span> <span class='ocrx_word' id='word_1_411' title='bbox 3161 1403 3266 1457; x_wconf 85' lang='lat'><strong>968</strong></span> <span class='ocrx_word' id='word_1_412' title='bbox 3324 1401 3525 1458; x_wconf 89' lang='lat' dir='ltr'><strong>indict.</strong></span> <span class='ocrx_word' id='word_1_413' title='bbox 3558 1406 3644 1472; x_wconf 91' lang='grc'><strong>11,</strong></span> 
     </span>
    </p>
   </div>
   <div class='ocr_carea' id='block_1_59' title="bbox 1998 1487 3646 1561">
    <p class='ocr_par' dir='ltr' id='par_1_59' title="bbox 1998 1487 3646 1561">
     <span class='ocr_line' id='line_1_59' title="bbox 1998 1487 3646 1561; baseline 0.002 -18"><span class='ocrx_word' id='word_1_414' title='bbox 1998 1487 2289 1545; x_wconf 87' lang='lat' dir='ltr'><strong>Gerardus</strong></span> <span class='ocrx_word' id='word_1_415' title='bbox 2322 1487 2629 1544; x_wconf 86' lang='lat' dir='ltr'><strong>successit.</strong></span> <span class='ocrx_word' id='word_1_416' title='bbox 2663 1487 2794 1544; x_wconf 87' lang='lat' dir='ltr'><strong>Milo</strong></span> <span class='ocrx_word' id='word_1_417' title='bbox 2839 1487 3020 1543; x_wconf 85' lang='lat' dir='ltr'><strong>abbas</strong></span> <span class='ocrx_word' id='word_1_418' title='bbox 3055 1489 3290 1544; x_wconf 83' lang='lat' dir='ltr'><strong>Romam</strong></span> <span class='ocrx_word' id='word_1_419' title='bbox 3325 1489 3646 1561; x_wconf 90' lang='lat' dir='ltr'><strong>profectus,</strong></span> 
     </span>
    </p>
   </div>
   <div class='ocr_carea' id='block_1_60' title="bbox 2001 1575 3652 1649">
    <p class='ocr_par' dir='ltr' id='par_1_60' title="bbox 2001 1575 3652 1649">
     <span class='ocr_line' id='line_1_60' title="bbox 2001 1575 3652 1649; baseline 0.002 -17"><span class='ocrx_word' id='word_1_420' title='bbox 2001 1576 2363 1649; x_wconf 72' lang='lat' dir='ltr'><strong>privulegium</strong></span> <span class='ocrx_word' id='word_1_421' title='bbox 2404 1591 2432 1632; x_wconf 94' lang='lat' dir='ltr'><strong>a</strong></span> <span class='ocrx_word' id='word_1_422' title='bbox 2497 1577 2812 1632; x_wconf 89' lang='lat' dir='ltr'><strong>Benedicto</strong></span> <span class='ocrx_word' id='word_1_423' title='bbox 2865 1589 3012 1648; x_wconf 89' lang='lat' dir='ltr'><strong>papa</strong></span> <span class='ocrx_word' id='word_1_424' title='bbox 3060 1575 3334 1633; x_wconf 89' lang='lat' dir='ltr'><strong>obtinuit.</strong></span> <span class='ocrx_word' id='word_1_425' title='bbox 3396 1579 3652 1636; x_wconf 86' lang='lat' dir='ltr'><strong>Gerardo</strong></span> 
     </span>
    </p>
   </div>
   <div class='ocr_carea' id='block_1_61' title="bbox 2002 1663 3650 1737">
    <p class='ocr_par' dir='ltr' id='par_1_61' title="bbox 2002 1663 3650 1737">
     <span class='ocr_line' id='line_1_61' title="bbox 2002 1663 3650 1737; baseline 0.001 -15"><span class='ocrx_word' id='word_1_426' title='bbox 2002 1665 2260 1737; x_wconf 78' lang='lat' dir='ltr'><strong>pontifici</strong></span> <span class='ocrx_word' id='word_1_427' title='bbox 2284 1665 2530 1722; x_wconf 88' lang='lat' dir='ltr'><strong>Eduensi</strong></span> <span class='ocrx_word' id='word_1_428' title='bbox 2581 1665 2828 1721; x_wconf 89' lang='lat' dir='ltr'><strong>domnus</strong></span> <span class='ocrx_word' id='word_1_429' title='bbox 2852 1663 3145 1720; x_wconf 85' lang='lat' dir='ltr'><strong>Walterus</strong></span> <span class='ocrx_word' id='word_1_430' title='bbox 3178 1667 3463 1723; x_wconf 88' lang='lat' dir='ltr'><strong>successit</strong></span> <span class='ocrx_word' id='word_1_431' title='bbox 3497 1682 3650 1724; x_wconf 89' lang='lat' dir='ltr'><strong>anno</strong></span> 
     </span>
    </p>
   </div>
   <div class='ocr_carea' id='block_1_62' title="bbox 1917 1752 3652 1840">
    <p class='ocr_par' dir='ltr' id='par_1_62' title="bbox 1917 1752 3652 1840">
     <span class='ocr_line' id='line_1_62' title="bbox 1917 1752 3652 1840; baseline 0.001 -29"><span class='ocrx_word' id='word_1_432' title='bbox 1917 1781 1970 1840; x_wconf 82' lang='grc' dir='ltr'><strong>Β</strong></span> <span class='ocrx_word' id='word_1_433' title='bbox 2001 1758 2122 1811; x_wconf 89' lang='lat'><strong>978.</strong></span> <span class='ocrx_word' id='word_1_434' title='bbox 2159 1753 2274 1809; x_wconf 89' lang='lat' dir='ltr'><strong>ind.</strong></span> <span class='ocrx_word' id='word_1_435' title='bbox 2311 1759 2362 1811; x_wconf 91' lang='lat'><strong>6.</strong></span> <span class='ocrx_word' id='word_1_436' title='bbox 2389 1753 2492 1809; x_wconf 87' lang='lat' dir='ltr'><strong>Hic</strong></span> <span class='ocrx_word' id='word_1_437' title='bbox 2519 1754 2796 1810; x_wconf 89' lang='lat' dir='ltr'><strong>defuncto</strong></span> <span class='ocrx_word' id='word_1_438' title='bbox 2827 1752 3056 1823; x_wconf 89' lang='lat' dir='ltr'><strong>Milone,</strong></span> <span class='ocrx_word' id='word_1_439' title='bbox 3085 1753 3342 1810; x_wconf 83' lang='lat' dir='ltr'><strong>Roberto</strong></span> <span class='ocrx_word' id='word_1_440' title='bbox 3376 1755 3652 1812; x_wconf 87' lang='lat' dir='ltr'><strong>Flavinia-</strong></span> 
     </span>
    </p>
   </div>
   <div class='ocr_carea' id='block_1_63' title="bbox 1999 1841 3650 1914">
    <p class='ocr_par' dir='ltr' id='par_1_63' title="bbox 1999 1841 3650 1914">
     <span class='ocr_line' id='line_1_63' title="bbox 1999 1841 3650 1914; baseline 0 -15"><span class='ocrx_word' id='word_1_441' title='bbox 1999 1857 2233 1899; x_wconf 91' lang='lat' dir='ltr'><strong>eensem</strong></span> <span class='ocrx_word' id='word_1_442' title='bbox 2292 1842 2535 1898; x_wconf 87' lang='lat' dir='ltr'><strong>tradidit</strong></span> <span class='ocrx_word' id='word_1_443' title='bbox 2595 1841 2936 1908; x_wconf 86' lang='lat' dir='ltr'><strong>ecclesiam;</strong></span> <span class='ocrx_word' id='word_1_444' title='bbox 2969 1841 3067 1913; x_wconf 91' lang='lat' dir='ltr'><strong>qui</strong></span> <span class='ocrx_word' id='word_1_445' title='bbox 3126 1845 3308 1898; x_wconf 86' lang='lat' dir='ltr'><strong>totam</strong></span> <span class='ocrx_word' id='word_1_446' title='bbox 3362 1857 3508 1914; x_wconf 89' lang='lat' dir='ltr'><strong>eam,</strong></span> <span class='ocrx_word' id='word_1_447' title='bbox 3542 1843 3650 1901; x_wconf 91' lang='lat' dir='ltr'><strong>nisi</strong></span> 
     </span>
    </p>
   </div>
   <div class='ocr_carea' id='block_1_64' title="bbox 2002 1927 3646 2002">
    <p class='ocr_par' dir='ltr' id='par_1_64' title="bbox 2002 1927 3646 2002">
     <span class='ocr_line' id='line_1_64' title="bbox 2002 1927 3646 2002; baseline 0 -14"><span class='ocrx_word' id='word_1_448' title='bbox 2002 1935 2234 1988; x_wconf 88' lang='lat' dir='ltr'><strong>cautum</strong></span> <span class='ocrx_word' id='word_1_449' title='bbox 2260 1933 2438 2000; x_wconf 82' lang='lat' dir='ltr'><strong>esset,</strong></span> <span class='ocrx_word' id='word_1_450' title='bbox 2475 1927 2974 2001; x_wconf 87' lang='lat' dir='ltr'><strong>pessumdedisset</strong></span> <span class='ocrx_word' id='word_1_451' title='bbox 2997 1927 3330 1988; x_wconf 88' lang='lat' dir='ltr'><strong>ecclesiam.</strong></span> <span class='ocrx_word' id='word_1_452' title='bbox 3354 1931 3646 2002; x_wconf 87' lang='lat' dir='ltr'><strong>Expulsus</strong></span> 
     </span>
    </p>
   </div>
   <div class='ocr_carea' id='block_1_65' title="bbox 2001 2017 3650 2090">
    <p class='ocr_par' dir='ltr' id='par_1_65' title="bbox 2001 2017 3650 2090">
     <span class='ocr_line' id='line_1_65' title="bbox 2001 2017 3650 2090; baseline 0.001 -15"><span class='ocrx_word' id='word_1_453' title='bbox 2001 2019 2150 2076; x_wconf 91' lang='lat' dir='ltr'><strong>enim</strong></span> <span class='ocrx_word' id='word_1_454' title='bbox 2185 2017 2256 2074; x_wconf 90' lang='lat' dir='ltr'><strong>de</strong></span> <span class='ocrx_word' id='word_1_455' title='bbox 2309 2018 2567 2089; x_wconf 87' lang='lat' dir='ltr'><strong>abbatia,</strong></span> <span class='ocrx_word' id='word_1_456' title='bbox 2599 2017 2734 2089; x_wconf 78' lang='lat' dir='ltr'><strong>quia</strong></span> <span class='ocrx_word' id='word_1_457' title='bbox 2789 2021 2915 2074; x_wconf 87' lang='lat' dir='ltr'><strong>erat</strong></span> <span class='ocrx_word' id='word_1_458' title='bbox 2976 2018 3338 2090; x_wconf 90' lang='lat' dir='ltr'><strong>propinquus</strong></span> <span class='ocrx_word' id='word_1_459' title='bbox 3387 2019 3650 2078; x_wconf 89' lang='lat' dir='ltr'><strong>Landrici</strong></span> 
     </span>
    </p>
   </div>
   <div class='ocr_carea' id='block_1_66' title="bbox 2002 2106 3654 2178">
    <p class='ocr_par' dir='ltr' id='par_1_66' title="bbox 2002 2106 3654 2178">
     <span class='ocr_line' id='line_1_66' title="bbox 2002 2106 3654 2178; baseline -0.001 -15"><span class='ocrx_word' id='word_1_460' title='bbox 2002 2107 2236 2164; x_wconf 87' lang='lat' dir='ltr'><strong>comitis</strong></span> <span class='ocrx_word' id='word_1_461' title='bbox 2291 2106 2686 2176; x_wconf 79' lang='lat' dir='ltr'><strong>Nivernensis,</strong></span> <span class='ocrx_word' id='word_1_462' title='bbox 2751 2106 3098 2164; x_wconf 90' lang='lat' dir='ltr'><strong>commissus</strong></span> <span class='ocrx_word' id='word_1_463' title='bbox 3127 2112 3220 2163; x_wconf 91' lang='lat' dir='ltr'><strong>est</strong></span> <span class='ocrx_word' id='word_1_464' title='bbox 3250 2107 3302 2162; x_wconf 90' lang='lat' dir='ltr'><strong>ei</strong></span> <span class='ocrx_word' id='word_1_465' title='bbox 3355 2107 3654 2178; x_wconf 88' lang='lat' dir='ltr'><strong>prioratus</strong></span> 
     </span>
    </p>
   </div>
   <div class='ocr_carea' id='block_1_67' title="bbox 2002 2193 3654 2264">
    <p class='ocr_par' dir='ltr' id='par_1_67' title="bbox 2002 2193 3654 2264">
     <span class='ocr_line' id='line_1_67' title="bbox 2002 2193 3654 2264; baseline 0.001 -11"><span class='ocrx_word' id='word_1_466' title='bbox 2002 2195 2166 2253; x_wconf 69' lang='lat' dir='ltr'><strong>cellae</strong></span> <span class='ocrx_word' id='word_1_467' title='bbox 2201 2195 2548 2264; x_wconf 90' lang='lat' dir='ltr'><strong>Corbiniaci,</strong></span> <span class='ocrx_word' id='word_1_468' title='bbox 2583 2199 2640 2250; x_wconf 91' lang='lat' dir='ltr'><strong>et</strong></span> <span class='ocrx_word' id='word_1_469' title='bbox 2678 2193 2984 2252; x_wconf 77' lang='lat' dir='ltr'><strong>lieldricus</strong></span> <span class='ocrx_word' id='word_1_470' title='bbox 3015 2194 3415 2252; x_wconf 85' lang='lat' dir='ltr'><strong>Cluniacensis</strong></span> <span class='ocrx_word' id='word_1_471' title='bbox 3463 2210 3654 2254; x_wconf 89' lang='lat' dir='ltr'><strong>mona-</strong></span> 
     </span>
    </p>
   </div>
   <div class='ocr_carea' id='block_1_68' title="bbox 2002 2283 3656 2352">
    <p class='ocr_par' dir='ltr' id='par_1_68' title="bbox 2002 2283 3656 2352">
     <span class='ocr_line' id='line_1_68' title="bbox 2002 2283 3656 2352; baseline 0 -12"><span class='ocrx_word' id='word_1_472' title='bbox 2002 2285 2147 2340; x_wconf 90' lang='lat' dir='ltr'><strong>chus</strong></span> <span class='ocrx_word' id='word_1_473' title='bbox 2163 2283 2345 2340; x_wconf 88' lang='lat' dir='ltr'><strong>abbas</strong></span> <span class='ocrx_word' id='word_1_474' title='bbox 2364 2284 2720 2352; x_wconf 84' lang='lat' dir='ltr'><strong>subrogatus</strong></span> <span class='ocrx_word' id='word_1_475' title='bbox 2737 2287 2848 2338; x_wconf 89' lang='lat' dir='ltr'><strong>est.</strong></span> <span class='ocrx_word' id='word_1_476' title='bbox 2878 2283 3171 2339; x_wconf 84' lang='lat' dir='ltr'><strong>Robertus</strong></span> <span class='ocrx_word' id='word_1_477' title='bbox 3194 2297 3334 2339; x_wconf 91' lang='lat' dir='ltr'><strong>vero</strong></span> <span class='ocrx_word' id='word_1_478' title='bbox 3357 2284 3656 2340; x_wconf 88' lang='lat' dir='ltr'><strong>Corbinia-</strong></span> 
     </span>
    </p>
   </div>
   <div class='ocr_carea' id='block_1_69' title="bbox 2002 2370 3652 2442">
    <p class='ocr_par' dir='ltr' id='par_1_69' title="bbox 2002 2370 3652 2442">
     <span class='ocr_line' id='line_1_69' title="bbox 2002 2370 3652 2442; baseline 0.001 -14"><span class='ocrx_word' id='word_1_479' title='bbox 2002 2387 2132 2429; x_wconf 91' lang='lat' dir='ltr'><strong>cum</strong></span> <span class='ocrx_word' id='word_1_480' title='bbox 2151 2373 2412 2442; x_wconf 89' lang='lat' dir='ltr'><strong>veniens,</strong></span> <span class='ocrx_word' id='word_1_481' title='bbox 2463 2371 2535 2426; x_wconf 92' lang='lat' dir='ltr'><strong>de</strong></span> <span class='ocrx_word' id='word_1_482' title='bbox 2567 2387 2635 2427; x_wconf 89' lang='lat' dir='ltr'><strong>eo</strong></span> <span class='ocrx_word' id='word_1_483' title='bbox 2661 2385 2721 2426; x_wconf 89' lang='lat' dir='ltr'><strong>se</strong></span> <span class='ocrx_word' id='word_1_484' title='bbox 2755 2371 3022 2426; x_wconf 89' lang='lat' dir='ltr'><strong>abbatem</strong></span> <span class='ocrx_word' id='word_1_485' title='bbox 3052 2370 3246 2426; x_wconf 91' lang='lat' dir='ltr'><strong>vocari</strong></span> <span class='ocrx_word' id='word_1_486' title='bbox 3282 2371 3436 2427; x_wconf 88' lang='lat' dir='ltr'><strong>fecit.</strong></span> <span class='ocrx_word' id='word_1_487' title='bbox 3470 2373 3550 2428; x_wconf 80' lang='lat' dir='ltr'><strong>Ex</strong></span> <span class='ocrx_word' id='word_1_488' title='bbox 3583 2387 3652 2429; x_wconf 91' lang='lat' dir='ltr'><strong>eo</strong></span> 
     </span>
    </p>
   </div>
   <div class='ocr_carea' id='block_1_70' title="bbox 2004 2457 3654 2517">
    <p class='ocr_par' dir='ltr' id='par_1_70' title="bbox 2004 2457 3654 2517">
     <span class='ocr_line' id='line_1_70' title="bbox 2004 2457 3654 2517; baseline 0.001 -1"><span class='ocrx_word' id='word_1_489' title='bbox 2004 2460 2381 2517; x_wconf 89' lang='lat' dir='ltr'><strong>Corbiniacus</strong></span> <span class='ocrx_word' id='word_1_490' title='bbox 2435 2458 2669 2514; x_wconf 86' lang='lat' dir='ltr'><strong>abbatia</strong></span> <span class='ocrx_word' id='word_1_491' title='bbox 2704 2457 2940 2514; x_wconf 89' lang='lat' dir='ltr'><strong>dicitur.</strong></span> <span class='ocrx_word' id='word_1_492' title='bbox 2977 2457 3132 2516; x_wconf 88' lang='lat' dir='ltr'><strong>Obiit</strong></span> <span class='ocrx_word' id='word_1_493' title='bbox 3165 2458 3473 2516; x_wconf 81' lang='lat' dir='ltr'><strong>Heldricus</strong></span> <span class='ocrx_word' id='word_1_494' title='bbox 3505 2475 3654 2517; x_wconf 80' lang='lat' dir='ltr'><strong>anno</strong></span> 
     </span>
    </p>
   </div>
   <div class='ocr_carea' id='block_1_71' title="bbox 2003 2545 3652 2618">
    <p class='ocr_par' dir='ltr' id='par_1_71' title="bbox 2003 2545 3652 2618">
     <span class='ocr_line' id='line_1_71' title="bbox 2003 2545 3652 2618; baseline -0.002 -14"><span class='ocrx_word' id='word_1_495' title='bbox 2003 2549 2154 2604; x_wconf 87' lang='lat' dir='ltr'><strong>dom.</strong></span> <span class='ocrx_word' id='word_1_496' title='bbox 2191 2548 2302 2604; x_wconf 88' lang='lat' dir='ltr'><strong>inc.</strong></span> <span class='ocrx_word' id='word_1_497' title='bbox 2365 2549 2520 2618; x_wconf 85' lang='grc'><strong>1010,</strong></span> <span class='ocrx_word' id='word_1_498' title='bbox 2555 2551 2612 2602; x_wconf 87' lang='lat' dir='ltr'><strong>et</strong></span> <span class='ocrx_word' id='word_1_499' title='bbox 2679 2546 2964 2602; x_wconf 81' lang='lat' dir='ltr'><strong>Amedeus</strong></span> <span class='ocrx_word' id='word_1_500' title='bbox 3018 2545 3324 2616; x_wconf 88' lang='lat' dir='ltr'><strong>successit,</strong></span> <span class='ocrx_word' id='word_1_501' title='bbox 3358 2551 3418 2602; x_wconf 90' lang='lat' dir='ltr'><strong>et</strong></span> <span class='ocrx_word' id='word_1_502' title='bbox 3449 2545 3652 2602; x_wconf 89' lang='lat' dir='ltr'><strong>cellam</strong></span> 
     </span>
    </p>
   </div>
   <div class='ocr_carea' id='block_1_72' title="bbox 2005 2633 3656 2708">
    <p class='ocr_par' dir='ltr' id='par_1_72' title="bbox 2005 2633 3656 2708">
     <span class='ocr_line' id='line_1_72' title="bbox 2005 2633 3656 2708; baseline -0.003 -14"><span class='ocrx_word' id='word_1_503' title='bbox 2005 2636 2328 2694; x_wconf 90' lang='lat' dir='ltr'><strong>Corbiniaci</strong></span> <span class='ocrx_word' id='word_1_504' title='bbox 2363 2635 2753 2708; x_wconf 90' lang='lat' dir='ltr'><strong>recuperavit.</strong></span> <span class='ocrx_word' id='word_1_505' title='bbox 2793 2633 3176 2692; x_wconf 89' lang='lat' dir='ltr'><strong>Colticeusem</strong></span> <span class='ocrx_word' id='word_1_506' title='bbox 3207 2633 3382 2691; x_wconf 90' lang='lat' dir='ltr'><strong>etiam</strong></span> <span class='ocrx_word' id='word_1_507' title='bbox 3407 2639 3467 2690; x_wconf 90' lang='lat' dir='ltr'><strong>et</strong></span> <span class='ocrx_word' id='word_1_508' title='bbox 3497 2633 3656 2690; x_wconf 87' lang='lat' dir='ltr'><strong>Sine-</strong></span> 
     </span>
    </p>
   </div>
   <div class='ocr_carea' id='block_1_73' title="bbox 2003 2721 3652 2792">
    <p class='ocr_par' dir='ltr' id='par_1_73' title="bbox 2003 2721 3652 2792">
     <span class='ocr_line' id='line_1_73' title="bbox 2003 2721 3652 2792; baseline -0.001 -12"><span class='ocrx_word' id='word_1_509' title='bbox 2003 2739 2327 2782; x_wconf 80' lang='lat' dir='ltr'><strong>murensem</strong></span> <span class='ocrx_word' id='word_1_510' title='bbox 2347 2727 2406 2780; x_wconf 93' lang='lat' dir='ltr'><strong>et</strong></span> <span class='ocrx_word' id='word_1_511' title='bbox 2426 2723 2866 2780; x_wconf 90' lang='lat' dir='ltr'><strong>Bellilocensem</strong></span> <span class='ocrx_word' id='word_1_512' title='bbox 2882 2721 3064 2780; x_wconf 87' lang='lat' dir='ltr'><strong>cellas</strong></span> <span class='ocrx_word' id='word_1_513' title='bbox 3081 2721 3429 2792; x_wconf 87' lang='lat' dir='ltr'><strong>instituit,et</strong></span> <span class='ocrx_word' id='word_1_514' title='bbox 3455 2721 3652 2780; x_wconf 66' lang='lat' dir='ltr'><strong>multa:</strong></span> 
     </span>
    </p>
   </div>
   <div class='ocr_carea' id='block_1_74' title="bbox 2002 2810 3650 2883">
    <p class='ocr_par' dir='ltr' id='par_1_74' title="bbox 2002 2810 3650 2883">
     <span class='ocr_line' id='line_1_74' title="bbox 2002 2810 3650 2883; baseline -0.001 -13"><span class='ocrx_word' id='word_1_515' title='bbox 2002 2814 2378 2870; x_wconf 89' lang='lat' dir='ltr'><strong>authoritatis</strong></span> <span class='ocrx_word' id='word_1_516' title='bbox 2407 2815 2462 2869; x_wconf 90' lang='lat' dir='ltr'><strong>et</strong></span> <span class='ocrx_word' id='word_1_517' title='bbox 2497 2811 2803 2883; x_wconf 79' lang='lat' dir='ltr'><strong>dignitatis</strong></span> <span class='ocrx_word' id='word_1_518' title='bbox 2845 2810 3011 2880; x_wconf 89' lang='lat' dir='ltr'><strong>obiit,</strong></span> <span class='ocrx_word' id='word_1_519' title='bbox 3045 2816 3107 2867; x_wconf 91' lang='lat' dir='ltr'><strong>et</strong></span> <span class='ocrx_word' id='word_1_520' title='bbox 3139 2812 3315 2882; x_wconf 87' lang='lat' dir='ltr'><strong>Aymo</strong></span> <span class='ocrx_word' id='word_1_521' title='bbox 3345 2811 3650 2880; x_wconf 86' lang='lat' dir='ltr'><strong>successit,</strong></span> 
     </span>
    </p>
   </div>
   <div class='ocr_carea' id='block_1_75' title="bbox 2001 2897 3657 2974">
    <p class='ocr_par' dir='ltr' id='par_1_75' title="bbox 2001 2897 3657 2974">
     <span class='ocr_line' id='line_1_75' title="bbox 2001 2897 3657 2974; baseline -0.002 -14"><span class='ocrx_word' id='word_1_522' title='bbox 2001 2902 2100 2960; x_wconf 87' lang='lat' dir='ltr'><strong>sed</strong></span> <span class='ocrx_word' id='word_1_523' title='bbox 2141 2903 2414 2974; x_wconf 91' lang='lat' dir='ltr'><strong>culpatus</strong></span> <span class='ocrx_word' id='word_1_524' title='bbox 2448 2901 2520 2957; x_wconf 91' lang='lat' dir='ltr'><strong>dc</strong></span> <span class='ocrx_word' id='word_1_525' title='bbox 2562 2901 2829 2964; x_wconf 85' lang='lat' dir='ltr'><strong>simonia,</strong></span> <span class='ocrx_word' id='word_1_526' title='bbox 2881 2899 2936 2954; x_wconf 93' lang='lat' dir='ltr'><strong>in</strong></span> <span class='ocrx_word' id='word_1_527' title='bbox 2962 2913 3133 2955; x_wconf 89' lang='lat' dir='ltr'><strong>manu</strong></span> <span class='ocrx_word' id='word_1_528' title='bbox 3165 2897 3372 2969; x_wconf 78' lang='lat' dir='ltr'><strong>Leonis</strong></span> <span class='ocrx_word' id='word_1_529' title='bbox 3401 2913 3564 2971; x_wconf 76' lang='lat' dir='ltr'><strong>papae</strong></span> <span class='ocrx_word' id='word_1_530' title='bbox 3587 2899 3657 2956; x_wconf 83' lang='lat' dir='ltr'><strong>IX</strong></span> 
     </span>
    </p>
   </div>
   <div class='ocr_carea' id='block_1_76' title="bbox 2001 2986 3646 3063">
    <p class='ocr_par' dir='ltr' id='par_1_76' title="bbox 2001 2986 3646 3063">
     <span class='ocr_line' id='line_1_76' title="bbox 2001 2986 3646 3063; baseline -0.002 -17"><span class='ocrx_word' id='word_1_531' title='bbox 2001 2991 2218 3062; x_wconf 83' lang='lat' dir='ltr'><strong>virgam</strong></span> <span class='ocrx_word' id='word_1_532' title='bbox 2251 2989 2602 3063; x_wconf 89' lang='lat' dir='ltr'><strong>pastoralem</strong></span> <span class='ocrx_word' id='word_1_533' title='bbox 2654 2988 2896 3058; x_wconf 89' lang='lat' dir='ltr'><strong>dimisit,</strong></span> <span class='ocrx_word' id='word_1_534' title='bbox 2927 2991 2988 3044; x_wconf 86' lang='lat' dir='ltr'><strong>et</strong></span> <span class='ocrx_word' id='word_1_535' title='bbox 3019 2987 3143 3044; x_wconf 91' lang='lat' dir='ltr'><strong>Odo</strong></span> <span class='ocrx_word' id='word_1_536' title='bbox 3175 2988 3194 3042; x_wconf 94' lang='lat' dir='ltr'><strong>l</strong></span> <span class='ocrx_word' id='word_1_537' title='bbox 3237 2986 3498 3044; x_wconf 85' lang='lat' dir='ltr'><strong>Aremari</strong></span> <span class='ocrx_word' id='word_1_538' title='bbox 3529 3001 3646 3043; x_wconf 87' lang='lat' dir='ltr'><strong>mo-</strong></span> 
     </span>
    </p>
   </div>
   <div class='ocr_carea' id='block_1_77' title="bbox 2001 3075 3644 3148">
    <p class='ocr_par' dir='ltr' id='par_1_77' title="bbox 2001 3075 3644 3148">
     <span class='ocr_line' id='line_1_77' title="bbox 2001 3075 3644 3148; baseline -0.002 -12"><span class='ocrx_word' id='word_1_539' title='bbox 2001 3079 2246 3136; x_wconf 81' lang='lat' dir='ltr'><strong>nasterii</strong></span> <span class='ocrx_word' id='word_1_540' title='bbox 2307 3077 2625 3134; x_wconf 90' lang='lat' dir='ltr'><strong>monachus</strong></span> <span class='ocrx_word' id='word_1_541' title='bbox 2689 3075 2999 3146; x_wconf 91' lang='lat' dir='ltr'><strong>successit,</strong></span> <span class='ocrx_word' id='word_1_542' title='bbox 3059 3079 3120 3131; x_wconf 89' lang='lat' dir='ltr'><strong>et</strong></span> <span class='ocrx_word' id='word_1_543' title='bbox 3185 3080 3319 3148; x_wconf 87' lang='lat' dir='ltr'><strong>post</strong></span> <span class='ocrx_word' id='word_1_544' title='bbox 3373 3080 3409 3132; x_wconf 89' lang='grc'><strong>2</strong></span> <span class='ocrx_word' id='word_1_545' title='bbox 3462 3089 3644 3132; x_wconf 89' lang='lat' dir='ltr'><strong>annos</strong></span> 
     </span>
    </p>
   </div>
   <div class='ocr_carea' id='block_1_78' title="bbox 2001 3163 3644 3236">
    <p class='ocr_par' dir='ltr' id='par_1_78' title="bbox 2001 3163 3644 3236">
     <span class='ocr_line' id='line_1_78' title="bbox 2001 3163 3644 3236; baseline -0.004 -11"><span class='ocrx_word' id='word_1_546' title='bbox 2001 3167 2187 3224; x_wconf 89' lang='lat' dir='ltr'><strong>Odoni</strong></span> <span class='ocrx_word' id='word_1_547' title='bbox 2220 3168 2267 3222; x_wconf 89' lang='lat' dir='ltr'><strong>ll</strong></span> <span class='ocrx_word' id='word_1_548' title='bbox 2297 3167 2494 3222; x_wconf 89' lang='lat' dir='ltr'><strong>sedem</strong></span> <span class='ocrx_word' id='word_1_549' title='bbox 2521 3165 2776 3236; x_wconf 92' lang='lat' dir='ltr'><strong>reliquit,</strong></span> <span class='ocrx_word' id='word_1_550' title='bbox 2799 3163 3066 3220; x_wconf 86' lang='lat' dir='ltr'><strong>Elmuino</strong></span> <span class='ocrx_word' id='word_1_551' title='bbox 3095 3163 3292 3220; x_wconf 90' lang='lat' dir='ltr'><strong>sedem</strong></span> <span class='ocrx_word' id='word_1_552' title='bbox 3315 3163 3644 3220; x_wconf 89' lang='lat' dir='ltr'><strong>Eduensem</strong></span> 
     </span>
    </p>
   </div>
   <div class='ocr_carea' id='block_1_79' title="bbox 2003 3251 3645 3329">
    <p class='ocr_par' dir='ltr' id='par_1_79' title="bbox 2003 3251 3645 3329">
     <span class='ocr_line' id='line_1_79' title="bbox 2003 3251 3645 3329; baseline -0.002 -17"><span class='ocrx_word' id='word_1_553' title='bbox 2003 3259 2380 3329; x_wconf 88' lang='lat' dir='ltr'><strong>procurante,</strong></span> <span class='ocrx_word' id='word_1_554' title='bbox 2415 3255 2511 3325; x_wconf 91' lang='lat' dir='ltr'><strong>qui</strong></span> <span class='ocrx_word' id='word_1_555' title='bbox 2545 3255 2720 3310; x_wconf 91' lang='lat' dir='ltr'><strong>etiam</strong></span> <span class='ocrx_word' id='word_1_556' title='bbox 2755 3253 3178 3323; x_wconf 83' lang='lat' dir='ltr'><strong>Corbiniacum,</strong></span> <span class='ocrx_word' id='word_1_557' title='bbox 3205 3251 3339 3323; x_wconf 89' lang='lat' dir='ltr'><strong>quia</strong></span> <span class='ocrx_word' id='word_1_558' title='bbox 3376 3257 3510 3309; x_wconf 92' lang='lat' dir='ltr'><strong>tunc</strong></span> <span class='ocrx_word' id='word_1_559' title='bbox 3533 3266 3645 3308; x_wconf 91' lang='lat' dir='ltr'><strong>nou</strong></span> 
     </span>
    </p>
   </div>
   <div class='ocr_carea' id='block_1_80' title="bbox 2001 3339 3647 3412">
    <p class='ocr_par' dir='ltr' id='par_1_80' title="bbox 2001 3339 3647 3412">
     <span class='ocr_line' id='line_1_80' title="bbox 2001 3339 3647 3412; baseline -0.004 -12"><span class='ocrx_word' id='word_1_560' title='bbox 2001 3343 2273 3411; x_wconf 87' lang='lat' dir='ltr'><strong>habebat,</strong></span> <span class='ocrx_word' id='word_1_561' title='bbox 2300 3348 2517 3399; x_wconf 60' lang='lat' dir='ltr'><strong>nostra;</strong></span> <span class='ocrx_word' id='word_1_562' title='bbox 2543 3340 2796 3398; x_wconf 88' lang='lat' dir='ltr'><strong>reddidit</strong></span> <span class='ocrx_word' id='word_1_563' title='bbox 2821 3339 3124 3409; x_wconf 67' lang='lat' dir='ltr'><strong>ecclesiae;</strong></span> <span class='ocrx_word' id='word_1_564' title='bbox 3143 3339 3240 3397; x_wconf 90' lang='lat' dir='ltr'><strong>ubi</strong></span> <span class='ocrx_word' id='word_1_565' title='bbox 3260 3353 3390 3396; x_wconf 89' lang='lat' dir='ltr'><strong>cum</strong></span> <span class='ocrx_word' id='word_1_566' title='bbox 3412 3353 3647 3412; x_wconf 89' lang='lat' dir='ltr'><strong>proces-</strong></span> 
     </span>
    </p>
   </div>
   <div class='ocr_carea' id='block_1_81' title="bbox 2001 3427 3648 3502">
    <p class='ocr_par' dir='ltr' id='par_1_81' title="bbox 2001 3427 3648 3502">
     <span class='ocr_line' id='line_1_81' title="bbox 2001 3427 3648 3502; baseline -0.004 -14"><span class='ocrx_word' id='word_1_567' title='bbox 2001 3432 2161 3488; x_wconf 91' lang='lat' dir='ltr'><strong>sione</strong></span> <span class='ocrx_word' id='word_1_568' title='bbox 2185 3432 2336 3488; x_wconf 90' lang='lat' dir='ltr'><strong>facta</strong></span> <span class='ocrx_word' id='word_1_569' title='bbox 2367 3431 2774 3502; x_wconf 86' lang='lat' dir='ltr'><strong>susciperetur</strong></span> <span class='ocrx_word' id='word_1_570' title='bbox 2794 3443 2825 3484; x_wconf 90' lang='lat' dir='ltr'><strong>a</strong></span> <span class='ocrx_word' id='word_1_571' title='bbox 2845 3427 3164 3496; x_wconf 88' lang='lat' dir='ltr'><strong>monachis,</strong></span> <span class='ocrx_word' id='word_1_572' title='bbox 3190 3427 3245 3482; x_wconf 91' lang='lat' dir='ltr'><strong>in</strong></span> <span class='ocrx_word' id='word_1_573' title='bbox 3273 3427 3648 3500; x_wconf 89' lang='lat' dir='ltr'><strong>processione</strong></span> 
     </span>
    </p>
   </div>
   <div class='ocr_carea' id='block_1_82' title="bbox 2003 3515 3648 3589">
    <p class='ocr_par' dir='ltr' id='par_1_82' title="bbox 2003 3515 3648 3589">
     <span class='ocr_line' id='line_1_82' title="bbox 2003 3515 3648 3589; baseline -0.003 -13"><span class='ocrx_word' id='word_1_574' title='bbox 2003 3521 2191 3576; x_wconf 91' lang='lat' dir='ltr'><strong>minus</strong></span> <span class='ocrx_word' id='word_1_575' title='bbox 2223 3523 2394 3576; x_wconf 89' lang='lat' dir='ltr'><strong>caute</strong></span> <span class='ocrx_word' id='word_1_576' title='bbox 2454 3519 2673 3588; x_wconf 84' lang='lat' dir='ltr'><strong>virgam</strong></span> <span class='ocrx_word' id='word_1_577' title='bbox 2709 3517 3084 3589; x_wconf 89' lang='lat' dir='ltr'><strong>pastoralem,</strong></span> <span class='ocrx_word' id='word_1_578' title='bbox 3145 3529 3316 3587; x_wconf 88' lang='lat' dir='ltr'><strong>quam</strong></span> <span class='ocrx_word' id='word_1_579' title='bbox 3353 3515 3648 3572; x_wconf 81' lang='lat' dir='ltr'><strong>Robertus</strong></span> 
     </span>
    </p>
   </div>
   <div class='ocr_carea' id='block_1_83' title="bbox 2001 3601 3649 3680">
    <p class='ocr_par' dir='ltr' id='par_1_83' title="bbox 2001 3601 3649 3680">
     <span class='ocr_line' id='line_1_83' title="bbox 2001 3601 3649 3680; baseline -0.005 -14"><span class='ocrx_word' id='word_1_580' title='bbox 2001 3608 2325 3666; x_wconf 89' lang='lat' dir='ltr'><strong>diabolicus</strong></span> <span class='ocrx_word' id='word_1_581' title='bbox 2358 3607 2603 3680; x_wconf 90' lang='lat' dir='ltr'><strong>laqueus</strong></span> <span class='ocrx_word' id='word_1_582' title='bbox 2634 3606 2941 3674; x_wconf 89' lang='lat' dir='ltr'><strong>habuerat,</strong></span> <span class='ocrx_word' id='word_1_583' title='bbox 2973 3604 3257 3677; x_wconf 88' lang='lat' dir='ltr'><strong>suscepit,</strong></span> <span class='ocrx_word' id='word_1_584' title='bbox 3291 3618 3321 3660; x_wconf 91' lang='lat' dir='ltr'><strong>a</strong></span> <span class='ocrx_word' id='word_1_585' title='bbox 3368 3601 3649 3662; x_wconf 76' lang='lat' dir='ltr'><strong>fratribus</strong></span> 
     </span>
    </p>
   </div>
   <div class='ocr_carea' id='block_1_84' title="bbox 2001 3690 3652 3763">
    <p class='ocr_par' dir='ltr' id='par_1_84' title="bbox 2001 3690 3652 3763">
     <span class='ocr_line' id='line_1_84' title="bbox 2001 3690 3652 3763; baseline -0.004 -9"><span class='ocrx_word' id='word_1_586' title='bbox 2001 3696 2218 3754; x_wconf 90' lang='lat' dir='ltr'><strong>nostris</strong></span> <span class='ocrx_word' id='word_1_587' title='bbox 2249 3695 2304 3752; x_wconf 91' lang='lat' dir='ltr'><strong>id</strong></span> <span class='ocrx_word' id='word_1_588' title='bbox 2337 3695 2572 3752; x_wconf 92' lang='lat' dir='ltr'><strong>omnino</strong></span> <span class='ocrx_word' id='word_1_589' title='bbox 2601 3691 3112 3763; x_wconf 87' lang='lat' dir='ltr'><strong>calumniantibus,</strong></span> <span class='ocrx_word' id='word_1_590' title='bbox 3137 3696 3198 3750; x_wconf 91' lang='lat' dir='ltr'><strong>et</strong></span> <span class='ocrx_word' id='word_1_591' title='bbox 3228 3693 3304 3748; x_wconf 91' lang='lat' dir='ltr'><strong>ob</strong></span> <span class='ocrx_word' id='word_1_592' title='bbox 3327 3690 3384 3747; x_wconf 91' lang='lat' dir='ltr'><strong>id</strong></span> <span class='ocrx_word' id='word_1_593' title='bbox 3417 3691 3488 3748; x_wconf 88' lang='lat' dir='ltr'><strong>de</strong></span> <span class='ocrx_word' id='word_1_594' title='bbox 3521 3705 3652 3763; x_wconf 90' lang='lat' dir='ltr'><strong>pro-</strong></span> 
     </span>
    </p>
   </div>
   <div class='ocr_carea' id='block_1_85' title="bbox 2002 3779 3650 3852">
    <p class='ocr_par' dir='ltr' id='par_1_85' title="bbox 2002 3779 3650 3852">
     <span class='ocr_line' id='line_1_85' title="bbox 2002 3779 3650 3852; baseline -0.005 -10"><span class='ocrx_word' id='word_1_595' title='bbox 2002 3784 2294 3843; x_wconf 90' lang='lat' dir='ltr'><strong>cessiouis</strong></span> <span class='ocrx_word' id='word_1_596' title='bbox 2319 3784 2571 3840; x_wconf 87' lang='lat' dir='ltr'><strong>statione</strong></span> <span class='ocrx_word' id='word_1_597' title='bbox 2589 3781 3025 3852; x_wconf 88' lang='lat' dir='ltr'><strong>recedentibus,</strong></span> <span class='ocrx_word' id='word_1_598' title='bbox 3051 3781 3169 3837; x_wconf 82' lang='lat' dir='ltr'><strong>Hac</strong></span> <span class='ocrx_word' id='word_1_599' title='bbox 3187 3780 3367 3850; x_wconf 88' lang='lat' dir='ltr'><strong>igitur</strong></span> <span class='ocrx_word' id='word_1_600' title='bbox 3385 3779 3456 3836; x_wconf 90' lang='lat' dir='ltr'><strong>de</strong></span> <span class='ocrx_word' id='word_1_601' title='bbox 3475 3793 3650 3836; x_wconf 90' lang='lat' dir='ltr'><strong>causa</strong></span> 
     </span>
    </p>
   </div>
   <div class='ocr_carea' id='block_1_86' title="bbox 2006 3867 3658 3940">
    <p class='ocr_par' dir='ltr' id='par_1_86' title="bbox 2006 3867 3658 3940">
     <span class='ocr_line' id='line_1_86' title="bbox 2006 3867 3658 3940; baseline -0.005 -11"><span class='ocrx_word' id='word_1_602' title='bbox 2006 3872 2500 3930; x_wconf 89' lang='lat' dir='ltr'><strong>invalescentibus</strong></span> <span class='ocrx_word' id='word_1_603' title='bbox 2523 3869 2811 3926; x_wconf 89' lang='lat' dir='ltr'><strong>mandatis</strong></span> <span class='ocrx_word' id='word_1_604' title='bbox 2834 3867 3198 3940; x_wconf 90' lang='lat' dir='ltr'><strong>apostolicis,</strong></span> <span class='ocrx_word' id='word_1_605' title='bbox 3220 3883 3291 3924; x_wconf 91' lang='lat' dir='ltr'><strong>ne</strong></span> <span class='ocrx_word' id='word_1_606' title='bbox 3320 3867 3452 3940; x_wconf 89' lang='lat' dir='ltr'><strong>quis</strong></span> <span class='ocrx_word' id='word_1_607' title='bbox 3475 3867 3658 3924; x_wconf 89' lang='lat' dir='ltr'><strong>abbas</strong></span> 
     </span>
    </p>
   </div>
   <div class='ocr_carea' id='block_1_87' title="bbox 2006 3953 3652 4027">
    <p class='ocr_par' dir='ltr' id='par_1_87' title="bbox 2006 3953 3652 4027">
     <span class='ocr_line' id='line_1_87' title="bbox 2006 3953 3652 4027; baseline -0.006 -9"><span class='ocrx_word' id='word_1_608' title='bbox 2006 3961 2150 4018; x_wconf 90' lang='lat' dir='ltr'><strong>duas</strong></span> <span class='ocrx_word' id='word_1_609' title='bbox 2210 3959 2474 4016; x_wconf 87' lang='lat' dir='ltr'><strong>obtineat</strong></span> <span class='ocrx_word' id='word_1_610' title='bbox 2528 3957 2817 4027; x_wconf 88' lang='lat' dir='ltr'><strong>abbatias,</strong></span> <span class='ocrx_word' id='word_1_611' title='bbox 2880 3962 3192 4013; x_wconf 88' lang='lat' dir='ltr'><strong>accusatus</strong></span> <span class='ocrx_word' id='word_1_612' title='bbox 3224 3956 3296 4011; x_wconf 91' lang='lat' dir='ltr'><strong>ab</strong></span> <span class='ocrx_word' id='word_1_613' title='bbox 3348 3954 3566 4012; x_wconf 88' lang='lat' dir='ltr'><strong>eisdem</strong></span> <span class='ocrx_word' id='word_1_614' title='bbox 3597 3953 3652 4009; x_wconf 91' lang='lat' dir='ltr'><strong>in</strong></span> 
     </span>
    </p>
   </div>
   <div class='ocr_carea' id='block_1_88' title="bbox 2005 4043 3658 4121">
    <p class='ocr_par' dir='ltr' id='par_1_88' title="bbox 2005 4043 3658 4121">
     <span class='ocr_line' id='line_1_88' title="bbox 2005 4043 3658 4121; baseline -0.005 -14"><span class='ocrx_word' id='word_1_615' title='bbox 2005 4048 2254 4107; x_wconf 92' lang='lat' dir='ltr'><strong>concilio</strong></span> <span class='ocrx_word' id='word_1_616' title='bbox 2277 4045 2694 4115; x_wconf 81' lang='lat' dir='ltr'><strong>Exoldunensi,</strong></span> <span class='ocrx_word' id='word_1_617' title='bbox 2720 4044 2884 4116; x_wconf 88' lang='lat' dir='ltr'><strong>quasi</strong></span> <span class='ocrx_word' id='word_1_618' title='bbox 2907 4045 3006 4116; x_wconf 89' lang='lat' dir='ltr'><strong>qui</strong></span> <span class='ocrx_word' id='word_1_619' title='bbox 3029 4048 3232 4100; x_wconf 91' lang='lat' dir='ltr'><strong>contra</strong></span> <span class='ocrx_word' id='word_1_620' title='bbox 3257 4043 3494 4121; x_wconf 82' lang='lat' dir='ltr'><strong>decreta</strong></span> <span class='ocrx_word' id='word_1_621' title='bbox 3523 4057 3658 4114; x_wconf 89' lang='lat' dir='ltr'><strong>apo-</strong></span> 
     </span>
    </p>
   </div>
   <div class='ocr_carea' id='block_1_89' title="bbox 2007 4129 3654 4206">
    <p class='ocr_par' dir='ltr' id='par_1_89' title="bbox 2007 4129 3654 4206">
     <span class='ocr_line' id='line_1_89' title="bbox 2007 4129 3654 4206; baseline -0.007 -11"><span class='ocrx_word' id='word_1_622' title='bbox 2007 4137 2216 4195; x_wconf 89' lang='lat' dir='ltr'><strong>stolica</strong></span> <span class='ocrx_word' id='word_1_623' title='bbox 2233 4136 2461 4192; x_wconf 89' lang='lat' dir='ltr'><strong>duabus</strong></span> <span class='ocrx_word' id='word_1_624' title='bbox 2477 4131 3296 4206; x_wconf 53' lang='lat' dir='ltr'><strong>prmessetecclesiiswirgam</strong></span> <span class='ocrx_word' id='word_1_625' title='bbox 3310 4129 3654 4198; x_wconf 88' lang='lat' dir='ltr'><strong>reddidit,et</strong></span> 
     </span>
    </p>
   </div>
   <div class='ocr_carea' id='block_1_90' title="bbox 2010 4216 3657 4298">
    <p class='ocr_par' dir='ltr' id='par_1_90' title="bbox 2010 4216 3657 4298">
     <span class='ocr_line' id='line_1_90' title="bbox 2010 4216 3657 4298; baseline -0.007 -16"><span class='ocrx_word' id='word_1_626' title='bbox 2010 4225 2292 4298; x_wconf 88' lang='lat' dir='ltr'><strong>requisita</strong></span> <span class='ocrx_word' id='word_1_627' title='bbox 2323 4222 2550 4294; x_wconf 91' lang='lat' dir='ltr'><strong>justitia</strong></span> <span class='ocrx_word' id='word_1_628' title='bbox 2595 4221 2665 4277; x_wconf 91' lang='lat' dir='ltr'><strong>de</strong></span> <span class='ocrx_word' id='word_1_629' title='bbox 2696 4219 2841 4276; x_wconf 89' lang='lat' dir='ltr'><strong>cella</strong></span> <span class='ocrx_word' id='word_1_630' title='bbox 2878 4233 3004 4289; x_wconf 89' lang='lat' dir='ltr'><strong>sua,</strong></span> <span class='ocrx_word' id='word_1_631' title='bbox 3040 4219 3095 4274; x_wconf 92' lang='lat' dir='ltr'><strong>id</strong></span> <span class='ocrx_word' id='word_1_632' title='bbox 3127 4223 3222 4274; x_wconf 91' lang='lat' dir='ltr'><strong>est</strong></span> <span class='ocrx_word' id='word_1_633' title='bbox 3271 4216 3446 4274; x_wconf 90' lang='lat' dir='ltr'><strong>fundo</strong></span> <span class='ocrx_word' id='word_1_634' title='bbox 3478 4216 3657 4272; x_wconf 80' lang='lat' dir='ltr'><strong>Flavi-</strong></span> 
     </span>
    </p>
   </div>
   <div class='ocr_carea' id='block_1_91' title="bbox 2009 4305 3653 4381">
    <p class='ocr_par' dir='ltr' id='par_1_91' title="bbox 2009 4305 3653 4381">
     <span class='ocr_line' id='line_1_91' title="bbox 2009 4305 3653 4381; baseline -0.007 -9"><span class='ocrx_word' id='word_1_635' title='bbox 2009 4313 2299 4372; x_wconf 90' lang='lat' dir='ltr'><strong>niacensis</strong></span> <span class='ocrx_word' id='word_1_636' title='bbox 2325 4312 2616 4381; x_wconf 61' lang='lat' dir='ltr'><strong>ecclesiae,</strong></span> <span class='ocrx_word' id='word_1_637' title='bbox 2653 4309 2794 4365; x_wconf 87' lang='lat' dir='ltr'><strong>nihil</strong></span> <span class='ocrx_word' id='word_1_638' title='bbox 2825 4308 3100 4378; x_wconf 88' lang='lat' dir='ltr'><strong>obtinuit,</strong></span> <span class='ocrx_word' id='word_1_639' title='bbox 3122 4305 3388 4363; x_wconf 89' lang='lat' dir='ltr'><strong>Errwiuo</strong></span> <span class='ocrx_word' id='word_1_640' title='bbox 3420 4305 3653 4362; x_wconf 89' lang='lat' dir='ltr'><strong>tandem</strong></span> 
     </span>
    </p>
   </div>
   <div class='ocr_carea' id='block_1_92' title="bbox 2009 4391 3660 4474">
    <p class='ocr_par' dir='ltr' id='par_1_92' title="bbox 2009 4391 3660 4474">
     <span class='ocr_line' id='line_1_92' title="bbox 2009 4391 3660 4474; baseline -0.007 -16"><span class='ocrx_word' id='word_1_641' title='bbox 2009 4402 2285 4474; x_wconf 89' lang='lat' dir='ltr'><strong>episcopo</strong></span> <span class='ocrx_word' id='word_1_642' title='bbox 2318 4398 2661 4461; x_wconf 89' lang='lat' dir='ltr'><strong>decedente,</strong></span> <span class='ocrx_word' id='word_1_643' title='bbox 2711 4412 2838 4453; x_wconf 93' lang='lat' dir='ltr'><strong>cum</strong></span> <span class='ocrx_word' id='word_1_644' title='bbox 2889 4396 2944 4452; x_wconf 92' lang='lat' dir='ltr'><strong>in</strong></span> <span class='ocrx_word' id='word_1_645' title='bbox 2980 4399 3308 4465; x_wconf 82' lang='lat' dir='ltr'><strong>Aganonem</strong></span> <span class='ocrx_word' id='word_1_646' title='bbox 3339 4391 3660 4450; x_wconf 90' lang='lat' dir='ltr'><strong>communis</strong></span> 
     </span>
    </p>
   </div>
   <div class='ocr_carea' id='block_1_93' title="bbox 244 4481 3659 4562">
    <p class='ocr_par' dir='ltr' id='par_1_93' title="bbox 244 4481 3659 4562">
     <span class='ocr_line' id='line_1_93' title="bbox 244 4481 3659 4562; baseline -0.005 -8"><span class='ocrx_word' id='word_1_647' title='bbox 244 4498 550 4554; x_wconf 86' lang='lat' dir='ltr'><strong>Eduenses</strong></span> <span class='ocrx_word' id='word_1_648' title='bbox 576 4498 632 4552; x_wconf 89' lang='lat' dir='ltr'><strong>in</strong></span> <span class='ocrx_word' id='word_1_649' title='bbox 656 4512 760 4553; x_wconf 90' lang='lat' dir='ltr'><strong>sua</strong></span> <span class='ocrx_word' id='word_1_650' title='bbox 795 4496 1078 4553; x_wconf 91' lang='lat' dir='ltr'><strong>divisione</strong></span> <span class='ocrx_word' id='word_1_651' title='bbox 1100 4495 1500 4551; x_wconf 90' lang='lat' dir='ltr'><strong>obtinuerunt.</strong></span> <span class='ocrx_word' id='word_1_652' title='bbox 1533 4495 1666 4550; x_wconf 89' lang='lat' dir='ltr'><strong>Post</strong></span> <span class='ocrx_word' id='word_1_653' title='bbox 1691 4493 1899 4548; x_wconf 89' lang='lat' dir='ltr'><strong>Otbcr-</strong></span> <span class='ocrx_word' id='word_1_654' title='bbox 1929 4500 1978 4558; x_wconf 81' lang='grc' dir='ltr'>υ</span> <span class='ocrx_word' id='word_1_655' title='bbox 2016 4489 2406 4562; x_wconf 87' lang='lat' dir='ltr'><strong>processisset</strong></span> <span class='ocrx_word' id='word_1_656' title='bbox 2426 4487 2660 4554; x_wconf 90' lang='lat' dir='ltr'><strong>electio,</strong></span> <span class='ocrx_word' id='word_1_657' title='bbox 2681 4499 2901 4541; x_wconf 82' lang='lat' dir='ltr'><strong>curiam</strong></span> <span class='ocrx_word' id='word_1_658' title='bbox 2937 4483 3091 4554; x_wconf 81' lang='lat' dir='ltr'><strong>regis</strong></span> <span class='ocrx_word' id='word_1_659' title='bbox 3115 4483 3468 4540; x_wconf 90' lang='lat' dir='ltr'><strong>Francorum</strong></span> <span class='ocrx_word' id='word_1_660' title='bbox 3491 4481 3659 4538; x_wconf 86' lang='lat' dir='ltr'><strong>Hein-</strong></span> 
     </span>
    </p>
   </div>
   <div class='ocr_carea' id='block_1_94' title="bbox 248 4579 1897 4657">
    <p class='ocr_par' dir='ltr' id='par_1_94' title="bbox 248 4579 1897 4657">
     <span class='ocr_line' id='line_1_94' title="bbox 248 4579 1897 4657; baseline -0.004 -18"><span class='ocrx_word' id='word_1_661' title='bbox 248 4591 371 4642; x_wconf 85' lang='lat' dir='ltr'><strong>tum</strong></span> <span class='ocrx_word' id='word_1_662' title='bbox 409 4585 736 4657; x_wconf 75' lang='lat' dir='ltr'><strong>praelatum,</strong></span> <span class='ocrx_word' id='word_1_663' title='bbox 771 4584 1074 4640; x_wconf 87' lang='lat' dir='ltr'><strong>Girfredus</strong></span> <span class='ocrx_word' id='word_1_664' title='bbox 1114 4584 1186 4638; x_wconf 90' lang='lat' dir='ltr'><strong>de</strong></span> <span class='ocrx_word' id='word_1_665' title='bbox 1235 4587 1420 4638; x_wconf 90' lang='lat' dir='ltr'><strong>morte</strong></span> <span class='ocrx_word' id='word_1_666' title='bbox 1456 4579 1748 4651; x_wconf 87' lang='lat' dir='ltr'><strong>Adalgarii</strong></span> <span class='ocrx_word' id='word_1_667' title='bbox 1778 4580 1897 4636; x_wconf 88' lang='lat' dir='ltr'><strong>cul-</strong></span> 
     </span>
    </p>
   </div>
   <div class='ocr_carea' id='block_1_95' title="bbox 247 4669 1893 4747">
    <p class='ocr_par' dir='ltr' id='par_1_95' title="bbox 247 4669 1893 4747">
     <span class='ocr_line' id='line_1_95' title="bbox 247 4669 1893 4747; baseline -0.005 -15"><span class='ocrx_word' id='word_1_668' title='bbox 247 4681 448 4747; x_wconf 85' lang='lat' dir='ltr'><strong>patus,</strong></span> <span class='ocrx_word' id='word_1_669' title='bbox 469 4676 571 4730; x_wconf 88' lang='lat' dir='ltr'><strong>scd</strong></span> <span class='ocrx_word' id='word_1_670' title='bbox 591 4673 814 4744; x_wconf 89' lang='lat' dir='ltr'><strong>judicio</strong></span> <span class='ocrx_word' id='word_1_671' title='bbox 834 4673 1247 4745; x_wconf 90' lang='lat' dir='ltr'><strong>episcoporum</strong></span> <span class='ocrx_word' id='word_1_672' title='bbox 1274 4675 1576 4743; x_wconf 87' lang='lat' dir='ltr'><strong>purgatus,</strong></span> <span class='ocrx_word' id='word_1_673' title='bbox 1604 4669 1893 4742; x_wconf 59' lang='lat' dir='ltr'><strong>praelatio-</strong></span> 
     </span>
    </p>
   </div>
   <div class='ocr_carea' id='block_1_96' title="bbox 249 4758 1899 4829">
    <p class='ocr_par' dir='ltr' id='par_1_96' title="bbox 249 4758 1899 4829">
     <span class='ocr_line' id='line_1_96' title="bbox 249 4758 1899 4829; baseline -0.004 -9"><span class='ocrx_word' id='word_1_674' title='bbox 249 4778 379 4820; x_wconf 89' lang='lat' dir='ltr'><strong>nem</strong></span> <span class='ocrx_word' id='word_1_675' title='bbox 405 4762 692 4819; x_wconf 88' lang='lat' dir='ltr'><strong>obtinuit:</strong></span> <span class='ocrx_word' id='word_1_676' title='bbox 717 4763 808 4819; x_wconf 92' lang='lat' dir='ltr'><strong>cui</strong></span> <span class='ocrx_word' id='word_1_677' title='bbox 833 4761 1125 4819; x_wconf 91' lang='lat' dir='ltr'><strong>successit</strong></span> <span class='ocrx_word' id='word_1_678' title='bbox 1145 4759 1402 4829; x_wconf 81' lang='lat' dir='ltr'><strong>Raingus</strong></span> <span class='ocrx_word' id='word_1_679' title='bbox 1425 4774 1644 4828; x_wconf 57' lang='lat' dir='ltr'><strong>magna)</strong></span> <span class='ocrx_word' id='word_1_680' title='bbox 1678 4758 1899 4816; x_wconf 89' lang='lat' dir='ltr'><strong>utilita-</strong></span> 
     </span>
    </p>
   </div>
   <div class='ocr_carea' id='block_1_97' title="bbox 243 4845 1898 4910">
    <p class='ocr_par' dir='ltr' id='par_1_97' title="bbox 243 4845 1898 4910">
     <span class='ocr_line' id='line_1_97' title="bbox 243 4845 1898 4910; baseline -0.002 -4"><span class='ocrx_word' id='word_1_681' title='bbox 243 4851 328 4910; x_wconf 85' lang='lat' dir='ltr'><strong>tis</strong></span> <span class='ocrx_word' id='word_1_682' title='bbox 355 4857 415 4908; x_wconf 91' lang='lat' dir='ltr'><strong>et</strong></span> <span class='ocrx_word' id='word_1_683' title='bbox 446 4851 798 4908; x_wconf 88' lang='lat' dir='ltr'><strong>honestatis.</strong></span> <span class='ocrx_word' id='word_1_684' title='bbox 827 4851 984 4906; x_wconf 90' lang='lat' dir='ltr'><strong>Obiit</strong></span> <span class='ocrx_word' id='word_1_685' title='bbox 1010 4850 1146 4906; x_wconf 90' lang='lat' dir='ltr'><strong>ldus</strong></span> <span class='ocrx_word' id='word_1_686' title='bbox 1167 4849 1315 4905; x_wconf 85' lang='lat' dir='ltr'><strong>Maii.</strong></span> <span class='ocrx_word' id='word_1_687' title='bbox 1349 4847 1509 4904; x_wconf 91' lang='lat' dir='ltr'><strong>Obiit</strong></span> <span class='ocrx_word' id='word_1_688' title='bbox 1533 4848 1710 4902; x_wconf 90' lang='lat' dir='ltr'><strong>etiam</strong></span> <span class='ocrx_word' id='word_1_689' title='bbox 1737 4845 1898 4902; x_wconf 91' lang='lat' dir='ltr'><strong>Walo</strong></span> 
     </span>
    </p>
   </div>
   <div class='ocr_carea' id='block_1_98' title="bbox 247 4934 1898 5005">
    <p class='ocr_par' dir='ltr' id='par_1_98' title="bbox 247 4934 1898 5005">
     <span class='ocr_line' id='line_1_98' title="bbox 247 4934 1898 5005; baseline -0.004 -9"><span class='ocrx_word' id='word_1_690' title='bbox 247 4955 402 4996; x_wconf 90' lang='lat' dir='ltr'><strong>anno</strong></span> <span class='ocrx_word' id='word_1_691' title='bbox 435 4940 548 4996; x_wconf 91' lang='lat' dir='ltr'><strong>inc.</strong></span> <span class='ocrx_word' id='word_1_692' title='bbox 588 4942 746 4996; x_wconf 91' lang='lat' dir='ltr'><strong>Dom.</strong></span> <span class='ocrx_word' id='word_1_693' title='bbox 781 4943 884 4996; x_wconf 74' lang='lat'><strong>913</strong></span> <span class='ocrx_word' id='word_1_694' title='bbox 915 4938 1033 4994; x_wconf 92' lang='lat' dir='ltr'><strong>ind.</strong></span> <span class='ocrx_word' id='word_1_695' title='bbox 1068 4941 1151 4992; x_wconf 74' lang='grc'><strong>15.</strong></span> <span class='ocrx_word' id='word_1_696' title='bbox 1187 4939 1448 4993; x_wconf 84' lang='lat' dir='ltr'><strong>Herveus</strong></span> <span class='ocrx_word' id='word_1_697' title='bbox 1496 4934 1806 5005; x_wconf 87' lang='lat' dir='ltr'><strong>successit,</strong></span> <span class='ocrx_word' id='word_1_698' title='bbox 1839 4939 1898 4990; x_wconf 90' lang='lat' dir='ltr'><strong>et</strong></span> 
     </span>
    </p>
   </div>
   <div class='ocr_carea' id='block_1_99' title="bbox 247 5024 1898 5095">
    <p class='ocr_par' dir='ltr' id='par_1_99' title="bbox 247 5024 1898 5095">
     <span class='ocr_line' id='line_1_99' title="bbox 247 5024 1898 5095; baseline -0.004 -10"><span class='ocrx_word' id='word_1_699' title='bbox 247 5029 340 5086; x_wconf 88' lang='lat' dir='ltr'><strong>sic</strong></span> <span class='ocrx_word' id='word_1_700' title='bbox 362 5029 656 5086; x_wconf 88' lang='lat' dir='ltr'><strong>abbatiam</strong></span> <span class='ocrx_word' id='word_1_701' title='bbox 681 5027 795 5084; x_wconf 90' lang='lat' dir='ltr'><strong>sibi</strong></span> <span class='ocrx_word' id='word_1_702' title='bbox 823 5027 1027 5095; x_wconf 90' lang='lat' dir='ltr'><strong>tenuit,</strong></span> <span class='ocrx_word' id='word_1_703' title='bbox 1059 5031 1119 5082; x_wconf 91' lang='lat' dir='ltr'><strong>et</strong></span> <span class='ocrx_word' id='word_1_704' title='bbox 1151 5027 1261 5083; x_wconf 87' lang='lat' dir='ltr'><strong>sub</strong></span> <span class='ocrx_word' id='word_1_705' title='bbox 1292 5040 1352 5082; x_wconf 91' lang='lat' dir='ltr'><strong>se</strong></span> <span class='ocrx_word' id='word_1_706' title='bbox 1377 5024 1718 5082; x_wconf 87' lang='lat' dir='ltr'><strong>Gausarium</strong></span> <span class='ocrx_word' id='word_1_707' title='bbox 1757 5038 1898 5094; x_wconf 63' lang='lat' dir='ltr'><strong>prae-</strong></span> 
     </span>
    </p>
   </div>
   <div class='ocr_carea' id='block_1_100' title="bbox 246 5112 1896 5180">
    <p class='ocr_par' dir='ltr' id='par_1_100' title="bbox 246 5112 1896 5180">
     <span class='ocr_line' id='line_1_100' title="bbox 246 5112 1896 5180; baseline -0.004 -8"><span class='ocrx_word' id='word_1_708' title='bbox 246 5117 432 5174; x_wconf 86' lang='lat' dir='ltr'><strong>latum</strong></span> <span class='ocrx_word' id='word_1_709' title='bbox 478 5117 810 5174; x_wconf 91' lang='lat' dir='ltr'><strong>constituit.</strong></span> <span class='ocrx_word' id='word_1_710' title='bbox 865 5118 1092 5172; x_wconf 86' lang='lat' dir='ltr'><strong>Herveo</strong></span> <span class='ocrx_word' id='word_1_711' title='bbox 1123 5113 1499 5171; x_wconf 91' lang='lat' dir='ltr'><strong>nihilominus</strong></span> <span class='ocrx_word' id='word_1_712' title='bbox 1553 5112 1896 5180; x_wconf 88' lang='lat' dir='ltr'><strong>decedente,</strong></span> 
     </span>
    </p>
   </div>
   <div class='ocr_carea' id='block_1_101' title="bbox 247 5199 1899 5263">
    <p class='ocr_par' dir='ltr' id='par_1_101' title="bbox 247 5199 1899 5263">
     <span class='ocr_line' id='line_1_101' title="bbox 247 5199 1899 5263; baseline -0.005 -1"><span class='ocrx_word' id='word_1_713' title='bbox 247 5205 969 5263; x_wconf 79' lang='lat' dir='ltr'><strong>Romundussubstitutus</strong></span> <span class='ocrx_word' id='word_1_714' title='bbox 981 5208 1089 5260; x_wconf 89' lang='lat' dir='ltr'><strong>est.</strong></span> <span class='ocrx_word' id='word_1_715' title='bbox 1109 5203 1208 5259; x_wconf 83' lang='lat' dir='ltr'><strong>Hic</strong></span> <span class='ocrx_word' id='word_1_716' title='bbox 1230 5217 1427 5259; x_wconf 89' lang='lat' dir='ltr'><strong>curam</strong></span> <span class='ocrx_word' id='word_1_717' title='bbox 1446 5199 1899 5257; x_wconf 76' lang='lat' dir='ltr'><strong>Flaviuiacensis</strong></span> 
     </span>
    </p>
   </div>
   <div class='ocr_carea' id='block_1_102' title="bbox 2011 4571 3657 4644">
    <p class='ocr_par' dir='ltr' id='par_1_102' title="bbox 2011 4571 3657 4644">
     <span class='ocr_line' id='line_1_102' title="bbox 2011 4571 3657 4644; baseline -0.006 -10"><span class='ocrx_word' id='word_1_718' title='bbox 2011 4579 2172 4634; x_wconf 93' lang='lat' dir='ltr'><strong>ricus</strong></span> <span class='ocrx_word' id='word_1_719' title='bbox 2193 4577 2374 4632; x_wconf 89' lang='lat' dir='ltr'><strong>abbas</strong></span> <span class='ocrx_word' id='word_1_720' title='bbox 2399 4574 2562 4643; x_wconf 90' lang='lat' dir='ltr'><strong>adiit,</strong></span> <span class='ocrx_word' id='word_1_721' title='bbox 2601 4573 2842 4630; x_wconf 87' lang='lat' dir='ltr'><strong>auribus</strong></span> <span class='ocrx_word' id='word_1_722' title='bbox 2865 4571 3046 4643; x_wconf 85' lang='lat' dir='ltr'><strong>regiis</strong></span> <span class='ocrx_word' id='word_1_723' title='bbox 3059 4571 3474 4644; x_wconf 89' lang='lat' dir='ltr'><strong>querimoniam</strong></span> <span class='ocrx_word' id='word_1_724' title='bbox 3498 4583 3657 4626; x_wconf 90' lang='lat' dir='ltr'><strong>suam</strong></span> 
     </span>
    </p>
   </div>
   <div class='ocr_carea' id='block_1_103' title="bbox 2013 4658 3660 4739">
    <p class='ocr_par' dir='ltr' id='par_1_103' title="bbox 2013 4658 3660 4739">
     <span class='ocr_line' id='line_1_103' title="bbox 2013 4658 3660 4739; baseline -0.005 -16"><span class='ocrx_word' id='word_1_725' title='bbox 2013 4664 2426 4739; x_wconf 87' lang='lat' dir='ltr'><strong>propalavit,et</strong></span> <span class='ocrx_word' id='word_1_726' title='bbox 2443 4662 2796 4734; x_wconf 90' lang='lat' dir='ltr'><strong>procedente</strong></span> <span class='ocrx_word' id='word_1_727' title='bbox 2813 4660 3050 4730; x_wconf 90' lang='lat' dir='ltr'><strong>justicia</strong></span> <span class='ocrx_word' id='word_1_728' title='bbox 3065 4665 3307 4716; x_wconf 90' lang='lat' dir='ltr'><strong>coactus</strong></span> <span class='ocrx_word' id='word_1_729' title='bbox 3325 4661 3413 4716; x_wconf 87' lang='lat' dir='ltr'><strong>est</strong></span> <span class='ocrx_word' id='word_1_730' title='bbox 3430 4658 3660 4729; x_wconf 88' lang='lat' dir='ltr'><strong>episco-</strong></span> 
     </span>
    </p>
   </div>
   <div class='ocr_carea' id='block_1_104' title="bbox 2013 4747 3658 4828">
    <p class='ocr_par' dir='ltr' id='par_1_104' title="bbox 2013 4747 3658 4828">
     <span class='ocr_line' id='line_1_104' title="bbox 2013 4747 3658 4828; baseline -0.007 -16"><span class='ocrx_word' id='word_1_731' title='bbox 2013 4771 2120 4828; x_wconf 91' lang='lat' dir='ltr'><strong>pus</strong></span> <span class='ocrx_word' id='word_1_732' title='bbox 2135 4760 2504 4811; x_wconf 89' lang='lat' dir='ltr'><strong>sacrameuto</strong></span> <span class='ocrx_word' id='word_1_733' title='bbox 2521 4752 2752 4806; x_wconf 83' lang='lat' dir='ltr'><strong>firmare</strong></span> <span class='ocrx_word' id='word_1_734' title='bbox 2767 4754 2992 4820; x_wconf 90' lang='lat' dir='ltr'><strong>ut,mox</strong></span> <span class='ocrx_word' id='word_1_735' title='bbox 3007 4753 3141 4822; x_wconf 88' lang='lat' dir='ltr'><strong>post</strong></span> <span class='ocrx_word' id='word_1_736' title='bbox 3162 4747 3658 4806; x_wconf 90' lang='lat' dir='ltr'><strong>consecrationem</strong></span> 
     </span>
    </p>
   </div>
   <div class='ocr_carea' id='block_1_105' title="bbox 2011 4833 3659 4912">
    <p class='ocr_par' dir='ltr' id='par_1_105' title="bbox 2011 4833 3659 4912">
     <span class='ocr_line' id='line_1_105' title="bbox 2011 4833 3659 4912; baseline -0.007 -12"><span class='ocrx_word' id='word_1_737' title='bbox 2011 4858 2194 4912; x_wconf 88' lang='lat' dir='ltr'><strong>suam,</strong></span> <span class='ocrx_word' id='word_1_738' title='bbox 2233 4843 2330 4912; x_wconf 88' lang='lat' dir='ltr'><strong>jus</strong></span> <span class='ocrx_word' id='word_1_739' title='bbox 2353 4855 2520 4898; x_wconf 90' lang='lat' dir='ltr'><strong>suum</strong></span> <span class='ocrx_word' id='word_1_740' title='bbox 2561 4841 2906 4896; x_wconf 85' lang='lat' dir='ltr'><strong>rcformaret</strong></span> <span class='ocrx_word' id='word_1_741' title='bbox 2933 4835 3346 4893; x_wconf 85' lang='lat' dir='ltr'><strong>Flaviniacensi</strong></span> <span class='ocrx_word' id='word_1_742' title='bbox 3377 4833 3659 4890; x_wconf 66' lang='lat' dir='ltr'><strong>ecclesiae.</strong></span> 
     </span>
    </p>
   </div>
   <div class='ocr_carea' id='block_1_106' title="bbox 2011 4921 3660 5001">
    <p class='ocr_par' dir='ltr' id='par_1_106' title="bbox 2011 4921 3660 5001">
     <span class='ocr_line' id='line_1_106' title="bbox 2011 4921 3660 5001; baseline -0.007 -14"><span class='ocrx_word' id='word_1_743' title='bbox 2011 4932 2076 4987; x_wconf 88' lang='lat' dir='ltr'><strong>Et</strong></span> <span class='ocrx_word' id='word_1_744' title='bbox 2112 4931 2242 5001; x_wconf 91' lang='lat' dir='ltr'><strong>quia</strong></span> <span class='ocrx_word' id='word_1_745' title='bbox 2295 4929 2527 4986; x_wconf 90' lang='lat' dir='ltr'><strong>abbatis</strong></span> <span class='ocrx_word' id='word_1_746' title='bbox 2583 4925 3038 4984; x_wconf 83' lang='lat' dir='ltr'><strong>Flaviniacensis</strong></span> <span class='ocrx_word' id='word_1_747' title='bbox 3090 4927 3184 4980; x_wconf 88' lang='lat' dir='ltr'><strong>est</strong></span> <span class='ocrx_word' id='word_1_748' title='bbox 3237 4923 3418 4994; x_wconf 90' lang='lat' dir='ltr'><strong>prima</strong></span> <span class='ocrx_word' id='word_1_749' title='bbox 3450 4937 3558 4978; x_wconf 77' lang='lat' dir='ltr'><strong>vox</strong></span> <span class='ocrx_word' id='word_1_750' title='bbox 3607 4921 3660 4976; x_wconf 91' lang='lat' dir='ltr'><strong>in</strong></span> 
     </span>
    </p>
   </div>
   <div class='ocr_carea' id='block_1_107' title="bbox 2009 5009 3662 5089">
    <p class='ocr_par' dir='ltr' id='par_1_107' title="bbox 2009 5009 3662 5089">
     <span class='ocr_line' id='line_1_107' title="bbox 2009 5009 3662 5089; baseline -0.008 -11"><span class='ocrx_word' id='word_1_751' title='bbox 2009 5018 2296 5078; x_wconf 90' lang='lat' dir='ltr'><strong>electione</strong></span> <span class='ocrx_word' id='word_1_752' title='bbox 2319 5018 2606 5089; x_wconf 87' lang='lat' dir='ltr'><strong>episcopi,</strong></span> <span class='ocrx_word' id='word_1_753' title='bbox 2633 5031 2800 5088; x_wconf 91' lang='lat' dir='ltr'><strong>quam</strong></span> <span class='ocrx_word' id='word_1_754' title='bbox 2826 5028 3027 5071; x_wconf 91' lang='lat' dir='ltr'><strong>omnes</strong></span> <span class='ocrx_word' id='word_1_755' title='bbox 3047 5011 3260 5068; x_wconf 90' lang='lat' dir='ltr'><strong>debent</strong></span> <span class='ocrx_word' id='word_1_756' title='bbox 3293 5009 3662 5079; x_wconf 82' lang='lat' dir='ltr'><strong>confirmare,</strong></span> 
     </span>
    </p>
   </div>
   <div class='ocr_carea' id='block_1_108' title="bbox 2011 5099 3656 5180">
    <p class='ocr_par' dir='ltr' id='par_1_108' title="bbox 2011 5099 3656 5180">
     <span class='ocr_line' id='line_1_108' title="bbox 2011 5099 3656 5180; baseline -0.007 -15"><span class='ocrx_word' id='word_1_757' title='bbox 2011 5110 2066 5165; x_wconf 91' lang='lat' dir='ltr'><strong>in</strong></span> <span class='ocrx_word' id='word_1_758' title='bbox 2091 5107 2350 5180; x_wconf 89' lang='lat' dir='ltr'><strong>capitulo</strong></span> <span class='ocrx_word' id='word_1_759' title='bbox 2371 5105 2786 5164; x_wconf 79' lang='lat' dir='ltr'><strong>Flaviniacensi</strong></span> <span class='ocrx_word' id='word_1_760' title='bbox 2810 5103 3047 5158; x_wconf 81' lang='lat' dir='ltr'><strong>veniens</strong></span> <span class='ocrx_word' id='word_1_761' title='bbox 3063 5100 3290 5158; x_wconf 90' lang='lat' dir='ltr'><strong>electus</strong></span> <span class='ocrx_word' id='word_1_762' title='bbox 3319 5099 3656 5171; x_wconf 87' lang='lat' dir='ltr'><strong>episcopus,</strong></span> 
     </span>
    </p>
   </div>
   <div class='ocr_carea' id='block_1_109' title="bbox 2013 5187 3666 5259">
    <p class='ocr_par' dir='ltr' id='par_1_109' title="bbox 2013 5187 3666 5259">
     <span class='ocr_line' id='line_1_109' title="bbox 2013 5187 3666 5259; baseline -0.007 -7"><span class='ocrx_word' id='word_1_763' title='bbox 2013 5198 2182 5253; x_wconf 79' lang='lat' dir='ltr'><strong>fidem</strong></span> <span class='ocrx_word' id='word_1_764' title='bbox 2217 5195 2352 5252; x_wconf 90' lang='lat' dir='ltr'><strong>fecit</strong></span> <span class='ocrx_word' id='word_1_765' title='bbox 2389 5195 2440 5249; x_wconf 91' lang='lat' dir='ltr'><strong>in</strong></span> <span class='ocrx_word' id='word_1_766' title='bbox 2488 5193 2692 5249; x_wconf 84' lang='lat' dir='ltr'><strong>osculo</strong></span> <span class='ocrx_word' id='word_1_767' title='bbox 2741 5197 2944 5248; x_wconf 87' lang='lat' dir='ltr'><strong>sancto</strong></span> <span class='ocrx_word' id='word_1_768' title='bbox 3003 5189 3284 5246; x_wconf 83' lang='lat' dir='ltr'><strong>fratribus</strong></span> <span class='ocrx_word' id='word_1_769' title='bbox 3343 5187 3575 5259; x_wconf 90' lang='lat' dir='ltr'><strong>pusillis</strong></span> <span class='ocrx_word' id='word_1_770' title='bbox 3607 5193 3666 5241; x_wconf 89' lang='lat' dir='ltr'><strong>et</strong></span> 
     </span>
    </p>
   </div>
   <div class='ocr_carea' id='block_1_110' title="bbox 1615 5320 2294 5378">
    <p class='ocr_par' dir='ltr' id='par_1_110' title="bbox 1615 5320 2294 5378">
     <span class='ocr_line' id='line_1_110' title="bbox 1615 5320 2294 5378; baseline -0.006 0"><span class='ocrx_word' id='word_1_771' title='bbox 1615 5323 1851 5378; x_wconf 75' lang='lat' dir='ltr'><strong>VARLE</strong></span> <span class='ocrx_word' id='word_1_772' title='bbox 1895 5320 2294 5378; x_wconf 70' lang='lat' dir='ltr'><strong>LECTIDNES.</strong></span> 
     </span>
    </p>
   </div>
   <div class='ocr_carea' id='block_1_111' title="bbox 1844 5462 2072 5520">
    <p class='ocr_par' dir='ltr' id='par_1_111' title="bbox 1844 5462 2072 5520">
     <span class='ocr_line' id='line_1_111' title="bbox 1844 5462 2072 5520; baseline 0 -2"><span class='ocrx_word' id='word_1_773' title='bbox 1844 5462 2043 5520; x_wconf 72' lang='grc' dir='ltr'><strong>ΝΟΤᾸΞ</strong></span> <span class='ocrx_word' id='word_1_774' title='bbox 2059 5504 2072 5518; x_wconf 93' lang='grc'><strong>.</strong></span> 
     </span>
    </p>
   </div>
   <div class='ocr_carea' id='block_1_112' title="bbox 321 5397 997 5472">
    <p class='ocr_par' dir='ltr' id='par_1_112' title="bbox 321 5397 997 5472">
     <span class='ocr_line' id='line_1_112' title="bbox 321 5397 997 5472; baseline 0 -18"><span class='ocrx_word' id='word_1_775' title='bbox 321 5400 388 5434; x_wconf 77' lang='grc' dir='ltr'><strong>⁶⁴ι</strong></span> <span class='ocrx_word' id='word_1_776' title='bbox 608 5397 772 5470; x_wconf 78' lang='lat' dir='ltr'><strong>apud</strong></span> <span class='ocrx_word' id='word_1_777' title='bbox 790 5397 997 5456; x_wconf 79' lang='lat' dir='ltr'><strong>Labbe.</strong></span> 
     </span>
    </p>
   </div>
   <div class='ocr_carea' id='block_1_113' title="bbox 333 5559 1376 5632">
    <p class='ocr_par' dir='ltr' id='par_1_113' title="bbox 333 5559 1376 5632">
     <span class='ocr_line' id='line_1_113' title="bbox 333 5559 1376 5632; baseline -0.006 -15"><span class='ocrx_word' id='word_1_778' title='bbox 333 5561 490 5632; x_wconf 75' lang='grc'>(224)</span> <span class='ocrx_word' id='word_1_779' title='bbox 521 5564 556 5618; x_wconf 86' lang='grc'>9</span> <span class='ocrx_word' id='word_1_780' title='bbox 583 5560 704 5617; x_wconf 82' lang='lat' dir='ltr'><strong>Kal.</strong></span> <span class='ocrx_word' id='word_1_781' title='bbox 739 5562 927 5631; x_wconf 83' lang='lat' dir='ltr'><strong>Mart.,</strong></span> <span class='ocrx_word' id='word_1_782' title='bbox 961 5563 1111 5618; x_wconf 72' lang='lat' dir='ltr'><strong>Ama.</strong></span> <span class='ocrx_word' id='word_1_783' title='bbox 1145 5559 1376 5616; x_wconf 68' lang='lat' dir='ltr'><strong>Flavia.</strong></span> 
     </span>
    </p>
   </div>
  </div>
