  <div class='ocr_page' id='page_1' title='image "/cluster/home/n/w/nwhite01/storage/ocr_20150623/154/hvd.32044054760129/208.png"; bbox 0 0 3982 6056; ppageno 0'>
   <div class='ocr_carea' id='block_1_1' title="bbox 184 283 1849 355">
    <p class='ocr_par' dir='ltr' id='par_1_1' title="bbox 184 283 1844 354">
     <span class='ocr_line' id='line_1_1' title="bbox 184 283 1844 354; baseline 0.001 -1"><span class='ocrx_word' id='word_1_1' title='bbox 184 283 303 354; x_wconf 71' lang='grc'><strong>405</strong></span> <span class='ocrx_word' id='word_1_2' title='bbox 1794 292 1844 354; x_wconf 65' lang='grc' dir='ltr'>ν</span> 
     </span>
    </p>
   </div>
   <div class='ocr_carea' id='block_1_2' title="bbox 1964 283 3601 355">
    <p class='ocr_par' dir='ltr' id='par_1_2' title="bbox 1964 289 3601 355">
     <span class='ocr_line' id='line_1_2' title="bbox 1964 289 3601 355; baseline -0.001 -1"><span class='ocrx_word' id='word_1_3' title='bbox 1964 320 2001 354; x_wconf 70' lang='grc' dir='ltr'><strong>ι.</strong></span> <span class='ocrx_word' id='word_1_4' title='bbox 3483 289 3601 355; x_wconf 78' lang='grc'><strong>406</strong></span> 
     </span>
    </p>
   </div>
   <div class='ocr_carea' id='block_1_3' title="bbox 181 420 3598 499">
    <p class='ocr_par' dir='ltr' id='par_1_3' title="bbox 181 420 3598 499">
     <span class='ocr_line' id='line_1_3' title="bbox 181 420 3598 499; baseline 0.002 -18"><span class='ocrx_word' id='word_1_5' title='bbox 181 421 292 499; x_wconf 59' lang='lat' dir='ltr'><strong>{ali</strong></span> <span class='ocrx_word' id='word_1_6' title='bbox 316 427 380 499; x_wconf 79' lang='lat' dir='ltr'><strong>et</strong></span> <span class='ocrx_word' id='word_1_7' title='bbox 403 426 640 497; x_wconf 86' lang='lat' dir='ltr'><strong>paterna</strong></span> <span class='ocrx_word' id='word_1_8' title='bbox 677 420 1073 499; x_wconf 65' lang='lat' dir='ltr'><strong>sollicitudine</strong></span> <span class='ocrx_word' id='word_1_9' title='bbox 1105 423 1338 499; x_wconf 81' lang='lat' dir='ltr'><strong>egregie</strong></span> <span class='ocrx_word' id='word_1_10' title='bbox 1371 423 1712 485; x_wconf 78' lang='lat' dir='ltr'><strong>illustravit.</strong></span> <span class='ocrx_word' id='word_1_11' title='bbox 1748 423 2004 499; x_wconf 80' lang='lat' dir='ltr'><strong>Primum</strong></span> <span class='ocrx_word' id='word_1_12' title='bbox 2031 428 2121 485; x_wconf 89' lang='lat' dir='ltr'><strong>est</strong></span> <span class='ocrx_word' id='word_1_13' title='bbox 2146 423 2544 499; x_wconf 85' lang='lat' dir='ltr'><strong>Gladbacense</strong></span> <span class='ocrx_word' id='word_1_14' title='bbox 2570 425 2621 482; x_wconf 91' lang='lat' dir='ltr'><strong>in</strong></span> <span class='ocrx_word' id='word_1_15' title='bbox 2648 439 2787 495; x_wconf 89' lang='lat' dir='ltr'><strong>agro</strong></span> <span class='ocrx_word' id='word_1_16' title='bbox 2815 423 3149 497; x_wconf 88' lang='lat' dir='ltr'><strong>Juliacensi,</strong></span> <span class='ocrx_word' id='word_1_17' title='bbox 3182 423 3428 485; x_wconf 87' lang='lat' dir='ltr'><strong>alterum</strong></span> <span class='ocrx_word' id='word_1_18' title='bbox 3458 442 3598 487; x_wconf 87' lang='lat' dir='ltr'><strong>vero</strong></span> 
     </span>
    </p>
   </div>
   <div class='ocr_carea' id='block_1_4' title="bbox 184 496 3599 567">
    <p class='ocr_par' dir='ltr' id='par_1_4' title="bbox 184 496 3599 567">
     <span class='ocr_line' id='line_1_4' title="bbox 184 496 3599 567; baseline 0.002 -17"><span class='ocrx_word' id='word_1_19' title='bbox 184 496 615 567; x_wconf 85' lang='lat' dir='ltr'><strong>Sigeburgense</strong></span> <span class='ocrx_word' id='word_1_20' title='bbox 664 501 827 554; x_wconf 86' lang='lat' dir='ltr'><strong>trans</strong></span> <span class='ocrx_word' id='word_1_21' title='bbox 879 498 1169 564; x_wconf 81' lang='lat' dir='ltr'><strong>Rhenum;</strong></span> <span class='ocrx_word' id='word_1_22' title='bbox 1218 496 1319 555; x_wconf 81' lang='lat' dir='ltr'><strong>sed</strong></span> <span class='ocrx_word' id='word_1_23' title='bbox 1349 514 1478 557; x_wconf 91' lang='lat' dir='ltr'><strong>cum</strong></span> <span class='ocrx_word' id='word_1_24' title='bbox 1512 499 1589 555; x_wconf 91' lang='lat' dir='ltr'><strong>ibi</strong></span> <span class='ocrx_word' id='word_1_25' title='bbox 1617 498 2016 555; x_wconf 87' lang='lat' dir='ltr'><strong>exterioribus</strong></span> <span class='ocrx_word' id='word_1_26' title='bbox 2068 498 2317 565; x_wconf 77' lang='lat' dir='ltr'><strong>negotiis</strong></span> <span class='ocrx_word' id='word_1_27' title='bbox 2371 513 2542 567; x_wconf 90' lang='lat' dir='ltr'><strong>supra</strong></span> <span class='ocrx_word' id='word_1_28' title='bbox 2593 499 2821 555; x_wconf 90' lang='lat' dir='ltr'><strong>modum</strong></span> <span class='ocrx_word' id='word_1_29' title='bbox 2854 496 3221 567; x_wconf 74' lang='lat' dir='ltr'><strong>gravaretur,</strong></span> <span class='ocrx_word' id='word_1_30' title='bbox 3261 500 3330 555; x_wconf 85' lang='lat' dir='ltr'><strong>ab</strong></span> <span class='ocrx_word' id='word_1_31' title='bbox 3365 504 3599 557; x_wconf 83' lang='lat' dir='ltr'><strong>Annone</strong></span> 
     </span>
    </p>
   </div>
   <div class='ocr_carea' id='block_1_5' title="bbox 187 568 3604 648">
    <p class='ocr_par' dir='ltr' id='par_1_5' title="bbox 187 568 3604 648">
     <span class='ocr_line' id='line_1_5' title="bbox 187 568 3604 648; baseline 0.001 -27"><span class='ocrx_word' id='word_1_32' title='bbox 187 568 843 648; x_wconf 46' lang='lat' dir='ltr'><strong>{SoloniensinepiscOpo</strong></span> <span class='ocrx_word' id='word_1_33' title='bbox 877 568 947 623; x_wconf 91' lang='lat' dir='ltr'><strong>ad</strong></span> <span class='ocrx_word' id='word_1_34' title='bbox 983 569 1473 648; x_wconf 73' lang='lat' dir='ltr'><strong>Brunwillerense</strong></span> <span class='ocrx_word' id='word_1_35' title='bbox 1524 570 2152 648; x_wconf 77' lang='lat' dir='ltr'><strong>monasterium,_quod</strong></span> <span class='ocrx_word' id='word_1_36' title='bbox 2174 569 2408 648; x_wconf 82' lang='lat' dir='ltr'><strong>aliquot</strong></span> <span class='ocrx_word' id='word_1_37' title='bbox 2436 568 2732 648; x_wconf 37' lang='lat' dir='ltr'><strong>leuc‘isah</strong></span> <span class='ocrx_word' id='word_1_38' title='bbox 2763 570 2965 648; x_wconf 79' lang='lat' dir='ltr'><strong>eadem</strong></span> <span class='ocrx_word' id='word_1_39' title='bbox 3001 569 3376 648; x_wconf 42' lang='lat' dir='ltr'><strong>urbendistat,</strong></span> <span class='ocrx_word' id='word_1_40' title='bbox 3414 578 3604 648; x_wconf 43' lang='lat' dir='ltr'><strong>transf</strong></span> 
     </span>
    </p>
   </div>
   <div class='ocr_carea' id='block_1_6' title="bbox 187 637 3602 709">
    <p class='ocr_par' dir='ltr' id='par_1_6' title="bbox 187 637 3602 709">
     <span class='ocr_line' id='line_1_6' title="bbox 187 637 3602 709; baseline 0.001 -16"><span class='ocrx_word' id='word_1_41' title='bbox 187 637 349 709; x_wconf 82' lang='lat' dir='ltr'><strong>latus</strong></span> <span class='ocrx_word' id='word_1_42' title='bbox 380 644 500 701; x_wconf 81' lang='lat' dir='ltr'><strong>est;</strong></span> <span class='ocrx_word' id='word_1_43' title='bbox 536 637 729 708; x_wconf 85' lang='lat' dir='ltr'><strong>ibique</strong></span> <span class='ocrx_word' id='word_1_44' title='bbox 765 637 944 709; x_wconf 72' lang='lat' dir='ltr'><strong>usque</strong></span> <span class='ocrx_word' id='word_1_45' title='bbox 978 639 1047 694; x_wconf 87' lang='lat' dir='ltr'><strong>ad</strong></span> <span class='ocrx_word' id='word_1_46' title='bbox 1081 641 1216 696; x_wconf 65' lang='lat' dir='ltr'><strong>vitae</strong></span> <span class='ocrx_word' id='word_1_47' title='bbox 1272 640 1436 696; x_wconf 84' lang='lat' dir='ltr'><strong>ﬁnem</strong></span> <span class='ocrx_word' id='word_1_48' title='bbox 1492 641 1911 709; x_wconf 75' lang='lat' dir='ltr'><strong>perseveravit.</strong></span> <span class='ocrx_word' id='word_1_49' title='bbox 1947 637 2380 697; x_wconf 75' lang='lat' dir='ltr'><strong>Monasterium</strong></span> <span class='ocrx_word' id='word_1_50' title='bbox 2434 640 2589 696; x_wconf 82' lang='lat' dir='ltr'><strong>istud</strong></span> <span class='ocrx_word' id='word_1_51' title='bbox 2641 641 2942 696; x_wconf 83' lang='lat' dir='ltr'><strong>Erenfrido</strong></span> <span class='ocrx_word' id='word_1_52' title='bbox 2990 656 3092 696; x_wconf 89' lang='lat' dir='ltr'><strong>seu</strong></span> <span class='ocrx_word' id='word_1_53' title='bbox 3142 637 3350 697; x_wconf 73' lang='lat' dir='ltr'><strong>Ezioni</strong></span> <span class='ocrx_word' id='word_1_54' title='bbox 3403 643 3602 698; x_wconf 83' lang='lat' dir='ltr'><strong>comiti</strong></span> 
     </span>
    </p>
   </div>
   <div class='ocr_carea' id='block_1_7' title="bbox 190 708 3605 791">
    <p class='ocr_par' dir='ltr' id='par_1_7' title="bbox 190 708 3605 791">
     <span class='ocr_line' id='line_1_7' title="bbox 190 708 3605 791; baseline 0.001 -27"><span class='ocrx_word' id='word_1_55' title='bbox 190 708 454 791; x_wconf 72' lang='lat' dir='ltr'><strong>palatino</strong></span> <span class='ocrx_word' id='word_1_56' title='bbox 487 709 768 791; x_wconf 81' lang='lat' dir='ltr'><strong>originem</strong></span> <span class='ocrx_word' id='word_1_57' title='bbox 804 724 965 791; x_wconf 69' lang='lat' dir='ltr'><strong>suam</strong></span> <span class='ocrx_word' id='word_1_58' title='bbox 1008 711 1205 791; x_wconf 81' lang='lat' dir='ltr'><strong>debet,</strong></span> <span class='ocrx_word' id='word_1_59' title='bbox 1239 711 1334 791; x_wconf 86' lang='lat' dir='ltr'><strong>qui</strong></span> <span class='ocrx_word' id='word_1_60' title='bbox 1372 708 1514 767; x_wconf 86' lang='lat' dir='ltr'><strong>illud</strong></span> <span class='ocrx_word' id='word_1_61' title='bbox 1549 712 1601 766; x_wconf 93' lang='lat' dir='ltr'><strong>in</strong></span> <span class='ocrx_word' id='word_1_62' title='bbox 1633 712 1913 767; x_wconf 82' lang='lat' dir='ltr'><strong>honorem</strong></span> <span class='ocrx_word' id='word_1_63' title='bbox 1945 712 2143 791; x_wconf 79' lang='lat' dir='ltr'><strong>sancti</strong></span> <span class='ocrx_word' id='word_1_64' title='bbox 2169 712 2384 791; x_wconf 53' lang='lat' dir='ltr'><strong>Nicolai</strong></span> <span class='ocrx_word' id='word_1_65' title='bbox 2419 725 2559 791; x_wconf 77' lang='lat' dir='ltr'><strong>cum</strong></span> <span class='ocrx_word' id='word_1_66' title='bbox 2584 726 2892 791; x_wconf 69' lang='lat' dir='ltr'><strong>uxor-esus</strong></span> <span class='ocrx_word' id='word_1_67' title='bbox 2926 711 3219 791; x_wconf 66' lang='lat' dir='ltr'><strong>illathilde,</strong></span> <span class='ocrx_word' id='word_1_68' title='bbox 3244 712 3488 791; x_wconf 37' lang='lat' dir='ltr'><strong>‘Qttonis</strong></span> <span class='ocrx_word' id='word_1_69' title='bbox 3518 728 3605 769; x_wconf 85' lang='lat' dir='ltr'><strong>se-</strong></span> 
     </span>
    </p>
   </div>
   <div class='ocr_carea' id='block_1_8' title="bbox 190 779 3605 852">
    <p class='ocr_par' dir='ltr' id='par_1_8' title="bbox 190 779 3605 852">
     <span class='ocr_line' id='line_1_8' title="bbox 190 779 3605 852; baseline 0 -16"><span class='ocrx_word' id='word_1_70' title='bbox 190 779 368 852; x_wconf 85' lang='lat' dir='ltr'><strong>cundi</strong></span> <span class='ocrx_word' id='word_1_71' title='bbox 402 780 777 850; x_wconf 78' lang='lat' dir='ltr'><strong>imperatoris</strong></span> <span class='ocrx_word' id='word_1_72' title='bbox 805 780 939 852; x_wconf 82' lang='lat' dir='ltr'><strong>filia,</strong></span> <span class='ocrx_word' id='word_1_73' title='bbox 966 779 1318 847; x_wconf 87' lang='lat' dir='ltr'><strong>construxit,</strong></span> <span class='ocrx_word' id='word_1_74' title='bbox 1352 797 1583 852; x_wconf 82' lang='lat' dir='ltr'><strong>operam</strong></span> <span class='ocrx_word' id='word_1_75' title='bbox 1616 787 1995 851; x_wconf 75' lang='lat' dir='ltr'><strong>promovente</strong></span> <span class='ocrx_word' id='word_1_76' title='bbox 2022 783 2190 837; x_wconf 87' lang='lat' dir='ltr'><strong>beato</strong></span> <span class='ocrx_word' id='word_1_77' title='bbox 2213 784 2483 851; x_wconf 80' lang='lat' dir='ltr'><strong>Poppone</strong></span> <span class='ocrx_word' id='word_1_78' title='bbox 2510 782 2721 836; x_wconf 90' lang='lat' dir='ltr'><strong>abbate</strong></span> <span class='ocrx_word' id='word_1_79' title='bbox 2739 781 3092 843; x_wconf 83' lang='lat' dir='ltr'><strong>Stabulensi.</strong></span> <span class='ocrx_word' id='word_1_80' title='bbox 3119 779 3214 850; x_wconf 86' lang='lat' dir='ltr'><strong>qui</strong></span> <span class='ocrx_word' id='word_1_81' title='bbox 3242 782 3318 837; x_wconf 89' lang='lat' dir='ltr'><strong>ibi</strong></span> <span class='ocrx_word' id='word_1_82' title='bbox 3344 783 3605 838; x_wconf 84' lang='lat' dir='ltr'><strong>Ellonem</strong></span> 
     </span>
    </p>
   </div>
   <div class='ocr_carea' id='block_1_9' title="bbox 188 851 3601 931">
    <p class='ocr_par' dir='ltr' id='par_1_9' title="bbox 188 851 3601 931">
     <span class='ocr_line' id='line_1_9' title="bbox 188 851 3601 931; baseline 0.001 -24"><span class='ocrx_word' id='word_1_83' title='bbox 188 851 466 931; x_wconf 76' lang='lat' dir='ltr'><strong>abbatem</strong></span> <span class='ocrx_word' id='word_1_84' title='bbox 502 851 753 931; x_wconf 74' lang='lat' dir='ltr'><strong>primum</strong></span> <span class='ocrx_word' id='word_1_85' title='bbox 781 851 1235 931; x_wconf 45' lang='lat' dir='ltr'><strong>instituitLanno</strong></span> <span class='ocrx_word' id='word_1_86' title='bbox 1261 851 1499 931; x_wconf 68' lang='lat' dir='ltr'><strong>circiter</strong></span> <span class='ocrx_word' id='word_1_87' title='bbox 1523 855 1678 931; x_wconf 66' lang='grc'><strong>1924.</strong></span> <span class='ocrx_word' id='word_1_88' title='bbox 1708 853 1952 931; x_wconf 53' lang='lat' dir='ltr'><strong>ljlzzonis</strong></span> <span class='ocrx_word' id='word_1_89' title='bbox 1975 853 2206 931; x_wconf 77' lang='lat' dir='ltr'><strong>comitis</strong></span> <span class='ocrx_word' id='word_1_90' title='bbox 2232 852 2638 931; x_wconf 68' lang='lat' dir='ltr'><strong>htathild‘sque</strong></span> <span class='ocrx_word' id='word_1_91' title='bbox 2660 852 2799 931; x_wconf 79' lang='lat' dir='ltr'><strong>ejus</strong></span> <span class='ocrx_word' id='word_1_92' title='bbox 2826 854 3025 931; x_wconf 78' lang='lat' dir='ltr'><strong>uxoris</strong></span> <span class='ocrx_word' id='word_1_93' title='bbox 3048 867 3113 907; x_wconf 90' lang='lat' dir='ltr'><strong>ac</strong></span> <span class='ocrx_word' id='word_1_94' title='bbox 3139 852 3601 931; x_wconf 32' lang='lat' dir='ltr'><strong>filiorum‘Vitam</strong></span> 
     </span>
    </p>
   </div>
   <div class='ocr_carea' id='block_1_10' title="bbox 188 922 3604 994">
    <p class='ocr_par' dir='ltr' id='par_1_10' title="bbox 188 922 3604 994">
     <span class='ocr_line' id='line_1_10' title="bbox 188 922 3604 994; baseline 0.001 -19"><span class='ocrx_word' id='word_1_95' title='bbox 188 922 258 994; x_wconf 79' lang='lat' dir='ltr'><strong>ad</strong></span> <span class='ocrx_word' id='word_1_96' title='bbox 293 935 405 994; x_wconf 86' lang='lat' dir='ltr'><strong>nos</strong></span> <span class='ocrx_word' id='word_1_97' title='bbox 432 922 762 994; x_wconf 68' lang='lat' dir='ltr'><strong>transmisit</strong></span> <span class='ocrx_word' id='word_1_98' title='bbox 783 922 846 976; x_wconf 86' lang='lat' dir='ltr'><strong>R.</strong></span> <span class='ocrx_word' id='word_1_99' title='bbox 880 923 938 994; x_wconf 75' lang='lat' dir='ltr'><strong>P.</strong></span> <span class='ocrx_word' id='word_1_100' title='bbox 971 922 1294 994; x_wconf 71' lang='lat' dir='ltr'><strong>Willelmus</strong></span> <span class='ocrx_word' id='word_1_101' title='bbox 1324 923 1613 994; x_wconf 83' lang='lat' dir='ltr'><strong>Wilfrath,</strong></span> <span class='ocrx_word' id='word_1_102' title='bbox 1653 925 1811 994; x_wconf 89' lang='lat' dir='ltr'><strong>prior</strong></span> <span class='ocrx_word' id='word_1_103' title='bbox 1843 924 2036 980; x_wconf 86' lang='lat' dir='ltr'><strong>Sancti</strong></span> <span class='ocrx_word' id='word_1_104' title='bbox 2070 923 2442 979; x_wconf 84' lang='lat' dir='ltr'><strong>Pantaleonis</strong></span> <span class='ocrx_word' id='word_1_105' title='bbox 2475 922 2869 987; x_wconf 84' lang='lat' dir='ltr'><strong>Coloniensis;</strong></span> <span class='ocrx_word' id='word_1_106' title='bbox 2903 924 3005 978; x_wconf 88' lang='lat' dir='ltr'><strong>sed</strong></span> <span class='ocrx_word' id='word_1_107' title='bbox 3028 939 3155 978; x_wconf 90' lang='lat' dir='ltr'><strong>cum</strong></span> <span class='ocrx_word' id='word_1_108' title='bbox 3184 924 3299 993; x_wconf 89' lang='lat' dir='ltr'><strong>jam</strong></span> <span class='ocrx_word' id='word_1_109' title='bbox 3325 939 3353 978; x_wconf 93' lang='lat' dir='ltr'><strong>a</strong></span> <span class='ocrx_word' id='word_1_110' title='bbox 3381 924 3604 980; x_wconf 89' lang='lat' dir='ltr'><strong>Bollan-</strong></span> 
     </span>
    </p>
   </div>
   <div class='ocr_carea' id='block_1_11' title="bbox 189 991 3603 1065">
    <p class='ocr_par' dir='ltr' id='par_1_11' title="bbox 189 991 3603 1065">
     <span class='ocr_line' id='line_1_11' title="bbox 189 991 3603 1065; baseline 0.001 -18"><span class='ocrx_word' id='word_1_111' title='bbox 189 991 385 1065; x_wconf 79' lang='lat' dir='ltr'><strong>dianis</strong></span> <span class='ocrx_word' id='word_1_112' title='bbox 416 992 485 1046; x_wconf 89' lang='lat' dir='ltr'><strong>ad</strong></span> <span class='ocrx_word' id='word_1_113' title='bbox 523 992 672 1065; x_wconf 74' lang='lat' dir='ltr'><strong>diem</strong></span> <span class='ocrx_word' id='word_1_114' title='bbox 705 997 766 1065; x_wconf 73' lang='lat'><strong>21</strong></span> <span class='ocrx_word' id='word_1_115' title='bbox 803 992 1113 1065; x_wconf 79' lang='lat' dir='ltr'><strong>Maiiedita</strong></span> <span class='ocrx_word' id='word_1_116' title='bbox 1148 994 1242 1065; x_wconf 88' lang='lat' dir='ltr'><strong>sit,</strong></span> <span class='ocrx_word' id='word_1_117' title='bbox 1275 991 1665 1065; x_wconf 57' lang='lat' dir='ltr'><strong>nonullisque&#39;</strong></span> <span class='ocrx_word' id='word_1_118' title='bbox 1686 994 1897 1050; x_wconf 88' lang='lat' dir='ltr'><strong>fabulis</strong></span> <span class='ocrx_word' id='word_1_119' title='bbox 1919 1000 2015 1051; x_wconf 87' lang='lat' dir='ltr'><strong>aut</strong></span> <span class='ocrx_word' id='word_1_120' title='bbox 2044 994 2235 1050; x_wconf 89' lang='lat' dir='ltr'><strong>dubiis</strong></span> <span class='ocrx_word' id='word_1_121' title='bbox 2271 996 2443 1049; x_wconf 80' lang='lat' dir='ltr'><strong>rebus</strong></span> <span class='ocrx_word' id='word_1_122' title='bbox 2482 993 2745 1065; x_wconf 81' lang='lat' dir='ltr'><strong>videatur</strong></span> <span class='ocrx_word' id='word_1_123' title='bbox 2777 993 3148 1065; x_wconf 84' lang='lat' dir='ltr'><strong>interpolata,</strong></span> <span class='ocrx_word' id='word_1_124' title='bbox 3174 991 3297 1065; x_wconf 81' lang='lat' dir='ltr'><strong>eam</strong></span> <span class='ocrx_word' id='word_1_125' title='bbox 3329 995 3603 1050; x_wconf 87' lang='lat' dir='ltr'><strong>omittere</strong></span> 
     </span>
    </p>
   </div>
   <div class='ocr_carea' id='block_1_12' title="bbox 188 1061 3601 1134">
    <p class='ocr_par' dir='ltr' id='par_1_12' title="bbox 188 1061 3601 1134">
     <span class='ocr_line' id='line_1_12' title="bbox 188 1061 3601 1134; baseline 0.001 -17"><span class='ocrx_word' id='word_1_126' title='bbox 188 1062 382 1118; x_wconf 88' lang='lat' dir='ltr'><strong>visum</strong></span> <span class='ocrx_word' id='word_1_127' title='bbox 404 1065 518 1117; x_wconf 89' lang='lat' dir='ltr'><strong>est.</strong></span> <span class='ocrx_word' id='word_1_128' title='bbox 545 1061 609 1134; x_wconf 78' lang='lat' dir='ltr'><strong>id</strong></span> <span class='ocrx_word' id='word_1_129' title='bbox 632 1062 993 1119; x_wconf 87' lang='lat' dir='ltr'><strong>solummodo</strong></span> <span class='ocrx_word' id='word_1_130' title='bbox 1029 1063 1341 1121; x_wconf 88' lang='lat' dir='ltr'><strong>notandum</strong></span> <span class='ocrx_word' id='word_1_131' title='bbox 1379 1061 1826 1120; x_wconf 64' lang='lat' dir='ltr'><strong>velim&#39;Ezzonis</strong></span> <span class='ocrx_word' id='word_1_132' title='bbox 1857 1065 2005 1121; x_wconf 82' lang='lat' dir='ltr'><strong>tilias</strong></span> <span class='ocrx_word' id='word_1_133' title='bbox 2025 1080 2125 1120; x_wconf 82' lang='lat' dir='ltr'><strong>sex</strong></span> <span class='ocrx_word' id='word_1_134' title='bbox 2152 1065 2393 1120; x_wconf 84' lang='lat' dir='ltr'><strong>totidem</strong></span> <span class='ocrx_word' id='word_1_135' title='bbox 2419 1064 2641 1119; x_wconf 85' lang='lat' dir='ltr'><strong>ordinis</strong></span> <span class='ocrx_word' id='word_1_136' title='bbox 2669 1064 2849 1119; x_wconf 82' lang='lat' dir='ltr'><strong>nostri</strong></span> <span class='ocrx_word' id='word_1_137' title='bbox 2877 1061 3249 1119; x_wconf 86' lang='lat' dir='ltr'><strong>monasteriis</strong></span> <span class='ocrx_word' id='word_1_138' title='bbox 3275 1065 3601 1134; x_wconf 65' lang='lat' dir='ltr'><strong>praefuisse,</strong></span> 
     </span>
    </p>
   </div>
   <div class='ocr_carea' id='block_1_13' title="bbox 190 1132 3602 1205">
    <p class='ocr_par' dir='ltr' id='par_1_13' title="bbox 190 1132 3602 1205">
     <span class='ocr_line' id='line_1_13' title="bbox 190 1132 3602 1205; baseline 0 -16"><span class='ocrx_word' id='word_1_139' title='bbox 190 1137 414 1204; x_wconf 65' lang='lat' dir='ltr'><strong>praeter</strong></span> <span class='ocrx_word' id='word_1_140' title='bbox 436 1132 743 1205; x_wconf 83' lang='lat' dir='ltr'><strong>Richezam</strong></span> <span class='ocrx_word' id='word_1_141' title='bbox 769 1134 1023 1188; x_wconf 69' lang='lat' dir='ltr'><strong>Polonize</strong></span> <span class='ocrx_word' id='word_1_142' title='bbox 1050 1135 1324 1203; x_wconf 84' lang='lat' dir='ltr'><strong>reginam,</strong></span> <span class='ocrx_word' id='word_1_143' title='bbox 1350 1150 1487 1205; x_wconf 88' lang='lat' dir='ltr'><strong>erga</strong></span> <span class='ocrx_word' id='word_1_144' title='bbox 1515 1136 2006 1191; x_wconf 85' lang='lat' dir='ltr'><strong>Brumvillerense</strong></span> <span class='ocrx_word' id='word_1_145' title='bbox 2032 1138 2443 1190; x_wconf 86' lang='lat' dir='ltr'><strong>monasterium</strong></span> <span class='ocrx_word' id='word_1_146' title='bbox 2472 1135 3083 1189; x_wconf 87' lang='lat' dir='ltr'><strong>munilicentissimam.</strong></span> <span class='ocrx_word' id='word_1_147' title='bbox 3119 1132 3602 1192; x_wconf 65' lang='lat' dir='ltr'><strong>ltionistcriorum</strong></span> 
     </span>
    </p>
   </div>
   <div class='ocr_carea' id='block_1_14' title="bbox 187 1204 3601 1275">
    <p class='ocr_par' dir='ltr' id='par_1_14' title="bbox 187 1204 3601 1275">
     <span class='ocr_line' id='line_1_14' title="bbox 187 1204 3601 1275; baseline 0.001 -17"><span class='ocrx_word' id='word_1_148' title='bbox 187 1206 410 1275; x_wconf 85' lang='lat' dir='ltr'><strong>autem,</strong></span> <span class='ocrx_word' id='word_1_149' title='bbox 446 1208 504 1259; x_wconf 83' lang='lat' dir='ltr'><strong>et</strong></span> <span class='ocrx_word' id='word_1_150' title='bbox 538 1204 794 1275; x_wconf 88' lang='lat' dir='ltr'><strong>ipsarum</strong></span> <span class='ocrx_word' id='word_1_151' title='bbox 841 1205 1068 1259; x_wconf 91' lang='lat' dir='ltr'><strong>nomina</strong></span> <span class='ocrx_word' id='word_1_152' title='bbox 1115 1206 1198 1262; x_wconf 91' lang='lat' dir='ltr'><strong>sic</strong></span> <span class='ocrx_word' id='word_1_153' title='bbox 1250 1204 1519 1261; x_wconf 79' lang='lat' dir='ltr'><strong>recenset</strong></span> <span class='ocrx_word' id='word_1_154' title='bbox 1569 1205 1666 1260; x_wconf 89' lang='lat' dir='ltr'><strong>ille</strong></span> <span class='ocrx_word' id='word_1_155' title='bbox 1716 1213 1963 1261; x_wconf 87' lang='lat' dir='ltr'><strong>auctor:</strong></span> <span class='ocrx_word' id='word_1_156' title='bbox 2014 1226 2040 1257; x_wconf 85' lang='lat'><strong><em>«</em></strong></span> <span class='ocrx_word' id='word_1_157' title='bbox 2074 1206 2337 1261; x_wconf 79' lang='lat' dir='ltr'><strong>Adheleit</strong></span> <span class='ocrx_word' id='word_1_158' title='bbox 2382 1206 2434 1259; x_wconf 90' lang='lat' dir='ltr'><strong>in</strong></span> <span class='ocrx_word' id='word_1_159' title='bbox 2478 1205 2682 1259; x_wconf 82' lang='lat' dir='ltr'><strong>Nivilla</strong></span> <span class='ocrx_word' id='word_1_160' title='bbox 2732 1205 3110 1267; x_wconf 87' lang='lat' dir='ltr'><strong>monasterio,</strong></span> <span class='ocrx_word' id='word_1_161' title='bbox 3162 1207 3510 1275; x_wconf 80' lang='lat' dir='ltr'><strong>&#39;l‘hecphann</strong></span> <span class='ocrx_word' id='word_1_162' title='bbox 3547 1207 3601 1261; x_wconf 90' lang='lat' dir='ltr'><strong>in</strong></span> 
     </span>
    </p>
   </div>
   <div class='ocr_carea' id='block_1_15' title="bbox 189 1274 3599 1345">
    <p class='ocr_par' dir='ltr' id='par_1_15' title="bbox 189 1274 3599 1345">
     <span class='ocr_line' id='line_1_15' title="bbox 189 1274 3599 1345; baseline 0.001 -17"><span class='ocrx_word' id='word_1_163' title='bbox 189 1274 448 1344; x_wconf 77' lang='lat' dir='ltr'><strong>Asynde,</strong></span> <span class='ocrx_word' id='word_1_164' title='bbox 502 1274 817 1343; x_wconf 82' lang='lat' dir='ltr'><strong>Heileweig</strong></span> <span class='ocrx_word' id='word_1_165' title='bbox 848 1274 901 1329; x_wconf 90' lang='lat' dir='ltr'><strong>in</strong></span> <span class='ocrx_word' id='word_1_166' title='bbox 936 1276 1163 1341; x_wconf 88' lang='lat' dir='ltr'><strong>Nussia,</strong></span> <span class='ocrx_word' id='word_1_167' title='bbox 1215 1278 1439 1332; x_wconf 88' lang='lat' dir='ltr'><strong>Mathilt</strong></span> <span class='ocrx_word' id='word_1_168' title='bbox 1471 1278 1526 1331; x_wconf 91' lang='lat' dir='ltr'><strong>in</strong></span> <span class='ocrx_word' id='word_1_169' title='bbox 1561 1276 1948 1333; x_wconf 87' lang='lat' dir='ltr'><strong>Didinckirica</strong></span> <span class='ocrx_word' id='word_1_170' title='bbox 1998 1282 2173 1345; x_wconf 86' lang='lat' dir='ltr'><strong>atque</strong></span> <span class='ocrx_word' id='word_1_171' title='bbox 2206 1276 2425 1341; x_wconf 87' lang='lat' dir='ltr'><strong>Wilica,</strong></span> <span class='ocrx_word' id='word_1_172' title='bbox 2464 1275 2557 1330; x_wconf 90' lang='lat' dir='ltr'><strong>lda</strong></span> <span class='ocrx_word' id='word_1_173' title='bbox 2593 1276 2645 1330; x_wconf 92' lang='lat' dir='ltr'><strong>in</strong></span> <span class='ocrx_word' id='word_1_174' title='bbox 2682 1276 3033 1331; x_wconf 85' lang='lat' dir='ltr'><strong>monasterio</strong></span> <span class='ocrx_word' id='word_1_175' title='bbox 3066 1279 3289 1330; x_wconf 70' lang='lat' dir='ltr'><strong>Sancta:</strong></span> <span class='ocrx_word' id='word_1_176' title='bbox 3319 1274 3511 1332; x_wconf 68' lang='lat' dir='ltr'><strong>Mariae</strong></span> <span class='ocrx_word' id='word_1_177' title='bbox 3546 1277 3599 1331; x_wconf 92' lang='lat' dir='ltr'><strong>in</strong></span> 
     </span>
    </p>
   </div>
   <div class='ocr_carea' id='block_1_16' title="bbox 189 1345 3603 1418">
    <p class='ocr_par' dir='ltr' id='par_1_16' title="bbox 189 1345 3603 1418">
     <span class='ocr_line' id='line_1_16' title="bbox 189 1345 3603 1418; baseline 0.001 -17"><span class='ocrx_word' id='word_1_178' title='bbox 189 1345 453 1418; x_wconf 77' lang='lat' dir='ltr'><strong>Colonia,</strong></span> <span class='ocrx_word' id='word_1_179' title='bbox 487 1345 697 1415; x_wconf 81' lang='lat' dir='ltr'><strong>SOphia</strong></span> <span class='ocrx_word' id='word_1_180' title='bbox 730 1345 998 1418; x_wconf 82' lang='lat' dir='ltr'><strong>similiter</strong></span> <span class='ocrx_word' id='word_1_181' title='bbox 1028 1348 1083 1401; x_wconf 90' lang='lat' dir='ltr'><strong>in</strong></span> <span class='ocrx_word' id='word_1_182' title='bbox 1116 1352 1472 1404; x_wconf 72' lang='lat' dir='ltr'><strong>monasterio</strong></span> <span class='ocrx_word' id='word_1_183' title='bbox 1504 1348 1730 1404; x_wconf 73' lang='lat' dir='ltr'><strong>Sanctae</strong></span> <span class='ocrx_word' id='word_1_184' title='bbox 1762 1349 1951 1405; x_wconf 74' lang='lat' dir='ltr'><strong>Mariae</strong></span> <span class='ocrx_word' id='word_1_185' title='bbox 2000 1347 2326 1418; x_wconf 68' lang='lat' dir='ltr'><strong>Moguntize,</strong></span> <span class='ocrx_word' id='word_1_186' title='bbox 2360 1354 2535 1416; x_wconf 88' lang='lat' dir='ltr'><strong>atque</strong></span> <span class='ocrx_word' id='word_1_187' title='bbox 2568 1345 3004 1416; x_wconf 89' lang='lat' dir='ltr'><strong>Gandersheim,</strong></span> <span class='ocrx_word' id='word_1_188' title='bbox 3056 1346 3603 1404; x_wconf 79' lang='lat' dir='ltr'><strong>sanctinionialibus</strong></span> 
     </span>
    </p>
   </div>
   <div class='ocr_carea' id='block_1_17' title="bbox 188 1415 1467 1487">
    <p class='ocr_par' dir='ltr' id='par_1_17' title="bbox 188 1415 1467 1487">
     <span class='ocr_line' id='line_1_17' title="bbox 188 1415 1467 1487; baseline -0.001 -17"><span class='ocrx_word' id='word_1_189' title='bbox 188 1415 424 1471; x_wconf 81' lang='lat' dir='ltr'><strong>feminis</strong></span> <span class='ocrx_word' id='word_1_190' title='bbox 466 1422 603 1471; x_wconf 90' lang='lat' dir='ltr'><strong>sunt</strong></span> <span class='ocrx_word' id='word_1_191' title='bbox 639 1416 899 1487; x_wconf 66' lang='lat' dir='ltr'><strong>przelatte</strong></span> <span class='ocrx_word' id='word_1_192' title='bbox 930 1415 1057 1487; x_wconf 90' lang='lat' dir='ltr'><strong>loco</strong></span> <span class='ocrx_word' id='word_1_193' title='bbox 1091 1418 1405 1487; x_wconf 88' lang='lat' dir='ltr'><strong>regiminis.</strong></span> <span class='ocrx_word' id='word_1_194' title='bbox 1439 1439 1467 1469; x_wconf 89' lang='lat'>»</span> 
     </span>
    </p>
   </div>
   <div class='ocr_carea' id='block_1_18' title="bbox 260 1486 3602 1560">
    <p class='ocr_par' dir='ltr' id='par_1_18' title="bbox 260 1486 3602 1560">
     <span class='ocr_line' id='line_1_18' title="bbox 260 1486 3602 1560; baseline 0 -20"><span class='ocrx_word' id='word_1_195' title='bbox 260 1486 801 1560; x_wconf 35' lang='lat' dir='ltr'><strong>4._C_aeterum’_cum</strong></span> <span class='ocrx_word' id='word_1_196' title='bbox 833 1486 1232 1558; x_wconf 82' lang='lat' dir='ltr'><strong>Wolphelmus</strong></span> <span class='ocrx_word' id='word_1_197' title='bbox 1265 1490 1516 1544; x_wconf 90' lang='lat' dir='ltr'><strong>nondum</strong></span> <span class='ocrx_word' id='word_1_198' title='bbox 1546 1489 1777 1560; x_wconf 89' lang='lat' dir='ltr'><strong>publico</strong></span> <span class='ocrx_word' id='word_1_199' title='bbox 1809 1488 2046 1560; x_wconf 88' lang='lat' dir='ltr'><strong>decreto</strong></span> <span class='ocrx_word' id='word_1_200' title='bbox 2079 1488 2230 1542; x_wconf 89' lang='lat' dir='ltr'><strong>inter</strong></span> <span class='ocrx_word' id='word_1_201' title='bbox 2261 1492 2496 1560; x_wconf 80' lang='lat' dir='ltr'><strong>sanctos</strong></span> <span class='ocrx_word' id='word_1_202' title='bbox 2524 1491 2940 1560; x_wconf 80' lang='lat' dir='ltr'><strong>aummieratus</strong></span> <span class='ocrx_word' id='word_1_203' title='bbox 2982 1487 3075 1555; x_wconf 86' lang='lat' dir='ltr'><strong>sit,</strong></span> <span class='ocrx_word' id='word_1_204' title='bbox 3122 1486 3396 1560; x_wconf 80' lang='lat' dir='ltr'><strong>nullaque</strong></span> <span class='ocrx_word' id='word_1_205' title='bbox 3428 1489 3602 1544; x_wconf 91' lang='lat' dir='ltr'><strong>etiam</strong></span> 
     </span>
    </p>
   </div>
   <div class='ocr_carea' id='block_1_19' title="bbox 189 1556 3603 1630">
    <p class='ocr_par' dir='ltr' id='par_1_19' title="bbox 189 1556 3603 1630">
     <span class='ocr_line' id='line_1_19' title="bbox 189 1556 3603 1630; baseline -0 -17"><span class='ocrx_word' id='word_1_206' title='bbox 189 1557 347 1630; x_wconf 77' lang='lat' dir='ltr'><strong>apud</strong></span> <span class='ocrx_word' id='word_1_207' title='bbox 380 1556 908 1630; x_wconf 83' lang='lat' dir='ltr'><strong>Brunwillerenses</strong></span> <span class='ocrx_word' id='word_1_208' title='bbox 940 1556 1194 1630; x_wconf 85' lang='lat' dir='ltr'><strong>nostros.</strong></span> <span class='ocrx_word' id='word_1_209' title='bbox 1231 1564 1291 1615; x_wconf 89' lang='lat' dir='ltr'><strong>ut</strong></span> <span class='ocrx_word' id='word_1_210' title='bbox 1325 1556 1558 1630; x_wconf 81' lang='lat' dir='ltr'><strong>quidem</strong></span> <span class='ocrx_word' id='word_1_211' title='bbox 1589 1559 2242 1630; x_wconf 80' lang='lat' dir='ltr'><strong>scribitilenschcnius,</strong></span> <span class='ocrx_word' id='word_1_212' title='bbox 2275 1557 2461 1612; x_wconf 81' lang='lat' dir='ltr'><strong>Oﬂlcio</strong></span> <span class='ocrx_word' id='word_1_213' title='bbox 2494 1557 2725 1630; x_wconf 81' lang='lat' dir='ltr'><strong>publico</strong></span> <span class='ocrx_word' id='word_1_214' title='bbox 2756 1558 3008 1630; x_wconf 84' lang='lat' dir='ltr'><strong>colatur,</strong></span> <span class='ocrx_word' id='word_1_215' title='bbox 3043 1573 3171 1613; x_wconf 88' lang='lat' dir='ltr'><strong>eum</strong></span> <span class='ocrx_word' id='word_1_216' title='bbox 3224 1558 3381 1614; x_wconf 76' lang='lat' dir='ltr'><strong>beati</strong></span> <span class='ocrx_word' id='word_1_217' title='bbox 3430 1559 3603 1614; x_wconf 90' lang='lat' dir='ltr'><strong>titulo</strong></span> 
     </span>
    </p>
   </div>
   <div class='ocr_carea' id='block_1_20' title="bbox 190 1627 3600 1701">
    <p class='ocr_par' dir='ltr' id='par_1_20' title="bbox 190 1627 3600 1701">
     <span class='ocr_line' id='line_1_20' title="bbox 190 1627 3600 1701; baseline 0 -18"><span class='ocrx_word' id='word_1_218' title='bbox 190 1627 453 1701; x_wconf 74' lang='lat' dir='ltr'><strong>denasse</strong></span> <span class='ocrx_word' id='word_1_219' title='bbox 496 1630 645 1684; x_wconf 85' lang='lat' dir='ltr'><strong>satis</strong></span> <span class='ocrx_word' id='word_1_220' title='bbox 679 1628 805 1685; x_wconf 85' lang='lat' dir='ltr'><strong>fuit.</strong></span> <span class='ocrx_word' id='word_1_221' title='bbox 858 1629 1131 1694; x_wconf 85' lang='lat' dir='ltr'><strong>Quamvis</strong></span> <span class='ocrx_word' id='word_1_222' title='bbox 1165 1631 1217 1684; x_wconf 91' lang='lat' dir='ltr'><strong>in</strong></span> <span class='ocrx_word' id='word_1_223' title='bbox 1249 1627 1517 1699; x_wconf 76' lang='lat' dir='ltr'><strong>catalogo</strong></span> <span class='ocrx_word' id='word_1_224' title='bbox 1570 1630 1947 1701; x_wconf 84' lang='lat' dir='ltr'><strong>reliquiarum</strong></span> <span class='ocrx_word' id='word_1_225' title='bbox 1997 1629 2256 1701; x_wconf 84' lang='lat' dir='ltr'><strong>ejusdem</strong></span> <span class='ocrx_word' id='word_1_226' title='bbox 2308 1628 2799 1701; x_wconf 77' lang='lat' dir='ltr'><strong>monast_erii,_qui</strong></span> <span class='ocrx_word' id='word_1_227' title='bbox 2830 1630 2898 1683; x_wconf 90' lang='lat' dir='ltr'><strong>ad</strong></span> <span class='ocrx_word' id='word_1_228' title='bbox 2933 1644 3039 1684; x_wconf 92' lang='lat' dir='ltr'><strong>nos</strong></span> <span class='ocrx_word' id='word_1_229' title='bbox 3071 1630 3454 1701; x_wconf 77' lang='lat' dir='ltr'><strong>transmissus</strong></span> <span class='ocrx_word' id='word_1_230' title='bbox 3487 1634 3600 1701; x_wconf 81' lang='lat' dir='ltr'><strong>est,</strong></span> 
     </span>
    </p>
   </div>
   <div class='ocr_carea' id='block_1_21' title="bbox 189 1697 3601 1773">
    <p class='ocr_par' dir='ltr' id='par_1_21' title="bbox 189 1697 3601 1773">
     <span class='ocr_line' id='line_1_21' title="bbox 189 1697 3601 1773; baseline 0.001 -20"><span class='ocrx_word' id='word_1_231' title='bbox 189 1697 933 1773; x_wconf 63' lang='lat' dir='ltr'><strong>interaliasrecenseatur</strong></span> <span class='ocrx_word' id='word_1_232' title='bbox 960 1701 1141 1770; x_wconf 74' lang='lat' dir='ltr'><strong>caput</strong></span> <span class='ocrx_word' id='word_1_233' title='bbox 1169 1700 1326 1757; x_wconf 75' lang='lat' dir='ltr'><strong>beati</strong></span> <span class='ocrx_word' id='word_1_234' title='bbox 1371 1697 1734 1773; x_wconf 70' lang='lat' dir='ltr'><strong>Wolphelmi,</strong></span> <span class='ocrx_word' id='word_1_235' title='bbox 1775 1724 1799 1773; x_wconf 47' lang='lat' dir='ltr'><strong>at</strong></span> <span class='ocrx_word' id='word_1_236' title='bbox 1830 1697 2540 1773; x_wconf 37' lang='lat' dir='ltr'><strong>cujus.&#39;inquittcatalogi</strong></span> <span class='ocrx_word' id='word_1_237' title='bbox 2576 1698 2853 1773; x_wconf 79' lang='lat' dir='ltr'><strong>scriptor,</strong></span> <span class='ocrx_word' id='word_1_238' title='bbox 2895 1714 3026 1773; x_wconf 87' lang='lat' dir='ltr'><strong>ossa</strong></span> <span class='ocrx_word' id='word_1_239' title='bbox 3064 1698 3285 1769; x_wconf 77' lang='lat' dir='ltr'><strong>reliqua</strong></span> <span class='ocrx_word' id='word_1_240' title='bbox 3322 1715 3422 1773; x_wconf 87' lang='lat' dir='ltr'><strong>per</strong></span> <span class='ocrx_word' id='word_1_241' title='bbox 3454 1699 3601 1773; x_wconf 80' lang='lat' dir='ltr'><strong>bella</strong></span> 
     </span>
    </p>
   </div>
   <div class='ocr_carea' id='block_1_22' title="bbox 186 1767 3606 1840">
    <p class='ocr_par' dir='ltr' id='par_1_22' title="bbox 186 1767 3606 1840">
     <span class='ocr_line' id='line_1_22' title="bbox 186 1767 3606 1840; baseline 0 -16"><span class='ocrx_word' id='word_1_242' title='bbox 186 1767 303 1825; x_wconf 89' lang='lat' dir='ltr'><strong>huc</strong></span> <span class='ocrx_word' id='word_1_243' title='bbox 339 1768 477 1840; x_wconf 81' lang='lat' dir='ltr'><strong>illuc</strong></span> <span class='ocrx_word' id='word_1_244' title='bbox 509 1768 788 1826; x_wconf 88' lang='lat' dir='ltr'><strong>distracta</strong></span> <span class='ocrx_word' id='word_1_245' title='bbox 819 1775 875 1825; x_wconf 88' lang='lat' dir='ltr'><strong>et</strong></span> <span class='ocrx_word' id='word_1_246' title='bbox 912 1767 1207 1840; x_wconf 81' lang='lat' dir='ltr'><strong>asportata</strong></span> <span class='ocrx_word' id='word_1_247' title='bbox 1262 1767 1506 1827; x_wconf 57' lang='lat' dir='ltr'><strong>fuerunt&quot;</strong></span> <span class='ocrx_word' id='word_1_248' title='bbox 1549 1767 1825 1828; x_wconf 82' lang='lat' dir='ltr'><strong>violentia</strong></span> <span class='ocrx_word' id='word_1_249' title='bbox 1879 1767 2146 1826; x_wconf 51' lang='lat' dir='ltr'><strong>militum:</strong></span> <span class='ocrx_word' id='word_1_250' title='bbox 2181 1794 2206 1819; x_wconf 75' lang='grc' dir='ltr'><strong>ι»</strong></span> <span class='ocrx_word' id='word_1_251' title='bbox 2247 1769 2384 1840; x_wconf 73' lang='lat' dir='ltr'><strong>Quae.</strong></span> <span class='ocrx_word' id='word_1_252' title='bbox 2415 1784 2551 1840; x_wconf 83' lang='lat' dir='ltr'><strong>sane</strong></span> <span class='ocrx_word' id='word_1_253' title='bbox 2585 1768 2843 1823; x_wconf 89' lang='lat' dir='ltr'><strong>indicant</strong></span> <span class='ocrx_word' id='word_1_254' title='bbox 2873 1770 2998 1839; x_wconf 89' lang='lat' dir='ltr'><strong>ejus</strong></span> <span class='ocrx_word' id='word_1_255' title='bbox 3032 1767 3231 1825; x_wconf 81' lang='lat' dir='ltr'><strong>sacras</strong></span> <span class='ocrx_word' id='word_1_256' title='bbox 3264 1767 3543 1839; x_wconf 83' lang='lat' dir='ltr'><strong>reliquias</strong></span> <span class='ocrx_word' id='word_1_257' title='bbox 3575 1784 3606 1826; x_wconf 90' lang='lat' dir='ltr'><strong>e</strong></span> 
     </span>
    </p>
   </div>
   <div class='ocr_carea' id='block_1_23' title="bbox 184 1838 3606 1913">
    <p class='ocr_par' dir='ltr' id='par_1_23' title="bbox 184 1838 3606 1913">
     <span class='ocr_line' id='line_1_23' title="bbox 184 1838 3606 1913; baseline 0.001 -20"><span class='ocrx_word' id='word_1_258' title='bbox 184 1844 352 1913; x_wconf 75' lang='lat' dir='ltr'><strong>terra</strong></span> <span class='ocrx_word' id='word_1_259' title='bbox 384 1838 610 1913; x_wconf 84' lang='lat' dir='ltr'><strong>levatas</strong></span> <span class='ocrx_word' id='word_1_260' title='bbox 646 1840 819 1897; x_wconf 86' lang='lat' dir='ltr'><strong>fuisse</strong></span> <span class='ocrx_word' id='word_1_261' title='bbox 852 1856 917 1897; x_wconf 89' lang='lat' dir='ltr'><strong>ac</strong></span> <span class='ocrx_word' id='word_1_262' title='bbox 951 1838 1202 1913; x_wconf 71' lang='lat' dir='ltr'><strong>publicae</strong></span> <span class='ocrx_word' id='word_1_263' title='bbox 1235 1844 1594 1899; x_wconf 80' lang='lat' dir='ltr'><strong>venerationi</strong></span> <span class='ocrx_word' id='word_1_264' title='bbox 1626 1843 1945 1913; x_wconf 79' lang='lat' dir='ltr'><strong>expositas.</strong></span> <span class='ocrx_word' id='word_1_265' title='bbox 1987 1841 2144 1913; x_wconf 82' lang='lat' dir='ltr'><strong>Unde</strong></span> <span class='ocrx_word' id='word_1_266' title='bbox 2178 1839 2450 1913; x_wconf 84' lang='lat' dir='ltr'><strong>Gelenius</strong></span> <span class='ocrx_word' id='word_1_267' title='bbox 2483 1839 2632 1913; x_wconf 86' lang='lat' dir='ltr'><strong>libro</strong></span> <span class='ocrx_word' id='word_1_268' title='bbox 2659 1840 2840 1913; x_wconf 38' lang='lat' dir='ltr'><strong>tertio~</strong></span> <span class='ocrx_word' id='word_1_269' title='bbox 2862 1838 2938 1913; x_wconf 82' lang='lat' dir='ltr'><strong>De</strong></span> <span class='ocrx_word' id='word_1_270' title='bbox 2965 1840 3322 1913; x_wconf 81' lang='lat' dir='ltr'><strong>admirandis</strong></span> <span class='ocrx_word' id='word_1_271' title='bbox 3353 1838 3606 1913; x_wconf 69' lang='lat' dir='ltr'><strong>Celonize</strong></span> 
     </span>
    </p>
   </div>
   <div class='ocr_carea' id='block_1_24' title="bbox 187 1909 3602 1982">
    <p class='ocr_par' dir='ltr' id='par_1_24' title="bbox 187 1909 3602 1982">
     <span class='ocr_line' id='line_1_24' title="bbox 187 1909 3602 1982; baseline 0 -17"><span class='ocrx_word' id='word_1_272' title='bbox 187 1910 549 1982; x_wconf 71' lang='lat' dir='ltr'><strong>Agrippinae,</strong></span> <span class='ocrx_word' id='word_1_273' title='bbox 576 1912 729 1968; x_wconf 88' lang='lat' dir='ltr'><strong>inter</strong></span> <span class='ocrx_word' id='word_1_274' title='bbox 752 1912 898 1967; x_wconf 84' lang='lat' dir='ltr'><strong>festa</strong></span> <span class='ocrx_word' id='word_1_275' title='bbox 925 1909 1240 1982; x_wconf 82' lang='lat' dir='ltr'><strong>peculiaria</strong></span> <span class='ocrx_word' id='word_1_276' title='bbox 1278 1914 1615 1969; x_wconf 89' lang='lat' dir='ltr'><strong>monasterii</strong></span> <span class='ocrx_word' id='word_1_277' title='bbox 1644 1909 2175 1979; x_wconf 84' lang='lat' dir='ltr'><strong>Brunwillerensis,</strong></span> <span class='ocrx_word' id='word_1_278' title='bbox 2206 1912 2411 1967; x_wconf 88' lang='lat' dir='ltr'><strong>festum</strong></span> <span class='ocrx_word' id='word_1_279' title='bbox 2438 1909 2624 1982; x_wconf 88' lang='lat' dir='ltr'><strong>sancti</strong></span> <span class='ocrx_word' id='word_1_280' title='bbox 2654 1910 2997 1982; x_wconf 76' lang='lat' dir='ltr'><strong>Wolphelmi</strong></span> <span class='ocrx_word' id='word_1_281' title='bbox 3025 1911 3093 1965; x_wconf 90' lang='lat' dir='ltr'><strong>ad</strong></span> <span class='ocrx_word' id='word_1_282' title='bbox 3120 1910 3269 1966; x_wconf 90' lang='lat' dir='ltr'><strong>diem</strong></span> <span class='ocrx_word' id='word_1_283' title='bbox 3294 1916 3362 1966; x_wconf 68' lang='lat'><strong>22</strong></span> <span class='ocrx_word' id='word_1_284' title='bbox 3386 1910 3602 1981; x_wconf 87' lang='lat' dir='ltr'><strong>Aprilis</strong></span> 
     </span>
    </p>
   </div>
   <div class='ocr_carea' id='block_1_25' title="bbox 184 1980 3608 2052">
    <p class='ocr_par' dir='ltr' id='par_1_25' title="bbox 184 1980 3608 2052">
     <span class='ocr_line' id='line_1_25' title="bbox 184 1980 3608 2052; baseline 0 -17"><span class='ocrx_word' id='word_1_285' title='bbox 184 1980 474 2051; x_wconf 73' lang='lat' dir='ltr'><strong>assignat.</strong></span> <span class='ocrx_word' id='word_1_286' title='bbox 511 1981 636 2047; x_wconf 83' lang='lat' dir='ltr'><strong>Quo</strong></span> <span class='ocrx_word' id='word_1_287' title='bbox 667 1983 897 2051; x_wconf 87' lang='lat' dir='ltr'><strong>quidem</strong></span> <span class='ocrx_word' id='word_1_288' title='bbox 928 1980 1024 2037; x_wconf 84' lang='lat' dir='ltr'><strong>die</strong></span> <span class='ocrx_word' id='word_1_289' title='bbox 1056 1984 1388 2038; x_wconf 89' lang='lat' dir='ltr'><strong>memoriam</strong></span> <span class='ocrx_word' id='word_1_290' title='bbox 1420 1984 1548 2052; x_wconf 87' lang='lat' dir='ltr'><strong>ejus</strong></span> <span class='ocrx_word' id='word_1_291' title='bbox 1582 1984 1850 2040; x_wconf 89' lang='lat' dir='ltr'><strong>recolunt</strong></span> <span class='ocrx_word' id='word_1_292' title='bbox 1883 1982 2290 2051; x_wconf 79' lang='lat' dir='ltr'><strong>Martyrologia</strong></span> <span class='ocrx_word' id='word_1_293' title='bbox 2339 1981 2708 2052; x_wconf 86' lang='lat' dir='ltr'><strong>Benedictina</strong></span> <span class='ocrx_word' id='word_1_294' title='bbox 2762 1980 2998 2036; x_wconf 78' lang='lat' dir='ltr'><strong>Arnoldi</strong></span> <span class='ocrx_word' id='word_1_295' title='bbox 3050 1981 3288 2043; x_wconf 84' lang='lat' dir='ltr'><strong>Wionis,</strong></span> <span class='ocrx_word' id='word_1_296' title='bbox 3351 1982 3608 2050; x_wconf 85' lang='lat' dir='ltr'><strong>Hugonis</strong></span> 
     </span>
    </p>
   </div>
   <div class='ocr_carea' id='block_1_26' title="bbox 186 2051 3603 2123">
    <p class='ocr_par' dir='ltr' id='par_1_26' title="bbox 186 2051 3603 2123">
     <span class='ocr_line' id='line_1_26' title="bbox 186 2051 3603 2123; baseline 0 -16"><span class='ocrx_word' id='word_1_297' title='bbox 186 2052 450 2123; x_wconf 62' lang='lat' dir='ltr'><strong>Menardi</strong></span> <span class='ocrx_word' id='word_1_298' title='bbox 493 2057 551 2108; x_wconf 89' lang='lat' dir='ltr'><strong>et</strong></span> <span class='ocrx_word' id='word_1_299' title='bbox 598 2052 892 2109; x_wconf 85' lang='lat' dir='ltr'><strong>Benedicti</strong></span> <span class='ocrx_word' id='word_1_300' title='bbox 949 2054 1238 2123; x_wconf 86' lang='lat' dir='ltr'><strong>Dorganii,</strong></span> <span class='ocrx_word' id='word_1_301' title='bbox 1288 2051 1549 2111; x_wconf 82' lang='lat' dir='ltr'><strong>Molanus</strong></span> <span class='ocrx_word' id='word_1_302' title='bbox 1593 2056 1646 2109; x_wconf 89' lang='lat' dir='ltr'><strong>in</strong></span> <span class='ocrx_word' id='word_1_303' title='bbox 1688 2053 2089 2109; x_wconf 85' lang='lat' dir='ltr'><strong>additionibus</strong></span> <span class='ocrx_word' id='word_1_304' title='bbox 2141 2055 2211 2107; x_wconf 91' lang='lat' dir='ltr'><strong>ad</strong></span> <span class='ocrx_word' id='word_1_305' title='bbox 2264 2051 2606 2120; x_wconf 88' lang='lat' dir='ltr'><strong>Usuardum,</strong></span> <span class='ocrx_word' id='word_1_306' title='bbox 2660 2052 3130 2121; x_wconf 78' lang='lat' dir='ltr'><strong>Martyrologium</strong></span> <span class='ocrx_word' id='word_1_307' title='bbox 3180 2053 3603 2123; x_wconf 76' lang='lat' dir='ltr'><strong>Germanicum,</strong></span> 
     </span>
    </p>
   </div>
   <div class='ocr_carea' id='block_1_27' title="bbox 181 2121 3606 2248">
    <p class='ocr_par' dir='ltr' id='par_1_27' title="bbox 181 2121 3606 2248">
     <span class='ocr_line' id='line_1_27' title="bbox 181 2121 3606 2248; baseline 0 -71"><span class='ocrx_word' id='word_1_308' title='bbox 181 2121 502 2248; x_wconf 50' lang='lat' dir='ltr'><strong>Pbilippéis</strong></span> <span class='ocrx_word' id='word_1_309' title='bbox 554 2123 855 2248; x_wconf 40' lang='lat' dir='ltr'><strong>Feigrarius</strong></span> <span class='ocrx_word' id='word_1_310' title='bbox 889 2123 943 2178; x_wconf 94' lang='lat' dir='ltr'><strong>in</strong></span> <span class='ocrx_word' id='word_1_311' title='bbox 979 2121 1255 2194; x_wconf 86' lang='lat' dir='ltr'><strong>Catalogo</strong></span> <span class='ocrx_word' id='word_1_312' title='bbox 1308 2131 1643 2182; x_wconf 89' lang='lat' dir='ltr'><strong>sanctorum</strong></span> <span class='ocrx_word' id='word_1_313' title='bbox 1677 2124 1771 2195; x_wconf 91' lang='lat' dir='ltr'><strong>qui</strong></span> <span class='ocrx_word' id='word_1_314' title='bbox 1822 2125 1874 2179; x_wconf 90' lang='lat' dir='ltr'><strong>in</strong></span> <span class='ocrx_word' id='word_1_315' title='bbox 1909 2123 2319 2194; x_wconf 83' lang='lat' dir='ltr'><strong>Martyrologio</strong></span> <span class='ocrx_word' id='word_1_316' title='bbox 2368 2123 2624 2177; x_wconf 86' lang='lat' dir='ltr'><strong>Romano</strong></span> <span class='ocrx_word' id='word_1_317' title='bbox 2658 2137 2767 2178; x_wconf 92' lang='lat' dir='ltr'><strong>non</strong></span> <span class='ocrx_word' id='word_1_318' title='bbox 2801 2123 3109 2189; x_wconf 88' lang='lat' dir='ltr'><strong>habentur,</strong></span> <span class='ocrx_word' id='word_1_319' title='bbox 3144 2121 3360 2194; x_wconf 84' lang='lat' dir='ltr'><strong>aliique</strong></span> <span class='ocrx_word' id='word_1_320' title='bbox 3394 2123 3606 2194; x_wconf 89' lang='lat' dir='ltr'><strong>passim</strong></span> 
     </span>
     <span class='ocr_line' id='line_1_28' title="bbox 182 2207 825 2248; baseline 0 0"><span class='ocrx_word' id='word_1_321' title='bbox 182 2207 413 2248; x_wconf 79' lang='lat' dir='ltr'><strong>eiusmo</strong></span> <span class='ocrx_word' id='word_1_322' title='bbox 460 2209 476 2247; x_wconf 87' lang='grc' dir='ltr'>ι</span> <span class='ocrx_word' id='word_1_323' title='bbox 525 2208 634 2248; x_wconf 90' lang='lat' dir='ltr'><strong>auc</strong></span> <span class='ocrx_word' id='word_1_324' title='bbox 667 2209 825 2248; x_wconf 87' lang='lat' dir='ltr'><strong>ores.</strong></span> 
     </span>
    </p>
   </div>
   <div class='ocr_carea' id='block_1_28' title="bbox 182 2193 825 2263">
    <p class='ocr_par' dir='ltr' id='par_1_28' title="bbox 182 2193 825 2263">
     <span class='ocr_line' id='line_1_29' title="bbox 182 2193 825 2263; baseline 0.002 -15"><span class='ocrx_word' id='word_1_325' title='bbox 182 2193 476 2263; x_wconf 86' lang='lat' dir='ltr'><strong>ejusmodi</strong></span> <span class='ocrx_word' id='word_1_326' title='bbox 525 2198 825 2251; x_wconf 87' lang='lat' dir='ltr'><strong>auctores.</strong></span> 
     </span>
    </p>
   </div>
   <div class='ocr_carea' id='block_1_29' title="bbox 878 2327 1182 2339">
    <p class='ocr_par' dir='ltr' id='par_1_29' title="bbox 878 2327 1182 2339">
     <span class='ocr_line' id='line_1_30' title="bbox 878 2327 1182 2339; baseline 0.003 -1"><span class='ocrx_word' id='word_1_327' title='bbox 878 2327 1182 2339; x_wconf 41' lang='grc' dir='ltr'><strong><em>ἡ</em></strong></span> 
     </span>
    </p>
   </div>
   <div class='ocr_carea' id='block_1_30' title="bbox 1562 2481 2258 2570">
    <p class='ocr_par' dir='ltr' id='par_1_30' title="bbox 1562 2481 2258 2570">
     <span class='ocr_line' id='line_1_31' title="bbox 1562 2481 2258 2570; baseline -0.006 0"><span class='ocrx_word' id='word_1_328' title='bbox 1562 2481 2258 2570; x_wconf 80' lang='lat' dir='ltr'><strong>PROLOGUS.</strong></span> 
     </span>
    </p>
   </div>
   <div class='ocr_carea' id='block_1_31' title="bbox 272 2653 3606 2735">
    <p class='ocr_par' dir='ltr' id='par_1_31' title="bbox 272 2653 3606 2735">
     <span class='ocr_line' id='line_1_32' title="bbox 272 2653 3606 2735; baseline -0.002 -18"><span class='ocrx_word' id='word_1_329' title='bbox 272 2667 319 2717; x_wconf 83' lang='lat' dir='ltr'><strong>l.</strong></span> <span class='ocrx_word' id='word_1_330' title='bbox 383 2663 665 2719; x_wconf 84' lang='lat' dir='ltr'><strong>Dominiei</strong></span> <span class='ocrx_word' id='word_1_331' title='bbox 731 2664 929 2733; x_wconf 82' lang='lat' dir='ltr'><strong>gregis</strong></span> <span class='ocrx_word' id='word_1_332' title='bbox 982 2664 1341 2735; x_wconf 81' lang='lat' dir='ltr'><strong>pastoribus,</strong></span> <span class='ocrx_word' id='word_1_333' title='bbox 1396 2665 1847 2733; x_wconf 81' lang='lat' dir='ltr'><strong>rectoribusque</strong></span> <span class='ocrx_word' id='word_1_334' title='bbox 1876 2662 1931 2721; x_wconf 83' lang='lat' dir='ltr'><strong>A</strong></span> <span class='ocrx_word' id='word_1_335' title='bbox 1966 2660 2147 2716; x_wconf 91' lang='lat' dir='ltr'><strong>rimus</strong></span> <span class='ocrx_word' id='word_1_336' title='bbox 2177 2672 2504 2730; x_wconf 88' lang='lat' dir='ltr'><strong>caprarum.</strong></span> <span class='ocrx_word' id='word_1_337' title='bbox 2544 2658 2674 2714; x_wconf 73' lang='lat' dir='ltr'><strong>Haec</strong></span> <span class='ocrx_word' id='word_1_338' title='bbox 2697 2662 2891 2713; x_wconf 90' lang='lat' dir='ltr'><strong>autem</strong></span> <span class='ocrx_word' id='word_1_339' title='bbox 2913 2656 3097 2712; x_wconf 88' lang='lat' dir='ltr'><strong>omnia</strong></span> <span class='ocrx_word' id='word_1_340' title='bbox 3125 2670 3255 2712; x_wconf 91' lang='lat' dir='ltr'><strong>cum</strong></span> <span class='ocrx_word' id='word_1_341' title='bbox 3289 2653 3606 2726; x_wconf 83' lang='lat' dir='ltr'><strong>allegorica</strong></span> 
     </span>
    </p>
   </div>
   <div class='ocr_carea' id='block_1_32' title="bbox 192 2749 1845 2823">
    <p class='ocr_par' dir='ltr' id='par_1_32' title="bbox 192 2749 1845 2823">
     <span class='ocr_line' id='line_1_33' title="bbox 192 2749 1845 2823; baseline -0.001 -18"><span class='ocrx_word' id='word_1_342' title='bbox 192 2749 691 2823; x_wconf 86' lang='lat' dir='ltr'><strong>vigilantissimis,</strong></span> <span class='ocrx_word' id='word_1_343' title='bbox 753 2752 1087 2808; x_wconf 88' lang='lat' dir='ltr'><strong>Everhardo</strong></span> <span class='ocrx_word' id='word_1_344' title='bbox 1138 2753 1214 2821; x_wconf 87' lang='lat' dir='ltr'><strong>(l)</strong></span> <span class='ocrx_word' id='word_1_345' title='bbox 1265 2752 1534 2808; x_wconf 83' lang='lat' dir='ltr'><strong>videlicet</strong></span> <span class='ocrx_word' id='word_1_346' title='bbox 1598 2751 1845 2807; x_wconf 86' lang='lat' dir='ltr'><strong>coenobii</strong></span> 
     </span>
    </p>
   </div>
   <div class='ocr_carea' id='block_1_33' title="bbox 194 2839 1849 2910">
    <p class='ocr_par' dir='ltr' id='par_1_33' title="bbox 194 2839 1849 2910">
     <span class='ocr_line' id='line_1_34' title="bbox 194 2839 1849 2910; baseline -0.001 -14"><span class='ocrx_word' id='word_1_347' title='bbox 194 2839 736 2910; x_wconf 84' lang='lat' dir='ltr'><strong>Brunwillerensis,</strong></span> <span class='ocrx_word' id='word_1_348' title='bbox 789 2847 848 2896; x_wconf 91' lang='lat' dir='ltr'><strong>et</strong></span> <span class='ocrx_word' id='word_1_349' title='bbox 897 2841 1249 2896; x_wconf 85' lang='lat' dir='ltr'><strong>Herimanno</strong></span> <span class='ocrx_word' id='word_1_350' title='bbox 1302 2842 1354 2896; x_wconf 90' lang='lat' dir='ltr'><strong>in</strong></span> <span class='ocrx_word' id='word_1_351' title='bbox 1408 2841 1639 2897; x_wconf 86' lang='lat' dir='ltr'><strong>Colonia</strong></span> <span class='ocrx_word' id='word_1_352' title='bbox 1696 2840 1849 2895; x_wconf 85' lang='lat' dir='ltr'><strong>beati</strong></span> 
     </span>
    </p>
   </div>
   <div class='ocr_carea' id='block_1_34' title="bbox 192 2928 1851 2999">
    <p class='ocr_par' dir='ltr' id='par_1_34' title="bbox 192 2928 1851 2999">
     <span class='ocr_line' id='line_1_35' title="bbox 192 2928 1851 2999; baseline -0.001 -15"><span class='ocrx_word' id='word_1_353' title='bbox 192 2928 591 2999; x_wconf 89' lang='lat' dir='ltr'><strong>Pantaleonis,</strong></span> <span class='ocrx_word' id='word_1_354' title='bbox 637 2928 940 2986; x_wconf 85' lang='lat' dir='ltr'><strong>Conradus</strong></span> <span class='ocrx_word' id='word_1_355' title='bbox 983 2929 1212 2985; x_wconf 82' lang='lat' dir='ltr'><strong>intimus</strong></span> <span class='ocrx_word' id='word_1_356' title='bbox 1256 2929 1506 2985; x_wconf 88' lang='lat' dir='ltr'><strong>omnium</strong></span> <span class='ocrx_word' id='word_1_357' title='bbox 1543 2929 1652 2984; x_wconf 90' lang='lat' dir='ltr'><strong>sub</strong></span> <span class='ocrx_word' id='word_1_358' title='bbox 1686 2943 1851 2998; x_wconf 86' lang='lat' dir='ltr'><strong>regu-</strong></span> 
     </span>
    </p>
   </div>
   <div class='ocr_carea' id='block_1_35' title="bbox 194 3008 1848 3088">
    <p class='ocr_par' dir='ltr' id='par_1_35' title="bbox 194 3008 1848 3088">
     <span class='ocr_line' id='line_1_36' title="bbox 194 3008 1848 3088; baseline 0.001 -18"><span class='ocrx_word' id='word_1_359' title='bbox 194 3015 307 3071; x_wconf 88' lang='lat' dir='ltr'><strong>lari</strong></span> <span class='ocrx_word' id='word_1_360' title='bbox 361 3008 688 3088; x_wconf 74' lang='lat' dir='ltr'><strong>prbposito,</strong></span> <span class='ocrx_word' id='word_1_361' title='bbox 741 3031 1012 3072; x_wconf 87' lang='lat' dir='ltr'><strong>coronam</strong></span> <span class='ocrx_word' id='word_1_362' title='bbox 1066 3017 1444 3086; x_wconf 77' lang='lat' dir='ltr'><strong>vigilantibus</strong></span> <span class='ocrx_word' id='word_1_363' title='bbox 1476 3017 1786 3087; x_wconf 90' lang='lat' dir='ltr'><strong>repositam</strong></span> <span class='ocrx_word' id='word_1_364' title='bbox 1819 3030 1848 3071; x_wconf 88' lang='lat' dir='ltr'><strong>a</strong></span> 
     </span>
    </p>
   </div>
   <div class='ocr_carea' id='block_1_36' title="bbox 191 3103 1850 3173">
    <p class='ocr_par' dir='ltr' id='par_1_36' title="bbox 191 3103 1850 3173">
     <span class='ocr_line' id='line_1_37' title="bbox 191 3103 1850 3173; baseline -0.001 -14"><span class='ocrx_word' id='word_1_365' title='bbox 191 3104 464 3161; x_wconf 87' lang='lat' dir='ltr'><strong>Domino.</strong></span> <span class='ocrx_word' id='word_1_366' title='bbox 500 3104 843 3173; x_wconf 85' lang='lat' dir='ltr'><strong>llortamini,</strong></span> <span class='ocrx_word' id='word_1_367' title='bbox 878 3106 1085 3160; x_wconf 87' lang='lat' dir='ltr'><strong>Patres</strong></span> <span class='ocrx_word' id='word_1_368' title='bbox 1116 3103 1617 3173; x_wconf 78' lang='lat' dir='ltr'><strong>excellentissimi,</strong></span> <span class='ocrx_word' id='word_1_369' title='bbox 1642 3118 1746 3160; x_wconf 90' lang='lat' dir='ltr'><strong>nos</strong></span> <span class='ocrx_word' id='word_1_370' title='bbox 1771 3104 1850 3159; x_wconf 86' lang='lat' dir='ltr'><strong>vi-</strong></span> 
     </span>
    </p>
   </div>
   <div class='ocr_carea' id='block_1_37' title="bbox 195 3192 1845 3264">
    <p class='ocr_par' dir='ltr' id='par_1_37' title="bbox 195 3192 1845 3264">
     <span class='ocr_line' id='line_1_38' title="bbox 195 3192 1845 3264; baseline 0.001 -19"><span class='ocrx_word' id='word_1_371' title='bbox 195 3196 315 3247; x_wconf 87' lang='lat' dir='ltr'><strong>tam</strong></span> <span class='ocrx_word' id='word_1_372' title='bbox 354 3193 508 3249; x_wconf 88' lang='lat' dir='ltr'><strong>beati</strong></span> <span class='ocrx_word' id='word_1_373' title='bbox 544 3192 895 3264; x_wconf 86' lang='lat' dir='ltr'><strong>Wolphelmi</strong></span> <span class='ocrx_word' id='word_1_374' title='bbox 936 3193 1167 3248; x_wconf 89' lang='lat' dir='ltr'><strong>abbatis</strong></span> <span class='ocrx_word' id='word_1_375' title='bbox 1202 3193 1439 3264; x_wconf 81' lang='lat' dir='ltr'><strong>scriptis</strong></span> <span class='ocrx_word' id='word_1_376' title='bbox 1479 3193 1845 3263; x_wconf 88' lang='lat' dir='ltr'><strong>depromere,</strong></span> 
     </span>
    </p>
   </div>
   <div class='ocr_carea' id='block_1_38' title="bbox 194 3280 1846 3351">
    <p class='ocr_par' dir='ltr' id='par_1_38' title="bbox 194 3280 1846 3351">
     <span class='ocr_line' id='line_1_39' title="bbox 194 3280 1846 3351; baseline -0.002 -14"><span class='ocrx_word' id='word_1_377' title='bbox 194 3280 525 3337; x_wconf 86' lang='lat' dir='ltr'><strong>secundum</strong></span> <span class='ocrx_word' id='word_1_378' title='bbox 555 3296 583 3336; x_wconf 92' lang='lat' dir='ltr'><strong>a</strong></span> <span class='ocrx_word' id='word_1_379' title='bbox 616 3282 732 3336; x_wconf 88' lang='lat' dir='ltr'><strong>Deo</strong></span> <span class='ocrx_word' id='word_1_380' title='bbox 760 3281 931 3336; x_wconf 89' lang='lat' dir='ltr'><strong>vobis</strong></span> <span class='ocrx_word' id='word_1_381' title='bbox 964 3280 1233 3336; x_wconf 87' lang='lat' dir='ltr'><strong>collatam</strong></span> <span class='ocrx_word' id='word_1_382' title='bbox 1269 3280 1699 3351; x_wconf 75' lang='lat' dir='ltr'><strong>prescientiam,</strong></span> <span class='ocrx_word' id='word_1_383' title='bbox 1735 3295 1846 3335; x_wconf 92' lang='lat' dir='ltr'><strong>non</strong></span> 
     </span>
    </p>
   </div>
   <div class='ocr_carea' id='block_1_39' title="bbox 195 3367 1848 3439">
    <p class='ocr_par' dir='ltr' id='par_1_39' title="bbox 195 3367 1848 3439">
     <span class='ocr_line' id='line_1_40' title="bbox 195 3367 1848 3439; baseline 0 -14"><span class='ocrx_word' id='word_1_384' title='bbox 195 3368 487 3425; x_wconf 86' lang='lat' dir='ltr'><strong>modicam</strong></span> <span class='ocrx_word' id='word_1_385' title='bbox 535 3369 666 3424; x_wconf 88' lang='lat' dir='ltr'><strong>hinc</strong></span> <span class='ocrx_word' id='word_1_386' title='bbox 709 3367 980 3425; x_wconf 81' lang='lat' dir='ltr'><strong>fidelibus</strong></span> <span class='ocrx_word' id='word_1_387' title='bbox 1022 3368 1396 3439; x_wconf 81' lang='lat' dir='ltr'><strong>providentes</strong></span> <span class='ocrx_word' id='word_1_388' title='bbox 1444 3368 1848 3425; x_wconf 74' lang='lat' dir='ltr'><strong>zediﬁcationis</strong></span> 
     </span>
    </p>
   </div>
   <div class='ocr_carea' id='block_1_40' title="bbox 194 3457 1846 3530">
    <p class='ocr_par' dir='ltr' id='par_1_40' title="bbox 194 3457 1846 3530">
     <span class='ocr_line' id='line_1_41' title="bbox 194 3457 1846 3530; baseline 0.001 -19"><span class='ocrx_word' id='word_1_389' title='bbox 194 3457 471 3526; x_wconf 82' lang='lat' dir='ltr'><strong>gratiam.</strong></span> <span class='ocrx_word' id='word_1_390' title='bbox 511 3457 787 3527; x_wconf 90' lang='lat' dir='ltr'><strong>Satagitis</strong></span> <span class='ocrx_word' id='word_1_391' title='bbox 818 3457 969 3512; x_wconf 90' lang='lat' dir='ltr'><strong>enim</strong></span> <span class='ocrx_word' id='word_1_392' title='bbox 1004 3463 1067 3513; x_wconf 93' lang='lat' dir='ltr'><strong>ut</strong></span> <span class='ocrx_word' id='word_1_393' title='bbox 1100 3458 1380 3513; x_wconf 90' lang='lat' dir='ltr'><strong>virtutum</strong></span> <span class='ocrx_word' id='word_1_394' title='bbox 1415 3457 1538 3526; x_wconf 86' lang='lat' dir='ltr'><strong>ejus</strong></span> <span class='ocrx_word' id='word_1_395' title='bbox 1584 3457 1846 3530; x_wconf 80' lang='lat' dir='ltr'><strong>exempla</strong></span> 
     </span>
    </p>
   </div>
   <div class='ocr_carea' id='block_1_41' title="bbox 193 3545 1847 3615">
    <p class='ocr_par' dir='ltr' id='par_1_41' title="bbox 193 3545 1847 3615">
     <span class='ocr_line' id='line_1_42' title="bbox 193 3545 1847 3615; baseline -0.001 -14"><span class='ocrx_word' id='word_1_396' title='bbox 193 3545 271 3603; x_wconf 89' lang='lat' dir='ltr'><strong>ad</strong></span> <span class='ocrx_word' id='word_1_397' title='bbox 294 3546 564 3602; x_wconf 85' lang='lat' dir='ltr'><strong>notitiam</strong></span> <span class='ocrx_word' id='word_1_398' title='bbox 587 3545 901 3615; x_wconf 82' lang='lat' dir='ltr'><strong>legentium</strong></span> <span class='ocrx_word' id='word_1_399' title='bbox 925 3545 1141 3602; x_wconf 90' lang='lat' dir='ltr'><strong>litteris</strong></span> <span class='ocrx_word' id='word_1_400' title='bbox 1157 3546 1427 3615; x_wconf 83' lang='lat' dir='ltr'><strong>deducta,</strong></span> <span class='ocrx_word' id='word_1_401' title='bbox 1452 3546 1597 3603; x_wconf 86' lang='lat' dir='ltr'><strong>bene</strong></span> <span class='ocrx_word' id='word_1_402' title='bbox 1619 3546 1847 3602; x_wconf 79' lang='lat' dir='ltr'><strong>vivendi</strong></span> 
     </span>
    </p>
   </div>
   <div class='ocr_carea' id='block_1_42' title="bbox 195 3633 1849 3707">
    <p class='ocr_par' dir='ltr' id='par_1_42' title="bbox 195 3633 1849 3707">
     <span class='ocr_line' id='line_1_43' title="bbox 195 3633 1849 3707; baseline 0.001 -18"><span class='ocrx_word' id='word_1_403' title='bbox 195 3633 317 3706; x_wconf 89' lang='lat' dir='ltr'><strong>piis</strong></span> <span class='ocrx_word' id='word_1_404' title='bbox 369 3634 666 3691; x_wconf 90' lang='lat' dir='ltr'><strong>mentibus</strong></span> <span class='ocrx_word' id='word_1_405' title='bbox 709 3634 936 3707; x_wconf 90' lang='lat' dir='ltr'><strong>pariant</strong></span> <span class='ocrx_word' id='word_1_406' title='bbox 982 3634 1271 3691; x_wconf 91' lang='lat' dir='ltr'><strong>instituta.</strong></span> <span class='ocrx_word' id='word_1_407' title='bbox 1308 3635 1414 3691; x_wconf 91' lang='lat' dir='ltr'><strong>Sed</strong></span> <span class='ocrx_word' id='word_1_408' title='bbox 1451 3636 1608 3705; x_wconf 90' lang='lat' dir='ltr'><strong>quid,</strong></span> <span class='ocrx_word' id='word_1_409' title='bbox 1645 3636 1849 3691; x_wconf 85' lang='lat' dir='ltr'><strong>Patres</strong></span> 
     </span>
    </p>
   </div>
   <div class='ocr_carea' id='block_1_43' title="bbox 197 3721 1848 3795">
    <p class='ocr_par' dir='ltr' id='par_1_43' title="bbox 197 3721 1848 3795">
     <span class='ocr_line' id='line_1_44' title="bbox 197 3721 1848 3795; baseline 0.001 -17"><span class='ocrx_word' id='word_1_410' title='bbox 197 3721 611 3792; x_wconf 87' lang='lat' dir='ltr'><strong>illustrissimi,</strong></span> <span class='ocrx_word' id='word_1_411' title='bbox 648 3722 704 3779; x_wconf 91' lang='lat' dir='ltr'><strong>id</strong></span> <span class='ocrx_word' id='word_1_412' title='bbox 739 3723 957 3795; x_wconf 88' lang='lat' dir='ltr'><strong>placuit</strong></span> <span class='ocrx_word' id='word_1_413' title='bbox 996 3723 1297 3794; x_wconf 70' lang='lat' dir='ltr'><strong>injung=re</strong></span> <span class='ocrx_word' id='word_1_414' title='bbox 1332 3724 1522 3793; x_wconf 91' lang='lat' dir='ltr'><strong>nobis,</strong></span> <span class='ocrx_word' id='word_1_415' title='bbox 1565 3724 1697 3779; x_wconf 88' lang='lat' dir='ltr'><strong>dum</strong></span> <span class='ocrx_word' id='word_1_416' title='bbox 1743 3737 1848 3779; x_wconf 90' lang='lat' dir='ltr'><strong>nec</strong></span> 
     </span>
    </p>
   </div>
   <div class='ocr_carea' id='block_1_44' title="bbox 194 3811 1849 3883">
    <p class='ocr_par' dir='ltr' id='par_1_44' title="bbox 194 3811 1849 3883">
     <span class='ocr_line' id='line_1_45' title="bbox 194 3811 1849 3883; baseline -0.001 -15"><span class='ocrx_word' id='word_1_417' title='bbox 194 3811 453 3868; x_wconf 85' lang='lat' dir='ltr'><strong>scientia</strong></span> <span class='ocrx_word' id='word_1_418' title='bbox 493 3812 773 3883; x_wconf 89' lang='lat' dir='ltr'><strong>suppetit,</strong></span> <span class='ocrx_word' id='word_1_419' title='bbox 819 3826 924 3868; x_wconf 91' lang='lat' dir='ltr'><strong>nec</strong></span> <span class='ocrx_word' id='word_1_420' title='bbox 964 3811 1226 3870; x_wconf 84' lang='lat' dir='ltr'><strong>facundia</strong></span> <span class='ocrx_word' id='word_1_421' title='bbox 1262 3812 1548 3869; x_wconf 90' lang='lat' dir='ltr'><strong>sermonis</strong></span> <span class='ocrx_word' id='word_1_422' title='bbox 1579 3811 1849 3883; x_wconf 90' lang='lat' dir='ltr'><strong>suppedi-</strong></span> 
     </span>
    </p>
   </div>
   <div class='ocr_carea' id='block_1_45' title="bbox 196 3900 1844 3969">
    <p class='ocr_par' dir='ltr' id='par_1_45' title="bbox 196 3900 1844 3969">
     <span class='ocr_line' id='line_1_46' title="bbox 196 3900 1844 3969; baseline 0.001 -15"><span class='ocrx_word' id='word_1_423' title='bbox 196 3900 325 3955; x_wconf 85' lang='lat' dir='ltr'><strong>tat?</strong></span> <span class='ocrx_word' id='word_1_424' title='bbox 356 3900 542 3955; x_wconf 89' lang='lat' dir='ltr'><strong>Porro</strong></span> <span class='ocrx_word' id='word_1_425' title='bbox 575 3900 630 3955; x_wconf 92' lang='lat' dir='ltr'><strong>in</strong></span> <span class='ocrx_word' id='word_1_426' title='bbox 658 3900 917 3969; x_wconf 88' lang='lat' dir='ltr'><strong>jubendo</strong></span> <span class='ocrx_word' id='word_1_427' title='bbox 958 3906 1150 3957; x_wconf 88' lang='lat' dir='ltr'><strong>vestra</strong></span> <span class='ocrx_word' id='word_1_428' title='bbox 1185 3905 1342 3955; x_wconf 87' lang='lat' dir='ltr'><strong>tanta</strong></span> <span class='ocrx_word' id='word_1_429' title='bbox 1376 3904 1465 3956; x_wconf 87' lang='lat' dir='ltr'><strong>est</strong></span> <span class='ocrx_word' id='word_1_430' title='bbox 1499 3900 1844 3969; x_wconf 88' lang='lat' dir='ltr'><strong>auctoritas,</strong></span> 
     </span>
    </p>
   </div>
   <div class='ocr_carea' id='block_1_46' title="bbox 1964 2743 3610 2815">
    <p class='ocr_par' dir='ltr' id='par_1_46' title="bbox 1964 2743 3610 2815">
     <span class='ocr_line' id='line_1_47' title="bbox 1964 2743 3610 2815; baseline -0.001 -12"><span class='ocrx_word' id='word_1_431' title='bbox 1964 2750 2099 2815; x_wconf 89' lang='lat' dir='ltr'><strong>sint,</strong></span> <span class='ocrx_word' id='word_1_432' title='bbox 2139 2752 2199 2802; x_wconf 90' lang='lat' dir='ltr'><strong>ut</strong></span> <span class='ocrx_word' id='word_1_433' title='bbox 2230 2746 2501 2802; x_wconf 87' lang='lat' dir='ltr'><strong>catholici</strong></span> <span class='ocrx_word' id='word_1_434' title='bbox 2547 2745 2820 2801; x_wconf 89' lang='lat' dir='ltr'><strong>doctores</strong></span> <span class='ocrx_word' id='word_1_435' title='bbox 2850 2744 3111 2815; x_wconf 91' lang='lat' dir='ltr'><strong>tradunt,</strong></span> <span class='ocrx_word' id='word_1_436' title='bbox 3144 2744 3199 2800; x_wconf 90' lang='lat' dir='ltr'><strong>in</strong></span> <span class='ocrx_word' id='word_1_437' title='bbox 3233 2743 3484 2802; x_wconf 89' lang='lat' dir='ltr'><strong>diversis</strong></span> <span class='ocrx_word' id='word_1_438' title='bbox 3510 2746 3610 2802; x_wconf 92' lang='lat' dir='ltr'><strong>do-</strong></span> 
     </span>
    </p>
   </div>
   <div class='ocr_carea' id='block_1_47' title="bbox 1963 2828 3637 2906">
    <p class='ocr_par' dir='ltr' id='par_1_47' title="bbox 1963 2828 3637 2906">
     <span class='ocr_line' id='line_1_48' title="bbox 1963 2828 3637 2906; baseline 0 -16"><span class='ocrx_word' id='word_1_439' title='bbox 1963 2836 2144 2892; x_wconf 89' lang='lat' dir='ltr'><strong>nariis</strong></span> <span class='ocrx_word' id='word_1_440' title='bbox 2174 2835 2493 2904; x_wconf 77' lang='lat' dir='ltr'><strong>gratiarum</strong></span> <span class='ocrx_word' id='word_1_441' title='bbox 2526 2847 2741 2902; x_wconf 82' lang='lat' dir='ltr'><strong>genera</strong></span> <span class='ocrx_word' id='word_1_442' title='bbox 2774 2832 3227 2903; x_wconf 89' lang='lat' dir='ltr'><strong>distinguentes,</strong></span> <span class='ocrx_word' id='word_1_443' title='bbox 3260 2833 3315 2889; x_wconf 92' lang='lat' dir='ltr'><strong>in</strong></span> <span class='ocrx_word' id='word_1_444' title='bbox 3351 2833 3485 2906; x_wconf 90' lang='lat' dir='ltr'><strong>pilis</strong></span> <span class='ocrx_word' id='word_1_445' title='bbox 3517 2828 3637 2890; x_wconf 79' lang='lat' dir='ltr'><strong>ca-&#39;</strong></span> 
     </span>
    </p>
   </div>
   <div class='ocr_carea' id='block_1_48' title="bbox 1963 2921 3611 2995">
    <p class='ocr_par' dir='ltr' id='par_1_48' title="bbox 1963 2921 3611 2995">
     <span class='ocr_line' id='line_1_49' title="bbox 1963 2921 3611 2995; baseline -0.002 -15"><span class='ocrx_word' id='word_1_446' title='bbox 1963 2940 2220 2995; x_wconf 88' lang='lat' dir='ltr'><strong>prarum,</strong></span> <span class='ocrx_word' id='word_1_447' title='bbox 2270 2923 2613 2993; x_wconf 86' lang='lat' dir='ltr'><strong>quibusdam</strong></span> <span class='ocrx_word' id='word_1_448' title='bbox 2665 2921 2811 2977; x_wconf 88' lang='lat' dir='ltr'><strong>locis</strong></span> <span class='ocrx_word' id='word_1_449' title='bbox 2860 2921 3035 2977; x_wconf 88' lang='lat' dir='ltr'><strong>verba</strong></span> <span class='ocrx_word' id='word_1_450' title='bbox 3084 2921 3326 2993; x_wconf 84' lang='lat' dir='ltr'><strong>exprimi</strong></span> <span class='ocrx_word' id='word_1_451' title='bbox 3376 2921 3611 2978; x_wconf 89' lang='lat' dir='ltr'><strong>voluere</strong></span> 
     </span>
    </p>
   </div>
   <div class='ocr_carea' id='block_1_49' title="bbox 1963 3009 3605 3081">
    <p class='ocr_par' dir='ltr' id='par_1_49' title="bbox 1963 3009 3605 3081">
     <span class='ocr_line' id='line_1_50' title="bbox 1963 3009 3605 3081; baseline -0.001 -15"><span class='ocrx_word' id='word_1_452' title='bbox 1963 3012 2380 3068; x_wconf 87' lang='lat' dir='ltr'><strong>laudationum.</strong></span> <span class='ocrx_word' id='word_1_453' title='bbox 2430 3010 2608 3077; x_wconf 90' lang='lat' dir='ltr'><strong>Unde,</strong></span> <span class='ocrx_word' id='word_1_454' title='bbox 2646 3009 2916 3079; x_wconf 89' lang='lat' dir='ltr'><strong>quoniam</strong></span> <span class='ocrx_word' id='word_1_455' title='bbox 2949 3023 3050 3080; x_wconf 90' lang='lat' dir='ltr'><strong>per</strong></span> <span class='ocrx_word' id='word_1_456' title='bbox 3082 3009 3340 3067; x_wconf 56' lang='lat' dir='ltr'><strong>scientia</strong></span> <span class='ocrx_word' id='word_1_457' title='bbox 3373 3010 3605 3081; x_wconf 90' lang='lat' dir='ltr'><strong>donum,</strong></span> 
     </span>
    </p>
   </div>
   <div class='ocr_carea' id='block_1_50' title="bbox 1964 3097 3611 3169">
    <p class='ocr_par' dir='ltr' id='par_1_50' title="bbox 1964 3097 3611 3169">
     <span class='ocr_line' id='line_1_51' title="bbox 1964 3097 3611 3169; baseline -0.002 -13"><span class='ocrx_word' id='word_1_458' title='bbox 1964 3102 2054 3156; x_wconf 86' lang='lat' dir='ltr'><strong>vel</strong></span> <span class='ocrx_word' id='word_1_459' title='bbox 2087 3100 2436 3156; x_wconf 82' lang='lat' dir='ltr'><strong>afﬂuentiam</strong></span> <span class='ocrx_word' id='word_1_460' title='bbox 2474 3099 2835 3168; x_wconf 85' lang='lat' dir='ltr'><strong>meritorum,</strong></span> <span class='ocrx_word' id='word_1_461' title='bbox 2875 3098 3290 3169; x_wconf 81' lang='lat' dir='ltr'><strong>perfectionem</strong></span> <span class='ocrx_word' id='word_1_462' title='bbox 3334 3097 3490 3155; x_wconf 87' lang='lat' dir='ltr'><strong>illam</strong></span> <span class='ocrx_word' id='word_1_463' title='bbox 3523 3104 3611 3154; x_wconf 89' lang='lat' dir='ltr'><strong>at-</strong></span> 
     </span>
    </p>
   </div>
   <div class='ocr_carea' id='block_1_51' title="bbox 1963 3185 3607 3259">
    <p class='ocr_par' dir='ltr' id='par_1_51' title="bbox 1963 3185 3607 3259">
     <span class='ocr_line' id='line_1_52' title="bbox 1963 3185 3607 3259; baseline -0.001 -16"><span class='ocrx_word' id='word_1_464' title='bbox 1963 3189 2186 3259; x_wconf 86' lang='lat' dir='ltr'><strong>tingere</strong></span> <span class='ocrx_word' id='word_1_465' title='bbox 2230 3187 2537 3257; x_wconf 89' lang='lat' dir='ltr'><strong>nequimus</strong></span> <span class='ocrx_word' id='word_1_466' title='bbox 2569 3201 2711 3241; x_wconf 88' lang='lat' dir='ltr'><strong>auro</strong></span> <span class='ocrx_word' id='word_1_467' title='bbox 2743 3185 3048 3256; x_wconf 84' lang='lat' dir='ltr'><strong>figuratam</strong></span> <span class='ocrx_word' id='word_1_468' title='bbox 3081 3190 3136 3242; x_wconf 92' lang='lat' dir='ltr'><strong>et</strong></span> <span class='ocrx_word' id='word_1_469' title='bbox 3171 3192 3436 3256; x_wconf 88' lang='lat' dir='ltr'><strong>argento,</strong></span> <span class='ocrx_word' id='word_1_470' title='bbox 3471 3200 3607 3257; x_wconf 92' lang='lat' dir='ltr'><strong>pur-</strong></span> 
     </span>
    </p>
   </div>
   <div class='ocr_carea' id='block_1_52' title="bbox 1961 3273 3609 3349">
    <p class='ocr_par' dir='ltr' id='par_1_52' title="bbox 1961 3273 3609 3349">
     <span class='ocr_line' id='line_1_53' title="bbox 1961 3273 3609 3349; baseline -0.001 -16"><span class='ocrx_word' id='word_1_471' title='bbox 1961 3293 2125 3349; x_wconf 88' lang='lat' dir='ltr'><strong>pura,</strong></span> <span class='ocrx_word' id='word_1_472' title='bbox 2153 3274 2241 3332; x_wconf 85' lang='lat' dir='ltr'><strong>vel</strong></span> <span class='ocrx_word' id='word_1_473' title='bbox 2266 3290 2444 3331; x_wconf 87' lang='lat' dir='ltr'><strong>cocco</strong></span> <span class='ocrx_word' id='word_1_474' title='bbox 2470 3274 2559 3330; x_wconf 85' lang='lat' dir='ltr'><strong>bis</strong></span> <span class='ocrx_word' id='word_1_475' title='bbox 2585 3274 2788 3344; x_wconf 90' lang='lat' dir='ltr'><strong>tincto,</strong></span> <span class='ocrx_word' id='word_1_476' title='bbox 2815 3273 3163 3344; x_wconf 69' lang='lat' dir='ltr'><strong>cmterisque</strong></span> <span class='ocrx_word' id='word_1_477' title='bbox 3189 3273 3447 3330; x_wconf 88' lang='lat' dir='ltr'><strong>donariis</strong></span> <span class='ocrx_word' id='word_1_478' title='bbox 3474 3294 3485 3328; x_wconf 92' lang='lat'><strong>:</strong></span> <span class='ocrx_word' id='word_1_479' title='bbox 3511 3290 3609 3331; x_wconf 87' lang='lat' dir='ltr'><strong>cu-</strong></span> 
     </span>
    </p>
   </div>
   <div class='ocr_carea' id='block_1_53' title="bbox 1962 3362 3611 3435">
    <p class='ocr_par' dir='ltr' id='par_1_53' title="bbox 1962 3362 3611 3435">
     <span class='ocr_line' id='line_1_54' title="bbox 1962 3362 3611 3435; baseline -0.001 -16"><span class='ocrx_word' id='word_1_480' title='bbox 1962 3366 2151 3435; x_wconf 89' lang='lat' dir='ltr'><strong>pimus</strong></span> <span class='ocrx_word' id='word_1_481' title='bbox 2185 3363 2390 3419; x_wconf 83' lang='lat' dir='ltr'><strong>saltem</strong></span> <span class='ocrx_word' id='word_1_482' title='bbox 2422 3362 2574 3434; x_wconf 89' lang='lat' dir='ltr'><strong>pilos</strong></span> <span class='ocrx_word' id='word_1_483' title='bbox 2598 3362 2807 3418; x_wconf 84' lang='lat' dir='ltr'><strong>oﬂ‘erre</strong></span> <span class='ocrx_word' id='word_1_484' title='bbox 2842 3375 3170 3433; x_wconf 89' lang='lat' dir='ltr'><strong>caprarum,</strong></span> <span class='ocrx_word' id='word_1_485' title='bbox 3207 3362 3362 3432; x_wconf 88' lang='lat' dir='ltr'><strong>quod</strong></span> <span class='ocrx_word' id='word_1_486' title='bbox 3384 3367 3494 3432; x_wconf 90' lang='lat' dir='ltr'><strong>est,</strong></span> <span class='ocrx_word' id='word_1_487' title='bbox 3528 3363 3611 3419; x_wconf 90' lang='lat' dir='ltr'><strong>vi-</strong></span> 
     </span>
    </p>
   </div>
   <div class='ocr_carea' id='block_1_54' title="bbox 1962 3449 3607 3521">
    <p class='ocr_par' dir='ltr' id='par_1_54' title="bbox 1962 3449 3607 3521">
     <span class='ocr_line' id='line_1_55' title="bbox 1962 3449 3607 3521; baseline 0 -13"><span class='ocrx_word' id='word_1_488' title='bbox 1962 3452 2116 3510; x_wconf 90' lang='lat' dir='ltr'><strong>tulos</strong></span> <span class='ocrx_word' id='word_1_489' title='bbox 2140 3452 2423 3509; x_wconf 90' lang='lat' dir='ltr'><strong>labiorum</strong></span> <span class='ocrx_word' id='word_1_490' title='bbox 2450 3454 2808 3515; x_wconf 89' lang='lat' dir='ltr'><strong>nostrorum;</strong></span> <span class='ocrx_word' id='word_1_491' title='bbox 2837 3452 3124 3521; x_wconf 87' lang='lat' dir='ltr'><strong>quatenus</strong></span> <span class='ocrx_word' id='word_1_492' title='bbox 3144 3450 3196 3504; x_wconf 89' lang='lat' dir='ltr'><strong>in</strong></span> <span class='ocrx_word' id='word_1_493' title='bbox 3223 3449 3607 3508; x_wconf 86' lang='lat' dir='ltr'><strong>tabernaculo</strong></span> 
     </span>
    </p>
   </div>
   <div class='ocr_carea' id='block_1_55' title="bbox 1961 3537 3608 3610">
    <p class='ocr_par' dir='ltr' id='par_1_55' title="bbox 1961 3537 3608 3610">
     <span class='ocr_line' id='line_1_56' title="bbox 1961 3537 3608 3610; baseline -0.001 -13"><span class='ocrx_word' id='word_1_494' title='bbox 1961 3540 2181 3597; x_wconf 89' lang='lat' dir='ltr'><strong>Domini</strong></span> <span class='ocrx_word' id='word_1_495' title='bbox 2216 3546 2510 3610; x_wconf 90' lang='lat' dir='ltr'><strong>utcunque</strong></span> <span class='ocrx_word' id='word_1_496' title='bbox 2554 3554 2657 3595; x_wconf 86' lang='lat' dir='ltr'><strong>nos</strong></span> <span class='ocrx_word' id='word_1_497' title='bbox 2697 3539 2993 3608; x_wconf 89' lang='lat' dir='ltr'><strong>contingat</strong></span> <span class='ocrx_word' id='word_1_498' title='bbox 3027 3537 3202 3595; x_wconf 90' lang='lat' dir='ltr'><strong>utiles</strong></span> <span class='ocrx_word' id='word_1_499' title='bbox 3236 3538 3504 3608; x_wconf 88' lang='lat' dir='ltr'><strong>inveniri,</strong></span> <span class='ocrx_word' id='word_1_500' title='bbox 3537 3554 3608 3596; x_wconf 88' lang='lat' dir='ltr'><strong>ne</strong></span> 
     </span>
    </p>
   </div>
   <div class='ocr_carea' id='block_1_56' title="bbox 1961 3626 3609 3699">
    <p class='ocr_par' dir='ltr' id='par_1_56' title="bbox 1961 3626 3609 3699">
     <span class='ocr_line' id='line_1_57' title="bbox 1961 3626 3609 3699; baseline 0.002 -18"><span class='ocrx_word' id='word_1_501' title='bbox 1961 3628 2126 3683; x_wconf 90' lang='lat' dir='ltr'><strong>vacui</strong></span> <span class='ocrx_word' id='word_1_502' title='bbox 2151 3642 2391 3698; x_wconf 90' lang='lat' dir='ltr'><strong>prorsus</strong></span> <span class='ocrx_word' id='word_1_503' title='bbox 2408 3636 2790 3699; x_wconf 84' lang='lat' dir='ltr'><strong>appareamus</strong></span> <span class='ocrx_word' id='word_1_504' title='bbox 2810 3626 2864 3682; x_wconf 90' lang='lat' dir='ltr'><strong>in</strong></span> <span class='ocrx_word' id='word_1_505' title='bbox 2885 3629 3202 3697; x_wconf 88' lang='lat' dir='ltr'><strong>conspectu</strong></span> <span class='ocrx_word' id='word_1_506' title='bbox 3224 3626 3469 3682; x_wconf 90' lang='lat' dir='ltr'><strong>Domini.</strong></span> <span class='ocrx_word' id='word_1_507' title='bbox 3497 3627 3609 3683; x_wconf 89' lang='lat' dir='ltr'><strong>Ita-</strong></span> 
     </span>
    </p>
   </div>
   <div class='ocr_carea' id='block_1_57' title="bbox 1961 3713 3605 3787">
    <p class='ocr_par' dir='ltr' id='par_1_57' title="bbox 1961 3713 3605 3787">
     <span class='ocr_line' id='line_1_58' title="bbox 1961 3713 3605 3787; baseline 0 -17"><span class='ocrx_word' id='word_1_508' title='bbox 1961 3730 2072 3785; x_wconf 89' lang='lat' dir='ltr'><strong>que</strong></span> <span class='ocrx_word' id='word_1_509' title='bbox 2095 3717 2351 3772; x_wconf 89' lang='lat' dir='ltr'><strong>virorum</strong></span> <span class='ocrx_word' id='word_1_510' title='bbox 2377 3714 2688 3771; x_wconf 89' lang='lat' dir='ltr'><strong>illustrium</strong></span> <span class='ocrx_word' id='word_1_511' title='bbox 2713 3713 2944 3770; x_wconf 90' lang='lat' dir='ltr'><strong>actibus</strong></span> <span class='ocrx_word' id='word_1_512' title='bbox 2968 3713 3060 3770; x_wconf 89' lang='lat' dir='ltr'><strong>vel</strong></span> <span class='ocrx_word' id='word_1_513' title='bbox 3081 3714 3397 3787; x_wconf 89' lang='lat' dir='ltr'><strong>triumphis</strong></span> <span class='ocrx_word' id='word_1_514' title='bbox 3426 3714 3605 3772; x_wconf 89' lang='lat' dir='ltr'><strong>tradi-</strong></span> 
     </span>
    </p>
   </div>
   <div class='ocr_carea' id='block_1_58' title="bbox 1966 3802 3605 3872">
    <p class='ocr_par' dir='ltr' id='par_1_58' title="bbox 1966 3802 3605 3872">
     <span class='ocr_line' id='line_1_59' title="bbox 1966 3802 3605 3872; baseline 0 -14"><span class='ocrx_word' id='word_1_515' title='bbox 1966 3803 2039 3859; x_wconf 89' lang='lat' dir='ltr'><strong>tis</strong></span> <span class='ocrx_word' id='word_1_516' title='bbox 2072 3803 2400 3859; x_wconf 89' lang='lat' dir='ltr'><strong>litterarum</strong></span> <span class='ocrx_word' id='word_1_517' title='bbox 2441 3802 2833 3872; x_wconf 73' lang='lat' dir='ltr'><strong>monimentis,</strong></span> <span class='ocrx_word' id='word_1_518' title='bbox 2878 3802 3098 3872; x_wconf 80' lang='lat' dir='ltr'><strong>triplex</strong></span> <span class='ocrx_word' id='word_1_519' title='bbox 3130 3802 3319 3859; x_wconf 85' lang='lat' dir='ltr'><strong>inesse</strong></span> <span class='ocrx_word' id='word_1_520' title='bbox 3352 3817 3605 3860; x_wconf 89' lang='lat' dir='ltr'><strong>commo-</strong></span> 
     </span>
    </p>
   </div>
   <div class='ocr_carea' id='block_1_59' title="bbox 1963 3888 3604 3963">
    <p class='ocr_par' dir='ltr' id='par_1_59' title="bbox 1963 3888 3604 3963">
     <span class='ocr_line' id='line_1_60' title="bbox 1963 3888 3604 3963; baseline 0 -16"><span class='ocrx_word' id='word_1_521' title='bbox 1963 3892 2096 3947; x_wconf 89' lang='lat' dir='ltr'><strong>dum</strong></span> <span class='ocrx_word' id='word_1_522' title='bbox 2147 3892 2439 3963; x_wconf 90' lang='lat' dir='ltr'><strong>reperitur</strong></span> <span class='ocrx_word' id='word_1_523' title='bbox 2488 3890 2782 3960; x_wconf 86' lang='lat' dir='ltr'><strong>utilitatis,</strong></span> <span class='ocrx_word' id='word_1_524' title='bbox 2837 3888 2971 3946; x_wconf 91' lang='lat' dir='ltr'><strong>dum</strong></span> <span class='ocrx_word' id='word_1_525' title='bbox 3019 3889 3216 3946; x_wconf 91' lang='lat' dir='ltr'><strong>studio</strong></span> <span class='ocrx_word' id='word_1_526' title='bbox 3264 3890 3604 3948; x_wconf 70' lang='lat' dir='ltr'><strong>temulanda:</strong></span> 
     </span>
    </p>
   </div>
   <div class='ocr_carea' id='block_1_60' title="bbox 197 3976 3637 4060">
    <p class='ocr_par' dir='ltr' id='par_1_60' title="bbox 197 3976 3637 4060">
     <span class='ocr_line' id='line_1_61' title="bbox 197 3976 3637 4060; baseline -0.001 -15"><span class='ocrx_word' id='word_1_527' title='bbox 197 3992 289 4057; x_wconf 84' lang='lat' dir='ltr'><strong>ut,</strong></span> <span class='ocrx_word' id='word_1_528' title='bbox 322 3987 464 4044; x_wconf 85' lang='lat' dir='ltr'><strong>licet</strong></span> <span class='ocrx_word' id='word_1_529' title='bbox 488 3987 641 4058; x_wconf 90' lang='lat' dir='ltr'><strong>quod</strong></span> <span class='ocrx_word' id='word_1_530' title='bbox 666 3988 903 4058; x_wconf 79' lang='lat' dir='ltr'><strong>exigitis</strong></span> <span class='ocrx_word' id='word_1_531' title='bbox 928 4003 1257 4060; x_wconf 89' lang='lat' dir='ltr'><strong>paveamus,</strong></span> <span class='ocrx_word' id='word_1_532' title='bbox 1284 3989 1515 4044; x_wconf 82' lang='lat' dir='ltr'><strong>omnino</strong></span> <span class='ocrx_word' id='word_1_533' title='bbox 1538 3993 1731 4045; x_wconf 90' lang='lat' dir='ltr'><strong>tamen</strong></span> <span class='ocrx_word' id='word_1_534' title='bbox 1756 4003 1849 4043; x_wconf 90' lang='lat' dir='ltr'><strong>ne-</strong></span> <span class='ocrx_word' id='word_1_535' title='bbox 1878 3985 1931 4045; x_wconf 89' lang='grc' dir='ltr'>Β</span> <span class='ocrx_word' id='word_1_536' title='bbox 1965 3980 2223 4051; x_wconf 78' lang='lat' dir='ltr'><strong>pictatis,</strong></span> <span class='ocrx_word' id='word_1_537' title='bbox 2259 3984 2347 4035; x_wconf 81' lang='lat' dir='ltr'><strong>tot</strong></span> <span class='ocrx_word' id='word_1_538' title='bbox 2385 3978 2650 4049; x_wconf 77' lang='lat' dir='ltr'><strong>plerique</strong></span> <span class='ocrx_word' id='word_1_539' title='bbox 2698 3976 2885 4033; x_wconf 83' lang='lat' dir='ltr'><strong>modis</strong></span> <span class='ocrx_word' id='word_1_540' title='bbox 2936 3977 3167 4034; x_wconf 78' lang='lat' dir='ltr'><strong>illorum</strong></span> <span class='ocrx_word' id='word_1_541' title='bbox 3218 3980 3637 4051; x_wconf 64' lang='lat' dir='ltr'><strong>informantur,</strong></span> 
     </span>
    </p>
   </div>
   <div class='ocr_carea' id='block_1_61' title="bbox 196 4074 1848 4144">
    <p class='ocr_par' dir='ltr' id='par_1_61' title="bbox 196 4074 1848 4144">
     <span class='ocr_line' id='line_1_62' title="bbox 196 4074 1848 4144; baseline 0 -15"><span class='ocrx_word' id='word_1_542' title='bbox 196 4089 343 4144; x_wconf 88' lang='lat' dir='ltr'><strong>gare</strong></span> <span class='ocrx_word' id='word_1_543' title='bbox 378 4074 547 4130; x_wconf 91' lang='lat' dir='ltr'><strong>vobis</strong></span> <span class='ocrx_word' id='word_1_544' title='bbox 579 4076 741 4132; x_wconf 89' lang='lat' dir='ltr'><strong>nefas</strong></span> <span class='ocrx_word' id='word_1_545' title='bbox 782 4089 916 4131; x_wconf 87' lang='lat' dir='ltr'><strong>esse</strong></span> <span class='ocrx_word' id='word_1_546' title='bbox 953 4076 1253 4132; x_wconf 89' lang='lat' dir='ltr'><strong>ducamus.</strong></span> <span class='ocrx_word' id='word_1_547' title='bbox 1292 4075 1482 4132; x_wconf 87' lang='lat' dir='ltr'><strong>Liceat</strong></span> <span class='ocrx_word' id='word_1_548' title='bbox 1518 4080 1709 4131; x_wconf 88' lang='lat' dir='ltr'><strong>autem</strong></span> <span class='ocrx_word' id='word_1_549' title='bbox 1739 4076 1848 4131; x_wconf 92' lang='lat' dir='ltr'><strong>sub</strong></span> 
     </span>
    </p>
   </div>
   <div class='ocr_carea' id='block_1_62' title="bbox 198 4162 1849 4234">
    <p class='ocr_par' dir='ltr' id='par_1_62' title="bbox 198 4162 1849 4234">
     <span class='ocr_line' id='line_1_63' title="bbox 198 4162 1849 4234; baseline 0 -15"><span class='ocrx_word' id='word_1_550' title='bbox 198 4162 474 4234; x_wconf 83' lang='lat' dir='ltr'><strong>exemplo</strong></span> <span class='ocrx_word' id='word_1_551' title='bbox 509 4163 590 4219; x_wconf 88' lang='lat' dir='ltr'><strong>rei</strong></span> <span class='ocrx_word' id='word_1_552' title='bbox 626 4162 897 4233; x_wconf 89' lang='lat' dir='ltr'><strong>visibilis,</strong></span> <span class='ocrx_word' id='word_1_553' title='bbox 930 4162 1157 4234; x_wconf 90' lang='lat' dir='ltr'><strong>plenius</strong></span> <span class='ocrx_word' id='word_1_554' title='bbox 1196 4164 1364 4219; x_wconf 90' lang='lat' dir='ltr'><strong>vobis</strong></span> <span class='ocrx_word' id='word_1_555' title='bbox 1406 4162 1705 4219; x_wconf 87' lang='lat' dir='ltr'><strong>declarare</strong></span> <span class='ocrx_word' id='word_1_556' title='bbox 1739 4178 1849 4233; x_wconf 89' lang='lat' dir='ltr'><strong>qua</strong></span> 
     </span>
    </p>
   </div>
   <div class='ocr_carea' id='block_1_63' title="bbox 204 4250 1850 4322">
    <p class='ocr_par' dir='ltr' id='par_1_63' title="bbox 204 4250 1850 4322">
     <span class='ocr_line' id='line_1_64' title="bbox 204 4250 1850 4322; baseline 0.001 -17"><span class='ocrx_word' id='word_1_557' title='bbox 204 4265 416 4307; x_wconf 89' lang='lat' dir='ltr'><strong>sumus</strong></span> <span class='ocrx_word' id='word_1_558' title='bbox 457 4251 743 4307; x_wconf 87' lang='lat' dir='ltr'><strong>hactenus</strong></span> <span class='ocrx_word' id='word_1_559' title='bbox 785 4251 1052 4322; x_wconf 86' lang='lat' dir='ltr'><strong>suspensi</strong></span> <span class='ocrx_word' id='word_1_560' title='bbox 1105 4250 1400 4308; x_wconf 90' lang='lat' dir='ltr'><strong>dilatione.</strong></span> <span class='ocrx_word' id='word_1_561' title='bbox 1454 4250 1646 4306; x_wconf 75' lang='lat' dir='ltr'><strong>Nostis</strong></span> <span class='ocrx_word' id='word_1_562' title='bbox 1697 4250 1850 4320; x_wconf 91' lang='lat' dir='ltr'><strong>quod</strong></span> 
     </span>
    </p>
   </div>
   <div class='ocr_carea' id='block_1_64' title="bbox 203 4337 1854 4409">
    <p class='ocr_par' dir='ltr' id='par_1_64' title="bbox 203 4337 1854 4409">
     <span class='ocr_line' id='line_1_65' title="bbox 203 4337 1854 4409; baseline -0.001 -16"><span class='ocrx_word' id='word_1_563' title='bbox 203 4338 428 4409; x_wconf 88' lang='lat' dir='ltr'><strong>absque</strong></span> <span class='ocrx_word' id='word_1_564' title='bbox 448 4337 625 4394; x_wconf 91' lang='lat' dir='ltr'><strong>dubio</strong></span> <span class='ocrx_word' id='word_1_565' title='bbox 644 4338 800 4395; x_wconf 90' lang='lat' dir='ltr'><strong>acies</strong></span> <span class='ocrx_word' id='word_1_566' title='bbox 814 4338 1113 4395; x_wconf 90' lang='lat' dir='ltr'><strong>oculorum</strong></span> <span class='ocrx_word' id='word_1_567' title='bbox 1136 4338 1276 4395; x_wconf 86' lang='lat' dir='ltr'><strong>solis</strong></span> <span class='ocrx_word' id='word_1_568' title='bbox 1297 4338 1637 4394; x_wconf 87' lang='lat' dir='ltr'><strong>succumbat</strong></span> <span class='ocrx_word' id='word_1_569' title='bbox 1660 4353 1854 4394; x_wconf 87' lang='lat' dir='ltr'><strong>rever-</strong></span> 
     </span>
    </p>
   </div>
   <div class='ocr_carea' id='block_1_65' title="bbox 201 4425 1852 4498">
    <p class='ocr_par' dir='ltr' id='par_1_65' title="bbox 201 4425 1852 4498">
     <span class='ocr_line' id='line_1_66' title="bbox 201 4425 1852 4498; baseline 0.001 -17"><span class='ocrx_word' id='word_1_570' title='bbox 201 4427 410 4481; x_wconf 83' lang='lat' dir='ltr'><strong>berata</strong></span> <span class='ocrx_word' id='word_1_571' title='bbox 452 4425 791 4497; x_wconf 78' lang='lat' dir='ltr'><strong>Splendore;</strong></span> <span class='ocrx_word' id='word_1_572' title='bbox 843 4432 1059 4498; x_wconf 85' lang='lat' dir='ltr'><strong>quanto</strong></span> <span class='ocrx_word' id='word_1_573' title='bbox 1108 4427 1285 4497; x_wconf 85' lang='lat' dir='ltr'><strong>magis</strong></span> <span class='ocrx_word' id='word_1_574' title='bbox 1336 4426 1589 4482; x_wconf 74' lang='lat' dir='ltr'><strong>scintilla</strong></span> <span class='ocrx_word' id='word_1_575' title='bbox 1636 4432 1852 4483; x_wconf 71' lang='lat' dir='ltr'><strong>nostrze</strong></span> 
     </span>
    </p>
   </div>
   <div class='ocr_carea' id='block_1_66' title="bbox 201 4513 1854 4587">
    <p class='ocr_par' dir='ltr' id='par_1_66' title="bbox 201 4513 1854 4587">
     <span class='ocr_line' id='line_1_67' title="bbox 201 4513 1854 4587; baseline 0.002 -19"><span class='ocrx_word' id='word_1_576' title='bbox 201 4513 492 4582; x_wconf 74' lang='lat' dir='ltr'><strong>scientiae,</strong></span> <span class='ocrx_word' id='word_1_577' title='bbox 519 4514 567 4570; x_wconf 93' lang='lat' dir='ltr'><strong>si</strong></span> <span class='ocrx_word' id='word_1_578' title='bbox 594 4513 799 4570; x_wconf 89' lang='lat' dir='ltr'><strong>altiora</strong></span> <span class='ocrx_word' id='word_1_579' title='bbox 834 4530 896 4571; x_wconf 90' lang='lat' dir='ltr'><strong>se</strong></span> <span class='ocrx_word' id='word_1_580' title='bbox 928 4516 1371 4587; x_wconf 67' lang='lat' dir='ltr'><strong>praesumpserit</strong></span> <span class='ocrx_word' id='word_1_581' title='bbox 1395 4517 1720 4571; x_wconf 48' lang='lat' dir='ltr'><strong>attentare?</strong></span> <span class='ocrx_word' id='word_1_582' title='bbox 1752 4516 1854 4572; x_wconf 88' lang='lat' dir='ltr'><strong>Vc-</strong></span> 
     </span>
    </p>
   </div>
   <div class='ocr_carea' id='block_1_67' title="bbox 202 4592 1855 4673">
    <p class='ocr_par' dir='ltr' id='par_1_67' title="bbox 202 4592 1855 4673">
     <span class='ocr_line' id='line_1_68' title="bbox 202 4592 1855 4673; baseline 0 -16"><span class='ocrx_word' id='word_1_583' title='bbox 202 4592 358 4673; x_wconf 69' lang='lat' dir='ltr'><strong>rum,</strong></span> <span class='ocrx_word' id='word_1_584' title='bbox 386 4616 456 4657; x_wconf 90' lang='lat' dir='ltr'><strong>ne</strong></span> <span class='ocrx_word' id='word_1_585' title='bbox 481 4602 812 4660; x_wconf 90' lang='lat' dir='ltr'><strong>sanctitatis</strong></span> <span class='ocrx_word' id='word_1_586' title='bbox 837 4602 997 4659; x_wconf 91' lang='lat' dir='ltr'><strong>illius</strong></span> <span class='ocrx_word' id='word_1_587' title='bbox 1021 4603 1419 4659; x_wconf 90' lang='lat' dir='ltr'><strong>testimonium</strong></span> <span class='ocrx_word' id='word_1_588' title='bbox 1444 4603 1664 4659; x_wconf 90' lang='lat' dir='ltr'><strong>diutius</strong></span> <span class='ocrx_word' id='word_1_589' title='bbox 1697 4603 1855 4658; x_wconf 79' lang='lat' dir='ltr'><strong>diffe-</strong></span> 
     </span>
    </p>
   </div>
   <div class='ocr_carea' id='block_1_68' title="bbox 204 4689 1857 4762">
    <p class='ocr_par' dir='ltr' id='par_1_68' title="bbox 204 4689 1857 4762">
     <span class='ocr_line' id='line_1_69' title="bbox 204 4689 1857 4762; baseline 0 -16"><span class='ocrx_word' id='word_1_590' title='bbox 204 4690 391 4747; x_wconf 88' lang='lat' dir='ltr'><strong>rendo</strong></span> <span class='ocrx_word' id='word_1_591' title='bbox 408 4689 708 4749; x_wconf 89' lang='lat' dir='ltr'><strong>videamur</strong></span> <span class='ocrx_word' id='word_1_592' title='bbox 722 4692 1092 4761; x_wconf 87' lang='lat' dir='ltr'><strong>subtrahere,</strong></span> <span class='ocrx_word' id='word_1_593' title='bbox 1113 4692 1377 4762; x_wconf 87' lang='lat' dir='ltr'><strong>quamvis</strong></span> <span class='ocrx_word' id='word_1_594' title='bbox 1394 4692 1541 4747; x_wconf 89' lang='lat' dir='ltr'><strong>mole</strong></span> <span class='ocrx_word' id='word_1_595' title='bbox 1555 4692 1857 4747; x_wconf 88' lang='lat' dir='ltr'><strong>videamur</strong></span> 
     </span>
    </p>
   </div>
   <div class='ocr_carea' id='block_1_69' title="bbox 199 4778 1853 4852">
    <p class='ocr_par' dir='ltr' id='par_1_69' title="bbox 199 4778 1853 4852">
     <span class='ocr_line' id='line_1_70' title="bbox 199 4778 1853 4852; baseline 0.001 -19"><span class='ocrx_word' id='word_1_596' title='bbox 199 4778 349 4835; x_wconf 85' lang='lat' dir='ltr'><strong>victi</strong></span> <span class='ocrx_word' id='word_1_597' title='bbox 390 4780 795 4849; x_wconf 87' lang='lat' dir='ltr'><strong>succumbere,</strong></span> <span class='ocrx_word' id='word_1_598' title='bbox 832 4780 1045 4836; x_wconf 89' lang='lat' dir='ltr'><strong>vestris</strong></span> <span class='ocrx_word' id='word_1_599' title='bbox 1075 4786 1264 4836; x_wconf 90' lang='lat' dir='ltr'><strong>tamen</strong></span> <span class='ocrx_word' id='word_1_600' title='bbox 1300 4780 1473 4849; x_wconf 90' lang='lat' dir='ltr'><strong>votis,</strong></span> <span class='ocrx_word' id='word_1_601' title='bbox 1508 4794 1614 4852; x_wconf 91' lang='lat' dir='ltr'><strong>pro</strong></span> <span class='ocrx_word' id='word_1_602' title='bbox 1647 4780 1853 4836; x_wconf 89' lang='lat' dir='ltr'><strong>virium</strong></span> 
     </span>
    </p>
   </div>
   <div class='ocr_carea' id='block_1_70' title="bbox 203 4868 1854 4938">
    <p class='ocr_par' dir='ltr' id='par_1_70' title="bbox 203 4868 1854 4938">
     <span class='ocr_line' id='line_1_71' title="bbox 203 4868 1854 4938; baseline 0 -16"><span class='ocrx_word' id='word_1_603' title='bbox 203 4872 547 4923; x_wconf 89' lang='lat' dir='ltr'><strong>nostrarum</strong></span> <span class='ocrx_word' id='word_1_604' title='bbox 574 4868 874 4938; x_wconf 84' lang='lat' dir='ltr'><strong>facultate,</strong></span> <span class='ocrx_word' id='word_1_605' title='bbox 903 4868 1219 4925; x_wconf 89' lang='lat' dir='ltr'><strong>statuimus</strong></span> <span class='ocrx_word' id='word_1_606' title='bbox 1237 4868 1492 4924; x_wconf 87' lang='lat' dir='ltr'><strong>obedire.</strong></span> <span class='ocrx_word' id='word_1_607' title='bbox 1522 4869 1626 4924; x_wconf 90' lang='lat' dir='ltr'><strong>Dat</strong></span> <span class='ocrx_word' id='word_1_608' title='bbox 1652 4882 1854 4924; x_wconf 91' lang='lat' dir='ltr'><strong>ausum</strong></span> 
     </span>
    </p>
   </div>
   <div class='ocr_carea' id='block_1_71' title="bbox 201 4954 1854 5027">
    <p class='ocr_par' dir='ltr' id='par_1_71' title="bbox 201 4954 1854 5027">
     <span class='ocr_line' id='line_1_72' title="bbox 201 4954 1854 5027; baseline 0 -16"><span class='ocrx_word' id='word_1_609' title='bbox 201 4955 385 5012; x_wconf 87' lang='lat' dir='ltr'><strong>etiam</strong></span> <span class='ocrx_word' id='word_1_610' title='bbox 409 4954 502 5011; x_wconf 89' lang='lat' dir='ltr'><strong>vel</strong></span> <span class='ocrx_word' id='word_1_611' title='bbox 527 4955 796 5015; x_wconf 82' lang='lat' dir='ltr'><strong>ﬁduciam</strong></span> <span class='ocrx_word' id='word_1_612' title='bbox 820 4955 975 5012; x_wconf 89' lang='lat' dir='ltr'><strong>istud</strong></span> <span class='ocrx_word' id='word_1_613' title='bbox 996 4956 1407 5027; x_wconf 66' lang='lat' dir='ltr'><strong>praesumendi,</strong></span> <span class='ocrx_word' id='word_1_614' title='bbox 1430 4956 1582 5026; x_wconf 89' lang='lat' dir='ltr'><strong>quod</strong></span> <span class='ocrx_word' id='word_1_615' title='bbox 1609 4956 1854 5026; x_wconf 89' lang='lat' dir='ltr'><strong>quisque</strong></span> 
     </span>
    </p>
   </div>
   <div class='ocr_carea' id='block_1_72' title="bbox 202 5041 1856 5115">
    <p class='ocr_par' dir='ltr' id='par_1_72' title="bbox 202 5041 1856 5115">
     <span class='ocr_line' id='line_1_73' title="bbox 202 5041 1856 5115; baseline 0 -16"><span class='ocrx_word' id='word_1_616' title='bbox 202 5057 317 5115; x_wconf 87' lang='lat' dir='ltr'><strong>pro</strong></span> <span class='ocrx_word' id='word_1_617' title='bbox 347 5058 455 5100; x_wconf 90' lang='lat' dir='ltr'><strong>suo</strong></span> <span class='ocrx_word' id='word_1_618' title='bbox 487 5041 741 5114; x_wconf 89' lang='lat' dir='ltr'><strong>modulo,</strong></span> <span class='ocrx_word' id='word_1_619' title='bbox 763 5044 817 5099; x_wconf 92' lang='lat' dir='ltr'><strong>in</strong></span> <span class='ocrx_word' id='word_1_620' title='bbox 842 5043 1061 5100; x_wconf 88' lang='lat' dir='ltr'><strong>Domini</strong></span> <span class='ocrx_word' id='word_1_621' title='bbox 1096 5042 1314 5114; x_wconf 87' lang='lat' dir='ltr'><strong>legitur</strong></span> <span class='ocrx_word' id='word_1_622' title='bbox 1343 5044 1632 5101; x_wconf 88' lang='lat' dir='ltr'><strong>obtulisse</strong></span> <span class='ocrx_word' id='word_1_623' title='bbox 1666 5045 1856 5101; x_wconf 88' lang='lat' dir='ltr'><strong>taber-</strong></span> 
     </span>
    </p>
   </div>
   <div class='ocr_carea' id='block_1_73' title="bbox 202 5130 1851 5204">
    <p class='ocr_par' dir='ltr' id='par_1_73' title="bbox 202 5130 1851 5204">
     <span class='ocr_line' id='line_1_74' title="bbox 202 5130 1851 5204; baseline -0.002 -16"><span class='ocrx_word' id='word_1_624' title='bbox 202 5130 421 5189; x_wconf 86' lang='lat' dir='ltr'><strong>naculo</strong></span> <span class='ocrx_word' id='word_1_625' title='bbox 446 5152 458 5186; x_wconf 88' lang='lat'><strong>:</strong></span> <span class='ocrx_word' id='word_1_626' title='bbox 484 5131 635 5187; x_wconf 90' lang='lat' dir='ltr'><strong>alius</strong></span> <span class='ocrx_word' id='word_1_627' title='bbox 666 5146 868 5188; x_wconf 91' lang='lat' dir='ltr'><strong>aurum</strong></span> <span class='ocrx_word' id='word_1_628' title='bbox 897 5137 954 5187; x_wconf 91' lang='lat' dir='ltr'><strong>et</strong></span> <span class='ocrx_word' id='word_1_629' title='bbox 988 5136 1323 5200; x_wconf 88' lang='lat' dir='ltr'><strong>argentum;</strong></span> <span class='ocrx_word' id='word_1_630' title='bbox 1359 5132 1509 5188; x_wconf 89' lang='lat' dir='ltr'><strong>alius</strong></span> <span class='ocrx_word' id='word_1_631' title='bbox 1538 5146 1851 5204; x_wconf 88' lang='lat' dir='ltr'><strong>purpuram</strong></span> 
     </span>
    </p>
   </div>
   <div class='ocr_carea' id='block_1_74' title="bbox 200 5219 1855 5291">
    <p class='ocr_par' dir='ltr' id='par_1_74' title="bbox 200 5219 1855 5291">
     <span class='ocr_line' id='line_1_75' title="bbox 200 5219 1855 5291; baseline -0.002 -14"><span class='ocrx_word' id='word_1_632' title='bbox 200 5220 299 5277; x_wconf 90' lang='lat' dir='ltr'><strong>vel</strong></span> <span class='ocrx_word' id='word_1_633' title='bbox 331 5234 573 5276; x_wconf 89' lang='lat' dir='ltr'><strong>coccum</strong></span> <span class='ocrx_word' id='word_1_634' title='bbox 606 5220 881 5286; x_wconf 90' lang='lat' dir='ltr'><strong>tinctum;</strong></span> <span class='ocrx_word' id='word_1_635' title='bbox 919 5219 1072 5277; x_wconf 90' lang='lat' dir='ltr'><strong>alius</strong></span> <span class='ocrx_word' id='word_1_636' title='bbox 1116 5219 1298 5291; x_wconf 89' lang='lat' dir='ltr'><strong>pelles</strong></span> <span class='ocrx_word' id='word_1_637' title='bbox 1342 5220 1669 5277; x_wconf 89' lang='lat' dir='ltr'><strong>rubricatas</strong></span> <span class='ocrx_word' id='word_1_638' title='bbox 1711 5220 1855 5275; x_wconf 90' lang='lat' dir='ltr'><strong>arie-</strong></span> 
     </span>
    </p>
   </div>
   <div class='ocr_carea' id='block_1_75' title="bbox 1962 4065 3607 4139">
    <p class='ocr_par' dir='ltr' id='par_1_75' title="bbox 1962 4065 3607 4139">
     <span class='ocr_line' id='line_1_76' title="bbox 1962 4065 3607 4139; baseline 0.001 -16"><span class='ocrx_word' id='word_1_639' title='bbox 1962 4067 2264 4138; x_wconf 78' lang='lat' dir='ltr'><strong>exemplis.</strong></span> <span class='ocrx_word' id='word_1_640' title='bbox 2301 4068 2441 4122; x_wconf 91' lang='lat' dir='ltr'><strong>Sunt</strong></span> <span class='ocrx_word' id='word_1_641' title='bbox 2476 4067 2690 4137; x_wconf 90' lang='lat' dir='ltr'><strong>quippe</strong></span> <span class='ocrx_word' id='word_1_642' title='bbox 2735 4065 3123 4121; x_wconf 86' lang='lat' dir='ltr'><strong>instrumenta</strong></span> <span class='ocrx_word' id='word_1_643' title='bbox 3160 4067 3441 4122; x_wconf 88' lang='lat' dir='ltr'><strong>bonorum</strong></span> <span class='ocrx_word' id='word_1_644' title='bbox 3472 4082 3607 4139; x_wconf 87' lang='lat' dir='ltr'><strong>ope-</strong></span> 
     </span>
    </p>
   </div>
   <div class='ocr_carea' id='block_1_76' title="bbox 1965 4152 3605 4223">
    <p class='ocr_par' dir='ltr' id='par_1_76' title="bbox 1965 4152 3605 4223">
     <span class='ocr_line' id='line_1_77' title="bbox 1965 4152 3605 4223; baseline -0.001 -13"><span class='ocrx_word' id='word_1_645' title='bbox 1965 4172 2087 4212; x_wconf 91' lang='lat' dir='ltr'><strong>rum</strong></span> <span class='ocrx_word' id='word_1_646' title='bbox 2112 4154 2430 4210; x_wconf 86' lang='lat' dir='ltr'><strong>errantium</strong></span> <span class='ocrx_word' id='word_1_647' title='bbox 2454 4154 2563 4221; x_wconf 90' lang='lat' dir='ltr'><strong>via,</strong></span> <span class='ocrx_word' id='word_1_648' title='bbox 2586 4152 2992 4223; x_wconf 66' lang='lat' dir='ltr'><strong>paenitentium</strong></span> <span class='ocrx_word' id='word_1_649' title='bbox 3015 4152 3199 4221; x_wconf 89' lang='lat' dir='ltr'><strong>venia,</strong></span> <span class='ocrx_word' id='word_1_650' title='bbox 3229 4167 3605 4223; x_wconf 90' lang='lat' dir='ltr'><strong>perseveran-</strong></span> 
     </span>
    </p>
   </div>
   <div class='ocr_carea' id='block_1_77' title="bbox 1962 4239 3607 4313">
    <p class='ocr_par' dir='ltr' id='par_1_77' title="bbox 1962 4239 3607 4313">
     <span class='ocr_line' id='line_1_78' title="bbox 1962 4239 3607 4313; baseline 0.001 -16"><span class='ocrx_word' id='word_1_651' title='bbox 1962 4243 2104 4299; x_wconf 89' lang='lat' dir='ltr'><strong>tium</strong></span> <span class='ocrx_word' id='word_1_652' title='bbox 2128 4257 2262 4313; x_wconf 85' lang='lat' dir='ltr'><strong>spes</strong></span> <span class='ocrx_word' id='word_1_653' title='bbox 2275 4248 2578 4296; x_wconf 89' lang='lat' dir='ltr'><strong>etcoroua.</strong></span> <span class='ocrx_word' id='word_1_654' title='bbox 2598 4241 2695 4294; x_wconf 86' lang='lat' dir='ltr'><strong>llis</strong></span> <span class='ocrx_word' id='word_1_655' title='bbox 2716 4239 2907 4295; x_wconf 88' lang='lat' dir='ltr'><strong>tribus</strong></span> <span class='ocrx_word' id='word_1_656' title='bbox 2922 4240 3235 4308; x_wconf 81' lang='lat' dir='ltr'><strong>generibus</strong></span> <span class='ocrx_word' id='word_1_657' title='bbox 3254 4240 3607 4298; x_wconf 82' lang='lat' dir='ltr'><strong>differentia-</strong></span> 
     </span>
    </p>
   </div>
   <div class='ocr_carea' id='block_1_78' title="bbox 1965 4327 3602 4401">
    <p class='ocr_par' dir='ltr' id='par_1_78' title="bbox 1965 4327 3602 4401">
     <span class='ocr_line' id='line_1_79' title="bbox 1965 4327 3602 4401; baseline 0.001 -16"><span class='ocrx_word' id='word_1_658' title='bbox 1965 4347 2089 4386; x_wconf 90' lang='lat' dir='ltr'><strong>rum</strong></span> <span class='ocrx_word' id='word_1_659' title='bbox 2111 4332 2223 4387; x_wconf 89' lang='lat' dir='ltr'><strong>vim</strong></span> <span class='ocrx_word' id='word_1_660' title='bbox 2250 4330 2512 4401; x_wconf 89' lang='lat' dir='ltr'><strong>profeeto</strong></span> <span class='ocrx_word' id='word_1_661' title='bbox 2547 4328 2767 4399; x_wconf 87' lang='lat' dir='ltr'><strong>patitur</strong></span> <span class='ocrx_word' id='word_1_662' title='bbox 2792 4342 3030 4398; x_wconf 91' lang='lat' dir='ltr'><strong>regnum</strong></span> <span class='ocrx_word' id='word_1_663' title='bbox 3052 4327 3332 4384; x_wconf 77' lang='lat' dir='ltr'><strong>ccelorum</strong></span> <span class='ocrx_word' id='word_1_664' title='bbox 3359 4327 3602 4400; x_wconf 67' lang='lat' dir='ltr'><strong>(Matth.</strong></span> 
     </span>
    </p>
   </div>
   <div class='ocr_carea' id='block_1_79' title="bbox 1965 4415 3605 4489">
    <p class='ocr_par' dir='ltr' id='par_1_79' title="bbox 1965 4415 3605 4489">
     <span class='ocr_line' id='line_1_80' title="bbox 1965 4415 3605 4489; baseline 0 -15"><span class='ocrx_word' id='word_1_665' title='bbox 1965 4422 2168 4489; x_wconf 72' lang='lat' dir='ltr'><strong>x1,12),</strong></span> <span class='ocrx_word' id='word_1_666' title='bbox 2188 4418 2320 4474; x_wconf 91' lang='lat' dir='ltr'><strong>dum</strong></span> <span class='ocrx_word' id='word_1_667' title='bbox 2341 4431 2545 4473; x_wconf 86' lang='lat' dir='ltr'><strong>errans</strong></span> <span class='ocrx_word' id='word_1_668' title='bbox 2566 4415 2803 4486; x_wconf 87' lang='lat' dir='ltr'><strong>corrigi,</strong></span> <span class='ocrx_word' id='word_1_669' title='bbox 2823 4415 3110 4487; x_wconf 68' lang='lat' dir='ltr'><strong>paenitens</strong></span> <span class='ocrx_word' id='word_1_670' title='bbox 3126 4416 3459 4487; x_wconf 81' lang='lat' dir='ltr'><strong>justiﬁcari,</strong></span> <span class='ocrx_word' id='word_1_671' title='bbox 3478 4432 3605 4487; x_wconf 89' lang='lat' dir='ltr'><strong>per-</strong></span> 
     </span>
    </p>
   </div>
   <div class='ocr_carea' id='block_1_80' title="bbox 1966 4503 3607 4564">
    <p class='ocr_par' dir='ltr' id='par_1_80' title="bbox 1966 4503 3607 4564">
     <span class='ocr_line' id='line_1_81' title="bbox 1966 4503 3607 4564; baseline 0 0"><span class='ocrx_word' id='word_1_672' title='bbox 1966 4522 2243 4564; x_wconf 87' lang='lat' dir='ltr'><strong>severans</strong></span> <span class='ocrx_word' id='word_1_673' title='bbox 2292 4505 2591 4561; x_wconf 86' lang='lat' dir='ltr'><strong>contendit</strong></span> <span class='ocrx_word' id='word_1_674' title='bbox 2647 4503 2876 4560; x_wconf 89' lang='lat' dir='ltr'><strong>salvari.</strong></span> <span class='ocrx_word' id='word_1_675' title='bbox 2942 4503 3162 4561; x_wconf 83' lang='lat' dir='ltr'><strong>Laudes</strong></span> <span class='ocrx_word' id='word_1_676' title='bbox 3188 4504 3363 4561; x_wconf 88' lang='lat' dir='ltr'><strong>etiam</strong></span> <span class='ocrx_word' id='word_1_677' title='bbox 3397 4505 3607 4564; x_wconf 69' lang='lat' dir='ltr'><strong>divina)</strong></span> 
     </span>
    </p>
   </div>
   <div class='ocr_carea' id='block_1_81' title="bbox 1967 4592 3606 4664">
    <p class='ocr_par' dir='ltr' id='par_1_81' title="bbox 1967 4592 3606 4664">
     <span class='ocr_line' id='line_1_82' title="bbox 1967 4592 3606 4664; baseline 0 -13"><span class='ocrx_word' id='word_1_678' title='bbox 1967 4595 2336 4662; x_wconf 89' lang='lat' dir='ltr'><strong>attolluntur,</strong></span> <span class='ocrx_word' id='word_1_679' title='bbox 2359 4594 2492 4650; x_wconf 91' lang='lat' dir='ltr'><strong>dum</strong></span> <span class='ocrx_word' id='word_1_680' title='bbox 2519 4593 2587 4649; x_wconf 84' lang='lat' dir='ltr'><strong>ad</strong></span> <span class='ocrx_word' id='word_1_681' title='bbox 2614 4592 2940 4664; x_wconf 78' lang='lat' dir='ltr'><strong>exemplum</strong></span> <span class='ocrx_word' id='word_1_682' title='bbox 2967 4592 3244 4664; x_wconf 84' lang='lat' dir='ltr'><strong>fidelium,</strong></span> <span class='ocrx_word' id='word_1_683' title='bbox 3269 4599 3606 4651; x_wconf 89' lang='lat' dir='ltr'><strong>sanctorum</strong></span> 
     </span>
    </p>
   </div>
   <div class='ocr_carea' id='block_1_82' title="bbox 1967 4682 3611 4754">
    <p class='ocr_par' dir='ltr' id='par_1_82' title="bbox 1967 4682 3611 4754">
     <span class='ocr_line' id='line_1_83' title="bbox 1967 4682 3611 4754; baseline 0 -14"><span class='ocrx_word' id='word_1_684' title='bbox 1967 4684 2171 4740; x_wconf 90' lang='lat' dir='ltr'><strong>merita</strong></span> <span class='ocrx_word' id='word_1_685' title='bbox 2196 4684 2267 4739; x_wconf 88' lang='lat' dir='ltr'><strong>ad</strong></span> <span class='ocrx_word' id='word_1_686' title='bbox 2293 4683 2621 4739; x_wconf 89' lang='lat' dir='ltr'><strong>memoriam</strong></span> <span class='ocrx_word' id='word_1_687' title='bbox 2657 4686 3026 4738; x_wconf 88' lang='lat' dir='ltr'><strong>revocantur.</strong></span> <span class='ocrx_word' id='word_1_688' title='bbox 3051 4684 3130 4737; x_wconf 85' lang='lat' dir='ltr'><strong>Ne</strong></span> <span class='ocrx_word' id='word_1_689' title='bbox 3154 4697 3293 4739; x_wconf 89' lang='lat' dir='ltr'><strong>vero</strong></span> <span class='ocrx_word' id='word_1_690' title='bbox 3326 4682 3492 4754; x_wconf 90' lang='lat' dir='ltr'><strong>plura</strong></span> <span class='ocrx_word' id='word_1_691' title='bbox 3525 4700 3611 4740; x_wconf 90' lang='lat' dir='ltr'><strong>re-</strong></span> 
     </span>
    </p>
   </div>
   <div class='ocr_carea' id='block_1_83' title="bbox 1970 4769 3606 4846">
    <p class='ocr_par' dir='ltr' id='par_1_83' title="bbox 1970 4769 3606 4846">
     <span class='ocr_line' id='line_1_84' title="bbox 1970 4769 3606 4846; baseline 0.001 -20"><span class='ocrx_word' id='word_1_692' title='bbox 1970 4770 2237 4846; x_wconf 87' lang='lat' dir='ltr'><strong>plicando</strong></span> <span class='ocrx_word' id='word_1_693' title='bbox 2263 4770 2553 4841; x_wconf 86' lang='lat' dir='ltr'><strong>fastidium</strong></span> <span class='ocrx_word' id='word_1_694' title='bbox 2574 4769 2788 4839; x_wconf 81' lang='lat' dir='ltr'><strong>legenti</strong></span> <span class='ocrx_word' id='word_1_695' title='bbox 2815 4770 3039 4841; x_wconf 89' lang='lat' dir='ltr'><strong>faciam,</strong></span> <span class='ocrx_word' id='word_1_696' title='bbox 3064 4785 3166 4841; x_wconf 91' lang='lat' dir='ltr'><strong>per</strong></span> <span class='ocrx_word' id='word_1_697' title='bbox 3185 4770 3307 4826; x_wconf 86' lang='lat' dir='ltr'><strong>haec</strong></span> <span class='ocrx_word' id='word_1_698' title='bbox 3326 4772 3515 4827; x_wconf 90' lang='lat' dir='ltr'><strong>omnia</strong></span> <span class='ocrx_word' id='word_1_699' title='bbox 3537 4773 3606 4828; x_wconf 88' lang='lat' dir='ltr'><strong>ad</strong></span> 
     </span>
    </p>
   </div>
   <div class='ocr_carea' id='block_1_84' title="bbox 1969 4859 3608 4929">
    <p class='ocr_par' dir='ltr' id='par_1_84' title="bbox 1969 4859 3608 4929">
     <span class='ocr_line' id='line_1_85' title="bbox 1969 4859 3608 4929; baseline 0 -13"><span class='ocrx_word' id='word_1_700' title='bbox 1969 4861 2111 4917; x_wconf 89' lang='lat' dir='ltr'><strong>illud</strong></span> <span class='ocrx_word' id='word_1_701' title='bbox 2135 4860 2323 4917; x_wconf 87' lang='lat' dir='ltr'><strong>tendit</strong></span> <span class='ocrx_word' id='word_1_702' title='bbox 2341 4860 2550 4925; x_wconf 87' lang='lat' dir='ltr'><strong>oratio,</strong></span> <span class='ocrx_word' id='word_1_703' title='bbox 2575 4864 2635 4914; x_wconf 89' lang='lat' dir='ltr'><strong>ut</strong></span> <span class='ocrx_word' id='word_1_704' title='bbox 2658 4859 2896 4915; x_wconf 88' lang='lat' dir='ltr'><strong>doceam</strong></span> <span class='ocrx_word' id='word_1_705' title='bbox 2918 4863 3249 4915; x_wconf 88' lang='lat' dir='ltr'><strong>sanctorum</strong></span> <span class='ocrx_word' id='word_1_706' title='bbox 3273 4859 3498 4929; x_wconf 88' lang='lat' dir='ltr'><strong>merita,</strong></span> <span class='ocrx_word' id='word_1_707' title='bbox 3522 4875 3608 4916; x_wconf 87' lang='lat' dir='ltr'><strong>re-</strong></span> 
     </span>
    </p>
   </div>
   <div class='ocr_carea' id='block_1_85' title="bbox 1968 4946 3606 5019">
    <p class='ocr_par' dir='ltr' id='par_1_85' title="bbox 1968 4946 3606 5019">
     <span class='ocr_line' id='line_1_86' title="bbox 1968 4946 3606 5019; baseline -0.001 -13"><span class='ocrx_word' id='word_1_708' title='bbox 1968 4951 2157 5006; x_wconf 90' lang='lat' dir='ltr'><strong>diviva</strong></span> <span class='ocrx_word' id='word_1_709' title='bbox 2183 4949 2437 5005; x_wconf 87' lang='lat' dir='ltr'><strong>fidelium</strong></span> <span class='ocrx_word' id='word_1_710' title='bbox 2471 4948 2625 5003; x_wconf 92' lang='lat' dir='ltr'><strong>votis</strong></span> <span class='ocrx_word' id='word_1_711' title='bbox 2657 4962 2886 5019; x_wconf 82' lang='lat' dir='ltr'><strong>semper</strong></span> <span class='ocrx_word' id='word_1_712' title='bbox 2917 4946 3181 5018; x_wconf 88' lang='lat' dir='ltr'><strong>accipere</strong></span> <span class='ocrx_word' id='word_1_713' title='bbox 3218 4947 3606 5017; x_wconf 86' lang='lat' dir='ltr'><strong>incrementa;</strong></span> 
     </span>
    </p>
   </div>
   <div class='ocr_carea' id='block_1_86' title="bbox 1969 5034 3608 5109">
    <p class='ocr_par' dir='ltr' id='par_1_86' title="bbox 1969 5034 3608 5109">
     <span class='ocr_line' id='line_1_87' title="bbox 1969 5034 3608 5109; baseline 0 -16"><span class='ocrx_word' id='word_1_714' title='bbox 1969 5040 2101 5094; x_wconf 91' lang='lat' dir='ltr'><strong>dum</strong></span> <span class='ocrx_word' id='word_1_715' title='bbox 2133 5051 2382 5109; x_wconf 89' lang='lat' dir='ltr'><strong>superna</strong></span> <span class='ocrx_word' id='word_1_716' title='bbox 2406 5035 2593 5105; x_wconf 83' lang='lat' dir='ltr'><strong>gratia</strong></span> <span class='ocrx_word' id='word_1_717' title='bbox 2619 5034 2848 5092; x_wconf 84' lang='lat' dir='ltr'><strong>illorum</strong></span> <span class='ocrx_word' id='word_1_718' title='bbox 2871 5034 3286 5091; x_wconf 87' lang='lat' dir='ltr'><strong>fecunditatem</strong></span> <span class='ocrx_word' id='word_1_719' title='bbox 3312 5037 3608 5093; x_wconf 90' lang='lat' dir='ltr'><strong>mentibus</strong></span> 
     </span>
    </p>
   </div>
   <div class='ocr_carea' id='block_1_87' title="bbox 1970 5122 3609 5199">
    <p class='ocr_par' dir='ltr' id='par_1_87' title="bbox 1970 5122 3609 5199">
     <span class='ocr_line' id='line_1_88' title="bbox 1970 5122 3609 5199; baseline -0.001 -16"><span class='ocrx_word' id='word_1_720' title='bbox 1970 5130 2232 5199; x_wconf 79' lang='lat' dir='ltr'><strong>praestat,</strong></span> <span class='ocrx_word' id='word_1_721' title='bbox 2255 5131 2314 5181; x_wconf 89' lang='lat' dir='ltr'><strong>et</strong></span> <span class='ocrx_word' id='word_1_722' title='bbox 2340 5122 2728 5180; x_wconf 80' lang='lat' dir='ltr'><strong>fructificandi</strong></span> <span class='ocrx_word' id='word_1_723' title='bbox 2759 5122 3005 5193; x_wconf 86' lang='lat' dir='ltr'><strong>gratiam</strong></span> <span class='ocrx_word' id='word_1_724' title='bbox 3038 5123 3465 5180; x_wconf 91' lang='lat' dir='ltr'><strong>subministrat.</strong></span> <span class='ocrx_word' id='word_1_725' title='bbox 3501 5127 3609 5196; x_wconf 88' lang='lat' dir='ltr'><strong>Igi-</strong></span> 
     </span>
    </p>
   </div>
   <div class='ocr_carea' id='block_1_88' title="bbox 1971 5209 3610 5281">
    <p class='ocr_par' dir='ltr' id='par_1_88' title="bbox 1971 5209 3610 5281">
     <span class='ocr_line' id='line_1_89' title="bbox 1971 5209 3610 5281; baseline 0 -11"><span class='ocrx_word' id='word_1_726' title='bbox 1971 5223 2064 5272; x_wconf 91' lang='lat' dir='ltr'><strong>tur</strong></span> <span class='ocrx_word' id='word_1_727' title='bbox 2086 5214 2271 5271; x_wconf 87' lang='lat' dir='ltr'><strong>sancti</strong></span> <span class='ocrx_word' id='word_1_728' title='bbox 2298 5228 2362 5267; x_wconf 87' lang='lat' dir='ltr'><strong>ac</strong></span> <span class='ocrx_word' id='word_1_729' title='bbox 2388 5210 2712 5267; x_wconf 89' lang='lat' dir='ltr'><strong>beatissimi</strong></span> <span class='ocrx_word' id='word_1_730' title='bbox 2741 5209 3086 5281; x_wconf 89' lang='lat' dir='ltr'><strong>Wolphelmi</strong></span> <span class='ocrx_word' id='word_1_731' title='bbox 3110 5210 3342 5268; x_wconf 89' lang='lat' dir='ltr'><strong>abbatis</strong></span> <span class='ocrx_word' id='word_1_732' title='bbox 3364 5212 3499 5271; x_wconf 72' lang='lat' dir='ltr'><strong>vitae</strong></span> <span class='ocrx_word' id='word_1_733' title='bbox 3522 5229 3610 5270; x_wconf 89' lang='lat' dir='ltr'><strong>se-</strong></span> 
     </span>
    </p>
   </div>
   <div class='ocr_carea' id='block_1_89' title="bbox 200 5282 3609 5378">
    <p class='ocr_par' dir='ltr' id='par_1_89' title="bbox 200 5282 3609 5378">
     <span class='ocr_line' id='line_1_90' title="bbox 200 5282 3609 5378; baseline -0.001 -15"><span class='ocrx_word' id='word_1_734' title='bbox 200 5315 349 5365; x_wconf 89' lang='lat' dir='ltr'><strong>tum.</strong></span> <span class='ocrx_word' id='word_1_735' title='bbox 390 5307 543 5363; x_wconf 89' lang='lat' dir='ltr'><strong>Bene</strong></span> <span class='ocrx_word' id='word_1_736' title='bbox 573 5311 765 5364; x_wconf 89' lang='lat' dir='ltr'><strong>autem</strong></span> <span class='ocrx_word' id='word_1_737' title='bbox 798 5282 993 5377; x_wconf 85' lang='lat' dir='ltr'><strong>agitur</strong></span> <span class='ocrx_word' id='word_1_738' title='bbox 1025 5282 1345 5377; x_wconf 79' lang='lat' dir='ltr'><strong>nobiscum,</strong></span> <span class='ocrx_word' id='word_1_739' title='bbox 1380 5306 1425 5364; x_wconf 90' lang='lat' dir='ltr'><strong>si</strong></span> <span class='ocrx_word' id='word_1_740' title='bbox 1459 5306 1610 5378; x_wconf 89' lang='lat' dir='ltr'><strong>pilos</strong></span> <span class='ocrx_word' id='word_1_741' title='bbox 1633 5305 1856 5363; x_wconf 78' lang='lat' dir='ltr'><strong>obtule-</strong></span> <span class='ocrx_word' id='word_1_742' title='bbox 1889 5282 1935 5343; x_wconf 61' lang='grc' dir='ltr'><strong>(ἶ</strong></span> <span class='ocrx_word' id='word_1_743' title='bbox 1970 5305 2109 5359; x_wconf 89' lang='lat' dir='ltr'><strong>riem</strong></span> <span class='ocrx_word' id='word_1_744' title='bbox 2142 5299 2517 5374; x_wconf 83' lang='lat' dir='ltr'><strong>explicaturi,</strong></span> <span class='ocrx_word' id='word_1_745' title='bbox 2542 5298 2616 5353; x_wconf 90' lang='lat' dir='ltr'><strong>nil</strong></span> <span class='ocrx_word' id='word_1_746' title='bbox 2644 5297 2799 5354; x_wconf 90' lang='lat' dir='ltr'><strong>aliud</strong></span> <span class='ocrx_word' id='word_1_747' title='bbox 2823 5313 3068 5369; x_wconf 87' lang='lat' dir='ltr'><strong>prorsus</strong></span> <span class='ocrx_word' id='word_1_748' title='bbox 3093 5299 3451 5358; x_wconf 87' lang='lat' dir='ltr'><strong>intendimus</strong></span> <span class='ocrx_word' id='word_1_749' title='bbox 3481 5318 3609 5374; x_wconf 82' lang='lat' dir='ltr'><strong>pro-</strong></span> 
     </span>
    </p>
   </div>
   <div class='ocr_carea' id='block_1_90' title="bbox 2474 5429 2503 5443">
    <p class='ocr_par' dir='ltr' id='par_1_90' title="bbox 2474 5429 2503 5443">
     <span class='ocr_line' id='line_1_91' title="bbox 2474 5429 2503 5443; baseline 0 0"><span class='ocrx_word' id='word_1_750' title='bbox 2474 5429 2503 5443; x_wconf 54' lang='grc' dir='ltr'><strong>κ</strong></span> 
     </span>
    </p>
   </div>
   <div class='ocr_carea' id='block_1_91' title="bbox 275 5473 3603 5553">
    <p class='ocr_par' dir='ltr' id='par_1_91' title="bbox 275 5473 3603 5553">
     <span class='ocr_line' id='line_1_92' title="bbox 275 5473 3603 5553; baseline -0.002 -14"><span class='ocrx_word' id='word_1_751' title='bbox 275 5484 355 5553; x_wconf 83' lang='grc'><strong>(1)</strong></span> <span class='ocrx_word' id='word_1_752' title='bbox 403 5483 773 5539; x_wconf 84' lang='lat' dir='ltr'><strong>Everhardus</strong></span> <span class='ocrx_word' id='word_1_753' title='bbox 822 5484 880 5539; x_wconf 85' lang='grc' dir='ltr'><strong>Β.</strong></span> <span class='ocrx_word' id='word_1_754' title='bbox 932 5482 1295 5553; x_wconf 87' lang='lat' dir='ltr'><strong>Wolphelmo</strong></span> <span class='ocrx_word' id='word_1_755' title='bbox 1344 5480 1643 5537; x_wconf 78' lang='lat' dir='ltr'><strong>successit.</strong></span> <span class='ocrx_word' id='word_1_756' title='bbox 1699 5482 2055 5535; x_wconf 85' lang='lat' dir='ltr'><strong>Hermannus</strong></span> <span class='ocrx_word' id='word_1_757' title='bbox 2105 5482 2297 5533; x_wconf 88' lang='lat' dir='ltr'><strong>autem</strong></span> <span class='ocrx_word' id='word_1_758' title='bbox 2351 5473 2703 5530; x_wconf 89' lang='lat' dir='ltr'><strong>monasterio</strong></span> <span class='ocrx_word' id='word_1_759' title='bbox 2764 5474 2817 5528; x_wconf 94' lang='lat' dir='ltr'><strong>S.</strong></span> <span class='ocrx_word' id='word_1_760' title='bbox 2870 5473 3243 5529; x_wconf 88' lang='lat' dir='ltr'><strong>Pantaleonis</strong></span> <span class='ocrx_word' id='word_1_761' title='bbox 3298 5487 3483 5545; x_wconf 87' lang='lat' dir='ltr'><strong>usque</strong></span> <span class='ocrx_word' id='word_1_762' title='bbox 3532 5476 3603 5531; x_wconf 91' lang='lat' dir='ltr'><strong>ad</strong></span> 
     </span>
    </p>
   </div>
   <div class='ocr_carea' id='block_1_92' title="bbox 202 5553 1111 5626">
    <p class='ocr_par' dir='ltr' id='par_1_92' title="bbox 202 5553 1111 5626">
     <span class='ocr_line' id='line_1_93' title="bbox 202 5553 1111 5626; baseline -0.003 -15"><span class='ocrx_word' id='word_1_763' title='bbox 202 5569 340 5611; x_wconf 87' lang='lat' dir='ltr'><strong>ann.</strong></span> <span class='ocrx_word' id='word_1_764' title='bbox 378 5555 508 5611; x_wconf 69' lang='lat'><strong>1021</strong></span> <span class='ocrx_word' id='word_1_765' title='bbox 551 5553 844 5626; x_wconf 70' lang='lat' dir='ltr'><strong>przefuisse</strong></span> <span class='ocrx_word' id='word_1_766' title='bbox 877 5554 1111 5610; x_wconf 90' lang='lat' dir='ltr'><strong>dicitur.</strong></span> 
     </span>
    </p>
   </div>
  </div>
