3982 6056
297 179 411 244 40⁵7

1061 184 1136 250 Β.
1184 187 1694 256 WOLPHELMI
1736 192 2089 261 ABBATIS
2131 194 2948 265 BRUNWILLERENSIS

3584 199 3707 267 408

286 316 486 407 'sequi,
521 331 691 391 quam
722 320 875 393 quod
898 322 970 380 ab
992 321 1492 387 idoneistestibus
1509 329 1754 401 contigit
1778 330 1939 388 audi-
1966 330 2021 392 A
2052 332 2347 406 quibus,si
2381 333 2559 393 ullius
2589 334 2949 392 haesitaverit
2977 332 3144 407 fides,
3172 339 3259 393 tot
3282 334 3584 395 nobiscum
3606 350 3706 395 ex-

300 406 371 477 ri,
398 422 500 465 seu
526 408 679 480 quod
702 409 923 482 aliquot
949 415 1114 470 annis
1143 417 1613 476 ministrantibus
1634 420 1726 475 vel
1750 423 1938 476 astan-

299 494 460 553 tibus
491 496 621 568 sibi,
667 498 859 557 divina
889 503 1058 559 nobis
1087 505 1274 574 gratia
1306 506 1557 563 contulit
1588 508 1820 565 intueri.
1860 510 1936 565 De

2049 426 2205 479 stant
2235 422 2422 479 idonei
2453 428 2659 494 testes,
2686 428 2829 495 quot
2849 440 2923 480 ex
2946 424 3103 481 illius
3133 425 3413 496 temporis
3440 425 3696 497 collegio

2050 511 2264 568 fratres
2294 526 2443 570 nunc
2478 528 2661 585 usque
2694 519 2925 570 manent
2961 514 3329 586 superstites.

298 654 3700 686 _____________________________

1494 776 2055 920 INCIPIT
2154 813 2534 925 VITA.

372 1012 423 1064 2.
460 1009 645 1079 Igitur
667 1009 956 1082 gloriosus
980 1015 1196 1071 Domini
1222 1018 1523 1075 confessor
1552 1018 1950 1090 Wolphelmus

304 1095 358 1152 in
392 1096 740 1155 Ribuarensi
784 1100 861 1171 (2)
903 1116 1051 1173 pago
1084 1120 1155 1159 ex
1185 1104 1402 1162 illustri
1446 1107 1712 1178 prosapia
1758 1113 1948 1177 ortus,

302 1186 422 1252 Dei,
456 1201 680 1245 omnem
716 1188 937 1258 justum
980 1192 1241 1261 gratuito
1282 1194 1686 1265 illuminantis,
1733 1211 1951 1268 praeve-

305 1274 502 1333 niente
533 1277 745 1348 gratia,
780 1278 988 1335 lineam
1022 1295 1317 1351 generosa)
1353 1285 1690 1355 propaginis
1721 1286 1947 1341 ornavit

307 1362 480 1420 titulo
498 1366 848 1424 sanctitatis.
872 1368 978 1435 Qui
1002 1370 1386 1441 meritojuxta
1407 1374 1836 1443 etymologiam,
1857 1373 1949 1430 vel

308 1450 519 1509 idioma
551 1453 761 1524 linguae
797 1457 1052 1527 regionis
1083 1458 1260 1530 illius,
1285 1460 1608 1533 Wolphelm
1642 1463 1719 1535 (3)
1752 1463 1951 1534 digno-

2061 1019 2212 1075 ciata
2237 1018 2426 1087 virili;
2461 1020 2594 1077 hinc
2626 1021 2840 1077 etenim
2872 1022 3068 1093 potius
3101 1020 3290 1078 laudis
3322 1019 3446 1089 ejus
3474 1020 3709 1077 videtur

2063 1108 2371 1179 propagari
2400 1108 2630 1178 titulus,
2677 1108 2830 1179 quod
2865 1114 2981 1164 tam
3016 1109 3161 1165 bene
3193 1107 3513 1166 redolentis
3545 1108 3709 1165 ﬂoris

2063 1197 2315 1254 fructum
2349 1198 2417 1253 ad
2450 1198 2637 1254 totius
2690 1197 2961 1255 Ecclesia;
3012 1197 3193 1253 edidit
3247 1201 3484 1266 statum,
3536 1210 3706 1268 quam

2061 1288 2216 1359 quod
2249 1288 2636 1345 clarissimum
2667 1287 2994 1344 stemmatis
3027 1301 3269 1356 ramum,
3297 1286 3368 1341 ab
3391 1286 3709 1343 anteritate

2062 1377 2431 1448 dignoscitur
2454 1377 2704 1434 traxisse
2726 1376 3001 1448 priorum.
3029 1376 3207 1445 Magis
3231 1375 3481 1445 denique
3514 1374 3707 1431 Omni-

2064 1470 2270 1536 potens
2325 1465 2780 1536 uniuscujusque
2845 1464 3132 1537 approbat
3199 1468 3472 1533 mentem,
3534 1477 3708 1534 quam

310 1541 498 1599 scitur
524 1542 870 1615 appellatus,
906 1547 1174 1617 quoniam
1199 1564 1304 1620 pro
1326 1554 1540 1607 castris
1572 1552 1791 1607 Domini
1817 1568 1950 1609 con-
1978 1545 2034 1609 Β
2064 1555 2481 1624 conditionem,
2503 1554 2638 1610 dum
2664 1553 2811 1609 liber
2829 1568 2895 1610 ac
2916 1566 3140 1623 servus,
3167 1568 3342 1610 unum
3366 1553 3631 1624 profecto
3652 1552 3709 1608 in

309 1636 401 1689 tra
434 1632 909 1693 immanissimum
951 1636 1171 1708 lupum,
1206 1638 1263 1693 id
1295 1643 1385 1696 est
1430 1640 1744 1710 diabolum,
1784 1642 1947 1711 galea

310 1720 520 1778 salutis
544 1723 820 1793 munitus,
844 1728 969 1781 erat
987 1740 1437 1796 congressurus;
1464 1730 1615 1800 quod
1644 1743 1812 1801 quam
1836 1731 1952 1787 effl-

308 1810 549 1881 caciter,
577 1826 744 1883 quam
769 1816 1028 1885 strenue,
1057 1829 1161 1885 pro
1187 1830 1268 1887 re,
1295 1831 1401 1888 pro
1424 1821 1709 1889 tempore,
1736 1819 1949 1875 nomini

308 1899 665 1956 contendens
704 1902 890 1970 gestis
928 1917 1271 1975 congruere,
1316 1904 1609 1962 studuerit
1648 1921 1946 1979 exercere,

308 1985 437 2045 loco
470 2002 577 2044 suo
602 1988 786 2046 lector
812 1989 1039 2061 plenius
1063 1993 1283 2062 poterit
1308 1993 1585 2051 invenire.
1619 1996 1791 2051 Pater
1815 2010 1951 2053 vero

309 2075 511 2148 ipsius,
540 2076 881 2135 Frnmoldus
905 2079 981 2150 (4)
1007 2081 1256 2152 nomine,
1286 2086 1345 2137 ut
1369 2097 1441 2138 ex
1464 2083 1713 2139 nominis
1736 2084 1861 2153 ejus
1889 2084 1954 2141 li-

309 2170 450 2234 quet
472 2166 873 2238 expressione,
896 2169 1116 2239 probus
1138 2170 1325 2226 modis
1349 2172 1618 2227 omnibus
1642 2172 1838 2229 ﬂoruit
1862 2188 1953 2230 ac-

306 2252 485 2309 tione.
533 2254 635 2311 Hic
677 2269 892 2324 genere
934 2257 1305 2329 moribusque
1349 2259 1459 2315 sibi
1502 2265 1948 2333 competentem,

308 2341 550 2398 Evezam
601 2344 851 2415 nomine,
903 2346 1151 2403 sortitur
1202 2362 1441 2403 uxorem
1480 2369 1491 2403 :
1524 2349 1755 2420 quibus,
1786 2351 1952 2420 juxta

310 2431 673 2502 Apostolum,
699 2435 1038 2492 honorabile
1068 2437 1418 2494 connubium
1443 2443 1499 2494 et
1525 2443 1691 2496 torus
1720 2440 1951 2497 exstitit

309 2519 713 2580 immaculatus
736 2523 937 2592 (Hebr.
967 2540 1087 2595 xm,
1114 2529 1197 2597 4);
1226 2529 1494 2597 quoniam
1519 2529 1952 2585 matrimonium

310 2624 422 2666 non
445 2616 791 2669 contraxere
815 2627 985 2670 causa
1011 2614 1310 2685 explendae
1335 2615 1617 2686 libidinis,
1644 2618 1742 2672 sed
1765 2617 1951 2686 gratia

310 2700 689 2770 procreanda}
719 2700 963 2756 sobolis.
997 2702 1105 2768 Qui
1127 2716 1341 2771 genere
1366 2703 1529 2773 clari,
1555 2708 1610 2760 ct
1638 2704 1789 2759 inter
1813 2720 1954 2761 suos

311 2785 559 2854 quodam
584 2787 931 2845 innocentiae
956 2789 1262 2861 privilegio
1295 2791 1577 2862 insigniti,
1606 2797 1772 2847 erant
1805 2792 1954 2848 chri-

2062 1643 2305 1700 Domino
2323 1658 2542 1700 sumus.
2568 1644 2643 1699 Ea
2670 1657 2807 1699 vero
2829 1642 3038 1707 solum,
3064 1646 3280 1713 praeter
3303 1655 3529 1697 omnem
3549 1655 3712 1697 mun-

2064 1731 2120 1789 di
2165 1732 2429 1803 gloriam,
2465 1734 2581 1788 Deo
2625 1732 2910 1804 probatur
2947 1735 3116 1801 grata
3158 1729 3424 1800 libertas,
3465 1742 3711 1800 eamque

2064 1820 2426 1877 nobilitatem
2463 1835 2575 1876 non
2609 1820 2820 1876 eximet
2856 1818 2973 1876 ulla
3003 1823 3293 1885 vetustas,
3314 1819 3522 1891 siquid
3551 1819 3707 1890 boni,

2064 1910 2112 1965 si
2151 1910 2289 1981 quid
2340 1910 2485 1965 recti
2529 1914 2625 1966 aut
2668 1923 2777 1965 nos
2819 1909 2928 1981 ipsi
2974 1909 3301 1978 fecerimus,
3354 1912 3456 1964 aut
3504 1907 3712 1965 talium

2065 1999 2368 2054 studiosos
2412 2012 2793 2054 successores
2833 1998 3049 2053 habere
3086 1996 3490 2053 meruerimus.

2138 2090 2186 2142 3.
2214 2087 2461 2142 Primam
2487 2086 2683 2157 itaque
2707 2085 2939 2143 humani
2960 2085 3302 2142 incrementi
3327 2087 3535 2143 beatus
3557 2086 3712 2143 Wol-

2066 2174 2333 2245 phelmus
2364 2174 2685 2231 ascendens
2717 2173 2948 2244 lineam,
2983 2174 3219 2245 auspice
3253 2175 3385 2244 Deo,
3419 2173 3491 2231 de
3522 2174 3707 2232 infau-

2064 2262 2144 2318 tia
2165 2264 2235 2320 ad
2256 2264 2420 2319 bona?
2445 2261 2655 2319 indolis
2676 2262 2912 2324 transiit
2940 2262 3275 2333 pueritiam.
3300 2263 3356 2317 In
3380 2277 3492 2333 qua
3510 2267 3707 2333 aetate,

2064 2356 2123 2407 et
2154 2350 2483 2408 liberalium
2526 2352 2736 2407 artium
2771 2350 3135 2422 disciplinam
3168 2354 3259 2407 est
3296 2351 3617 2421 professus,
3651 2355 3711 2407 et

2066 2455 2305 2498 suorum
2336 2440 2636 2508 instantia,
2664 2439 2913 2496 Coloniae
2938 2440 3090 2510 apud
3115 2439 3297 2495 aedem
3324 2438 3401 2510 (5)
3426 2438 3583 2495 beati
3610 2440 3715 2495 Pe-

2066 2530 2141 2584 tri
2183 2529 2580 2601 apostolorum
2629 2529 2931 2600 principis,
2976 2528 3207 2600 corpori
3238 2528 3713 2598 congregationis

2067 2620 2346 2677 sociatus.
2370 2617 2790 2689 Quotemporis
2806 2616 3078 2687 articulo,
3098 2615 3532 2688 postjuniorem
3548 2617 3716 2673 Otto-

2068 2723 2193 2765 nem
2220 2713 2513 2779 sceptrum
2538 2707 2762 2777 imperii
2785 2706 3033 2761 Henrico
3057 2704 3316 2762 secundo
3342 2704 3592 2760 feliciter
3615 2706 3715 2761 ad-

2068 2797 2459 2865 ministrante,
2494 2796 2669 2851 rebus
2700 2794 2932 2864 quidem
2968 2793 3195 2849 bellicis
3221 2793 3348 2849 viro
3372 2794 3715 2863 potentissi-

310 2873 513 2931 stianae
554 2874 854 2947 religionis
894 2877 1257 2935 devotissimi
1299 2878 1580 2949 cultores,
1634 2878 1766 2937 fidei
1819 2880 1953 2937 dote
1987 2903 2036 2964 ο
2067 2899 2178 2953 mo,
2216 2883 2371 2939 circa
2404 2880 2833 2939 ecclesiasticas
2855 2895 2994 2938 vero
3018 2879 3361 2951 disciplinas
3395 2880 3715 2937 solertissi-

310 2961 622 3035 pollentes,
670 2965 960 3023 charitate
1011 2966 1326 3038 ferventes,
1362 2967 1600 3039 pietatis
1638 2973 1950 3039 amatores,

304 3050 471 3122 juxta
502 3054 864 3125 Apostolum,
892 3056 1101 3112 bonum
1126 3061 1439 3127 operantcs
1465 3056 1533 3114 ad
1558 3072 1757 3113 omnes
1792 3058 1949 3127 (Gal.

264 3180 271 3185 ι
309 3155 384 3211 vr,
412 3142 520 3214 10).
547 3143 759 3200 Verum
786 3143 1014 3200 domina
1038 3146 1244 3215 Eveza,
1272 3150 1333 3201 ut
1358 3145 1646 3202 illustrem
1671 3161 1951 3218 exponam

312 3228 583 3286 familiam
614 3236 674 3287 et
702 3230 804 3287 alti
837 3233 1135 3302 sanguinis
1169 3233 1370 3303 decus,
1402 3248 1472 3290 ex
1500 3234 1803 3303 cujusdam
1828 3234 1955 3291 illu-

312 3318 586 3374 strissimi
610 3319 857 3389 comitis,
882 3321 1145 3377 Sicconis
1168 3322 1413 3391 nomine,
1438 3323 1621 3393 stirpe
1642 3323 1954 3380 descende-

313 3410 422 3477 rat,
449 3420 618 3477 quem
642 3412 702 3463 et
723 3407 911 3479 ampla
944 3410 1296 3480 praediorum
1322 3412 1532 3481 spatia,
1563 3414 1618 3467 et
1647 3412 1953 3483 utriusque

310 3507 488 3552 sexus
518 3510 824 3554 numerosa
848 3496 1083 3568 familia,
1108 3498 1208 3553 sed
1233 3504 1288 3554 et
1317 3498 1586 3556 militaris
1609 3500 1781 3555 animi
1804 3515 1955 3556 com-

312 3583 623 3640 mendabat
642 3583 900 3642 audacia.
924 3587 1045 3656 Hic,
1070 3586 1223 3658 quod
1244 3588 1452 3659 opibus
1474 3593 1532 3645 et
1551 3588 1857 3645 nobilitate
1877 3589 1952 3645 sit

308 3669 545 3741 celsius,
575 3672 864 3743 justitiam
897 3675 1348 3747 aequitatemque
1382 3681 1661 3747 sectatus,
1698 3693 1808 3748 qua
1839 3680 1955 3735 Deo

308 3759 391 3816 nil
419 3751 713 3818 invenitur
737 3763 1058 3834 acceptius,
1084 3764 1226 3819 totis
1249 3764 1590 3821 elaborabat
1616 3767 1844 3822 nisibus
1868 3771 1950 3834 ut,

308 3848 458 3907 sicut
487 3848 865 3921 propaginem
887 3851 1308 3921 magniﬁcentia
1334 3855 1594 3925 generis,
1618 3854 1695 3910 ita
1717 3862 1774 3911 et
1797 3855 1955 3913 illus-

307 3940 495 3994 traret
521 3938 798 4010 operibus
821 3940 1075 4011 pietatis.
1093 3941 1253 3997 Unde
1275 3942 1476 4013 procul
1497 3944 1674 4000 dubio
1694 3944 1957 4002 innuitur

306 4025 459 4084 hunc
485 4025 709 4097 justum
741 4031 974 4099 tamque
1004 4029 1269 4099 praeclari
1295 4031 1485 4086 meriti
1512 4046 1720 4103 Vll‘llm,
1746 4048 1815 4088 ex
1842 4048 1956 4088 Ino-

307 4113 494 4172 destis
525 4120 582 4172 et
618 4116 729 4187 piis
771 4117 1114 4189 parentibus
1144 4124 1359 4188 ortum,
1401 4135 1727 4191 quanquam
1770 4120 1955 4192 plero-

306 4215 451 4273 sque
473 4203 1039 4275 legamusjustorum
1063 4220 1134 4262 ex
1159 4208 1501 4277 parentibus
1524 4208 1715 4265 editos
1737 4209 1930 4281 impiis

306 4292 489 4350 veluti
530 4308 680 4351 rosas
717 4294 1038 4364 gignuntur
1065 4297 1375 4366 exspinis.
1421 4298 1773 4354 Genitricem
1814 4314 1953 4357 vero

307 4380 457 4450 ejus,
493 4395 683 4452 quam,
719 4383 985 4454 exemplo
1016 4384 1306 4453 Rachelis,
1342 4401 1445 4456 pro
1485 4386 1603 4442 ﬁlio
1634 4384 1855 4443 doloris
1890 4402 1951 4444 ac

309 4467 589 4537 dexterae,
611 4469 667 4523 in
692 4470 1097 4527 benedictione
1121 4472 1355 4528 seminis
1382 4473 1624 4530 Abrahae
1648 4475 1798 4531 hunc
1822 4490 1954 4531 con-

307 4557 423 4613 stat
449 4556 769 4629 peperisse,
797 4556 1035 4614 dubium
1060 4573 1172 4614 non
1195 4564 1304 4630 est,
1331 4575 1459 4616 cum
1486 4565 1644 4618 Anna
1671 4562 1954 4619 Samuelis

306 4648 515 4716 matre,
560 4644 741 4701 vicem
774 4659 803 4701 a
838 4646 954 4703 Deo
992 4649 1346 4705 commodati
1390 4650 1607 4707 fenoris
1646 4652 1948 4708 meruisse.

305 4735 438 4792 Pari
470 4734 684 4807 quippe
714 4737 850 4791 voto
874 4734 995 4792 haec
1021 4734 1199 4791 filium
1226 4736 1518 4795 invenitur
1539 4738 1822 4796 obtulisse
1848 4741 1953 4797 Do-

308 4824 481 4881 mino.
506 4825 584 4881 De
606 4838 719 4895 qua
740 4822 916 4880 etiam
941 4822 1109 4897 plane
1129 4824 1516 4896 sentiendum,
1542 4828 1696 4898 quod
1719 4844 1828 4885 non
1855 4829 1953 4885 mi-

307 4927 416 4969 nus
448 4912 735 4986 placuerit
771 4911 825 4968 in
859 4912 1239 4970 tabernaculo
1278 4914 1499 4971 Domini
1534 4920 1775 4988 prapter
1803 4931 1954 4973 com-

309 5002 586 5061 mercium
620 5000 895 5072 conjugii,
933 5015 1103 5072 quam
1129 5002 1172 5059 si
1199 5007 1332 5060 toro
1364 5004 1593 5060 minime
1630 5004 1829 5063 fuisset
1863 5021 1954 5063 so-

384 5175 460 5248 (2)
494 5175 755 5251 Ripuarii
797 5180 936 5251 tunc
977 5177 1347 5251 dicebantur,
1387 5178 1484 5250 qui
1526 5194 1677 5251 nunc
1718 5179 1953 5251 potissi-

313 5246 464 5304 mum
504 5261 677 5316 agros
720 5246 1116 5305 Coloniensem
1149 5254 1207 5305 et
1238 5246 1624 5307 Juliacenscm
1668 5246 1931 5307 incolunt

311 5316 980 5397 Wolphelmioriginem
1021 5334 1091 5397 ex
1130 5321 1444 5397 comitibus
1476 5322 1546 5397 de
1576 5320 1699 5397 Niel
1739 5322 1954 5392 repetit

316 5386 587 5445 Gelenius
621 5387 770 5443 libro
803 5402 862 5442 ιιι
894 5389 973 5444 De
1004 5390 1357 5447 admirandis
1398 5391 1666 5447 Coloniae.

387 5461 463 5531 (3)
494 5460 667 5515 Notat
690 5457 1085 5516 llcnschcnius
1110 5462 1262 5532 apud
1288 5462 1662 5519 Colonienses
1699 5463 1957 5537 Wolflu-

1935 4252 2037 4319 ῗῐ]

2067 2988 2177 3042 mo,
2231 2976 2473 3028 sanctus
2519 2969 2885 3038 llerihertus,
2933 2972 3055 3024 toto
3091 2970 3206 3040 jam
3247 2969 3373 3025 orbi
3408 2970 3551 3025 fama
3583 2982 3716 3025 san-

2064 3058 2292 3115 ctitatis
2349 3056 2712 3125 notissimus,
2775 3060 2990 3112 sancta:
3046 3054 3375 3112 Coloniensi
3432 3054 3715 3112 Ecclesia;

2067 3146 2425 3219 prmsidebat
2470 3145 2803 3215 episcopus.
2857 3143 2964 3209 Qui
2998 3143 3373 3200 beatissimus
3422 3144 3709 3214 pontifex,

2061 3236 2176 3307 jam
2210 3235 2426 3292 ultima;
2460 3234 2654 3289 aetatis
2688 3232 2851 3288 senio
2884 3232 3097 3300 fessus,
3137 3231 3410 3288 famulum
3433 3231 3533 3287 Dei
3555 3232 3713 3288 Wol-

2068 3323 2379 3395 phelmum,
2409 3327 2522 3377 tam
2554 3336 2803 3393 corpore
2834 3320 3022 3377 adhuc
3056 3335 3225 3391 quam
3246 3323 3304 3375 et
3331 3319 3549 3376 malitia
3583 3334 3717 3391 par-

2064 3412 2283 3479 vulum,
2312 3426 2471 3467 more
2495 3409 2605 3467 sibi
2630 3409 2977 3466 Christiana;
3008 3409 3307 3479 religionis
3332 3409 3614 3479 oblatum,
3646 3413 3714 3465 ut

2066 3500 2464 3571 evangelicum
2489 3498 2763 3555 Dominus
2786 3498 3109 3570 parvulum,
3132 3498 3186 3553 in
3210 3497 3399 3554 medio
3421 3500 3714 3555 statutum

2068 3589 2468 3654 benedixerat,
2510 3591 2567 3643 et
2619 3601 2725 3658 per
2775 3587 2926 3643 sacri
2974 3585 3310 3642 chrismatis
3358 3584 3711 3655 unctionem,

2066 3678 2370 3748 sanctique
2421 3676 2675 3747 Spiritus
2727 3675 3170 3739 invocationem,
3215 3675 3270 3729 in
3315 3674 3561 3731 filiorum
3609 3674 3712 3731 Dei

2066 3766 2448 3823 transtulerat
2476 3769 2715 3820 sortem.
2743 3765 2925 3820 Porro
2948 3779 3017 3819 ne
3043 3762 3250 3833 inanis,
3274 3767 3372 3820 aut
3396 3776 3596 3832 vacua,
3621 3762 3713 3818 vel

2067 3860 2229 3911 certe
2266 3853 2503 3910 fortuita
2537 3852 2591 3908 in
2622 3853 2724 3909 illo
2759 3855 2954 3923 posset
2987 3851 3265 3907 aestimari
3300 3850 3447 3907 tanti
3480 3850 3717 3907 benedi-

2066 3944 2184 4001 ctio
2200 3942 2332 4010 viri,
2351 3941 2535 3999 sancti
2558 3941 2808 4014 Spiritus
2829 3944 3121 3996 attractus
3138 3939 3356 4009 calore,
3374 3940 3444 3995 ad
3457 3944 3715 3996 contem-

2067 4032 2347 4104 plativam
2379 4031 2555 4087 vitam
2586 4034 2714 4086 toto
2740 4030 2855 4101 jam
2885 4028 3094 4085 mentis
3122 4027 3419 4085 desiderio
3451 4031 3715 4099 coeperat

2068 4120 2361 4189 anhelare,
2398 4118 2656 4189 satisque
2686 4118 2925 4173 fecisset
2956 4116 3129 4186 votis,
3156 4116 3201 4173 si
3227 4115 3620 4173 immaturitas
3655 4115 3714 4171 id

2069 4224 2180 4266 non
2214 4208 2553 4281 impedisset
2574 4206 2785 4263 aetatis.
2818 4206 3027 4261 Verum
3054 4210 3271 4275 quanto
3300 4203 3551 4262 naturali
3585 4219 3718 4275 pro-

2068 4313 2238 4356 cessu
2288 4299 2659 4368 augmentum
2710 4294 2977 4366 capiebat
3028 4293 3259 4363 virium,
3312 4298 3473 4350 tanto
3501 4292 3556 4349 in
3590 4291 3718 4348 dies

2069 4385 2254 4442 sancti
2298 4383 2542 4441 fervoris
2584 4382 2741 4439 illius
2778 4380 3081 4438 crescebat
3117 4380 3493 4438 desiderium.

2140 4477 2188 4529 6.
2222 4473 2350 4530 Fuit
2389 4476 2582 4529 autem
2625 4477 2688 4527 ut
2724 4484 2971 4542 corpore
3010 4473 3235 4538 castus,
3282 4469 3361 4525 ita
3402 4473 3595 4526 mente
3626 4483 3717 4524 so-

2065 4562 2249 4632 brius,
2275 4567 2496 4618 tantam
2518 4559 2823 4633 possidens
2840 4558 3085 4628 gratiam
3111 4556 3331 4627 vultus,
3357 4561 3421 4615 ut
3440 4556 3716 4628 quodam-

2065 4650 2237 4708 modo
2256 4649 2554 4720 angelicus
2574 4648 2699 4718 ejus
2716 4651 3022 4720 putaretur
3044 4657 3337 4718 aspectus.
3355 4645 3579 4703 Praeter
3591 4646 3717 4703 haec

2065 4739 2272 4796 divinae
2307 4738 2542 4809 pietatis
2571 4735 2803 4800 indicia,
2831 4735 2886 4791 in
2910 4734 3242 4791 eruditione
3277 4734 3713 4805 Scripturarum

2065 4833 2286 4885 tantam
2312 4826 2631 4900 promeruit
2654 4824 2991 4893 efficaciam,
3014 4827 3075 4879 ut
3096 4822 3251 4894 quod
3270 4821 3449 4880 semel
3470 4820 3716 4893 legendo

2063 4916 2425 4985 adverteret,
2448 4919 2736 4986 perpetuo
2755 4912 3059 4970 retineret.
3083 4911 3247 4979 Quod
3269 4911 3634 4984 plerumque,
3653 4913 3713 4967 ut

2063 5002 2614 5074 credimus,occulto
2627 5002 2725 5059 Dei
2740 4999 3353 5073 agebaturjudicio,ne
3370 4998 3715 5057 beatissimo

2067 5194 2221 5256 pugn,
2245 5173 2411 5256 [ialm
2436 5178 2829 5256 verogaleam
2863 5177 3247 5256 signiﬁcare._
3421 5245 3432 5256 .
3522 5243 3532 5254 .

2139 5243 2216 5319 (ιὶ
2245 5251 2401 5307 Idem
2437 5243 2946 5306 notat'Germanis
2979 5248 3156 5305 From
3193 5246 3341 5319 idem
3386 5243 3716 5317 signiﬁcare

2064 5318 2433 5392 ac'probum,
2473 5320 2615 5377 Olde
2649 5334 2783 5392 vero
2814 5318 3392 5392 antiquum__referre.

2139 5385 2214 5461 (3)
2249 5395 2381 5448 Haec
2413 5385 2507 5447 est
2544 5389 2795 5461 ecclesia
2840 5385 3293 5461 metroliolitana
3330 5385 3716 5461 Coloniensis,

2064 5458 2155 5520 cui
2189 5458 2241 5517 S.
2276 5463 2621 5519 Heribertus
2650 5460 2720 5517 ad
2751 5475 2963 5516 annum
2998 5458 3180 5531 usque
3220 5464 3353 5516 1022
3387 5458 3640 5531 prefuit.
