3982 6056
163 255 278 320 409

1764 254 1945 318 νιΤΑ
1961 296 1978 318 .

3446 250 3617 357 41οἱ

162 391 309 464 viro,
345 389 403 451 in
429 388 623 465 aliquo
653 388 914 453 scientiae
955 388 1187 453 deesset
1234 392 1556 467 plenitudo.
1591 391 1798 463 Igitur,
1835 389 1892 454 A
1922 396 2041 455 voti
2072 407 2313 469 compos
2336 397 2602 467 effectus,
2634 408 2693 453 se
2726 394 3068 453 monachum
3097 398 3190 451 est
3238 391 3560 466 professus,

163 483 431 554 exceptis
460 481 786 540 divinorum
834 482 1191 541 voluminum
1247 484 1488 556 paginis,
1523 482 1803 554 quidquid

166 575 336 641 poeta
350 570 588 641 cecinit,
605 577 805 628 orator
820 571 1104 629 facundus
1119 572 1653 643 disseruit,philoso
1664 572 1811 644 phus

162 660 547 730 excogitavit,
566 660 811 731 quadam
841 676 1026 733 penna
1059 660 1288 718 altioris
1307 676 1518 719 sensus
1542 667 1809 734 penetra-

163 748 264 804 vit.
283 748 626 819 Quanquam
648 763 788 806 vero
812 752 969 806 tanta
989 750 1223 820 juvenis
1245 749 1488 808 scientia
1528 751 1813 822 praeditus

163 837 780 910 claruerit,nunquam
797 841 989 894 tamen
1011 838 1813 909 hincjactantimvitioelatus

166 925 505 997 succubuit,
541 940 757 983 memor
780 926 1031 984 dicentis
1064 927 1360 1000 Apostoli:
1384 928 1572 984 Nolite
1612 928 1811 985 seduci

168 1030 271 1087 per
299 1015 533 1072 inanem
567 1014 909 1086 sapientiam
943 1015 1117 1085 hujus
1142 1015 1336 1072 mundi
1370 1017 1608 1088 (Ep/tes.
1644 1033 1694 1085 v,
1733 1018 1807 1088 6).

163 1106 345 1160 Tanta
367 1108 562 1160 autem
585 1104 865 1174 gravitas,
883 1108 1042 1161 tanta
1068 1120 1289 1161 morum
1316 1105 1397 1160 illi
1422 1106 1606 1161 inerat
1636 1110 1817 1161 matu-

165 1192 333 1260 ritas,
368 1194 433 1248 ut
466 1191 651 1263 palam
686 1193 915 1249 cunctis
960 1194 1200 1250 daretur
1226 1193 1471 1263 intelligi
1505 1209 1607 1250 vas
1654 1194 1812 1250 illum

164 1280 482 1336 electionis
500 1280 772 1336 existere.
792 1280 1014 1336 Nullam
1034 1295 1172 1336 vero
1199 1297 1302 1352 pro
1318 1283 1533 1337 carnali
1562 1281 1818 1351 ingenui-

166 1373 285 1424 tate
339 1369 453 1424 sibi
500 1368 833 1439 patiebatur
875 1370 1260 1425 reverentiam
1306 1371 1816 1439 exhiberi,utilius

165 1472 421 1514 censeas
451 1472 647 1513 amore
680 1457 890 1514 Christi
924 1474 983 1515 se
1014 1458 1286 1515 humilem
1317 1459 1593 1515 exhibere
1626 1473 1819 1531 perso-

166 1560 319 1615 nam,
373 1561 544 1617 quam
602 1546 855 1602 animum
912 1547 1125 1601 habere
1181 1546 1547 1615 degenerem.
1583 1550 1817 1617 Ineptas

163 1634 346 1689 etiam
407 1633 651 1702 fabulas,
683 1634 1077 1705 juvenumque
1133 1635 1429 1692 lasciviam
1489 1636 1816 1692 declinabat

166 1727 495 1779 venenatas
524 1721 884 1779 adulantium
920 1723 1149 1794 linguas
1181 1724 1566 1789 abhorrebat;
1602 1725 1819 1780 vanilo-

170 1811 704 1883 quium,levitatem
727 1813 1051 1882 oculorum,
1069 1814 1370 1884 totiusque
1405 1821 1595 1871 motus
1617 1829 1820 1886 corpo-

170 1899 542 1969 ris,anchora
558 1900 867 1956 cohibebat
881 1902 1208 1970 gravitatis.
1222 1903 1606 1959 Cousidcrans
1626 1904 1820 1974 itaque

165 1990 223 2043 et
252 1988 629 2059 perpendens
651 1989 930 2058 magister
952 1989 1278 2046 scholarum
1296 1992 1447 2048 hunc
1473 1991 1694 2049 illiusin
1713 2008 1825 2047 om-

163 2075 329 2132 nium
360 2076 649 2131 virtutum
684 2076 1011 2148 disciplinis
1045 2079 1386 2149 profectum,
1411 2080 1703 2148 gaudebat
1729 2080 1825 2135 do-

162 2164 380 2220 ctrinae
412 2163 498 2219 illi
531 2164 887 2235 impendisse
920 2166 1197 2236 studium,
1228 2183 1395 2237 quem
1453 2169 1827 2239 perfectionis

167 2254 459 2309 cernebat
483 2253 752 2323 attigisse
769 2254 1085 2324 fastigium.
1104 2256 1337 2311 Arctius
1356 2257 1550 2326 itaque
1567 2257 1677 2317 sibi
1695 2273 1824 2313 eum

162 2342 400 2412 eligens
445 2343 892 2409 annectendum,
937 2344 1538 2414 honoriﬁcentiusque
1597 2361 1829 2401 servan-

163 2433 653 2503 dum,assumpsit
678 2432 839 2489 illum
862 2440 1196 2489 consortem
1243 2435 1704 2505 participemque
1748 2435 1827 2491 la-

166 2522 363 2590 boris,
401 2536 550 2577 onus
592 2536 722 2577 cum
761 2521 860 2577 illo
897 2522 1160 2593 partiens
1201 2524 1469 2592 regendae
1504 2524 1827 2595 disciplina:

169 2609 487 2666 scholaris.
517 2611 798 2667 Fervebat
820 2612 1018 2682 itaque
1042 2611 1095 2666 in
1129 2626 1197 2667 eo
1222 2613 1522 2680 magniﬁce
1548 2613 1825 2681 studium,

164 2700 295 2769 jugi
320 2699 749 2755 exercitatione
774 2700 1231 2771 Scripturarum:
1255 2706 1333 2769 et,
1354 2702 1621 2770 quoniam
1649 2701 1831 2757 scicn-

174 2786 278 2841 tiaa
310 2784 476 2845 illius
507 2786 819 2843 thesaurus
852 2802 960 2843 non
988 2787 1399 2845 occultabatur
1422 2789 1826 2858 absconditus,

170 2876 353 2931 fiebat
371 2874 765 2944 ubique,fama
781 2876 1072 2947 vulgante,
1092 2876 1531 2934 celeberrimus.
1558 2878 1692 2933 llinc
1718 2894 1830 2934 non

168 2964 365 3020 minor
390 2963 462 3019 de
486 2962 820 3035 longinquo,
843 2980 1011 3035 quam
1034 2981 1105 3021 ex
1130 2966 1409 3038 proximo,
1435 2966 1830 3023 studiosorum

175 3053 344 3111 illum
361 3053 713 3110 clericorum
737 3057 1047 3125 expetebat
1078 3056 1703 3127 frequentia,przesenti
1737 3072 1834 3113 au-

1923 490 2196 559 senisque
2215 505 2343 545 cum
2370 488 2665 560 Seraphim
2692 486 2801 544 alis
2827 486 3091 554 amictus,
3124 486 3299 541 Deum
3328 482 3561 538 excelso

1919 579 2124 649 gloriae
2156 578 2303 635 solio
2337 579 2646 635 subnixum
2671 574 2987 649 tranquilla
3020 575 3233 631 mentis
3265 572 3388 628 acie
3430 586 3565 628 con-

1921 668 2192 740 templari
2225 668 2479 725 laetatur.
2503 666 2664 735 Quod
2698 681 2767 721 ne
2798 665 3038 722 abusive
3070 662 3340 719 videatur
3382 657 3572 732 prola-

1923 764 2044 815 tum
2104 757 2331 814 noverit
2390 757 2597 824 lector,
2643 757 2895 812 Romana
2955 751 3309 809 auctoritate
3366 750 3585 805 decrer

1923 850 2045 903 tum
2070 846 2168 917 (7),
2188 846 2345 903 illius
2367 845 2593 901 ordinis
2618 844 2822 900 habitu
2846 840 3293 912 signiﬁcantiam
3317 836 3563 909 exprimi

1924 950 2027 992 sex
2051 934 2290 992 alarum.
2320 936 2470 991 Duas
2499 934 2641 1003 alas,
2666 932 2765 990 ille
2788 947 2900 1002 quo
2926 931 3105 988 totius
3126 926 3396 999 corporis
3415 925 3568 982 vela-

1924 1028 2021 1079 tur
2055 1023 2503 1093 altitudo;duas,
2521 1037 2634 1092 quo
2659 1020 3025 1077 brachiorum
3047 1018 3269 1087 tegitur
3291 1014 3564 1079 latitudo;

1926 1114 2072 1168 duas
2104 1127 2240 1168 vero
2273 1114 2623 1183 superiores,
2652 1110 2896 1165 invicem
2931 1108 3041 1163 sibi
3069 1107 3325 1177 junctas,
3352 1103 3565 1173 capitis

1925 1201 2307 1272 operimento.
2344 1200 2504 1266 Quod
2540 1199 2669 1269 quia
2732 1198 2986 1269 priorum
3046 1199 3244 1251 sancta
3302 1192 3561 1247 definivit

1927 1290 2271 1357 auctoritas,
2312 1287 2467 1344 nulla
2519 1286 3021 1355 argumentatione
3078 1283 3347 1340 refellere
3393 1279 3567 1336 habet

1928 1378 2260 1450 posteritas,
2294 1392 2421 1433 cum
2452 1377 2722 1432 videatur
2745 1380 2802 1431 et
2832 1374 3027 1430 crucis
3060 1388 3162 1445 per
3218 1370 3405 1427 omnia
3440 1383 3567 1437 spe-

1926 1466 2073 1523 ciem
2086 1480 2291 1535 gererc
2305 1464 2560 1534 ejusdem
2575 1465 2809 1520 habitus
2825 1464 3083 1534 inspecta
3108 1458 3563 1532 qualitas.Quam

1928 1570 2161 1612 crucem
2193 1554 2401 1610 beatus
2448 1554 2867 1625 Wolphclmus,
2903 1557 2966 1607 ut
3015 1550 3163 1605 alter
3204 1547 3440 1615 Paulus,
3473 1545 3561 1602 vel

1932 1644 2237 1712 Antonius,
2263 1658 2375 1698 non
2419 1647 2645 1698 tantum
2705 1641 2965 1698 exterius
3022 1653 3341 1707 assumens,
3377 1636 3477 1693 sed
3508 1638 3559 1690 et

1933 1732 2199 1788 interiori
2252 1732 2463 1789 homini
2496 1729 2986 1787 indissolubilitcr
3017 1727 3566 1797 astringens,onere

1934 1820 2131 1876 saeculi
2164 1819 2496 1889 expeditus,
2528 1818 2882 1888 sequebatur
2915 1815 3125 1871 Christi
3168 1812 3437 1883 vestigia,
3474 1826 3571 1866 ex-

1935 1909 2132 1981 pansis
2180 1908 2233 1963 in
2275 1923 2392 1964 sua)
2443 1907 2817 1966 exaltationis
2868 1905 3023 1975 ligno
3081 1903 3346 1959 manibus
3377 1899 3445 1957 ad
3508 1914 3570 1955 se

1935 1997 2222 2053 trahentis
2252 1995 2462 2067 omnia,

2004 2090 2054 2141 6.
2078 2086 2449 2141 Colonienses
2485 2085 2725 2153 interea,
2762 2084 2973 2155 quibus
3008 2097 3118 2138 non
3150 2080 3360 2137 leviter
3392 2080 3575 2134 feren-

1933 2176 2068 2230 dum
2093 2174 2597 2230 videbaturtantaa
2613 2173 2947 2229 sanctitatis
2969 2172 3095 2226 viro
3119 2184 3341 2231 carere,
3363 2168 3458 2224 ubi
3478 2167 3572 2224 ubi

1936 2262 2303 2332 requisitum,
2349 2262 2578 2318 tandem
2630 2260 2956 2317 audientes.
2988 2258 3241 2314 Treviris
3296 2255 3575 2325 angelica

1940 2350 2375 2406 conversationi
2393 2351 2653 2418 studere,
2672 2349 2913 2404 invicem
2935 2346 3308 2403 contulerunt
3323 2344 3576 2415 qualiter

1935 2454 2064 2496 eum
2101 2443 2336 2509 possent
2367 2442 2655 2509 repetere.
2692 2437 2830 2492 [line
2887 2436 3293 2494 Ilerimannum
3329 2435 3424 2504 (8),
3459 2430 3575 2485 illis

1938 2527 2146 2583 diebus
2203 2527 2451 2583 Coloniae
2503 2541 2737 2582 currum
2793 2525 2890 2581 Dei
2925 2524 3306 2593 aurigantem,
3337 2521 3573 2583 adeunt,

1939 2615 2078 2685 quid
2127 2616 2378 2671 habeant
2404 2616 2522 2670 voti
2564 2614 2751 2687 palam
2784 2614 2998 2669 faciunt
3034 2611 3135 2681 ‘lli,
3184 2615 3241 2667 et
3300 2624 3404 2666 cur
3464 2606 3578 2663 alio

1939 2704 2291 2760 translatum
2352 2703 2575 2773 insigne
2609 2703 2771 2759 urbis
2795 2718 2913 2758 suae
2947 2716 3060 2756 non
3112 2703 3360 2771 repetat,
3392 2696 3484 2767 pie
3516 2709 3578 2750 se

1939 2808 2074 2848 vera
2109 2793 2504 2863 indignatione
2533 2793 2588 2848 in
2640 2807 2770 2848 eum
2828 2790 3211 2846 conclamant.
3246 2789 3381 2841 Erat
3441 2789 3579 2841 tunc

1942 2882 2139 2939 videre
2160 2886 2378 2951 togatae
2410 2882 2572 2938 urbis
2603 2881 2889 2954 primores
2921 2879 3133 2934 iterum
3184 2875 3445 2946 Gregorii
3502 2876 3579 2946 (9)

1941 2971 2029 3027 sui
2063 2971 2386 3028 discessum
2447 2974 2895 3040 conquerentes:
2932 2966 3063 3037 quia
3097 2981 3205 3022 non
3242 2965 3421 3036 major
3481 2962 3580 3018 illo

1943 3060 2283 3116 discedente
2307 3061 2693 3116 Romanorum
2714 3057 2998 3125 confusio,
3016 3070 3184 3127 quam
3210 3056 3316 3110 hoc
3339 3054 3578 3110 absente

173 3141 303 3198 ditu
327 3140 696 3213 cupientiqu
720 3123 977 3213 experiri
1002 3123 1213 3213 quanta
1242 3144 1295 3199 in
1321 3123 1832 3201 illo—veriSalomo-
1865 3123 1913 3186 Ο
1946 3148 2372 3204 Coloniensium
2426 3147 2759 3216 agitabatur
2807 3123 3072 3216 quaestio.
3105 3146 3219 3199 Nec
3252 3142 3307 3197 id
3348 3140 3575 3210 injuria.

177 3230 271 3286 nis
290 3230 516 3298 vigeret
540 3229 845 3301 sapientia.
867 3232 1076 3287 Verum
1108 3232 1281 3288 sicuti
1333 3233 1490 3289 nulla
1512 3248 1641 3289 cum
1666 3249 1835 3304 argu-

179 3318 544 3375 mentatione
576 3318 949 3388 concludere,
986 3320 1071 3376 sic
1103 3320 1260 3378 nulla
1293 3327 1409 3378 tam
1438 3330 1659 3397 argutae
1706 3338 1835 3395 pro-

180 3406 495 3478 positionis
515 3408 788 3464 valebant
820 3409 1168 3465 documenta
1194 3424 1539 3481 proponere,
1557 3426 1682 3480 qua)
1703 3427 1835 3467 con-

177 3495 296 3551 cite
353 3510 468 3550 non
524 3495 916 3567 solverentur,
967 3498 1335 3554 convenienti
1396 3498 1677 3556 historica
1742 3501 1833 3557 vel

180 3582 501 3652 allegorica
533 3584 931 3656 expositione“

262 3678 295 3729 δ
317 3675 520 3744 Itaque
552 3687 832 3729 novorum
864 3675 974 3731 iste
1006 3690 1071 3733 ac
1102 3680 1360 3733 veterum
1420 3676 1491 3734 de
1542 3679 1691 3735 bono
1715 3678 1837 3734 the-

179 3775 362 3819 sauro
395 3761 484 3818 sui
520 3762 717 3819 cordis
775 3763 1059 3836 prolator,
1084 3765 1553 3823 animadvertens
1605 3772 1834 3837 quantae

184 3849 688 3921 impossibilitatis
702 3851 775 3908 sit
791 3853 1022 3909 duobus
1037 3853 1287 3909 dominis
1305 3855 1528 3911 servire
1544 3856 1702 3923 (Luc.
1722 3870 1831 3925 xvr,

184 3943 298 4007 13»,
334 3942 398 3996 ut
436 3938 530 3996 uni
562 3941 699 4009 Deo,
736 3942 827 3997 cui
881 3941 1104 3998 servire
1136 3957 1380 4013 regnare
1429 3948 1540 4014 est,
1579 3944 1834 4001 liberiori

184 4026 382 4084 animo
414 4031 616 4097 posset
663 4027 969 4097 inhaerere,
1006 4031 1224 4087 saeculo
1274 4032 1504 4104 penitus
1551 4032 1834 4089 deliberat

190 4114 559 4172 renuntiare.
591 4117 763 4173 Juxta
815 4116 961 4174 illud
992 4132 1132 4189 ergo
1180 4120 1592 4190 Gregorianum
1625 4120 1748 4190 (lib.
1775 4136 1837 4188 ιι,

184 4204 461 4275 Dialoy.,
478 4220 528 4260 c.
547 4205 613 4275 Ι),
632 4206 837 4276 pedem
879 4208 1223 4278 quemquasi
1248 4208 1303 4264 in
1328 4209 1600 4279 ingressu
1642 4209 1836 4266 mundi

190 4296 495 4364 posuerat,
513 4294 837 4365 retrahens,
863 4295 1055 4366 ruptis
1079 4301 1443 4354 terrenarum
1470 4298 1838 4370 voluptatum

186 4381 445 4449 catenis,
479 4395 769 4440 morarum
804 4383 1136 4455 impatiens,
1174 4386 1360 4457 fugam
1391 4386 1539 4455 iniit,
1588 4387 1839 4444 latenter

1945 3238 2100 3292 Sicut
2120 3236 2270 3293 enim
2297 3235 2413 3304 ille,
2431 3250 2536 3292 suo
2560 3234 2772 3291 nomini
2793 3232 3581 3304 honisoperibuScongrucn-

1945 3326 2036 3395 d0,
2064 3340 2182 3381 suae
2205 3329 2263 3380 et
2287 3326 2683 3397 proximorum
2709 3323 2884 3380 saluti
2909 3321 3270 3391 invigilauat;
3291 3319 3367 3375 ita
3394 3322 3450 3373 et
3475 3317 3582 3372 iste

1946 3414 2077 3469 ﬁdei
2125 3428 2303 3485 opera
2352 3413 2748 3484 exsequendo,
2783 3416 3125 3469 cunctorum
3168 3407 3481 3465 dilectione
3526 3411 3582 3460 et

1944 3502 2319 3558 veneratione
2366 3502 2741 3571 dignissimus
2780 3503 2926 3557 erat.
2965 3498 3458 3569 Archiepiscopus
3488 3508 3586 3550 an-

1946 3595 2059 3645 tem
2085 3590 2252 3661 juxta
2286 3590 2428 3647 illud
2463 3589 2783 3661 sapientis:
2824 3589 2978 3655 Quia
3004 3587 3271 3645 amultis
3320 3585 3581 3651 timetur,

1944 3691 2174 3737 necesse
2194 3679 2607 3737 estutmultos
2657 3679 2880 3745 timeat,
2918 3678 3314 3748 subjectorum
3377 3675 3588 3746 impor-

1945 3767 2301 3824 tunitatibus
2356 3772 2765 3839 optemperare
2818 3765 3203 3832 festinat;sed
3254 3763 3589 3834 suspicatus

1946 3856 2316 3912 Trevirenses
2345 3854 2580 3911 difﬁcile
2611 3854 2945 3911 reddituros
2978 3854 3161 3911 virum
3187 3859 3300 3908 tam
3331 3850 3589 3907 laudabi-

1947 3942 2021 4000 lis
2052 3945 2207 4014 vitae,
2233 3944 2545 4000 aastimavit
2569 3958 2700 4000 eum
2724 3942 3123 4014 repetendum,
3144 3944 3295 3998 facta
3318 3941 3373 3995 in
3401 3939 3587 3995 totius

1948 4031 2220 4089 Ecclesia
2253 4032 2456 4089 auditu
2489 4032 2810 4087 vocatione.

2020 4127 2072 4177 7.
2110 4120 2406 4177 Eminebat
2439 4124 2581 4177 tunc
2612 4117 2891 4190 temporis
2914 4117 3066 4174 inter
3098 4116 3405 4189 praesentis
3427 4115 3586 4185 regni

1951 4210 2231 4266 cmlorum
2264 4209 2529 4278 majores,
2567 4207 2850 4263 Henricus
2882 4205 2990 4276 (10)
3023 4206 3203 4261 abbas
3246 4202 3585 4261 monasterii

1953 4297 2147 4355 sancti
2178 4296 2569 4364 Pantaleonis,
2603 4295 2699 4366 qui
2735 4294 3034 4351 memorati
3056 4298 3117 4350 et
3150 4292 3363 4365 sapius
3383 4305 3591 4348 memo-

1956 4386 2117 4443 randi
2158 4385 2265 4442 viri
2291 4384 2612 4443 avunculus
2638 4390 2784 4441 erat.
2813 4386 2926 4441 lste
2947 4381 3276 4439 charissimi
3312 4379 3395 4438 sui
3428 4393 3592 4436 revo-

188 4468 486 4539 discessit,
508 4472 893 4542 sanctumque
918 4472 1283 4529 Maximinum
1311 4474 1361 4529 in
1379 4475 1682 4532 Treverica
1698 4477 1841 4532 urbe
1872 4489 1925 4550 ι)
1954 4476 2237 4533 cntionem
2267 4479 2570 4545 gratanter
2619 4473 2849 4543 quidem
2901 4472 3244 4544 suscipiens,
3276 4469 3377 4526 sed
3435 4468 3590 4524 illam

188 4558 469 4630 expetiit,
506 4558 598 4615 ubi
634 4559 743 4616 sub
791 4560 1145 4618 venerabilis
1202 4563 1394 4617 Patris
1453 4564 1731 4620 Bel-nardi
1766 4565 1842 4634 (6)

189 4645 500 4716 regimine,
533 4645 781 4720 amplius
812 4654 872 4704 et
902 4649 1224 4719 perfectius
1253 4655 1392 4707 tunc
1426 4652 1706 4723 temporis
1732 4667 1845 4709 mo-

190 4733 492 4791 nachicam
514 4733 692 4791 vitam
715 4735 940 4792 fervere
964 4742 1257 4805 cognovrt.
1296 4739 1376 4794 lbi
1402 4741 1709 4812 praeoptati
1744 4741 1842 4796 diu

264 4921 340 4991 (6)
378 4921 710 4978 Bernardus
738 4921 1126 4979 celeberrimo
1154 4926 1207 4981 ὃ.
1237 4924 1459 4980 Maximi
1489 4928 1851 4983 'l’revircusns

192 4991 554 5067 monasterio
578 4991 808 5067 duobus
842 4998 1068 5067 tantum
1092 4995 1259 5052 annis
1283 4996 1535 5067 praefuit,
1553 4998 1623 5052 de
1650 5013 1762 5067 quo
1792 4998 1847 5052 in

194 5063 341 5140 vita
364 5062 773 5140 S._Popponis,
791 5079 961 5140 quem
998 5062 1412 5140 Bernardusin
1427 5062 1629 5122 eodem
1660 5062 1849 5125 mona-

192 5133 383 5189 sterio
406 5132 777 5189 decessorem
808 5132 867 5188 et
890 5132 1289 5191 succossdrcm
1324 5137 1546 5193 habuit.

268 5204 348 5278 (7)
371 5201 530 5278 _lllud
572 5208 664 5259 est
696 5204 997 5278 decretum
1030 5207 1303 5264 Bonifacii
1339 5222 1500 5278 papa:
1537 5209 1602 5263 ιν
1635 5208 1687 5262 in
1721 5225 1851 5264 con-

189 5273 630 5352 cilioﬁomanq
657 5276 1086 5352 promulgatum
1122 5292 1270 5334 anno
1301 5273 1426 5347 6⁷1οξ
1454 5278 1607 5348 quod
1634 5279 1848 5335 videsis

190 5344 579 5400 conciliorum
613 5344 823 5401 Labbei
856 5344 992 5402 tem.
1029 5349 1086 5402 V.

267 5416 347 5485 (8)
383 5414 486 5495 ilic
508 5418 600 5470 est
636 5416 980 5495 ﬂerimanus
1010 5417 1544 5495 Eazoniscomitis
1575 5418 1846 5495 Palatini,

190 5485 708 5613 Bgunwillerensis
739 5489 1076 5568 monasterii
1109 5488 1744 5572 conrlitpris.ﬁlius,q.ui
1778 5485 1849 5548 ab

192 5571 223 5611 a
270 5572 345 5613 no
389 5560 522 5613 1036
550 5556 620 5612 ad
652 5561 789 5613 1055
820 5558 1093 5613 Ecclesnae
1127 5560 1457 5613 Coloniensi
1496 5563 1747 5613 Dl‘mflllt.

192 5556 345 5613 anno
389 5560 522 5613 1036
550 5556 620 5612 ad
652 5561 789 5613 1055
820 5558 1093 5616 Ecclesia:
1127 5560 1457 5618 Coloniensi
1496 5556 1747 5633 praefuit.

1956 4562 2358 4635 aequanimiter
2392 4563 2542 4617 ferre
2572 4562 2872 4632 nequiens,
2906 4560 3165 4633 episcopi
3221 4558 3590 4630 praesentiam

1956 4651 2223 4723 expetiit,
2242 4650 2378 4720 quid
2400 4651 2550 4706 facto
2573 4665 2720 4721 opus
2735 4648 3300 4721 sentiret,exposuit.
3329 4647 3593 4703 Pontifex

1956 4740 2080 4796 sani
2139 4739 2371 4796 consilii
2432 4738 2734 4809 neglector
2768 4738 2993 4808 fugiens
3023 4751 3328 4810 apparere,
3364 4735 3595 4790 litteras

1960 4927 2107 5049 1_b(9)
2132 4923 2631 5049 V'ichBGrcgorii
2657 4924 2842 4980 Vitam
2867 4938 2973 4994 per
2992 4925 3266 4978 Joannem
3291 4916 3595 4973 diaconum

1984 5012 1999 5049 Ι
2050 5038 2061 5049 .
2093 5012 2129 5049 1.
2165 5012 2296 5049 (33!).
2369 5038 2380 5049 .

1961 4996 2627 5192 Πῖιῶἓίδυριιοϐειὺὺιηριιι
2659 5065 2786 5137 ejus
2814 5062 2924 5120 loci
2957 5064 3185 5142 sextum
3231 5058 3419 5138 fuisse
3459 5057 3600 5115 dicit

1961 5140 2039 5193 Ge
2068 5153 2255 5193 emus.
2284 5153 2453 5193 quem
2495 5153 2645 5193 anno
2706 5134 2843 5192 1:66
2870 5149 2900 5189 c
2944 5148 3089 5188 vms
3151 5132 3364 5186 abiisse
3415 5133 3597 5193 notat,

1961 5153 2255 5207 UCICDIUS,
2284 5153 2453 5207 quem
2495 5153 2645 5193 anno
2706 5153 2900 5192 nunc
2944 5153 3089 5188 vivis
3151 5153 3364 5186 auus-se
3415 5153 3597 5198 notat,

1960 5226 2055 5266 vn.
2120 5209 2256 5265 ldus
2309 5207 2673 5273 Novembris,
2722 5203 2981 5276 quamvis
3008 5202 3143 5276 ejus,
3190 5201 3599 5276 depositiouvl

1960 5280 2246 5355 Kalendas
2280 5278 2638 5355 Septembris
2662 5270 3020 5355 'in'catalngo
3044 5270 3329 5355 abbatum
3360 5270 3605 5355 Gladha-

1961 5351 2241 5417 censium,
2276 5354 2337 5404 ut
2355 5347 2615 5419 ipsemet
2677 5347 2949 5419 Gelenius
2999 5347 3167 5400 testis
3208 5349 3319 5419 est,
3346 5349 3601 5419 notetur.

1962 5426 2123 5477 Anno
2150 5414 2892 5488 fortassc'sequeutieidem
2921 5414 3278 5470 monasterio
3292 5415 3604 5486 praefectus

1962 5497 2053 5549 est
2076 5489 2492 5564 Wolphclmus.
3134 5534 3137 5535 γ
