3964 6044
145 261 273 327 418

1771 218 1984 330 vim.

3440 272 3559 341 414

154 416 183 449 α
210 394 353 460 huic
405 398 718 476 Evangelio
775 404 1045 479 perhibet
1090 405 1347 468 Ecclesia
1401 408 1797 471 testimonium
1827 396 1885 463 A
1921 422 1948 455 α
1976 408 2170 463 autem
2194 405 2438 466 mediam
2458 407 2603 469 hanc
2628 406 2872 469 ironiam
2895 410 3331 485 abrumpentes,
3352 418 3558 474 contra

147 505 179 540 α
209 489 412 559 (Joan.
448 507 563 560 xxx,
596 495 710 567 24),
746 512 849 567 pro
878 513 1012 569 quo,
1041 498 1379 572 priusquam
1414 503 1798 575 scriberetur,

151 582 494 652 «praemisit
557 586 855 643 orationes
922 592 979 644 et
1033 588 1335 659 jejunium.
1400 593 1563 647 Norit
1625 594 1803 662 igitur

149 690 175 716 ι
212 668 605 743 Berengarius
658 674 783 731 hac
838 677 950 733 sibi
1004 681 1292 751 suﬁlcere,
1328 682 1559 752 quibus,
1612 697 1803 739 cuma

149 778 175 804 α
207 757 331 816 Deo
360 760 499 831 sint,
537 777 646 819 non
694 766 876 834 possit
924 768 1096 825 homo
1141 770 1565 826 contradicere.
1602 772 1805 842 Itaque

151 864 179 893 ε
213 846 499 922 deinceps
527 853 598 908 ad
631 852 686 908 id
722 869 969 926 quoque,
1004 858 1519 929 Dominojuvante,
1557 860 1802 929 veniam,

150 954 179 984 α
214 936 376 1007 quod
425 938 477 995 in
525 943 901 1001 eucharistia
943 952 1310 1003 sacramenta
1366 947 1626 1018 loquitur
1659 948 1810 1004 blas-

148 1046 175 1072 ι
212 1024 522 1096 phemiam.
560 1032 668 1088 Sed
703 1033 837 1102 quia
871 1034 1171 1106 Scriptura
1215 1037 1383 1091 docet
1429 1022 1613 1093 stu’lto
1640 1036 1805 1105 juxta

146 1133 173 1160 α
207 1113 527 1173 stultitiam
559 1134 719 1176 suam
755 1136 885 1178 esse
910 1125 1376 1195 respondendum
1412 1126 1609 1193 (Prov.
1656 1140 1803 1194 xxvr,

145 1225 173 1253 ι
211 1203 299 1275 5);
331 1208 621 1277 repressis
678 1210 910 1267 interim
965 1213 1111 1285 ipsis
1168 1215 1540 1285 blasphemia
1586 1217 1806 1283 verbis,

150 1313 176 1340 ι
210 1292 286 1348 ad
323 1294 539 1351 fontem
568 1298 735 1369 cujus
781 1303 1276 1374 praeurrcndum,
1314 1310 1395 1369 ut,
1457 1306 1500 1360 si
1535 1306 1812 1364 Dominus

148 1399 176 1428 α
210 1379 444 1438 dederit
480 1399 585 1442 nos
615 1400 744 1443 eum
796 1390 1126 1461 obstruere,
1192 1392 1418 1449 desinat
1453 1392 1586 1450 inde
1617 1396 1809 1452 sanies

148 1489 177 1519 α
206 1469 389 1542 hujus
411 1472 782 1544 blasphemia
800 1478 872 1533 ad
896 1494 1000 1535 nos
1014 1480 1291 1537 deﬂuere.
1319 1483 1417 1537 Est
1446 1489 1637 1539 autem
1664 1498 1806 1539 vena

143 1576 175 1610 α
208 1558 391 1630 hujus
425 1564 824 1637 scaturiginis,
883 1568 1035 1639 quod
1066 1585 1178 1625 non
1213 1574 1370 1626 recte
1402 1573 1580 1627 sentit
1616 1572 1685 1627 de
1719 1587 1807 1629 sa-

149 1654 518 1707 ucramento
574 1654 857 1712 Dominici
918 1659 1184 1729 corporis
1240 1664 1295 1715 et
1349 1662 1692 1730 sanguinis:
1745 1667 1802 1718 et

1921 514 1946 543 ‹‹
1976 494 2390 567 Berengarium
2423 506 2482 556 et
2535 517 2639 572 pro
2680 502 2846 558 nobis
2880 509 3105 559 nosmet
3160 504 3558 576 cohortamur,

1920 605 1945 632 «
1981 584 2058 640 ita
2093 585 2391 645 dicentes:
2419 590 2473 644 Si
2491 606 2707 662 corpus
2733 593 2861 659 hoc,
2898 592 3049 648 unde
3074 592 3284 664 agitur,
3313 595 3384 650 ab
3432 608 3568 667 apo-

1918 694 1944 721 α
1975 674 2143 731 stolis
2167 679 2314 733 etab
2344 679 2613 735 omnibus
2636 679 3201 751 clectiscomestum,
3229 682 3323 752 qui
3349 682 3454 739 soli
3477 684 3563 740 sic

1921 782 1946 810 α
1978 761 2118 819 illud
2151 767 2460 823 comedunt
2494 773 2553 823 ut
2586 768 2850 825 Christus
2884 769 2935 824 in
2974 771 3060 827 eis
3093 775 3342 838 maneat,
3364 776 3423 827 et
3448 772 3561 843 ipsi

1921 872 1949 900 α
1977 851 2034 906 in
2071 852 2342 910 Christo:
2376 860 2577 913 etnon
2636 858 2814 913 Judas
2846 862 2906 913 et
2938 873 3139 915 omnes
3198 860 3453 931 reprobi,
3490 860 3562 917 ad

1922 962 1947 987 α
1980 955 2125 1010 quos
2161 947 2296 1014 post
2346 945 2666 1002 bucceltam
2707 946 2871 1017 panis
2901 949 3142 1004 Satanas
3176 948 3375 1019 intrat,
3409 953 3467 1006 et
3500 949 3564 1006 ﬁt

1902 1038 1951 1078 ἰι
1981 1027 2150 1099 longe
2175 1032 2287 1087 alia
2307 1033 2730 1103 eonglutinatio
2754 1036 3028 1091 intrantis
3044 1038 3270 1094 Satana
3293 1042 3565 1109 etrepro-

1924 1139 1948 1166 α
1983 1118 2209 1190 borum,
2269 1136 2437 1191 quam
2489 1136 2553 1178 ea
2586 1138 2712 1194 qua
2741 1129 2831 1180 est
2893 1124 3104 1181 Christi
3152 1131 3208 1181 et
3241 1125 3562 1185 electorum

1924 1226 1950 1259 «
1985 1206 2290 1279 (nusquam
2324 1212 2475 1266 enim
2524 1212 2763 1281 angelos
2793 1214 3195 1285 apprehendit,
3232 1214 3333 1271 sed
3364 1230 3562 1272 semen

1927 1319 1953 1347 ‹‹
1986 1298 2231 1354 Abi-aha
2256 1301 2661 1371 apprehendit)
2689 1321 2701 1358 :
2728 1303 2797 1371 si,
2830 1303 3083 1373 inquam,
3111 1304 3216 1359 hoc
3244 1319 3459 1376 corpus
3483 1304 3562 1361 ita

1924 1408 1950 1434 α
1982 1387 2052 1442 ab
2104 1387 2312 1444 electis
2343 1394 2659 1447 comestum
2692 1395 2751 1446 et
2789 1392 2874 1447 eis
2926 1391 3411 1461 conglutinatum,
3446 1392 3564 1449 illis

1924 1498 1948 1524 α
1981 1491 2212 1547 quoque
2239 1478 2662 1548 eonglutinatis
2693 1480 2903 1551 cidem,
2930 1495 2993 1536 se
3026 1496 3228 1537 sanum
3251 1486 3311 1536 et
3344 1481 3565 1538 incolu-

1925 1586 1951 1613 «
1984 1580 2092 1637 me,
2120 1566 2310 1623 vivum
2343 1573 2401 1623 et
2434 1568 2721 1638 integrum
2758 1571 2967 1641 recipit
2990 1571 3060 1626 ad
3092 1572 3353 1637 Patrem;
3380 1571 3563 1628 multo

1923 1678 1948 1703 α
1982 1656 2166 1725 magis
2207 1672 2234 1712 a
2267 1659 2411 1715 Juda
2443 1662 2502 1715 et
2535 1659 2803 1730 reprobis
2837 1660 3124 1730 omnibus,
3159 1659 3294 1731 plus
3328 1660 3501 1716 etiam
3533 1675 3563 1717 a

151 1757 180 1787 α
213 1736 357 1795 dum
388 1738 457 1795 ad
492 1741 888 1812 aspiciendum
922 1746 975 1801 in
1001 1748 1086 1803 eis
1111 1763 1314 1819 panem
1346 1753 1405 1804 et
1427 1751 1641 1806 vinum.
1670 1766 1805 1807 ocu-
1833 1760 1888 1823 Β
1920 1763 1949 1797 «
1979 1746 2243 1803 muribus
2267 1751 2327 1801 et
2349 1749 2421 1803 ab
2462 1748 2593 1804 aliis
2618 1749 2813 1804 mundi
2849 1750 3172 1821 spurcitiis,
3202 1748 3567 1819 recolligitur

147 1849 174 1875 ι
211 1825 305 1884 los
336 1830 608 1900 corporis
637 1831 834 1905 habet,
886 1835 956 1892 ad
990 1837 1457 1908 perspiciendum
1494 1839 1549 1894 in
1580 1840 1802 1896 eisdem

152 1936 181 1965 α
212 1929 455 1974 carnem
471 1921 530 1974 et
555 1922 914 1993 sanguinem,
949 1925 1147 1982 oculos
1177 1927 1386 1983 mentis
1410 1943 1518 1985 non
1544 1928 1800 1984 adhibet.

150 2028 179 2054 ε
207 2006 334 2063 Nos
366 2012 559 2065 autem
593 2014 652 2065 ut
676 2010 862 2069 visum
899 2030 1193 2085 acuamus,
1215 2021 1273 2072 et
1324 2019 1583 2075 acuendo
1633 2020 1805 2091 profi-

149 2117 180 2144 ι
212 2094 442 2154 ciamus
464 2112 578 2169 quo
604 2099 725 2157 hac
747 2100 1098 2175 intueamur,
1130 2106 1200 2161 ad
1224 2106 1594 2163 obtinendam
1628 2110 1803 2166 semel

155 2205 185 2235 ιι
215 2190 521 2257 acceptam
545 2188 716 2259 hujus
738 2191 1005 2249 veritatis
1048 2194 1416 2251 traditionem
1439 2202 1663 2253 nosmet
1693 2198 1804 2254 hoc

153 2294 180 2320 ι
216 2273 396 2332 modo
418 2276 813 2335 eobortemur.
842 2281 896 2336 Si
945 2282 1040 2352 qui
1066 2284 1246 2353 dixit,
1280 2286 1523 2358 etfacta
1547 2288 1716 2344 sunt:
1748 2288 1811 2344 et

154 2380 186 2410 ι
213 2363 554 2434 mandavit,
580 2366 638 2422 et
654 2369 859 2426 creata
893 2372 1040 2427 sunt
1065 2371 1257 2435 (Paul.
1292 2372 1466 2445 xxx",
1501 2378 1553 2441 9)
1579 2376 1798 2442 omnia;

156 2475 185 2504 α
217 2455 272 2511 si
304 2454 375 2527 is,
409 2456 661 2529 inquam,
702 2460 842 2517 dixit
891 2463 961 2519 de
984 2463 1090 2520 hoc
1115 2479 1290 2535 pane:
1326 2468 1453 2525 Hoc
1481 2469 1569 2525 est
1593 2483 1803 2540 corpus

154 2566 184 2593 α
218 2545 671 2613 meumUllattlt.
697 2566 850 2620 xxvr,
884 2552 1004 2621 26);
1038 2557 1094 2608 et
1127 2555 1197 2610 de
1228 2555 1362 2611 vino
1385 2576 1395 2610 :
1422 2559 1542 2615 Hic
1561 2558 1651 2615 est
1666 2573 1803 2615 san-

157 2654 188 2683 .
209 2635 362 2706 guis
402 2649 567 2694 meus
623 2637 827 2709 (Ibid,
861 2643 984 2710 28);
1038 2640 1277 2701 necesse
1308 2649 1397 2701 est
1453 2647 1684 2703 omnino
1717 2647 1801 2704 sic

156 2747 184 2772 ε
218 2738 377 2781 esse.
408 2726 546 2782 Nam
592 2728 714 2785 hac
767 2730 885 2787 sola
930 2735 1204 2802 mysteria
1256 2751 1366 2791 non
1401 2737 1471 2792 ab
1503 2737 1633 2793 aliis
1667 2742 1801 2794 sunt

158 2833 188 2862 α
217 2818 512 2885 separata,
548 2831 697 2887 qua,
724 2817 955 2876 dicente
991 2822 1123 2894 Deo,
1166 2825 1312 2881 facta
1339 2830 1492 2895 sunt,
1529 2826 1616 2882 vel
1651 2842 1805 2883 man-

160 2922 189 2951 α
225 2901 404 2989 dante
437 2908 654 2961 creata.
691 2908 793 2963 Est
836 2915 1027 2966 autem
1061 2928 1211 2968 unus
1243 2919 1418 2984 atque
1454 2916 1600 2971 idem
1632 2918 1799 2989 Deus,

153 3010 182 3037 ι
214 2988 406 3059 primo
438 2992 709 3048 mundum
743 2995 1013 3067 formans,
1047 2998 1255 3055 deinde
1286 3002 1395 3058 hoc
1436 3010 1802 3059 sacramento

1924 1856 1949 1884 ‹‹
1980 1835 2035 1890 in
2071 1851 2310 1905 regnum
2346 1852 2512 1894 suum
2548 1839 2673 1894 sine
2705 1840 2792 1895 sui
2824 1839 3206 1896 dimunitione
3249 1839 3339 1897 vel
3370 1845 3568 1897 conta-

1919 1943 1947 1976 «
1979 1924 2314 1981 minatione.
2342 1928 2479 1982 Nam
2512 1930 2568 1983 et
2588 1927 2673 1984 sol
2699 1928 2792 1983 hic
2814 1927 3086 1998 visibilis,
3109 1934 3347 1987 creatus
3370 1932 3427 1985 et
3455 1942 3565 1985 non

1919 2032 1947 2066 «
1984 2014 2375 2086 omnipotens,
2404 2014 2597 2073 radios
2629 2032 2767 2073 suos
2790 2016 2845 2072 in
2868 2015 3102 2074 cloacas
3123 2021 3182 2073 et
3204 2016 3348 2074 alias
3371 2016 3567 2074 mundi

1921 2123 1946 2151 «ι
1980 2101 2187 2158 sordes
2218 2104 2482 2173 emissos,
2514 2120 2717 2161 rursus
2758 2105 3006 2162 retrahit
3031 2106 3102 2161 ad
3134 2120 3197 2161 se
3219 2106 3341 2163 sine
3371 2106 3564 2176 aliqua

1917 2212 1943 2237 τι
1977 2190 2319 2261 pollutione.
2340 2194 2659 2250 llocautem
2683 2208 2916 2265 corpus,
2940 2199 3071 2265 post
3089 2194 3380 2265 expletam
3397 2208 3556 2250 more

1916 2301 1942 2327 α
1981 2280 2269 2338 catholico
2325 2282 2807 2353 communionem,
2869 2298 3070 2339 sanum
3128 2288 3185 2338 et
3245 2283 3553 2353 incolume,

1915 2390 1934 2421 ι
1974 2370 2165 2426 vivum
2189 2374 2247 2426 et
2269 2370 2557 2440 integrum
2584 2385 2645 2426 se
2671 2387 2713 2425 ri
2735 2371 2878 2441 cipit
2903 2371 2975 2427 ad
3005 2373 3256 2427 Patrem.
3288 2371 3379 2427 Sic
3403 2371 3554 2427 enim

1919 2479 1945 2509 ‹‹
1976 2463 2232 2516 testatur
2263 2460 2524 2516 Ecclesia
2578 2460 2810 2516 Achaia
2840 2460 2951 2531 (12)
3007 2461 3238 2516 beatum
3269 2459 3554 2516 Andream

1893 2571 1941 2619 γα
1976 2547 2303 2619 apostolum
2336 2548 2558 2604 dicere:
2594 2550 2908 2619 Postquam
2940 2549 3127 2605 omnis
3156 2548 3410 2621 populus
3439 2562 3560 2605 ere-

1916 2636 2237 2694 «dentium
2287 2638 2429 2707 Agni
2488 2652 2696 2693 carnes
2754 2636 3074 2694 comederit
3105 2643 3163 2693 et
3220 2637 3555 2709 sanguinem

1920 2747 1945 2774 ‹‹
1980 2726 2210 2795 biberit,
2241 2729 2452 2797 Agnus,
2477 2727 2572 2798 qui
2591 2726 2956 2783 sacriﬁcatus
2977 2732 3091 2796 est,
3116 2727 3344 2797 integer
3362 2740 3560 2799 perse-

1916 2831 1944 2865 «
1977 2819 2142 2870 verat
2171 2820 2230 2870 et
2287 2815 2456 2871 vivus
2484 2834 2495 2868 :
2530 2820 2589 2871 et
2617 2831 2745 2871 cum
2802 2830 2936 2872 vere
2968 2815 3335 2872 sacrificatus
3366 2816 3465 2882 sit,
3498 2820 3556 2872 et

1921 2924 1946 2951 ‹‹
1975 2917 2109 2958 vere
2141 2917 2347 2959 carnes
2392 2903 2518 2973 ejus
2539 2910 2811 2960 comestae
2861 2904 2979 2960 sint
3010 2918 3038 2960 a
3073 2903 3303 2976 populo,
3330 2907 3389 2960 et
3423 2919 3558 2960 vere

1921 3013 1946 3041 «
1981 2992 2216 3061 sanguis
2238 2993 2367 3063 ejus
2388 2992 2462 3049 sit
2495 2992 2747 3057 bibitus;
2772 2997 2985 3061 tamen,
3013 2997 3075 3049 ut
3094 2992 3308 3063 dixi,et
3331 2992 3560 3063 integer
3590 3060 3595 3067 .

152 3098 179 3122 ι
212 3089 380 3132 suam
414 3077 717 3148 imaginem
749 3084 1089 3143 reformans.
1126 3088 1179 3142 Si
1222 3089 1370 3144 enim
1403 3091 1552 3147 alius
1587 3092 1798 3148 faceret
1833 3121 1882 3184 Ο
1916 3084 2300 3151 «permanet,
2327 3102 2336 3132 1
2361 3085 2381 3135 t
2409 3081 2832 3149 immaculatus,
2860 3082 3321 3151 etvivus.lgitur
3341 3094 3559 3152 corpus

155 3186 177 3214 ι
210 3164 524 3236 hominem,
559 3172 619 3225 et
647 3169 798 3227 alius
832 3173 1177 3242 redimeret;
1214 3178 1503 3235 redimens
1536 3180 1670 3251 plus
1702 3181 1801 3236 ho-

150 3272 182 3304 α
213 3253 381 3310 noris
431 3254 541 3312 sibi
587 3266 933 3331 assumeret,
968 3268 1143 3334 atque
1201 3265 1279 3322 ita
1312 3274 1371 3322 et
1404 3270 1555 3325 Deus
1608 3284 1709 3340 per
1741 3284 1801 3326 se

153 3364 182 3391 α
218 3342 641 3415 redempturus
673 3354 822 3417 erat,
842 3357 901 3407 et
926 3352 1096 3409 homo
1119 3368 1232 3411 non
1258 3356 1365 3412 nisi
1393 3372 1493 3428 per
1511 3372 1572 3413 se
1598 3358 1801 3414 redimi

156 3449 186 3477 ε
219 3433 488 3500 poterat;
513 3434 642 3503 quia
660 3436 928 3494 videlicet
964 3440 1044 3495 nil
1067 3441 1282 3498 homini
1313 3445 1441 3514 jure
1467 3446 1804 3504 redimendo

157 3536 186 3564 ι
210 3518 839 3595 proliceret,quidquid
855 3526 1009 3584 aliud
1027 3544 1195 3600 quam
1211 3532 1497 3590 hominem
1515 3534 1805 3592 induendo

160 3627 189 3656 α
218 3606 374 3664 Deus
423 3610 763 3679 perficeret;
794 3620 855 3669 ut
902 3630 972 3672 ex
1002 3617 1109 3674 hoc
1141 3618 1364 3690 liquido
1393 3626 1622 3679 constet
1652 3626 1803 3694 quod

160 3710 367 3753 «unus
398 3701 573 3769 atque
605 3700 777 3770 idem,
814 3704 966 3761 Deus
1019 3708 1079 3762 et
1118 3707 1306 3779 homo,
1344 3711 1679 3783 redemptor
1708 3713 1806 3769 ho-

159 3807 186 3833 ι
219 3784 399 3841 minis
469 3792 682 3844 exstet.
750 3792 931 3861 Igitur
991 3796 1224 3853 omnino
1276 3799 1359 3853 sic
1405 3814 1539 3856 esse
1572 3816 1805 3859 necesse

157 3897 183 3921 ιι
218 3876 311 3931 est
332 3876 510 3945 quod,
535 3877 767 3936 dicente
798 3883 914 3937 Deo
947 3882 1381 3957 velmaudante,
1408 3903 1517 3944 non
1543 3903 1674 3946 esse
1693 3906 1802 3947 non

158 3984 188 4011 α
217 3967 436 4033 potest.
458 3964 606 4022 Ecce
628 3968 768 4024 Novi
792 3973 847 4024 et
897 3970 1127 4027 Veteris
1168 3974 1517 4031 Testamenti
1552 3992 1655 4034 nos
1684 3979 1805 4036 hac

158 4072 185 4099 ι
217 4052 581 4109 auctoritate
626 4056 938 4128 probamus
973 4078 985 4113 :
1036 4062 1251 4130 quibus
1280 4064 1664 4136 Bercngarius
1690 4070 1807 4123 ter-

156 4162 182 4186 α
213 4139 367 4221 tium
400 4140 584 4213 addit,
646 4145 799 4216 quod
832 4162 943 4204 non
1008 4149 1196 4207 minus
1241 4167 1408 4223 quam
1440 4155 1679 4213 tertium
1736 4156 1806 4213 de

158 4250 187 4279 α
216 4230 373 4290 calo
423 4233 711 4291 cecidisse
757 4237 1029 4294 Catonem
1080 4241 1475 4311 reprobamus.
1511 4244 1607 4300 Eia
1639 4260 1803 4317 ergo,

157 4342 186 4370 ιι
216 4326 355 4393 post
389 4321 505 4379 duo
545 4324 931 4396 Testamenta,
991 4328 1231 4385 tertium
1267 4330 1403 4397 hoc;
1437 4336 1496 4388 et
1529 4332 1658 4390 ideo
1691 4339 1804 4390 ter-

1917 3189 1944 3222 «
1978 3170 2177 3225 hocab
2201 3169 2309 3239 bis,
2345 3169 2556 3241 quibus
2588 3169 2685 3225 ille
2720 3169 3106 3242 participibus
3131 3169 3427 3241 particeps
3443 3174 3556 3239 est,

1916 3278 1943 3310 «
1976 3274 2038 3315 se
2094 3259 2286 3315 vivum
2345 3263 2406 3315 et
2463 3259 2751 3330 integrum
2782 3264 2841 3315 et
2902 3258 3189 3315 incolume
3248 3257 3558 3330 recipiens,

1920 3371 1944 3397 α
1976 3347 2160 3404 multo
2196 3347 2378 3418 magis
2407 3348 2478 3404 ab
2510 3348 2599 3403 his
2635 3348 2750 3419 [qui
2785 3347 2912 3418 ejus
2948 3348 3151 3419 gratiae
3184 3363 3295 3404 non
3325 3347 3562 3419 partici-

1918 3456 1945 3489 «
1978 3436 2140 3508 pant]
2174 3436 2399 3506 colligit
2442 3436 2495 3491 in
2534 3451 2771 3507 regnum
2807 3452 2994 3493 suum.
3024 3438 3143 3493 Hoc
3168 3435 3397 3492 interim
3430 3434 3563 3492 cha-

1922 3547 1948 3575 «
1980 3525 2140 3580 ritati
2160 3530 2277 3581 tua
2304 3530 2445 3595 puto
2468 3526 2754 3593 suillcere,
2774 3525 2907 3581 dum
2931 3524 3290 3581 videamussi
3312 3524 3387 3581 sit
3412 3538 3560 3596 opus

1918 3633 1945 3665 «
1975 3613 2065 3681 his
2086 3612 2304 3684 aliquid
2327 3613 2600 3682 adjicere.
2628 3615 3036 3670 Verumtamen
3057 3618 3113 3669 et
3140 3614 3291 3685 quod
3328 3612 3468 3682 dixi,
3502 3616 3560 3669 et

1920 3726 1945 3752 ει
1979 3703 2027 3758 si
2059 3702 2197 3773 quid
2218 3703 2485 3759 dicturus
2515 3717 2662 3773 sum,
2690 3703 2807 3759 tuis
2837 3703 3203 3760 orationibus
3222 3707 3281 3759 et
3304 3702 3559 3759 omnium

1920 3811 1947 3843 «
1981 3791 2072 3863 pie
2103 3793 2172 3848 de
2197 3806 2284 3847 me
2305 3791 2680 3849 sentientium
2700 3792 3078 3859 commendo;
3105 3791 3395 3863 quoniam,
3430 3776 3565 3847 etsi

1918 3899 1945 3931 «
1980 3881 2193 3938 mortui
2227 3885 2364 3937 sunt
2394 3882 2829 3937 obtrectatores
2855 3881 3204 3951 Hieronymi,
3263 3886 3560 3938 auctorem

1922 3992 1948 4020 «
1975 3969 2423 4026 obtrectationis
2444 3968 2774 4040 hujusmodi
2806 3968 3000 4025 vivere
3031 3968 3347 4041 perpendo.
3384 3988 3405 4021 ι

1985 4058 2202 4114 Taliter
2232 4059 2324 4114 hic
2348 4057 2516 4113 miles
2538 4057 2820 4113 emeritus
2837 4056 3302 4128 armisjustitia,
3324 4056 3434 4113 fide
3451 4058 3561 4113 sci-

1917 4149 2053 4205 licet
2071 4147 2197 4219 ipse
2211 4150 2268 4203 et
2286 4146 2573 4201 charitate
2591 4145 2867 4211 munitus,
2886 4145 3186 4216 perfidiam
3204 4146 3563 4215 Berengarii-

1916 4238 1973 4293 in
2008 4237 2130 4294 acie
2190 4235 2412 4292 Domini
2470 4234 2848 4304 constitutus,
2884 4248 2990 4291 suo
3049 4232 3177 4291 loco
3206 4234 3562 4307 expugnavit

1919 4318 2530 4390 invictissimus.Quod
2549 4327 2763 4395 quanta
2780 4323 2983 4380 fecerit
2999 4322 3562 4394 devotione,testan-

156 4431 183 4459 «ι
210 4409 386 4478 tium,
420 4410 554 4480 quia
601 4413 674 4468 ab
700 4412 786 4469 eis
839 4414 1149 4485 alienatur,
1209 4419 1405 4475 verbis
1461 4420 1646 4493 ipsius
1673 4438 1807 4480 auc-
1834 4458 1888 4519 Β
1921 4421 2036 4485 tur,
2071 4429 2214 4485 quas
2238 4412 2535 4483 fundebat,
2561 4413 2858 4470 orationes
2875 4416 2933 4469 et
2958 4412 3247 4485 lacryma,
3272 4415 3562 4483 quatenus

214 4498 368 4519 μέ,-
424 4498 793 4519 ,μμμηω
864 4502 916 4519 η.
1452 4513 1460 4519 ,
2007 4505 2019 4519 .
2108 4504 2147 4519 ,.
2570 4505 2612 4519 ,ι
3015 4500 3153 4519 ηιμ

159 4520 185 4547 ε
214 4498 392 4569 toris,
424 4498 503 4555 ita
537 4498 833 4570 loquitur:
864 4502 918 4559 Si
946 4519 1139 4561 mures
1158 4513 1565 4565 consecratum
1589 4526 1804 4583 corpus

155 4605 186 4637 α
219 4586 442 4644 Christi
466 4590 867 4659 comederint;
893 4607 1003 4648 non
1051 4592 1179 4649 ideo
1219 4595 1487 4653 Christus
1519 4598 1574 4654 in
1606 4600 1712 4671 eis,
1745 4605 1803 4656 et

157 4675 328 4747 «ipsi
362 4676 421 4731 in
477 4676 707 4735 Christo
762 4680 1097 4749 manebunt,
1160 4698 1263 4738 nec
1294 4685 1473 4741 vitam
1526 4691 1803 4744 aternam

160 4785 187 4813 ι
218 4763 542 4822 habebunt.
578 4765 623 4821 Ο
654 4766 703 4822 si
734 4782 886 4824 nunc
919 4770 1072 4840 apud
1113 4770 1329 4829 inferos
1359 4776 1553 4831 tortor
1584 4778 1802 4832 Horatii

157 4874 184 4901 ι
218 4851 507 4924 desideat,
544 4853 679 4911 dum
723 4856 949 4912 hostem
982 4858 1258 4916 Ecclesia
1305 4861 1456 4918 hunc
1488 4864 1683 4919 verbis
1716 4864 1805 4921 his

152 4958 183 4990 α
215 4940 487 4998 derideat
521 4962 534 4997 :

223 5031 596 5089 Parturimt
617 5032 861 5103 montes,
886 5034 1166 5093 nascetm-
1189 5036 1507 5096 riduculus
1535 5050 1698 5098 mus!

152 5141 181 5169 ι
209 5119 720 5179 Putavimushunc
746 5122 901 5178 inter
923 5128 1149 5180 montes
1168 5126 1509 5198 exaltatum,
1537 5143 1802 5200 magnum

154 5229 183 5258 α
213 5206 357 5280 quid
412 5209 724 5281 parturire,
773 5210 908 5268 dum
939 5226 1076 5269 ecce
1109 5227 1304 5269 mures
1336 5214 1388 5270 in
1448 5216 1800 5287 adjutorium

155 5316 184 5349 α
216 5295 348 5367 ejus
380 5298 780 5372 conspicimus
842 5315 972 5356 eum
1006 5300 1075 5357 de
1132 5304 1401 5359 cavernis
1435 5305 1651 5362 accire.
1709 5310 1831 5368 Jam

226 5492 341 5579 (ig)
374 5493 437 5579 in
457 5495 709 5579 epistola
727 5497 1026 5579 encyclica
1044 5496 1417 5579 demartyrio
1447 5500 1517 5579 ὃςΔ
1536 5502 1801 5579 Andreae.

226 5495 341 5637 (12;
375 5495 437 5551 In
457 5495 709 5578 epistola
733 5497 1026 5580 encyclica
1053 5496 1124 5554 de
1137 5500 1417 5581 martyrio
1447 5500 1501 5581 S:
1536 5502 1801 5584 Andreae.

225 5566 318 5635 (13
372 5567 508 5624 Haec
540 5567 857 5626 Mizechom
892 5583 1013 5642 regi
1043 5568 1296 5628 Polonia
1329 5574 1547 5645 nupsxt,
1581 5574 1805 5650 fuitque

1919 4504 2148 4561 seducti
2199 4502 2638 4573 resipiscerent,
2689 4501 2979 4557 catholica
3014 4500 3157 4558 ﬁdes
3212 4500 3559 4556 intemerata

1918 4593 2294 4660 consisteret,
2328 4594 2384 4647 et
2419 4606 2447 4646 a
2485 4596 2645 4647 recto
2685 4591 2920 4646 tramite
2952 4589 3106 4646 nulla
3156 4589 3445 4661 pravitate
3475 4590 3559 4646 in-

1918 4685 2067 4740 fecta
2102 4681 2383 4737 deviaret.

1990 4777 2072 4827 12.
2107 4770 2207 4825 His
2229 4769 2307 4823 ita
2344 4767 2686 4840 pralibatis,
2722 4772 2991 4823 vertatur
3022 4766 3209 4839 stylus
3237 4767 3307 4823 ad
3339 4767 3557 4825 descri-

1918 4860 2167 4917 bendum
2194 4857 2415 4928 quales,
2442 4872 2549 4928 pro
2584 4856 2732 4913 bono
2756 4856 3023 4913 ecclesia
3047 4871 3183 4924 sua,
3212 4856 3451 4913 Cloteno
3480 4856 3559 4911 vi-

1916 4948 2133 5006 delicet
2162 4946 2412 5015 nomine,
2442 4944 2687 5016 pertulit
2710 4944 2960 5015 labores,
2984 4945 3118 5015 imo,
3145 4944 3190 5001 si
3222 4945 3333 5001 dici
3360 4944 3444 5001 fas
3465 4948 3561 5002 est

1914 5036 2380 5111 persecutiones.
2411 5032 2573 5100 Quod
2601 5032 3133 5103 qualitereccle’sia
3147 5031 3422 5091 collatum
3440 5033 3559 5091 fue-

1917 5128 1992 5184 rit
2022 5128 2079 5182 et
2122 5124 2398 5191 ablatum,
2436 5121 2638 5194 paucis
2688 5121 2927 5193 videtur,
2968 5122 3385 5188 intimandum;
3419 5137 3558 5194 quo-

1915 5216 2066 5273 niam
2099 5228 2211 5270 non
2233 5211 2481 5284 plcniter
2504 5209 2834 5267 advertitur
2858 5210 3033 5282 ratio,
3060 5211 3228 5281 cujus
3253 5211 3561 5281 ignoratur

1915 5307 2098 5377 origo.
2136 5301 2371 5358 Domina
2404 5299 2653 5355 Richeza
2684 5298 2818 5369 (l3),
2848 5299 3015 5369 cujus
3047 5298 3347 5368 genitores
3381 5300 3563 5358 Brun-

1920 5508 2105 5560 mater
2124 5498 2389 5574 Casimiri
2413 5496 2484 5554 de
2518 5508 2637 5574 quo
2657 5508 2832 5574 supra
2855 5494 3098 5574 egimus.
3134 5492 3270 5573 Ejus
3291 5495 3573 5574 sanctita-

1921 5575 1999 5632 tis
2012 5569 2339 5645 apologiam
2363 5566 2721 5641 conscripsit
2734 5566 2946 5624 contra
2968 5566 3223 5625 Polonia
3247 5566 3573 5632 scriptorcs
