3982 6056
382 252 487 314 115

1133 256 1206 319 Β.
1257 258 1765 322 \VOLPHELMI
1812 257 2160 323 ABBATIS
2207 258 3011 326 BRUNWILIERENSIS

3651 261 3778 328 416

368 388 681 449 wilerense
714 407 741 448 a
779 392 1168 451 fundamentis
1208 398 1622 453 exstruxerunt
1657 395 2004 467 coenobium,
2039 396 2092 456 A
2123 395 2430 466 genitricis
2464 395 2738 469 adimere,
2793 397 2943 470 quod
2983 397 3127 456 tanti
3163 392 3353 455 meriti
3406 396 3494 457 vir
3527 416 3632 473 pro
3665 416 3771 458 sua

370 478 504 535 fidei
537 496 603 539 ac
628 481 956 542 devotionis
991 485 1218 543 illorum
1241 489 1568 545 mmulatrix
1596 489 1873 557 existens,
1898 492 2010 543 ter-

372 582 641 627 renarum
678 576 1118 644 possessionum
1155 592 1389 634 suarum
1424 579 1705 635 ecclesias
1740 578 1835 633 Dei
1870 576 2005 631 fecit

370 658 651 729 hzeredes,
677 668 739 717 ut
765 665 925 733 regni
958 666 1237 736 caelestis,
1266 668 1383 738 ipsa
1403 683 1639 740 compos
1659 668 1804 724 efliei
1831 680 2009 721 mere-

372 754 537 804 retur
552 753 608 805 et
634 752 841 808 haeres.
868 755 1125 811 Tradidit
1150 757 1346 827 itaque
1372 759 1542 814 beato
1565 761 1738 815 Petro
1763 759 1814 815 in
1849 760 2008 816 Colo-

371 838 465 893 nia
490 839 775 910 Comburg
793 850 848 897 et
874 843 1145 914 Salevelt,
1173 862 1300 901 cum
1328 848 1615 904 universis
1647 850 2006 920 appendiciis

371 926 525 994 suis;
549 934 753 986 sancto
786 933 1247 990 veroNicolaoin
1267 937 1624 992 Brnnwilere
1650 938 1844 993 villam
1879 954 2006 1009 quie

373 1015 590 1072 dicitur
616 1017 876 1087 Cloteno,
898 1036 1029 1076 cum
1054 1025 1324 1080 omnibus
1352 1026 1639 1083 reditibus
1662 1028 1800 1083 suis.
1829 1028 2005 1094 Quam

374 1105 884 1175 traditionem,sub
901 1110 1208 1168 multarum
1228 1115 1613 1184 probabilium
1636 1132 2009 1187 personarum

371 1193 704 1249 testimonio
730 1196 955 1265 factam,
976 1214 1234 1269 praesens
1258 1203 1502 1259 domnus
1527 1206 2010 1276 episcopusAnno

369 1296 472 1337 sua
490 1284 841 1341 auctoritate
856 1291 1279 1359 corroboravit,
1300 1294 1682 1349 auctorizavit
1703 1312 1714 1359 ;
1732 1299 1811 1364 et,
1830 1301 1889 1351 ut
1909 1310 2010 1365 per

367 1370 581 1426 saecula
610 1371 946 1431 inconvulsa
980 1378 1356 1449 consisteret,
1388 1381 1725 1447 violatores,
1745 1391 2013 1454 raptores

369 1464 655 1530 perpetuo
677 1463 1369 1524 anathematedamnavit.
1398 1470 1669 1525 Solvente
1698 1486 1833 1525 vero
1858 1472 2014 1526 dem-

368 1562 436 1603 na
453 1548 699 1604 Richeza
737 1552 931 1621 regina
959 1556 1164 1611 mortis
1196 1558 1475 1625 debitum,
1513 1559 1644 1615 dum
1681 1560 2012 1615 deferretur

370 1636 711 1693 tumulanda
729 1639 785 1694 in
802 1642 1256 1700 Brunwilerensi
1272 1647 1557 1716 coenobio,
1579 1648 1660 1703 uti
1681 1648 1800 1718 ipsa
1819 1648 2015 1703 vivens

2123 487 2443 544 contulerit
2475 488 2801 545 devotione.
2839 490 2991 545 Tunc
3023 490 3111 545 vir
3142 489 3363 545 Domini
3409 491 3560 562 apud
3587 490 3776 548 archi-

2122 577 2454 650 epiSCOpum
2506 579 2732 634 minimc
2767 593 2828 634 se
2859 593 3107 634 cernens
3143 579 3443 649 proficere,
3484 596 3587 651 per
3624 595 3773 637 suos

2122 665 2350 734 legatos
2394 666 2611 736 regiam
2652 667 3135 737 magnificentiam
3180 667 3607 739 studuitadire,
3654 685 3776 725 0m-

2121 767 2365 825 nemque
2380 760 2563 825 gesta}
2588 756 2669 810 rei
2687 756 2947 811 ordinem
2968 756 3507 826 proclamare.Tune
3524 763 3775 827 quartus

2119 843 2403 900 Henricus
2437 860 2557 913 rex,
2616 846 2983 917 postmodum
3018 846 3406 901 Romanorum
3439 848 3767 916 Augustus,

2120 933 2217 1002 qui
2234 932 2330 987 illo
2353 938 2612 1005 tempore
2640 934 2797 1004 regni
2818 934 3204 990 monarebiam
3225 937 3464 991 strenue
3482 937 3773 1004 guberna-

2120 1020 2238 1091 bat,
2276 1023 2447 1091 hujus
2473 1023 2555 1078 rei
2581 1027 2877 1094 comperta
2911 1022 3388 1094 proclamatione,
3417 1024 3665 1095 spondet
3702 1039 3767 1081 se

2122 1110 2472 1167 omnimodis
2503 1111 2837 1167 adfuturum
2893 1111 3184 1183 juvamine
3221 1132 3232 1165 :
3294 1113 3506 1169 factum
3537 1112 3770 1183 quidem

2119 1200 2380 1269 graviter
2414 1202 2587 1271 ferre,
2623 1216 2914 1272 nunquam
2948 1215 3104 1269 vero,
3141 1203 3329 1271 quoad
3363 1201 3609 1272 viveret,
3645 1216 3776 1274 per-

2124 1290 2437 1345 missurum
2462 1290 2692 1345 stabilc.
2725 1290 3206 1346 Animadvertens
3228 1290 3401 1346 etiam
3430 1290 3634 1346 famam
3670 1291 3770 1346 bo-

2124 1378 2325 1432 nitatis
2360 1378 2550 1433 domni
2585 1379 3005 1450 archiepiscopi
3065 1379 3319 1434 Annonis
3352 1379 3457 1435 hac
3489 1380 3771 1450 przevari-

2126 1467 2353 1523 catione
2379 1467 2565 1537 legum
2599 1468 2683 1522 vel
2738 1467 2988 1536 justitize
3021 1483 3133 1523 non
3167 1468 3537 1524 mediocriter
3599 1476 3776 1539 pesse

2128 1556 2261 1611 obfu
2273 1556 2441 1615 scari.
2462 1571 2679 1610 memor
2694 1556 2910 1612 veteris
2923 1555 3190 1612 amicitiae
3208 1556 3257 1610 vi
3270 1556 3314 1611 ri
3333 1556 3426 1624 (ab
3445 1556 3542 1612 illo
3557 1556 3778 1628 quippe

2128 1644 2413 1699 educatus
2439 1644 2528 1700 vel
2556 1646 2808 1701 nutritus
2836 1646 3046 1713 fuerat)
3072 1645 3304 1700 mandat
3324 1645 3530 1701 domno
3554 1645 3779 1701 Hildol-

368 1725 779 1796 constituerat,
817 1745 943 1784 nam
978 1736 1034 1787 et
1070 1732 1258 1788 locum
1292 1735 1399 1789 sibi
1431 1736 1748 1806 sepulturae
1801 1737 2010 1791 ibidem
2044 1755 2096 1814 Β
2130 1733 2244 1802 pho
2267 1732 2394 1801 ejus
2419 1733 3028 1803 suceessori,Cloteno
3050 1733 3301 1789 celerius
3326 1734 3557 1789 restitui
3581 1748 3779 1789 caeno-

371 1812 799 1887 designaverat,
825 1819 994 1888 jussu
1024 1821 1288 1891 praedicti
1313 1824 1738 1896 archiepiscopi
1758 1826 2015 1881 Annonis

370 1916 584 1972 corpus
615 1905 741 1974 ejus
776 1905 830 1960 vi
858 1908 1164 1979 retinetur,
1199 1916 1255 1966 et
1291 1912 1345 1966 in
1378 1913 1631 1969 ecclesia
1673 1915 1809 1983 (14),
1845 1929 2012 1984 quam

368 1987 495 2061 ipse
527 1992 580 2046 in
613 1992 885 2051 honorem
921 1999 1105 2055 beata)
1143 2001 1235 2055 Dei
1261 2002 1563 2070 genitricis
1586 2017 1812 2074 semper
1844 2003 2016 2071 virgi-

370 2078 460 2134 nis
496 2080 684 2138 Mariae
710 2097 738 2137 a
757 2084 1132 2143 fundamento
1152 2094 1441 2159 erexerat,
1462 2090 1765 2161 sepelitur.
1795 2092 1916 2157 Quo
1943 2090 2016 2145 fa-

368 2170 873 2235 cto,memeratum
898 2172 1173 2230 allodium
1191 2176 1430 2231 Cloteno
1455 2177 1638 2232 eidem
1657 2179 1908 2233 contulit
1926 2194 2018 2234 ec-

369 2254 584 2327 clesiae,
611 2260 1303 2335 centradicentibusillis,
1324 2267 2017 2336 quibusardorejustitife

372 2343 491 2399 haec
526 2351 651 2403 erat
686 2350 757 2405 ad
791 2351 1098 2408 videndum
1133 2354 1404 2411 violentia
1438 2357 1653 2425 gravis.
1691 2358 1847 2412 Adeo
1882 2361 2017 2412 tunc

369 2432 460 2489 vir
496 2436 753 2505 prudens
776 2444 831 2494 et
859 2441 1277 2501 solertissimus
1304 2460 1610 2516 pravorum
1630 2445 2020 2502 fueratcensi-

376 2520 942 2597 liiscircuun'entus,
973 2547 1074 2587 nec
1100 2540 1339 2604 repente
1365 2538 1592 2607 poterat
1612 2535 1837 2591 animus
1856 2535 2023 2589 abin-

369 2617 563 2679 ceepto
598 2615 882 2683 revocari,
920 2618 1133 2689 quippe
1164 2620 1332 2690 cujus
1358 2628 1499 2677 nutu
1532 2623 1706 2679 etiam
1739 2626 1876 2678 tunc
1909 2621 2021 2678 dis-

373 2699 739 2765 ponebantur
771 2705 997 2772 negotia
1027 2708 1205 2776 regni.

449 2786 548 2841 His
582 2788 660 2843 ita
696 2792 966 2862 patratis,
1002 2794 1464 2867 imminentcjam
1498 2799 1623 2867 ejus
1646 2800 1851 2854 mortis
1883 2799 2021 2854 arti-

373 2874 526 2945 culo,
562 2880 722 2947 gravi
757 2881 933 2952 coapit
965 2884 1187 2939 anxiari
1246 2885 1600 2944 infirmitatis
1632 2888 2014 2945 incommodo.

373 2966 528 3023 Tunc
560 2968 649 3023 vir
681 2969 888 3025 beatus
935 2972 1332 3043 Wolphelmus
1386 2976 1609 3032 visendi
1642 2992 1771 3034 eum
1829 2979 2016 3047 gratia

374 3053 593 3124 adiens,
627 3055 782 3112 inter
811 3059 1229 3117 consolationis
1255 3063 1429 3119 verba
1458 3064 1629 3135 hujus
1663 3065 1741 3121 rei
1780 3066 2020 3121 mentio-

374 3156 498 3198 nem
527 3144 815 3215 iugerens,
844 3149 1065 3204 monuit
1088 3164 1216 3206 eum
1237 3152 1325 3222 pia
1353 3152 1742 3211 sollicitucine
1766 3156 1870 3211 hoc
1904 3154 2022 3226 pia-

371 3232 563 3289 culum
588 3236 847 3306 expiare,
874 3238 1383 3310 hanciujustitiarn
1417 3242 1718 3300 eliminare
1744 3244 2020 3315 :addens,

373 3321 479 3377 nisi
496 3324 904 3382 emendatione
922 3331 2019 3403 mutassetcommissum,perniciosuin

373 3409 500 3481 ejus
523 3412 726 3468 animae
760 3413 1060 3471 imminere
1084 3418 1429 3488 periculum.
1459 3421 1632 3490 Cujus
1659 3420 1774 3491 ille,
1808 3426 1870 3477 ut
1893 3427 2021 3478 erat

373 3497 463 3552 vir
487 3500 697 3556 mentis
722 3500 1006 3574 ingenuae,
1033 3506 1276 3576 benigne
1303 3512 1578 3579 suscepta
1603 3508 2015 3579 admonitione,

375 3586 567 3643 sciens
582 3604 711 3645 eum
737 3590 922 3647 virum
944 3593 1164 3662 justum
1190 3599 1245 3649 et
1262 3601 1547 3666 sanctum,
1575 3597 1873 3654 humiliter
1895 3600 2019 3669 ejus

374 3688 436 3730 se
469 3679 838 3735 commendat
882 3682 1153 3753 orationi,
1199 3684 1496 3754 spondens
1537 3686 1590 3740 in
1623 3685 1886 3756 proximo
1918 3693 2018 3742 aut

374 3762 525 3819 idem
562 3767 771 3823 bonum
798 3769 1183 3839 redditurum,
1220 3778 1319 3828 aut
1342 3772 1496 3828 aliud
1522 3775 1821 3845 reciproca
1845 3775 2018 3831 vicis-

372 3850 629 3909 situdine
663 3870 766 3925 pro
797 3857 1000 3913 eodem
1058 3858 1487 3916 restituturum.
1527 3862 1625 3917 llis
1658 3862 2016 3919 exhilaratus

372 3940 881 4014 promissionibus,
915 3947 1176 4015 gaudens
1202 3954 1417 4004 remeat
1443 3950 1512 4005 ad
1539 3951 1769 4021 prepria
1793 3952 2015 4008 Domini

374 4042 596 4087 servus.
634 4032 764 4101 Sed,
812 4035 951 4105 proh
1003 4035 1198 4091 dolor!
1233 4052 1404 4093 secus
1437 4054 1606 4109 quam
1644 4039 2010 4110 promiserat,

373 4118 618 4183 accidit;
655 4137 782 4177 nam
825 4123 1127 4181 immatura
1174 4131 1362 4182 morte
1396 4131 1728 4197 praeventus
1756 4127 1921 4199 obiit,
1955 4133 2012 4184 et

373 4220 501 4263 cum
535 4208 650 4264 vita
687 4210 740 4265 in
774 4212 981 4279 medio,
1018 4214 1169 4283 quod
1206 4215 1573 4286 promiserat,
1612 4216 2013 4287 imperfectum

373 4295 707 4369 dereliquit.
748 4300 928 4370 Igitur
961 4317 1088 4372 quae
1122 4317 1151 4357 a
1184 4304 1501 4373 majoribus
1532 4305 1767 4375 nostris,
1800 4306 2014 4362 coaevis

374 4382 643 4440 videlicet
670 4386 759 4442 vel
785 4388 1088 4459 discipulis
1112 4390 1430 4446 beatissimi
1459 4391 2009 4465 viri,comperimus,

2134 1821 2228 1877 bie
2272 1821 2745 1876 Brunwilerensi.
2804 1825 2873 1877 At
2898 1821 2996 1877 illo
3013 1822 3089 1877 nil
3113 1822 3260 1877 certi
3286 1822 3354 1877 ad
3381 1823 3504 1879 haec
3538 1836 3780 1894 respon—

2131 1907 2323 1977 dente,
2360 1910 2455 1965 sed
2498 1910 2695 1979 potius
2721 1910 2789 1965 de
2815 1910 2905 1965 die
2931 1910 2984 1965 in
3009 1910 3158 1965 diem
3195 1910 3515 1966 differendo
3546 1914 3783 1981 tempus

2131 1996 2473 2067 redimente,
2501 2013 2609 2053 non
2646 2014 2713 2053 ex
2740 2003 2875 2053 voto
2907 1998 3178 2063 consulti,
3216 2000 3315 2055 sed
3348 2014 3448 2070 spe
3485 1998 3778 2066 frustrati,

2132 2085 2359 2139 rediere
2396 2084 2586 2154 legati.
2622 2088 2774 2141 Tunc
2799 2088 2887 2142 vir
2916 2088 3157 2155 Domini,
3210 2088 3361 2143 omni
3400 2088 3650 2143 humano
3684 2086 3784 2141 de-

2130 2173 2377 2229 stitutus
2416 2172 2677 2244 consilio,
2714 2175 2849 2246 quid
2881 2178 3099 2245 ageret,
3137 2192 3249 2247 quo
3280 2191 3341 2231 se
3372 2180 3647 2245 verteret,
3677 2174 3782 2231 du-

2132 2260 2262 2318 bius
2295 2262 2645 2330 iluctuabat;
2679 2263 2779 2318 sed
2814 2265 2885 2319 ab
2919 2280 2987 2319 eo
3017 2263 3126 2320 sibi
3160 2279 3325 2335 opem
3352 2262 3441 2318 vel
3471 2262 3783 2329 consilium

2132 2351 2374 2421 ﬂagitat,
2401 2352 2499 2422 qui
2526 2351 2685 2408 solus
2703 2353 2864 2407 novit
2890 2352 2942 2407 in
2968 2352 3244 2423 periculis
3257 2358 3312 2408 et
3331 2351 3788 2408 necessitatibus

2132 2440 2466 2497 subvenire.

2209 2530 2294 2583 14.
2331 2530 2486 2584 Tunc
2521 2530 2649 2599 ejus
2682 2530 2883 2586 incidit
2918 2531 3128 2600 animo,
3172 2530 3251 2585 nil
3277 2531 3677 2602 praestantius,
3703 2529 3786 2584 nil

2135 2616 2465 2673 consultius
2498 2620 2637 2688 fore,
2689 2634 2855 2689 quam
2892 2618 3219 2689 pontificem
3253 2619 3411 2674 sedis
3442 2616 3784 2690 apostolicae

2137 2721 2315 2777 super
2350 2706 2455 2762 hac
2488 2721 2550 2762 re
2604 2707 3000 2778 interpellare.
3064 2709 3182 2775 Qua
3246 2707 3622 2779 inSpiratione
3655 2705 3775 2762 ani-

2133 2795 2412 2865 mzequior
2429 2797 2635 2865 factus,
2655 2797 2907 2851 destinat
2925 2797 3442 2866 velociterlegatos
3456 2796 3525 2853 ad
3541 2797 3778 2867 aposto-

2131 2882 2326 2951 licum,
2352 2887 2488 2939 tunc
2511 2885 2655 2940 forte
2675 2885 3085 2942 consistentem
3108 2886 3161 2941 in
3181 2884 3506 2943 confinibus
3523 2882 3773 2957 Alpium.

2133 2971 2239 3038 Qui
2267 2973 2362 3029 ubi
2387 2987 2580 3028 coram
2625 2980 2862 3030 senatus
2896 2975 3267 3045 primoribus,
3292 2978 3349 3029 et
3372 2975 3639 3029 Romanae
3672 2973 3777 3028 Ec-

2133 3060 2523 3133 clesizejudici
2536 3063 2642 3118 bus
2657 3063 2725 3117 ad
2762 3062 3041 3133 liquidum
3059 3063 3253 3119 verbis
3268 3078 3428 3134 papa}
3444 3075 3775 3132 exposuere

2076 3143 2103 3167 "
2136 3149 2379 3220 singula,
2432 3165 2560 3220 quae
2591 3153 2662 3206 ab
2695 3151 3138 3222 archiepiscopo
3167 3153 3402 3206 Annone
3432 3149 3501 3205 de
3531 3148 3777 3205 Cloteno

2136 3238 2348 3311 saepius
2378 3244 2698 3295 memorato
2748 3245 2910 3308 gesta
2946 3242 3126 3309 fuere,
3177 3239 3430 3295 omnium
3461 3242 3685 3294 mentes
3714 3242 3776 3292 et

2132 3327 2306 3384 corda
2341 3332 2550 3398 stupor
2568 3328 3093 3399 apprehenditcum
3116 3327 3495 3383 admiratione
3520 3340 3632 3381 non
3660 3339 3779 3381 mo-

2133 3416 2280 3471 dica.
2329 3417 2481 3472 Tunc
2511 3415 2757 3471 domnus
2783 3432 2923 3488 papa
2958 3415 3401 3481 Hildebrandus,
3429 3414 3525 3485 qui
3549 3421 3609 3470 et
3640 3412 3778 3470 Gre-

2130 3503 2435 3574 gorius,ex
2458 3504 2810 3560 auctoritate
2825 3505 2978 3560 beati
2996 3505 3151 3560 Petri
3170 3502 3417 3576 apostoli
3433 3517 3538 3574 per
3553 3502 3780 3574 episto-

2131 3591 2217 3648 las
2235 3592 2346 3662 (15)
2378 3606 2514 3648 suas
2529 3591 2831 3648 denuntiat
2848 3591 3057 3647 domno
3076 3591 3384 3663 Hildolpho
3398 3592 3526 3661 ejus
3541 3604 3777 3648 succes-

2130 3680 2346 3751 sori,ne
2363 3680 2471 3737 sub
2485 3680 2681 3752 specie
2700 3681 2935 3752 pietatis
2952 3680 3498 3737 defensorcxistens
3514 3679 3781 3752 impieta-

2130 3770 2226 3838 tis,
2256 3768 2519 3837 tlloteno,
2549 3768 2999 3825 Brunwilerensi
3025 3766 3784 3825 Ecclesizeviolenterabla-

2132 3858 2424 3927 tum,diuti
2439 3873 2502 3913 us
2518 3857 3326 3927 patiaturirrevocatum.Non
3340 3859 3471 3927 eget
3486 3856 3774 3928 inquiens,

2126 3947 2975 4017 ofili,Deusotferriquidquam
3017 3961 3090 4002 ex
3133 3946 3579 4017 injustitiasibi;
3613 3959 3773 4015 quia,

2128 4036 2472 4106 utlegimus.
2493 4036 2577 4091 sic
2613 4036 2826 4091 eiiiunt
2858 4035 3108 4091 victinue
3143 4050 3215 4090 ex
3249 4035 3468 4106 rapina,
3488 4032 3778 4105 quomodo

2130 4124 2176 4179 si
2232 4128 2447 4180 mactet
2482 4124 2614 4194 quis
2660 4123 2835 4179 filium
2888 4123 2942 4178 in
2980 4123 3161 4193 patris
3218 4122 3532 4194 praesentia
3564 4120 3774 4193 (Eccli.

2130 4228 2321 4282 xxxxv,
2360 4215 2470 4283 24).
2507 4214 2873 4268 Patratorem
2902 4212 3130 4282 quidem
3157 4211 3469 4268 multorum
3495 4211 3778 4267 bonorum

2130 4300 2468 4370 agnovimus
2493 4301 2730 4355 fratrem
2764 4307 3028 4356 nostrum
3060 4302 3353 4355 Annonem
3386 4298 3782 4369 archiepisco-

2132 4404 2296 4460 pum;
2329 4390 2426 4444 sed
2452 4392 2644 4443 tamen
2681 4388 2735 4443 in
2773 4389 2875 4443 hac
2914 4392 3080 4458 parte
3112 4387 3343 4443 minime
3373 4385 3781 4443 defendendus

376 4469 628 4528 ﬁdeliter
657 4474 810 4543 style
861 4481 1240 4546 percurrente
1284 4478 1665 4548 digessimus:
1694 4496 1844 4538 nunc
1887 4498 2015 4552 qua;
2048 4472 2098 4529 D
2130 4486 2222 4533 est
2246 4492 2358 4533 non
2385 4491 2650 4543 errasse;
2676 4476 2809 4531 dum
2838 4475 2990 4547 quod
3007 4475 3426 4533 beatoNicolao
3452 4474 3778 4547 praeripuit,

377 4560 598 4615 nostris
628 4560 745 4616 sint
787 4567 913 4619 acta
964 4566 1351 4637 temporibus,
1387 4574 1446 4623 et
1474 4568 1582 4639 ipsi
1638 4569 1911 4641 vidimus,
1959 4572 2015 4626 in

376 4651 679 4715 gestorum
713 4650 871 4707 illius
901 4653 1161 4710 ordinem
1196 4657 1533 4713 referamus.

447 4739 535 4791 13.
568 4738 705 4795 Post
736 4754 1043 4797 excessum
1100 4743 1296 4814 itaque
1331 4746 1685 4802 venerabilis
1740 4747 2023 4817 archiepi-

382 4826 543 4896 scopi
579 4828 856 4899 Annonis,
881 4830 1129 4889 domnus
1159 4832 1500 4904 Hidolphus,
1538 4850 1649 4891 non
1673 4835 1891 4906 absque
1924 4838 2027 4890 Co-

384 4912 994 4991 loniensiuminjuria,
1053 4922 1409 4993 praesulatus
1451 4923 1703 4978 obtinuit
1736 4924 1979 4993 insignia
2013 4943 2024 4980 :

384 5003 485 5072 qui
519 5020 696 5075 super
728 5010 833 5066 hac
861 5011 1060 5066 eadem
1087 5026 1148 5066 re
1174 5012 1392 5083 saepius
1414 5015 1503 5066 est
1527 5016 1851 5068 conventus
1883 5027 1913 5067 a
1940 5028 2031 5067 ve-

387 5095 634 5151 nerabili
660 5098 853 5155 Patre.
883 5099 987 5165 Qui
1016 5100 1391 5170 praemonitus
1417 5113 1446 5154 a
1469 5100 1732 5170 praedicti
1767 5099 1876 5155 loci
1900 5114 2034 5155 con-

384 5184 750 5257 gregatione,
781 5188 1090 5259 respondit
1113 5204 1175 5244 se
1191 5188 1345 5245 nulla
1372 5190 1599 5245 ratione
1621 5188 1675 5243 id
1701 5193 1920 5244 sanctae
1934 5185 2033 5243 Dei

383 5334 667 5407 Gelenius.
701 5335 891 5406 Ipsius
922 5350 1059 5391 vero
1082 5352 1287 5392 nomen
1313 5337 1490 5393 variis
1515 5336 1567 5391 in
1595 5336 2021 5407 Martyrologiis

381 5405 731 5487 inscriptum
765 5411 877 5487 est,
916 5407 1130 5487 qua_de
1166 5424 1225 5463 re
1250 5408 1467 5487 videsis
1496 5411 1634 5463 tom.
1671 5408 1710 5461 V
1735 5405 1861 5462 Maii
1898 5408 2021 5462 Bol-

380 5476 639 5534 landiani
671 5476 765 5531 die
796 5481 859 5547 21
897 5476 1157 5547 ejusdem
1191 5478 1423 5534 mensis.

454 5547 567 5620 (16)
597 5547 729 5605 Πεθο
746 5546 997 5605 ecclesia
1031 5549 1315 5606 hactenus
1339 5552 1453 5605 stat
1491 5549 1762 5621 Colonize,
1789 5563 1916 5621 quae
1939 5548 2021 5605 di-

2132 4569 2349 4622 sancta:
2366 4565 2644 4621 Genitrici
2662 4566 2759 4619 Dei
2775 4570 3005 4635 gratum
3023 4563 3424 4620 holocaustum
3441 4561 3778 4629 aestimavit,

2133 4654 2362 4710 dicente
2382 4654 2620 4709 Domino
2635 4669 2740 4723 per
2766 4654 3140 4724 prophetam:
3180 4652 3334 4719 Quia
3373 4665 3477 4722 ego
3493 4652 3785 4709 Dominus

2137 4741 2396 4813 diligens
2399 4740 2726 4813 judicium,
2752 4741 2811 4797 et
2826 4741 2959 4797 odio
2991 4739 3212 4797 habens
3227 4740 3507 4811 rapinam
3528 4740 3594 4796 in
3619 4738 3786 4797 hala-

2136 4830 2338 4888 causto
2379 4830 2551 4898 (Isai.
2605 4845 2713 4898 LXI,
2747 4833 2821 4899 8).
2868 4831 2979 4884 Nec
3014 4829 3098 4885 fas
3125 4832 3218 4886 est
3255 4842 3284 4883 a
3318 4826 3590 4884 fidelibus
3622 4828 3784 4885 credi

2142 4924 2384 4974 matrem
2416 4917 2796 4988 discrepat-ea
2822 4916 3127 4972 voluntate
3152 4915 3274 4986 filii,
3304 4916 3439 4973 dum
3464 4917 3519 4974 id
3536 4932 3786 4989 prorsus

2142 5011 2365 5062 constet
2404 5006 2667 5083 utrisque
2700 5005 2998 5077 proprium
3031 5008 3206 5075 atque
3241 5020 3547 5061 commune
3578 5003 3781 5060 eadem

2144 5095 2292 5153 velle
2324 5102 2385 5151 et
2413 5094 2614 5151 eadem
2647 5093 2819 5150 nolle.
2856 5096 2925 5149 At
2962 5098 3041 5159 tu,
3069 5107 3137 5149 ne
3163 5093 3527 5150 defendendo
3556 5091 3787 5162 injusti-

2150 5186 2286 5241 tiam
2313 5184 2569 5241 videaris
2591 5182 2881 5239 offendere
2906 5184 3102 5247 Deum,
3131 5181 3270 5237 tolle
3294 5181 3365 5237 de
3384 5180 3570 5238 medio
3604 5180 3781 5250 quod,

2131 5336 2285 5393 citur
2318 5337 2485 5391 beata
2517 5334 2690 5389 Maria
2724 5333 2792 5387 ad
2819 5332 3061 5393 Gradus.
3085 5338 3173 5388 est
3207 5347 3319 5402 que
3351 5332 3683 5400 collegiata,
3709 5330 3783 5385 de

2133 5422 2244 5478 qua
2273 5405 2545 5478 Gelenius
2577 5404 2727 5460 libro
2759 5418 2821 5459 ιιι
2853 5403 3197 5478 Mirabilium
3234 5402 3504 5478 Colonia}:

2203 5478 2312 5549 (15‘;
2348 5476 2716 5549 Haalitteraa
2741 5488 2852 5549 non
2897 5473 3269 5549 reperiuntur
3306 5472 3460 5527 inter
3481 5471 3785 5539 Gregoria-

2131 5545 2254 5620 nas,
2291 5545 2419 5621 quae
2452 5547 2507 5603 in
2539 5546 2666 5614 ejus
2686 5545 2956 5615 Registro
2984 5548 3236 5601 exstant.
