3982 6056
159 227 288 296 417

1761 169 1977 304 ml.

3449 248 3572 312 418

159 369 316 425 alias
341 366 474 426 licet
508 368 717 439 bonus,
746 368 836 426 hic
869 367 1014 427 male
1036 371 1340 428 consultus
1389 373 1671 430 commisit
1696 373 1816 446 epi-
1843 376 1898 436 A
1928 375 2222 434 wilereusi
2247 377 2392 450 ﬁeri,
2421 379 2586 451 juxta
2608 381 2940 439 mandatum
2961 387 3018 439 et
3053 382 3398 453 legationem
3437 401 3574 460 apo-

157 473 388 528 scopus
412 461 572 513 Anno
608 477 619 511 :
658 473 725 513 ne
756 466 814 513 ct
839 458 998 515 illius
1032 461 1444 517 detrimentum
1478 462 1552 518 sit
1583 479 1814 520 coronze

157 551 221 600 et
247 546 357 600 tibi
391 546 625 602 occasio
650 546 853 618 culpa.

239 639 322 690 l3.
356 634 695 704 Hujusmodi
721 637 980 706 paternis
1030 637 1524 696 admonitionibus
1579 655 1608 696 a
1655 641 1818 697 sedis

157 723 510 796 apostolicae
534 723 885 779 auctoritate
899 726 1208 797 susceptis,
1229 727 1494 798 praedicti
1519 729 1818 798 pontificis

163 811 466 882 llildolphi
492 811 740 881 magisiu
766 813 1018 869 furorem
1042 830 1246 870 versus
1271 816 1620 880 estanimus,
1645 832 1814 886 quam

159 901 234 955 ad
258 900 556 970 justitiam
571 899 665 956 vel
681 900 1526 974 miscricordiamprovocatus.
1558 905 1816 976 Denique

157 993 455 1044 convocat
488 988 763 1045 Ecclesiae
777 989 1139 1046 Coloniensis
1155 991 1460 1062 primores,
1489 1007 1550 1048 se
1562 994 1670 1048 dill‘
1667 1009 1816 1050 ama-

161 1085 282 1133 tum
307 1079 724 1133 etaccusatum
753 1093 852 1149 per
884 1078 1070 1134 virum
1097 1079 1194 1134 Dei
1255 1095 1626 1152 conquerens
1660 1084 1812 1154 apud

157 1165 579 1237 apostolicum.
613 1167 767 1222 Tunc
801 1167 888 1222 vir
917 1167 1282 1237 mitissimus,
1308 1168 1397 1224 hic
1419 1170 1715 1226 humiliter
1731 1187 1816 1226 re-

160 1253 363 1309 nitens
388 1253 818 1322 objectiouibus
853 1275 864 1309 :
894 1256 1252 1326 Proferatur,
1272 1257 1481 1328 inquit,
1503 1275 1535 1314 o
1561 1259 1812 1328 domine,

159 1343 214 1397 in
248 1341 533 1411 medium,
561 1343 607 1398 si
640 1343 853 1414 placet,
879 1344 1298 1415 accusationis,
1318 1345 1814 1414 tcstimonium;si

157 1445 395 1500 nequeo
431 1445 519 1486 me
555 1446 838 1488 excusare
871 1431 942 1487 de
974 1433 1186 1503 quibus
1209 1433 1486 1490 criminor
1505 1451 1532 1490 a
1560 1442 1638 1505 te,
1675 1441 1814 1492 tunc

157 1518 396 1574 demum
433 1520 607 1588 digne
621 1520 937 1576 convincar
967 1519 1244 1576 oﬂ’eusam
1262 1521 1561 1579 meruisse.
1585 1523 1818 1595 Episco-

157 1621 268 1678 pus
293 1606 498 1677 itaque
519 1607 711 1662 domui
739 1607 1049 1678 apostolici
1089 1610 1398 1680 epistolam
1460 1616 1667 1666 tenens
1697 1628 1815 1682 pra;

157 1695 458 1764 manibus,
485 1695 784 1766 legendam
812 1696 990 1752 tradit
1016 1697 1072 1751 in
1099 1697 1352 1769 publico,
1389 1701 1686 1756 aestimans
1713 1715 1814 1772 per

156 1783 290 1853 ejus
311 1782 660 1839 relationem
693 1788 940 1840 cunctos
965 1784 1020 1839 in
1045 1785 1201 1842 servi
1226 1787 1326 1842 Dei
1352 1788 1564 1843 armari
1586 1793 1817 1845 contra-

158 1871 506 1928 dictionem.
543 1872 666 1938 Qua
698 1872 945 1928 recitata
979 1873 1178 1944 plures
1197 1887 1501 1932 assensere
1526 1876 1812 1933 uilactum

159 1959 403 2030 dignum
437 1961 774 2017 offensione.
812 1961 1055 2028 Quidam
1088 1978 1226 2018 vero
1259 1964 1581 2035 Bezeliuus,
1611 1966 1815 2022 domus

159 2049 224 2118 [ἱ.
251 2047 470 2105 eccles.
504 2049 882 2122 cathedralis]
937 2051 1090 2107 beati
1123 2052 1281 2106 Petri
1317 2053 1562 2124 apostoli
1585 2059 1811 2125 custos,

157 2152 294 2192 cum
315 2136 472 2208 aliis,
490 2137 836 2208 quibuserat
853 2139 1082 2196 animus
1097 2155 1216 2195 rem
1233 2141 1428 2211 potius
1444 2143 1810 2212 perturbare.

155 2240 338 2296 quam
371 2240 444 2282 ex
467 2226 1056 2298 aaquodetermiuare,
1081 2243 1212 2285 cum
1242 2228 1397 2285 aliud
1451 2245 1563 2285 non
1597 2231 1817 2286 inveni-

157 2319 294 2370 rent
321 2314 481 2385 quod
497 2314 910 2386 obtenderent,
927 2332 1036 2372 non
1053 2317 1272 2388 absque
1305 2333 1412 2374 suo
1429 2318 1704 2376 consultu
1721 2334 1814 2390 pa-

153 2417 295 2473 pam
327 2417 508 2473 super
541 2403 648 2458 hac
677 2418 740 2458 re
769 2409 1042 2460 asserunt
1067 2405 1301 2462 licuisse
1343 2411 1640 2478 expetere.
1669 2409 1810 2463 Dum

153 2490 316 2546 facili
335 2492 712 2563 responsione
727 2493 872 2548 hanc
897 2493 1120 2548 Domini
1148 2493 1397 2550 famulus
1425 2493 1812 2564 objectiouem

152 2579 450 2650 quivisset
483 2580 776 2648 refellere,
805 2581 1065 2654 episcOpi
1119 2582 1300 2654 magis
1351 2583 1598 2639 furentis
1655 2583 1810 2654 odio,

153 2682 330 2738 quam
351 2669 576 2739 justum
593 2669 838 2739 judicio,
874 2670 1204 2740 injuriatur,
1231 2670 1624 2727 calumniatur
1646 2689 1660 2737 ;
1681 2687 1816 2728 con-

151 2757 328 2812 viciis
345 2758 1236 2828 quoqueetcontumeliis,secus
1252 2774 1420 2829 quam
1438 2759 1556 2830 pati
1577 2759 1812 2829 dignum

155 2845 354 2899 fuerat
370 2849 546 2901 tanta:
573 2847 915 2902 reverentiae
935 2846 1141 2917 virum,
1160 2852 1498 2918 attrectato,
1519 2854 1814 2919 postremo

153 2933 336 2988 etiam
356 2934 723 2991 terribilibus
737 2935 1124 2992 sacramentis
1139 2936 1452 3007 pastoralis
1466 2953 1620 2993 cura:
1645 2939 1816 2994 bacu-

154 3023 280 3078 lum
313 3021 725 3094 adempturum
749 3023 1020 3080 minatur.
1047 3027 1199 3081 Tunc
1225 3025 1310 3082 vir
1329 3025 1536 3082 beatus
1574 3026 1628 3081 iu
1671 3026 1816 3096 inju-

156 3111 266 3166 riis
288 3111 783 3184 patientissimus,
816 3113 1038 3169 virtute
1085 3114 1432 3170 constantiae
1477 3117 1812 3185 roboratus,

154 3198 602 3269 timorenudus,
643 3201 1113 3257 adversariorum
1163 3202 1476 3258 conatibus
1505 3203 1814 3274 respondit

163 3287 839 3358 intrepidus(uesciebat
859 3290 1073 3362 quippe
1091 3291 1403 3359 mensjusti
1435 3305 1668 3362 pavere,
1686 3307 1814 3361 quae

161 3375 325 3430 nulla
363 3376 752 3446 torquebatur
773 3378 1132 3434 conscientia
1186 3378 1435 3450 culj~:e):
1469 3379 1667 3436 Divina
1712 3395 1818 3436 nos

158 3463 490 3518 comitante
523 3462 831 3522 clementia
848 3481 960 3520 non
989 3465 1080 3521 hic
1098 3466 1268 3522 hodie
1306 3467 1705 3538 praajudicium
1722 3483 1815 3524 ve-

163 3566 368 3607 remur
399 3551 718 3623 incurrere,
749 3570 948 3625 puram
966 3561 1238 3624 gerentes
1273 3555 1816 3624 conscientiam,to-

159 3640 288 3695 tius
301 3655 546 3711 prorsus
561 3641 986 3698 criminationis
1005 3643 1314 3699 innoxiam:
1342 3644 1442 3700 Hic
1456 3659 1646 3700 sermo
1659 3645 1815 3700 vide-

161 3733 263 3782 tur
293 3727 642 3799 completus,
672 3729 766 3786 ubi
792 3729 1010 3786 dicitur
1054 3733 1116 3787 ut
1157 3730 1249 3788 leo
1298 3732 1815 3800 conliderejustus

128 3840 144 3856 -
159 3815 370 3883 (Prov.
397 3831 588 3886 xxvm,
617 3817 690 3889 1).
721 3819 858 3874 Dum
875 3818 995 3875 haac
1020 3823 1107 3876 est
1124 3819 1214 3875 his
1235 3819 1445 3876 similia
1463 3821 1680 3876 virDco
1698 3821 1814 3891 ple-

159 3903 692 3962 nusefﬁcacissime
705 3906 797 3978 loq
808 3907 1194 3976 ueretur,oris
1212 3908 1813 3980 gratiam,mentisque

161 3995 563 4050 constantiam
611 4011 812 4052 omnes
851 3996 1045 4053 aemuli
1078 3997 1440 4053 mirabantur
1474 4017 1486 4051 :
1529 4002 1586 4052 et
1635 3998 1811 4054 veluti

161 4095 282 4137 uox
313 4082 577 4153 quaedam
617 4088 678 4139 et
721 4083 979 4142 tenebrae
1029 4085 1322 4142 mentibus
1367 4101 1565 4142 eorum
1607 4086 1812 4142 infusae

161 4170 306 4241 quid
339 4178 600 4242 agerent,
633 4187 826 4243 quose
845 4176 1167 4244 verterent,
1202 4173 1361 4230 dubii
1394 4175 1699 4245 nutabant,
1717 4175 1814 4231 do-

163 4258 360 4315 lentes
382 4274 445 4315 se
465 4275 633 4316 casso
661 4266 1040 4333 consumptos
1055 4261 1274 4332 labore,
1293 4277 1405 4318 non
1422 4263 1807 4332 invenientes,

162 4362 278 4417 qua
302 4352 473 4418 parte
495 4363 625 4404 eum
655 4355 934 4420 caperent
960 4349 1014 4404 in
1047 4363 1225 4421 opere
1255 4355 1310 4406 et
1343 4365 1629 4406 sermone.

1928 465 2144 521 stolici.
2182 466 2439 533 Quorum
2470 469 2710 527 vocibus
2739 476 2795 527 et
2830 471 3103 526 instantia
3133 487 3244 528 non
3269 475 3574 532 mediocri-

1928 558 2018 609 ter
2039 557 2432 630 exacerbatus
2462 557 2793 630 episeopus,
2829 575 2957 615 cum
2987 559 3150 629 gravi
3175 559 3571 631 indignatione

1928 641 2115 712 inquit
2149 663 2161 696 :
2190 644 2476 700 llabetote
2508 647 2674 703 vobis
2707 648 2991 714 Cloteno;
3025 663 3212 705 meum
3243 649 3356 705 erit
3381 654 3572 708 tamet

1927 729 2196 800 injuriam
2231 747 2412 789 meam
2464 734 2782 806 vindicare,
2845 752 3014 808 quam
3065 743 3124 794 et
3173 737 3409 796 utiliora
3470 756 3575 812 pro

1929 819 2172 876 Cloteno
2205 821 2338 876 data
2364 823 2642 894 recipere.
2673 826 2872 894 Itaque
2925 830 3152 896 raptum
3184 841 3258 882 ex
3289 841 3389 884 ore
3445 829 3572 899 ejus

1928 909 2190 979 verbum,
2226 916 2286 965 et
2321 927 2450 966 cum
2476 913 2788 969 velocitate
2809 913 3144 984 diriguntur
3177 914 3376 988 legati,
3421 916 3571 974 idem

1930 999 2138 1053 bonum
2173 999 2544 1056 vindicaturi.

2002 1093 2086 1142 l7.
2123 1087 2220 1142 llis
2253 1088 2332 1143 ita
2367 1090 2828 1160 patratis,jubet
2885 1092 3202 1164 episcopus
3242 1095 3427 1152 virum
3470 1099 3574 1152 Do-

1930 1175 2063 1230 mini
2089 1178 2242 1246 apud
2279 1178 2542 1234 Nussiain
2576 1179 2692 1248 (l6)
2723 1184 2983 1236 castrum
2999 1181 3108 1238 sibi
3141 1197 3474 1256 occurrere,
3504 1199 3570 1242 ea

1928 1264 2277 1320 omnimodis
2309 1265 2654 1338 intentione,
2683 1270 2742 1324 ut
2769 1267 2928 1325 nullo
2949 1271 3076 1340 ejus
3120 1271 3447 1328 obsistente
3476 1273 3572 1328 ad-

1922 1351 2118 1422 jutore
2152 1352 2239 1409 vel
2265 1354 2590 1424 defensore,
2621 1355 2846 1414 facilius
2866 1373 2995 1414 eum
3027 1359 3250 1416 valeret
3292 1375 3395 1432 pro
3436 1364 3571 1418 voto

1928 1440 2242 1511 deponere.
2273 1443 2382 1498 Sed
2405 1457 2521 1500 non
2543 1445 2964 1516 estsapz’entz‘a,
2998 1461 3114 1503 non
3127 1447 3566 1520 estprudmtia.

1928 1543 2040 1584 non
2061 1531 2151 1586 est
2174 1531 2487 1588 consili-um
2504 1533 2710 1590 contra
2741 1535 3060 1591 Dominum
3082 1536 3263 1602 (Prov
3319 1553 3434 1608 xxr,
3457 1539 3564 1610 30).

1929 1615 2196 1682 Quandiu
2223 1634 2361 1674 vero
2392 1619 2498 1676 ista
2535 1621 2796 1676 incubuit
2824 1621 3174 1692 adversitas,
3237 1625 3435 1682 tandiu
3461 1627 3571 1682 fra-

1852 1731 1895 1788 μ
1932 1709 2022 1762 tru
2035 1722 2084 1760 m
2111 1722 2220 1763 non
2235 1707 2463 1764 destitit
2485 1709 2675 1765 votiva
2698 1711 2956 1767 charitas
2973 1718 3198 1782 septem
3214 1713 3566 1784 psalmorum

1927 1799 1988 1850 et
2019 1794 2238 1852 litaniw
2268 1797 2696 1868 supplicatione
2725 1800 3027 1856 Dominum
3054 1803 3418 1858 incessanter
3437 1817 3574 1860 exo-

1929 1897 2080 1952 rare,
2123 1889 2183 1939 ut
2217 1885 2288 1940 de
2313 1901 2560 1942 mmrorc
2588 1887 2884 1959 gaudium,
2920 1888 2990 1943 de
3025 1889 3404 1946 tribulatione
3429 1891 3574 1948 laeti-

1927 1971 2064 2028 tiam
2098 1974 2446 2029 concederet
2469 1974 2748 2032 invenire.
2784 1976 2884 2032 Vir
2907 1976 3104 2047 itaque
3122 1978 3344 2034 Domini
3378 1980 3571 2038 sciens

1930 2067 2111 2118 tutam
2144 2063 2540 2120 defensionem
2572 2070 2845 2122 constare
2872 2081 2984 2121 non
3022 2082 3191 2136 posse
3248 2083 3352 2139 per
3393 2071 3574 2126 homi-

1929 2165 2074 2206 nem.
2112 2151 2417 2208 Psalmista
2453 2153 2715 2209 dicente:
2739 2156 2969 2212 Bonum
2995 2155 3088 2213 est
3110 2169 3353 2228 sperare
3373 2159 3441 2216 in
3459 2161 3571 2216 D0-

1923 2240 2102 2309 mino,
2138 2254 2320 2310 quam
2331 2254 2576 2311 sperare
2586 2243 2652 2299 in
2653 2243 3038 2314 principibus
3053 2245 3247 2310 (Psal.
3263 2248 3534 2319 cxvu,19)
3553 2267 3566 2314 ;

1928 2329 1998 2383 de
2030 2328 2321 2397 adiutorio
2347 2330 3078 2400 Dominiconfisus,hilaris
3098 2338 3156 2388 et
3169 2335 3430 2404 gaudens
3457 2337 3572 2392 iter

1926 2416 2288 2486 aggreditur,
2306 2433 2420 2487 quo
2439 2418 2624 2474 fuerat
2650 2419 2992 2490 imperatus.
3021 2421 3570 2495 Perveniensigitur

1926 2503 2222 2570 adlocum,
2250 2520 2361 2560 non
2388 2505 2858 2578 modicainopum
2873 2507 3120 2564 collecta
3170 2509 3566 2583 multitudine,

1929 2606 2030 2664 per
2053 2607 2230 2662 opera
2258 2593 2498 2664 pietatis
2528 2600 2584 2649 et
2621 2594 3042 2652 misericordiae
3076 2611 3137 2653 se
3166 2599 3468 2670 Deocaapit
3485 2605 3569 2656 at-

1928 2680 2148 2736 tentius
2177 2683 2601 2738 commendare.
2639 2685 2894 2754 Cumque
2941 2684 2996 2739 in
3028 2684 3243 2743 solario
3263 2687 3568 2760 cujusdam

1927 2771 2534 2840 domusresedissent,
2571 2778 2629 2827 et
2667 2772 2756 2828 vir
2795 2772 3018 2829 Domini
3039 2789 3170 2830 cum
3200 2775 3324 2831 suis
3373 2791 3572 2834 neces-

1925 2859 2077 2916 saria
2103 2859 2458 2930 ministraus,
2482 2859 2775 2917 sollicitus
2807 2861 3103 2932 circuiret,
3137 2877 3208 2919 ex
3248 2863 3569 2936 improviso

1928 2945 2205 3004 solarium
2237 2947 2482 3017 corruit,
2521 2953 2760 3018 totaque
2783 2947 2884 3022 illa.
2931 2949 3244 3008 multitudo
3275 2966 3405 3009 cum
3444 2954 3568 3009 viro

1926 3036 2024 3090 Dei
2068 3035 2122 3090 in
2161 3035 2462 3092 cellarium
2521 3037 2967 3094 subterraneum
3011 3038 3280 3096 cadendo
3309 3041 3562 3098 devenit.

1927 3125 2080 3191 Quos
2102 3139 2132 3180 e
2162 3125 2410 3194 vestigio
2432 3139 2568 3196 pars
2591 3140 2702 3180 non
2717 3127 2949 3183 minima
2966 3127 3172 3184 domus
3202 3131 3568 3200 subsequens

1926 3213 2244 3284 oppressit,
2270 3213 2371 3268 sed
2394 3228 2466 3269 ex
2480 3213 2578 3268 Dei
2594 3215 2980 3285 providentia,
3009 3217 3160 3272 servi
3187 3217 3275 3272 sui
3317 3219 3564 3286 meritis,

1925 3300 2066 3357 nulli
2090 3301 2384 3357 lzesiouem
2416 3301 2634 3358 intulit.
2661 3305 2863 3372 Itaque
2895 3303 3070 3360 exciti
3105 3305 3266 3362 cives
3298 3307 3447 3362 tanti
3478 3323 3569 3363 so-

1927 3391 2342 3461 nitusfragore,
2369 3393 2532 3448 ocius
2567 3391 2842 3448 advolant
2876 3393 3152 3464 undique,
3181 3399 3237 3450 et
3294 3411 3404 3451 non
3439 3397 3567 3453 sine

1923 3479 2126 3549 grandi
2163 3480 2548 3536 admiratione
2591 3481 2847 3552 sospites
2897 3482 3234 3552 extrahunt,
3279 3499 3424 3554 quos
3448 3485 3565 3554 jam

1920 3568 2153 3638 jamque
2186 3569 2426 3639 periisse
2454 3569 2850 3626 crediderunt.
2878 3570 3119 3636 Quidam
3147 3586 3284 3628 vero
3307 3589 3425 3643 prae
3459 3589 3569 3631 cm-

1927 3658 2070 3711 teris
2111 3657 2306 3728 lapsus
2351 3659 3220 3730 Oppressusquepericulosius,
3277 3661 3411 3718 dum
3448 3663 3566 3732 jam

1925 3761 1989 3800 ac
2024 3747 2068 3800 si
2093 3751 2360 3803 mortuus
2381 3747 2698 3803 deflcretnr
2725 3749 2797 3802 ab
2819 3749 3109 3818 omnibus,
3134 3750 3401 3822 eductus,
3444 3752 3570 3808 nul-

1926 3833 1978 3889 la
1998 3835 2290 3905 reperitur
2323 3840 2488 3906 parte
2519 3837 2781 3908 corporis
2804 3835 2999 3892 IIDSUS.
3027 3837 3137 3893 Sed
3187 3843 3248 3894 et
3290 3841 3565 3912 pincerna

1924 3922 2173 3978 hominis
2205 3923 2324 3992 Dei,
2359 3925 2626 3980 Godecho
2657 3925 2906 3994 nomine,
2933 3926 3056 3996 ipsa
3081 3927 3221 3982 hora
3257 3928 3388 3984 bina
3424 3944 3564 3987 vasa

1926 4015 2112 4067 testea
2139 4011 2271 4066 vino
2301 4012 2522 4082 repleta
2548 4028 2665 4082 przo
2691 4013 2959 4068 manibus
2986 4018 3209 4082 tenens,
3237 4031 3367 4072 cum
3399 4032 3568 4074 ruen-

1925 4098 2082 4154 tibus
2111 4099 2333 4169 pariter
2365 4099 2502 4154 ruit.
2531 4099 2640 4154 Sed
2675 4100 3098 4156 mirumdictu!
3142 4116 3248 4158 nec
3307 4105 3418 4174 sui,
3473 4105 3566 4162 vel

1925 4201 2214 4256 vasorum,
2251 4187 2470 4242 velvini
2498 4187 2740 4258 pertulit
2761 4188 3124 4246 effusionem.
3151 4189 3314 4256 Quod
3348 4193 3564 4250 factum

1926 4276 2190 4331 mirabile
2221 4275 2439 4332 idcirco
2471 4275 2680 4332 divinae
2703 4276 3028 4333 clementiae
3091 4278 3309 4350 placuit
3336 4281 3568 4338 demon-

1925 4370 2138 4434 strare,
2175 4367 2240 4420 ut
2273 4365 2629 4436 panderetur
2675 4365 3022 4422 mortalibus
3071 4367 3270 4437 quanti
3293 4369 3448 4440 apud
3505 4386 3570 4428 se

237 4458 325 4510 16.
355 4455 416 4510 In
441 4455 533 4510 bis
569 4455 1076 4532 perturbationum
1115 4457 1631 4527 angustiarumque
1655 4472 1812 4528 pres-
1841 4435 1893 4494 D
1925 4451 2115 4506 meriti
2149 4451 2238 4508 vir
2270 4435 2512 4508 sanctus
2543 4450 2652 4507 iste
2685 4451 2880 4508 fuerit.
2929 4453 3001 4507 At
3034 4435 3172 4510 vero
3229 4435 3566 4530 episcopus,

161 4543 344 4612 suris,
380 4557 452 4598 ex
481 4543 838 4613 primoribus
859 4544 1150 4616 praecipue
1184 4545 1455 4602 favebant
1495 4546 1666 4601 beato
1685 4545 1811 4601 viro

166 4631 487 4700 Bertulfus,
525 4631 612 4686 vir
639 4632 880 4703 probus,
907 4632 1176 4688 ecclesize
1210 4633 1363 4688 beati
1417 4633 1810 4706 Andreaaapo-

162 4718 302 4776 stoli
317 4719 638 4790 praepositu
649 4720 841 4790 s,quid
851 4733 940 4775 am
953 4720 1328 4790 Wigmannus
1343 4720 1414 4777 de
1439 4722 1810 4778 Heversbaeh

162 4808 254 4863 vir
267 4807 608 4864 militariset
624 4807 840 4864 nobilis
853 4807 955 4864 sed
969 4813 1026 4864 et
1041 4807 1379 4880 eloquentia
1423 4809 1690 4880 insignis.
1743 4810 1808 4865 lli

159 4895 549 4953 duomedium
591 4896 876 4952 habentes
917 4912 1068 4968 eum,
1104 4897 1318 4954 utolim
1356 4897 1809 4956 coelitusdirecti

163 4984 576 5056 Machameum,
598 4999 701 5057 pro
714 4985 1054 5042 defensione
1063 4986 1308 5056 iustitia:
1323 5002 1435 5043 non
1447 4993 1579 5044 sunt
1601 4988 1812 5046 reveri-

163 5073 204 5129 ti
217 5073 572 5143 iniustitiam
585 5088 926 5146 oppugnare
950 5073 1118 5140 ;adeo
1135 5078 1315 5132 utnec
1331 5075 1523 5144 minis,
1558 5090 1664 5132 nec
1697 5081 1812 5133 ter-

161 5163 403 5219 roribus
456 5163 710 5234 coucuti,
740 5176 847 5220 nec
906 5179 934 5220 a
986 5163 1287 5236 proposito
1328 5163 1524 5236 aliquo
1571 5171 1812 5236 possent

160 5266 414 5310 munere.
429 5251 634 5323 frangi.
672 5253 970 5309 lnstabant
991 5252 1168 5323 igitur
1189 5251 1442 5309 viriliter
1477 5267 1548 5308 ex
1581 5258 1812 5325 aposto-

163 5339 273 5397 lica
306 5340 686 5411 auctoritate,
719 5341 1321 5413 precantesjudicium
1338 5341 1615 5399 Ecclesiae
1631 5343 1810 5399 Brun-

1924 4540 2020 4610 qui
2044 4555 2114 4595 eo
2137 4539 2298 4596 illum
2331 4539 2606 4596 advenire
2631 4541 3018 4613 compulerat,
3035 4541 3342 4616 divinitus,
3364 4550 3566 4604 utere-

1922 4627 2081 4684 ditur
2112 4629 2461 4698 refrenatus,
2497 4629 2552 4683 in
2581 4628 2742 4686 nullo
2774 4633 2916 4686 tunc
2955 4631 3008 4686 ei
3040 4631 3221 4688 valuit
3276 4648 3404 4690 esse
3434 4651 3570 4692 con-

1923 4717 2156 4773 trarius.
2187 4717 2314 4786 Egit
2337 4717 2557 4790 quippe
2587 4719 2693 4774 hoc
2729 4718 2872 4774 miro
2897 4719 3069 4776 modo
3101 4721 3256 4778 circa
3289 4722 3566 4780 famulum

1920 4821 2086 4862 suum
2115 4806 2309 4863 divina
2343 4805 2623 4877 provisio,
2661 4822 2730 4863 ne
2749 4807 3012 4864 mortalis
3061 4809 3312 4865 hominis
3345 4826 3569 4882 preme-

1921 4899 2102 4966 retur,
2115 4893 2535 4966 judicio,quem
2551 4900 2715 4951 tanto
2739 4896 3111 4966 magnificare
3124 4897 3416 4969 disposuit
3437 4916 3569 4972 pro-

1921 4983 2096 5055 digio.
2125 4983 2267 5040 Hinc
2291 4997 2402 5040 non
2428 4983 2707 5055 sopitum,
2741 4985 2844 5040 sed
2875 4985 3071 5042 acrius
3102 5000 3412 5044 accensum
3471 4997 3567 5048 est

1925 5071 2190 5144 priedicti
2223 5071 2718 5144 episcopifuroris
2746 5073 3095 5130 incendium.
3129 5075 3268 5130 Nam
3302 5080 3570 5146 quamvis

1923 5166 2062 5218 tunc
2089 5176 2221 5218 eum
2279 5161 2484 5218 sverit
2528 5162 2712 5232 abire,
2777 5176 2984 5219 rursus
3019 5167 3210 5220 tamen
3272 5165 3567 5228 Coloniam

1921 5255 2148 5308 statuto
2169 5251 2261 5308 die
2291 5251 2362 5308 ad
2399 5265 2463 5306 se
2488 5250 2657 5320 jubet
2687 5250 2898 5308 redire.
2919 5253 3146 5309 Interea
3180 5254 3481 5328 fratribus,
3501 5264 3562 5316 ut

1923 5353 2101 5412 supra
2123 5339 2510 5412 meminimus,
2527 5353 2720 5411 proco
2752 5338 3097 5397 sollicitisin
3131 5341 3351 5412 vigiliis
3365 5351 3568 5404 etora-

233 5545 350 5622 (16)
385 5545 544 5607 Alias
573 5545 903 5620 Novesium,
931 5549 1073 5608 urbs
1104 5545 1342 5607 ditionis
1355 5543 1894 5621 archiepiscopalis,
1916 5545 2093 5616 vulgo
2121 5542 2326 5605 Nam.
