3964 6044
418 208 540 275 419

1180 214 1251 275 Β.
1298 212 1819 277 WOLPHELMI
1862 208 2213 274 ABBATIS
2259 207 3063 275 BRUNWILLERENSIS

3711 206 3835 269 420

415 346 697 418 tionibus,
721 346 886 404 adest
916 347 1004 403 vir
1020 348 1241 405 Domini
1275 348 2056 421 improvisus.Quis,quaeso,

2180 366 2382 423 statuit
2428 370 2678 437 quatuor
2728 361 3093 435 temporibus
3113 362 3559 420 recurrentibus
3604 361 3740 419 anni
3771 361 3831 418 in

420 436 635 493 ﬂuctus
663 435 1183 507 eloquentiamque;
1210 437 1400 506 lingua
1418 442 1611 509 potest
1644 437 1913 493 evolvere
1926 452 2063 506 gau-

421 525 738 581 diumtunc
756 525 971 581 factum
997 525 1052 580 in
1076 540 1377 581 commune
1403 528 1426 580 ?
1464 526 2061 597 Gloriabaturquippe

422 628 534 669 non
576 613 870 669 immerito
903 612 1201 669 humilitas
1240 614 1438 684 gregis
1491 629 1559 670 ex
1615 614 1925 685 praesentia
1973 614 2061 670 sui

424 701 700 772 pastoris,
745 716 911 771 quem
934 702 1210 758 Dominus
1237 701 1668 770 gloriﬁcaverat
1708 702 2062 759 admirandae

424 789 859 860 protestatione
891 789 1143 845 virtutis.

494 880 578 935 l8.
615 879 691 933 Ea
751 882 1122 948 tempestate,
1176 878 1407 948 quidam
1479 882 1867 935 Hartmannus
1925 880 2057 949 (17),

420 967 599 1023 abbas
631 966 962 1033 Tuitiensis,
999 965 1132 1020 dum
1161 971 1329 1022 nocte
1362 968 1607 1037 quadam
1658 967 2063 1024 somnoindul-

419 1056 614 1125 sisset,
648 1053 767 1110 tale
802 1054 944 1110 vidit
964 1054 1271 1124 somnium,
1298 1058 1646 1126 praesagium
1681 1057 1881 1127 utique
1914 1057 2065 1113 futu-

419 1158 634 1201 rorum.
655 1142 1002 1211 Viditigitur
1026 1143 1348 1213 pervisum,
1378 1146 1564 1201 virum
1599 1145 1904 1215 quemdam
1950 1146 2066 1201 for-

417 1247 504 1288 ma
538 1230 860 1302 egregium,
896 1230 1061 1287 vultu
1087 1233 1492 1302 reverendum,
1528 1233 2066 1305 episcopalibusin-

417 1321 852 1378 fulisdecenter
883 1326 1175 1391 ornatum,
1212 1337 1241 1376 a
1297 1322 1753 1378 Brunwilerensi
1802 1322 2062 1379 Ecclesia

412 1410 885 1483 prodeuntem,et
911 1410 1021 1465 iter
1041 1410 1330 1466 Coloniam
1348 1411 1905 1481 dirigentem.Quem
1924 1428 2067 1483 prae-

413 1500 740 1569 cedentem,
778 1499 1008 1554 beatum
1034 1498 1460 1570 Wolphelmum
1497 1501 1765 1555 abbatem
1796 1516 1926 1556 cum
1953 1501 2064 1556 fra-

413 1594 461 1644 tr
480 1604 569 1644 om
584 1594 819 1644 caterva
833 1587 1066 1643 cernite
1089 1589 1340 1657 vestigio
1355 1590 2062 1660 subsequentem,septcm

419 1677 674 1750 psalmos
703 1691 835 1732 cum
868 1675 1088 1732 litaniis
1111 1676 1326 1746 saepius
1357 1676 2064 1746 modulatisvocibusite-
2094 1703 2147 1763 Β

420 1774 639 1823 rantes.
677 1767 747 1820 At
780 1766 879 1821 ubi
926 1765 997 1821 ad
1059 1766 1213 1820 fores
1266 1771 1608 1836 perventum
1667 1771 1754 1821 est
1806 1765 2063 1823 cubiculi

418 1856 681 1928 episcopi
716 1854 1096 1925 quiescentis,
1134 1855 1291 1909 fores
1315 1856 1621 1923 obseratae,
1666 1856 1827 1923 virga
1855 1870 2066 1925 praece-

420 1944 613 2003 dentis
641 1941 924 2014 impulsae,
943 1942 1103 1998 dicto
1126 1942 1382 1999 velocius
1410 1948 1547 1998 sunt
1568 1949 1806 2013 apertze.
1843 1942 2065 2008 Quibus

417 2034 619 2091 taliter
650 2030 1027 2099 intromissis,
1053 2031 1168 2087 dux
1194 2031 1447 2101 przevius
1480 2035 1728 2087 stratum
1745 2032 1947 2086 adiens
1982 2048 2068 2087 rc-

418 2122 710 2191 cubantis,
745 2134 874 2176 cum
896 2120 1056 2189 gravi
1099 2120 1343 2189 requirit
1379 2119 1903 2189 animadversione,
1962 2137 2068 2176 cur

423 2215 583 2268 tanta
604 2214 809 2266 contra
826 2223 888 2265 se
905 2208 1254 2264 temerarius
1275 2207 1746 2278 praesumpsisset
1766 2222 2061 2277 exercere,

421 2298 668 2372 Expleto
693 2312 985 2367 sermone,
1015 2296 1198 2366 virga,
1249 2311 1418 2367 quam
1462 2310 1629 2352 manu
1669 2297 1958 2365 gestabat,
1995 2298 2065 2353 ad

423 2388 702 2445 ultionem
736 2387 963 2458 injuriae
992 2385 1425 2455 graviterillum
1444 2385 1731 2456 percussit
1750 2385 1804 2439 in
1821 2386 2061 2441 vertice.

422 2478 625 2548 Itaque
659 2491 860 2532 somno
878 2475 1106 2530 excitus
1133 2474 1314 2529 abbas
1335 2488 1452 2544 pl‘tB
1484 2488 1720 2543 pavore,
1763 2473 1947 2529 virum
1964 2475 2069 2529 Do-

425 2566 563 2623 mini
594 2569 820 2622 certum
846 2562 1036 2618 reddit
1069 2578 1137 2616 cx
1164 2562 1355 2618 divina
1392 2562 1760 2633 protectione
1791 2566 1850 2617 et
1912 2562 2066 2617 beati

423 2653 644 2710 Nicolai
672 2650 1094 2708 consolatione.
1133 2652 1244 2704 Nec
1280 2649 1485 2705 falsum
1509 2665 1751 2720 prorsus
1783 2652 2066 2705 somnium

423 2741 656 2799 exstitit
686 2740 774 2795 vel
810 2740 998 2807 inane,
1025 2738 1159 2793 dum
1194 2745 1348 2807 quod
1382 2738 1593 2792 fratres
1624 2738 1678 2793 in
1739 2738 1977 2809 psalmis
2008 2743 2065 2794 et

424 2827 643 2884 litaniis
665 2826 931 2884 constitit
963 2826 1172 2895 egisse,
1207 2826 1317 2880 hoc
1341 2824 1421 2879 illi
1446 2826 1722 2880 Dominus
1756 2840 1857 2896 per
1881 2826 2066 2882 visum

424 2916 700 2988 dignatus
732 2916 807 2972 sit
842 2914 1118 2970 revelare.
1153 2914 1403 2969 Adhibet
1437 2914 1609 2970 etiam
1656 2918 1876 2970 certam
1896 2914 2065 2971 ﬁdem

422 3005 630 3063 visioni
673 3003 957 3060 exhibitio
1006 3002 1219 3074 operis.
1254 3003 1388 3057 Nam
1443 3017 1553 3058 uno
1592 3002 1911 3073 eodemque
1960 3018 2069 3058 mo-

2098 3055 2149 3119 C

2175 459 2427 526 quatuor
2461 453 2645 526 plagis
2673 452 2918 508 claustri
2952 450 3215 520 singulos
3235 466 3264 507 a
3290 451 3536 522 singulis
3567 450 3831 508 diaconi-

2174 544 2283 599 bus
2318 542 2572 599 recitari.
2610 540 2773 606 Quod
2807 539 2976 608 cujus
3011 539 3209 595 fecerit
3248 538 3525 595 utilitatis
3579 540 3829 609 intuitu,

2172 631 2261 688 vel
2321 629 2647 687 devotionis
2695 629 2926 697 affectu,
2978 643 3050 683 ex
3100 628 3384 698 subjectis
3418 627 3561 698 ejus,
3644 642 3835 700 super

2173 726 2484 790 utrumque
2497 720 2926 775 Testamentum
2941 717 3304 788 compositis,
3323 717 3507 787 liquet
3527 717 3826 773 versibus.

2172 811 2232 863 In
2264 809 2476 879 quibus
2493 806 2742 877 singulis
2755 806 2921 862 annis
2947 806 3213 877 utrisque
3228 805 3538 878 explendis
3561 821 3673 863 non
3692 820 3832 879 par-

2172 897 2597 968 vipcndendam
2623 896 2882 952 annectit
2916 909 3151 951 causam
3195 895 3470 952 utilitatis
3506 915 3518 950 :
3577 894 3832 967 plurima

2172 987 2347 1042 etiam
2376 985 2706 1041 necessaria
2740 989 3003 1054 tangens,
3033 998 3184 1040 nunc
3208 998 3486 1056 personas
3517 984 3718 1041 subito
3733 985 3831 1041 de-

2173 1079 2383 1132 center
2416 1075 2747 1144 immutans,
2784 1063 2896 1129 non
2920 1072 3241 1129 electorum
3264 1088 3366 1145 per
3396 1075 3642 1129 verbera
3676 1074 3832 1130 salu-

2174 1172 2291 1221 tcm
2314 1165 2687 1234 denuntians,
2713 1178 2865 1219 nunc
2882 1164 3317 1234 Scripturarum
3338 1178 3573 1220 suavem
3589 1169 3829 1234 gustum

2174 1253 2606 1321 commendans,
2637 1257 2933 1323 postremo
2968 1250 3256 1321 geminam
3283 1251 3338 1308 in
3392 1252 3626 1309 Christo
3661 1256 3835 1308 natu-

2177 1358 2296 1399 ram
2332 1341 2566 1412 generis
2586 1339 3186 1397 bumanimedicinam
3220 1340 3529 1397 declarans
3570 1342 3706 1397 Haec
3746 1339 3835 1395 id-

2177 1432 2338 1487 circo
2371 1430 2825 1502 praelibavimus,
2862 1433 3069 1485 utcum
3102 1428 3174 1485 ad
3198 1428 3337 1486 talia
3362 1433 3600 1486 ventum
3647 1428 3832 1487 fuerit

2177 1520 2324 1590 loca,
2360 1519 2691 1591 intrepidus
2714 1518 2899 1574 lector
2958 1532 3303 1589 percurrere
3337 1518 3539 1590 possit,
3574 1518 3735 1590 quod
3765 1531 3834 1576 se

2171 1609 2286 1679 jam
2312 1608 2584 1664 didicisse
2616 1606 2943 1663 meminerit
2980 1626 2992 1660 :

2249 1773 2335 1824 20.
2373 1768 2515 1825 Late
2544 1769 2607 1825 di
2604 1767 2806 1840 fusus
2833 1768 2923 1823 sic
2952 1766 3390 1824 ecclesiasticus
3415 1780 3579 1838 usus,

2176 1858 2260 1913 Se
2293 1856 2678 1913 Testamentis
2708 1854 2944 1910 exercet
2964 1854 3029 1911 in
3062 1853 3507 1925 Omnipotentis,

2185 1946 2261 2001 Ut
2288 1945 2450 2016 legat
2477 1945 2598 2000 lucc
2618 1942 2805 2013 ambo,
2836 1942 2942 1999 sed
2967 1943 3026 1998 et
3047 1942 3205 1997 omni
3262 1942 3555 2015 compleat
3571 1955 3752 2012 anno,

2176 2035 2359 2091 Sicut
2378 2035 2444 2089 in
2460 2031 2827 2088 hebdomada
2852 2030 3219 2101 psalmorum
3274 2030 3583 2087 clauditur
3615 2030 3754 2088 eda.

2181 2127 2286 2179 Ast
2306 2123 2445 2178 hinc
2463 2120 2773 2192 psallendi
2804 2133 2936 2176 cum
2965 2119 3306 2189 stetstatus,
3338 2119 3481 2175 inde
3494 2119 3756 2191 legendi,

2177 2213 2371 2271 Lectio
2402 2224 2516 2281 quo
2540 2209 2750 2280 prosit,
2784 2222 3092 2279 nunquam
3106 2208 3386 2279 praefatio
3417 2208 3590 2277 desit,

2183 2302 2310 2366 Qua
2331 2300 2489 2356 claci
2518 2299 2698 2354 limen
2716 2297 2894 2367 patet
2916 2297 2998 2353 ad
3025 2296 3415 2369 quodcunque
3440 2297 3713 2355 columen
3742 2317 3767 2353 .-

2177 2390 2424 2447 Pandat
2448 2390 2518 2444 ut
2543 2388 2803 2445 admisso
2831 2386 2991 2457 quod
3014 2387 3230 2443 clamet
3254 2386 3505 2457 abgssus
3523 2385 3760 2459 abysso,

2176 2478 2433 2536 Admitti
2463 2491 2600 2533 cero
2634 2475 2802 2532 dedit
2828 2476 2958 2545 ejus
2985 2475 3185 2545 gratia
3206 2475 3379 2545 clero,

2182 2569 2293 2636 Qui
2330 2567 2568 2638 populis
2589 2566 2709 2634 ipso
2717 2563 2906 2633 parat
2924 2563 3065 2619 hinc
3092 2562 3438 2621 documenta
3448 2563 3751 2621 ministro.

2174 2657 2299 2715 Sed
2329 2653 2556 2712 cunctis
2586 2665 2747 2724 (eque
2775 2665 2892 2707 non
2922 2650 3147 2721 detegit
3181 2651 3402 2709 intima
3455 2664 3706 2725 quaeun
3733 2670 3762 2723 ,-

2184 2746 2326 2811 Quis
2352 2745 2544 2800 tamen
2568 2743 2798 2798 interea
2826 2753 2941 2795 non
2971 2739 3187 2795 abnuit
3203 2740 3513 2797 interiora.

2180 2833 2436 2902 Angelus
2467 2830 2607 2886 hinc
2635 2842 2825 2884 ensem
2854 2828 3169 2898 suspendit
3184 2829 3635 2899 percutientem.

2180 2921 2378 2978 Altius
2406 2920 2673 2991 inﬂictas
2699 2932 2814 2973 non
2843 2917 3007 2972 laedit
3018 2917 3315 2988 fulminis
3340 2918 3513 2988 ictus,

2179 3013 2309 3067 Non
2338 3010 2500 3079 ignis
2531 3008 2777 3075 torrens,
2797 3021 2912 3061 non
2940 3006 3141 3061 cultus
3173 3005 3454 3065 daemonis
3475 3006 3747 3078 horrens,

422 3098 637 3163 mento,
668 3091 1016 3149 utbicillum
1038 3092 1182 3147 vidit
1202 3092 1450 3162 percuti.
1480 3106 1542 3146 se
1558 3091 2070 3162 scnsitepiscopus
2098 3091 2149 3119 υ
2181 3099 2453 3170 Captivis
2479 3096 2625 3152 dirae
2650 3093 2969 3151 discedunt
2986 3093 3259 3151 sensibus
3285 3096 3395 3151 ira!
3428 3114 3442 3155 ;

425 3185 627 3239 morbo
659 3182 913 3251 gravari.
932 3180 1048 3236 Tali
1074 3194 1213 3249 ergo
1241 3180 1407 3236 modo
1426 3180 1705 3236 divinitus
1721 3180 1914 3247 relisa,
1943 3182 2067 3236 nisu

425 3273 708 3328 frustrata
770 3269 928 3325 illius
979 3269 1347 3325 adversatrix
1392 3268 1635 3323 intentio
1691 3273 1819 3333 est;
1868 3270 2068 3324 morbo

423 3360 639 3431 quippe
667 3358 1085 3425 invalescente,
1124 3356 1397 3428 postdies
1447 3372 1664 3427 paucos
1694 3356 1858 3425 obiit,
1884 3360 1940 3411 et
1976 3371 2069 3413 ca-

425 3447 695 3504 thedram
733 3446 1085 3517 praesulatus
1100 3445 1388 3514 Seguinus
1415 3445 1501 3499 vir
1527 3445 1658 3516 pius
1690 3445 1961 3501 obtinuit.
1990 3446 2068 3500 De

422 3536 516 3593 his
550 3536 627 3592 ita
662 3534 986 3591 meminisse
1020 3534 1267 3590 sumciat
1294 3549 1483 3599 ;nunc
1529 3548 1590 3589 se
1646 3534 1716 3589 ad
1766 3537 2067 3603 gestorum

424 3624 550 3694 ejus
583 3623 889 3694 sequentia
923 3621 1307 3678 describenda
1326 3621 1611 3678 articulus
1641 3627 1853 3677 vertat.

497 3717 582 3768 19.
610 3712 711 3767 llic
744 3710 940 3781 itaque
972 3710 1193 3766 Domini
1238 3709 1508 3779 famulus,
1544 3724 1672 3780 quae
1715 3714 1872 3765 retro
1932 3715 2069 3765 sunt

396 3800 670 3870 .oblitus,
706 3801 763 3855 in
792 3799 1084 3855 anteriora
1137 3813 1200 3855 se
1246 3800 1569 3855 extendens
1630 3799 1769 3854 totis
1816 3799 2064 3867 viribus,

424 3888 692 3961 exemplo
714 3888 892 3945 David
910 3889 1212 3959 prophetae
1229 3888 1481 3943 dicentis
1506 3904 1516 3938 :
1565 3888 1832 3957 Domine,
1877 3887 2071 3943 dilexi

423 3980 689 4036 decorem
700 3978 905 4034 domus
920 3977 1034 4033 tua
1046 3976 1101 4032 et
1115 3977 1302 4047 locum
1316 3976 1712 4032 habitationis
1728 3990 1768 4047 g
1779 3976 1943 4033 toria
1957 3976 2072 4031 tute

424 4068 760 4139 (Psal.xxv,
782 4069 869 4138 8);
911 4066 1140 4122 domum
1181 4065 1279 4121 Dei
1340 4078 1613 4134 agressus
1650 4067 1738 4120 est
1780 4064 2067 4119 adornare

423 4156 577 4213 omni
639 4155 869 4213 decoris
913 4155 1243 4221 varietate;
1299 4153 1451 4223 quod
1507 4152 1637 4223 quia
1689 4151 2067 4208 devotissima

422 4250 615 4303 mente
647 4244 936 4316 concepit,
963 4243 1209 4300 mirifico
1225 4242 1434 4299 effectu
1455 4241 2069 4298 consummavit.Deni-

422 4350 557 4406 que,
592 4339 653 4390 ut
688 4334 951 4389 breviter
975 4338 1184 4388 cuncta
1218 4331 1629 4403 perstringam,
1648 4329 2066 4400 ejusinstantia

422 4422 512 4479 vel
538 4427 825 4493 tempore,
863 4422 918 4476 in
952 4420 1399 4476 variosornatus
1419 4418 1666 4490 pictura":
1705 4419 1800 4475 vel
1835 4417 2067 4474 fabricae

428 4525 534 4566 seu
563 4510 739 4566 etiam
773 4507 1440 4579 musivioperisdecore,
1490 4508 1649 4562 intus
1671 4511 1731 4562 et
1788 4511 1955 4562 extra
2006 4520 2067 4563 se

368 4608 381 4613 ’
426 4603 621 4656 status
644 4597 857 4655 extulit
871 4594 1913 4653 BrunwilerensisEcclesize.Textum
1931 4608 2065 4666 prae

421 4694 586 4746 terea
601 4687 886 4759 cujusque
905 4686 1102 4758 aperis
1117 4685 1389 4741 versibus
1407 4683 1697 4756 expressit
1731 4684 1988 4753 egregiis
2005 4687 2068 4740 ut

424 4776 647 4850 liquido
666 4778 895 4848 pateret
912 4773 1229 4845 inquirenti
1247 4772 1430 4830 totius
1454 4770 1755 4844 plenitudo
1775 4770 2063 4827 materiei.

424 4867 632 4940 Operae
660 4865 911 4938 pretium
940 4868 1051 4933 est,
1080 4862 1222 4919 illud
1238 4862 1414 4919 etiam
1462 4875 1574 4917 non
1608 4862 1876 4931 reticere,
1910 4859 2066 4931 quod

420 4956 671 5028 singulis
700 4954 867 5013 annis
896 4954 985 5011 vir
1022 4952 1265 5023 Domini,
1301 4952 1431 5009 novi
1477 4966 1543 5008 ac
1592 4950 1824 5007 Veteris
1875 4951 2068 5007 Testa-

422 5047 602 5103 menti
637 5046 873 5117 paginas
904 5058 975 5102 ex
1006 5044 1235 5113 integro
1259 5042 1506 5099 faciebat
1524 5039 1770 5111 legendo
1795 5038 2014 5097 revolvi
2049 5059 2061 5095 ε

421 5140 674 5206 quatuor
703 5149 842 5191 vero
864 5132 1305 5205 Evangeliorum
1334 5132 1533 5199 libros,
1567 5131 1837 5201 quoniam
1871 5143 1981 5184 non
1998 5142 2065 5183 eo

425 5224 559 5281 loco
584 5222 675 5278 vel
708 5223 933 5292 ordine,
963 5239 1075 5293 quo
1096 5222 1375 5293 reliquos,
1408 5219 1777 5291 competebat
1816 5216 2061 5289 expleri,

496 5422 1135 5507 (17)09in.tss.<iicitar
1170 5423 1351 5507 (sise?
1390 5421 1561 5507 huius
1592 5419 1703 5507 ιοεὶ
1725 5420 2067 5507 θιὶιξεξεξιεὲφ

418 5489 704 5560 Tuitiensi
750 5493 1039 5555 abbatiaa
1072 5496 1132 5554 Β.
1185 5489 1495 5553 Heriberto
1529 5505 1713 5566 prope
1774 5489 2067 5548 Coloniam

2191 3190 2366 3245 Vasta
2392 3188 2515 3242 lues
2543 3183 2753 3254 morbi,
2786 3197 2917 3254 quae
2930 3197 3080 3253 sape
3100 3184 3443 3253 superrenit
3464 3182 3614 3255 orbi,

2176 3278 2301 3334 Aut
2326 3291 2439 3333 non
2458 3273 2705 3341 accedit,
2739 3272 2987 3328 ciliusve
3004 3272 3309 3342 precando
3337 3272 3565 3329 recedit
3592 3292 3604 3327 :

2176 3367 2467 3437 Exceptos
2489 3364 2660 3418 natos
2676 3360 2833 3433 quod
2844 3361 2975 3417 vult
2988 3362 3170 3431 pater
3191 3374 3315 3416 esse
3329 3361 3604 3432 paratos,

2193 3453 2536 3511 Verberibus
2559 3450 2747 3521 tangi,
2771 3450 3081 3521 plenisque
3094 3449 3433 3520 fugacibus
3459 3450 3628 3521 angi,

2184 3543 2360 3610 Queis
2388 3540 2761 3598 absterrendi
2790 3552 2970 3594 nocuo
2998 3538 3143 3594 sunt
3152 3539 3383 3610 fudere
3402 3537 3628 3595 mundi.

2176 3632 2300 3689 Sed
2328 3645 2443 3685 non
2471 3630 2751 3685 donorum
2773 3629 2931 3683 Deus
2960 3640 3134 3683 usum
3180 3625 3492 3683 subtrahit
3517 3626 3753 3698 horum,

2184 3722 2341 3786 Quin
2350 3720 2589 3791 patrem
2609 3730 2732 3774 sese
2750 3730 2864 3787 per
2900 3714 3145 3771 cerbera
3172 3714 3508 3786 comprobat
3533 3728 3678 3774 esse.

2177 3811 2251 3867 Si
2285 3811 2371 3865 sit
2396 3810 2483 3864 eis
2513 3808 2672 3863 ritus
2687 3805 2965 3876 legaliter
2994 3803 3435 3875 hicstabilitus,

2184 3888 2279 3955 Uf
2275 3899 2364 3954 sic
2390 3896 2714 3967 psallatur,
2757 3907 2859 3950 ceu
2883 3893 3168 3962 diximus,
3192 3893 3373 3963 atque
3401 3892 3659 3964 legatur,

2184 3987 2432 4043 Utili/as
2477 3985 2646 4040 extra
2666 3982 2840 4053 patet
2868 3981 3005 4049 haec,
3043 3981 3193 4037 latet
3217 3982 3400 4037 altior
3418 3982 3605 4039 intra.

2179 4075 2355 4130 Hunc
2376 4071 2747 4129 introductus
2768 4069 3046 4140 gustabit
3067 4082 3317 4124 munera
3330 4068 3604 4144 fructus,

2184 4165 2297 4220 Cui
2327 4162 2511 4217 donat
2538 4160 2781 4215 mentem
2810 4158 3099 4214 Dominus
3123 4157 3368 4229 gustare
3386 4158 3668 4215 scientem

2179 4251 2714 4319 Fructusmajoris,
2739 4261 2921 4319 quam
2924 4247 3179 4318 pandat,
3219 4247 3430 4319 lingua
3484 4246 3746 4320 saporis.

2098 4354 2150 4416 ι)
2178 4340 2303 4398 Sed
2320 4352 2423 4395 nec
2435 4338 2568 4407 erit,
2582 4336 2828 4409 gustum
2848 4337 2956 4407 qui
2967 4336 3210 4406 scriptis
3224 4336 3528 4408 exprimat
3544 4335 3758 4407 istum;

2182 4427 2445 4486 Gustans
2475 4428 2600 4499 ipse
2611 4426 2807 4497 magis
2828 4426 2970 4494 scio,
2992 4438 3178 4496 quam
3205 4425 3290 4481 sit
3307 4424 3527 4496 gratia
3540 4425 3779 4496 suavis,

2184 4519 2373 4584 Quam
2398 4518 2859 4587 Scripturarum
2887 4514 3195 4571 conservat
3227 4513 3381 4570 cella
3414 4526 3750 4584 sacrarum,

2178 4609 2264 4679 Et
2282 4619 2414 4678 quae
2444 4604 2711 4677 difundi
2740 4604 2796 4660 si
2815 4603 2948 4659 cuit
2958 4606 3072 4674 per
3100 4601 3349 4659 climata
3375 4602 3615 4659 mundi:

2183 4697 2304 4763 Quo
2310 4706 2496 4767 genus
2514 4693 2841 4749 armenium
2850 4691 3011 4748 sitin
3022 4690 3130 4748 Ιιοσ
3160 4690 3555 4748 medicamine
3563 4703 3786 4749 sanum
3801 4712 3834 4764 ,-

2183 4785 2347 4852 Quod
2374 4783 2735 4839 naturarum
2755 4781 2996 4852 peragit
3020 4793 3295 4852 compago
3364 4779 3641 4852 duarum,

2176 4876 2334 4931 Diem
2345 4873 2502 4928 Deus
2513 4871 2653 4927 inde
2666 4870 2851 4927 Pater
2850 4869 3195 4941 parit/line
3192 4868 3609 4941 paritininuba
3622 4868 3835 4928 Mater

2175 4944 2288 5004 Nil
2313 4944 2473 5001 caelis
2495 4944 2691 5012 illinc,
2718 4943 2811 4998 nil
2830 4940 3009 4998 terris
3031 4942 3259 4998 clarius
3285 4940 3377 4998 est
3427 4940 3587 5011 hinc,

2184 5035 2315 5101 Qua
2341 5032 2530 5104 specie
2552 5031 2694 5089 bina
2724 5030 3090 5103 componitur
3115 5028 3238 5088 hac
3249 5028 3568 5099 medicina,

2181 5123 2462 5181 Christus
2474 5120 2859 5191 Patresatus,
2878 5122 3035 5178 Deus
3058 5120 3363 5177 :asthomo
3389 5117 3834 5190 Virginum

2183 5214 2299 5280 Qui
2326 5226 2459 5271 cum
2481 5210 2666 5267 Patre
2679 5211 2853 5279 Deus,
2869 5210 2973 5267 sed
2992 5210 3050 5265 et
3075 5211 3232 5266 almo
3261 5208 3589 5265 Pneumatc
3621 5220 3830 5279 ceras,

2178 5418 2519 5474 constructa
2578 5411 2711 5471 vide
2760 5410 3054 5470 Gelenium
3090 5408 3341 5468 Coloniae
3398 5423 3521 5467 suae
3571 5407 3671 5466 lib.
3732 5423 3827 5481 ιιι,

2178 5489 2471 5562 Syntagm.
2493 5487 2578 5543 14.
