3982 6056
180 258 291 318 iit

181 394 280 450 Ad
305 407 414 451 nos
442 391 701 450 indultis
709 391 951 464 pandat
955 393 1072 464 pia
1100 393 1334 450 viscera
1364 390 1580 462 culpis,

178 481 386 539 Seeck:
407 495 514 553 per
543 494 793 537 ereamen
824 480 961 536 dum
977 480 1148 550 juste
1206 478 1492 537 discutit.
1527 481 1727 535 Amen.

258 648 349 697 ΩΙ.
392 643 505 697 llos
537 640 862 697 versiculos
923 641 1074 696 beati
1128 640 1233 695 viri
1296 638 1427 695 ideo
1484 638 1619 694 huic
1676 637 1839 708 operi

180 730 537 788 inserendos
556 730 697 785 utile
723 729 933 799 dixi,ut
951 728 1237 799 quomodo
1252 727 1640 800 simpliciores
1672 726 1840 797 plane

181 818 489 875 currentis
515 834 701 889 prosa:
732 817 1103 873 delectantur
1137 823 1325 888 pastu,
1353 816 1431 871 ita
1458 815 1841 887 perfectiores

182 906 559 963 enucleatius
609 905 1001 977 spiritualiter
1030 906 1182 962 dicta
1246 904 1607 975 indagantes,
1639 919 1839 958 eorum

182 994 485 1067 spirituali
508 999 684 1065 gustu
707 995 926 1066 pariter
945 994 1285 1050 reﬁciantur
1310 998 1367 1049 et
1388 994 1599 1049 fructu.
1618 992 1841 1063 Saepius

184 1090 388 1141 autem
416 1100 471 1139 in
503 1089 794 1139 conventu
828 1084 1072 1139 fratrum
1106 1082 1176 1137 de
1210 1081 1403 1138 salute
1446 1080 1755 1152 disputans
1783 1085 1839 1135 et

184 1173 445 1229 suadens
474 1173 814 1242 animarum,
844 1172 996 1227 inter
1019 1170 1393 1228 multimodas
1410 1172 1692 1226 virtutum
1714 1184 1846 1240 pro-

186 1261 520 1331 positiones
559 1262 666 1316 boc
724 1261 896 1317 modo
956 1260 1297 1331 plerumque
1346 1258 1841 1328 eleemosynarum

186 1347 279 1405 vel
335 1348 761 1420 hospitalitatis
793 1348 1233 1404 commendabat
1266 1347 1535 1417 gratiam.
1573 1348 1840 1418 Oportet,

189 1437 405 1509 inquit,
435 1442 491 1493 nt
527 1437 936 1508 scriptumest,
962 1436 1437 1493 ettestimoninm
1487 1437 1701 1491 habere
1756 1437 1847 1491 bo-

189 1542 328 1582 num
362 1526 436 1581 ab
475 1524 565 1581 his
593 1525 688 1596 qui
722 1525 862 1582 foris
888 1529 1025 1581 sunt
1049 1527 1113 1595 (Ι
1130 1526 1274 1582 Tim.
1308 1526 1401 1595 Ill,
1444 1532 1523 1595 7),
1554 1531 1614 1580 et
1650 1524 1843 1596 hospi-

188 1614 487 1669 talitatem
520 1629 633 1668 non
664 1613 958 1670 oblivisci:
986 1614 1121 1671 dun
1165 1620 1220 1669 et
1244 1614 1524 1684 quosdam
1550 1613 1842 1684 placuisse

192 1702 476 1772 legamus,
509 1701 733 1772 angelis
760 1701 934 1759 etiam
958 1703 1212 1774 hospitio
1243 1702 1515 1774 receptis.
1548 1703 1708 1757 Unde
1728 1715 1842 1756 ma-

190 1805 454 1862 gnopere
492 1807 615 1862 vos,
649 1792 881 1861 fratres,
920 1807 1238 1863 pauperum
1281 1791 1370 1847 vel
1419 1792 1715 1862 hospitum
1748 1806 1843 1846 su-

193 1880 485 1951 sceptioni
509 1896 704 1936 curam
729 1880 1065 1951 impendere
1088 1880 1373 1936 admoneo
1391 1897 1405 1945 ;
1422 1879 1554 1949 quia
1582 1881 1843 1951 profecto

195 1968 481 2040 quidquid
514 1969 632 2026 illis
663 1969 817 2026 fideli
841 1969 1152 2027 devotione
1175 1971 1495 2038 confertur,
1521 1969 1741 2024 christo
1766 1969 1848 2025 ni-

195 2058 541 2129 mirum,qui
569 2072 632 2115 se
665 2059 719 2113 in
746 2073 1001 2130 paupere
1025 2058 1263 2129 suscipi,
1287 2058 1342 2113 in
1385 2057 1616 2128 hospite
1643 2057 1845 2127 colligi

194 2146 336 2214 suit,
392 2146 768 2217 impenditur.
831 2147 1086 2216 Ideoque
1147 2146 1392 2201 maxime
1451 2146 1843 2203 necessariam

192 2231 627 2305 hospitalitatis
678 2234 769 2291 vel
818 2234 1315 2305 eleemosynarum
1382 2234 1550 2291 intuli
1598 2235 1846 2304 gratiam

194 2320 407 2391 (Hebr.
440 2338 560 2392 xm,
597 2328 659 2389 2;
686 2324 821 2394 quia
850 2338 957 2380 nec
989 2323 1177 2380 locum
1209 2323 1518 2394 propagari
1550 2322 1847 2394 perpendo

193 2410 290 2466 vel
325 2411 741 2482 inhabitantes,
776 2412 883 2468 nisi
918 2427 1018 2483 per
1048 2411 1445 2482 eleemosynas
1475 2420 1533 2466 ct
1576 2412 1848 2468 assiduas

194 2512 431 2571 preces.
464 2499 697 2571 Verum,
734 2500 1086 2568 eharissimi,
1124 2500 1258 2555 dum
1301 2499 1550 2571 alicujus
1584 2500 1640 2555 in
1680 2500 1847 2556 vobis

196 2587 338 2643 boni
369 2586 682 2643 scintillam
715 2588 984 2645 videritis
1004 2589 1327 2659 ignescere,
1353 2602 1422 2644 ne
1447 2589 1676 2658 vestris,
1695 2603 1849 2659 quaa-

197 2691 289 2745 so,
318 2675 543 2731 meritis
576 2675 774 2731 velitis
805 2676 1448 2747 ascribere;quoniam,
1475 2683 1537 2733 ut
1561 2676 1844 2747 scriptum

195 2769 314 2819 est:
338 2764 543 2834 Neque
567 2765 839 2834 volentis,
854 2779 1043 2835 neque
1065 2765 1491 2836 carreatis,sed
1518 2768 1632 2823 Dei
1647 2765 1843 2822 estmi-

194 2852 455 2910 serentis
504 2853 692 2923 (Rom.
726 2869 800 2923 IX,
836 2853 941 2923 l6).
979 2854 1360 2926 Omnipotens
1418 2854 1632 2926 quippe
1672 2857 1844 2923 Deus,

198 2940 519 3012 aspirando
543 2957 647 2998 nos
678 2943 978 3013 praevenit,
1012 2948 1075 2997 ut
1110 2944 1257 2999 bona
1288 2943 1556 3014 velimus,
1586 2947 1643 3000 et
1691 2943 1853 3013 adju-

945 258 1021 319 B.
1070 253 1584 320 WOLPHELMI
1630 249 1985 314 ABBATIS
2026 242 2836 317 BRUNW‘IILERENSIS

3471 259 3591 322 622

1866 388 1920 446 Α
1952 387 2190 444 stinctis
2223 388 2446 446 facibus
2493 390 2596 446 iraa
2644 389 2734 445 vel
2763 390 3015 460 invidiae,
3033 390 3210 461 elegit
3239 407 3439 451 omnes
3473 395 3592 451 fra-

1953 481 2117 532 terna
2165 477 2477 534 dilectione
2524 478 2788 547 diligere.
2826 482 3063 551 Semper
3112 481 3313 537 hilaris
3363 498 3596 556 semper

1953 565 2157 633 laetus;
2193 567 2510 637 praeferens
2537 567 2834 623 hilaritate
2878 569 3077 625 vultus
3107 584 3277 640 quam
3329 571 3595 629 sincerus

1951 657 2011 707 et
2044 669 2223 725 purus
2246 669 2380 724 erga
2407 658 2580 712 Deum
2605 662 2663 712 et
2688 657 2974 713 hominem
3002 659 3127 729 ejus
3147 664 3301 715 esset
3328 659 3591 716 affectus.

1952 742 2289 815 Quanquam
2315 760 2454 801 vero
2480 746 2600 815 jugi
2635 751 2795 801 esset
2828 747 3321 819 contemplatione
3354 762 3595 820 suspen-

1951 847 2072 901 sus,
2106 839 2232 887 erat
2286 839 2475 890 tamen
2515 835 2759 904 singulis
2814 838 3214 908 compassione
3263 838 3592 909 proximus;

1952 925 2144 976 mente
2193 922 2422 978 minime
2469 923 2792 979 deflectens
2836 940 2866 980 a
2916 925 3427 997 contemplatione,
3460 928 3593 983 dum

1955 1008 2144 1080 pietas
2175 1012 2425 1066 ferveret
2461 1012 2514 1067 in
2544 1027 2740 1083 opere.
2779 1012 2868 1070 Sic
2902 1014 3171 1070 nimirum
3221 1016 3279 1071 in
3327 1015 3597 1073 similitu-

1954 1098 2086 1154 dine
2117 1099 2446 1155 coelestium
2479 1101 2832 1172 animalium,
2868 1107 3001 1158 ante
3030 1108 3090 1159 et
3124 1108 3283 1160 retro
3303 1105 3591 1174 oculatus,

1954 1192 2335 1258 utrarumque
2366 1189 2643 1246 virtutum
2680 1192 2866 1247 fuerat
2927 1192 3215 1249 charitate
3250 1194 3589 1249 devinctus:

1956 1280 2019 1329 ut
2044 1277 2179 1331 dum
2208 1276 2449 1333 cuilibet
2480 1293 2678 1335 earum
2705 1280 3004 1336 videretur
3030 1281 3304 1351 intentus,
3332 1281 3596 1352 proprie-

1954 1366 2075 1419 tate
2109 1368 2296 1420 tamen
2329 1380 2440 1422 non
2470 1374 2696 1424 careret
2739 1368 3003 1425 alterius.

2000 1500 2112 1564 ‘23.
2146 1508 2361 1565 Taliter
2393 1524 2456 1565 se
2488 1512 2718 1581 agebat,
2752 1512 2848 1582 qui
2882 1513 2995 1567 Deo
3028 1513 3105 1568 nil
3137 1514 3370 1569 charius
3416 1513 3599 1585 possi-

1956 1597 2100 1653 dens
2136 1598 2504 1670 praeferebat,
2536 1614 2606 1655 ex
2639 1600 2790 1656 omni
2814 1601 3009 1656 cordis
3057 1603 3113 1656 et
3162 1601 3335 1657 animi
3385 1602 3597 1659 affectu

1955 1684 2204 1755 diligens
2233 1689 2432 1758 Deum,
2467 1704 2694 1744 omnem
2728 1703 2866 1745 vero
2899 1690 3291 1747 Christianum
3323 1695 3597 1761 tanquam

1954 1789 2018 1830 se
2052 1775 2271 1846 ipsum:
2308 1792 2550 1833 servans
2580 1778 2634 1831 in
2677 1777 3054 1849 simplicitate
3101 1779 3509 1850 innocentiam,
3543 1780 3599 1835 in

1954 1863 2245 1920 charitate
2274 1866 2667 1935 concordiam,
2706 1867 2761 1922 in
2793 1867 3136 1923 humilatate
3161 1867 3523 1940 modestiam,
3544 1868 3602 1924 in

1955 1950 2283 2024 disciplina
2304 1954 2620 2011 severitate
2644 1970 2970 2012 censuram.
3013 1957 3159 2027 Erga
3195 1958 3341 2013 bene
3361 1964 3601 2027 agentes

1955 2055 2239 2113 apparere
2281 2040 2558 2113 praelatus
2588 2044 2793 2114 noluit,
2830 2044 2930 2101 sed
2983 2050 3043 2101 ut
3073 2045 3386 2116 cozequalis
3414 2050 3470 2102 et
3512 2060 3603 2102 so-

1956 2130 2113 2195 cius;
2148 2131 2429 2189 adversus
2485 2147 2625 2189 vero
2657 2132 2796 2188 vitia
2845 2132 3329 2216 delinquentium,
3373 2150 3605 2207 promo-

1958 2219 2136 2275 tionis
2154 2234 2273 2276 suae
2295 2223 2606 2277 exercebat
2634 2221 3018 2293 privilegium.
3036 2221 3179 2288 Quis
3200 2227 3394 2279 autem
3409 2222 3604 2279 verbis

1956 2307 2145 2364 valeat
2179 2309 2508 2380 exprimere
2541 2315 2753 2380 quanta
2788 2310 3142 2367 discretione
3164 2312 3355 2367 omnia
3380 2311 3601 2381 judicia

1958 2410 2061 2451 sua
2087 2396 2376 2452 studuerit
2404 2403 2754 2469 temperare,
2783 2404 3071 2468 quantavc
3089 2400 3320 2469 justitia
3342 2400 3605 2456 modera-

1958 2484 2048 2538 ri?
2076 2485 2218 2541 Dum
2247 2487 2461 2541 etenim
2494 2502 2602 2557 pro
2638 2487 2843 2557 quovis
2875 2486 3093 2543 delicto
3125 2487 3297 2543 alicui
3341 2489 3488 2545 foret
3522 2488 3605 2543 in-

1959 2572 2194 2629 ferenda
2224 2576 2538 2645 correctio,
2559 2576 2828 2647 primitus
2852 2576 2904 2630 in
2931 2592 2991 2630 se
3028 2576 3406 2648 descendens,
3433 2576 3598 2647 juxta

1959 2661 2100 2717 illud
2126 2664 2421 2734 Apostoli:
2454 2667 2530 2722 Si
2545 2666 3185 2738 praecapatasfaerit
3200 2666 3367 2722 homo
3396 2668 3464 2723 in
3488 2665 3601 2724 aii-

1956 2764 2070 2822 gao
2085 2751 2317 2823 delicto,
2333 2756 2550 2824 oosgai
2560 2754 2913 2825 spirituales
2924 2756 3087 2824 estis,
3102 2754 3605 2827 instraiiehajas-

1953 2840 2115 2897 modi
2136 2842 2201 2897 in
2220 2844 2445 2913 spiritu
2460 2843 2750 2914 lenitatis,
2765 2843 3149 2902 considerans
3172 2844 3440 2915 teipsam,
3455 2857 3529 2901 ne
3550 2841 3614 2901 et

1960 2930 2023 2986 tu
2055 2931 2299 2990 tenteris
2330 2932 2487 3000 (Gal.
2514 2948 2589 3003 vr,
2633 2935 3002 3003 I);tanquam
3039 2932 3257 3004 proprii
3288 2941 3485 2990 reatus
3509 2934 3607 2989 de-

198 3029 392 3085 vando
424 3029 900 3100 subsequitur,ut
935 3031 1245 3102 possimus.
1278 3032 1471 3087 Inanis
1497 3032 1649 3088 enim
1681 3030 1853 3088 aliter
1894 3097 1928 3102 ᾧ
1960 3017 2161 3075 lictum
2196 3020 2445 3077 deflebat
2472 3021 2736 3077 alterius.
2758 3022 2841 3077 lta
2874 3022 3144 3078 nimirum
3178 3036 3339 3078 mens
3372 3023 3486 3079 Deo
3509 3022 3606 3078 de-

197 3121 364 3174 esset
412 3124 657 3175 conatus
687 3123 908 3190 noster,
953 3120 1064 3175 nisi
1097 3120 1289 3176 divina
1339 3128 1762 3192 coiperaretur
1793 3128 1837 3177 el

1961 3109 2081 3165 voti
2115 3110 2375 3178 pectoris
2396 3110 2550 3165 omni
2576 3125 2638 3165 se
2661 3110 2921 3166 excoluit
2947 3125 3159 3178 genere
3181 3110 3438 3180 pietatis,
3455 3117 3605 3167 sata-

197 3206 415 3262 virtus.
448 3205 666 3261 Taliter
693 3211 884 3263 autem
924 3208 1113 3277 gratia
1155 3213 1577 3279 praecurrente,
1612 3215 1671 3264 et
1703 3211 1850 3265 bona

200 3293 511 3350 voluntate
548 3296 968 3365 subsequente,
1005 3296 1161 3366 quod
1202 3296 1533 3354 Conditoris
1574 3302 1661 3353 est
1693 3297 1850 3367 doni,

195 3382 396 3440 nostri
436 3382 496 3438 fit
528 3383 738 3439 meriti.
775 3384 874 3441 His
904 3387 961 3439 et
982 3383 1314 3454 hujnsmodi
1344 3383 1854 3442 exhortationibus

195 3470 379 3526 corda
413 3470 657 3528 fratrum
691 3472 942 3542 irrigans
975 3474 1359 3543 frequentius,
1386 3474 1458 3529 ad
1516 3473 1852 3530 sectandam

197 3559 559 3630 provocabat
593 3559 892 3630 pietatem.
931 3560 1248 3617 Lucrandis
1280 3565 1474 3617 autem
1498 3561 1738 3618 sedulus
1772 3561 1853 3617 in-

195 3645 458 3715 vigilans
506 3648 827 3718 animabus,
864 3650 1170 3719 satagebat
1202 3649 1280 3704 nil
1340 3665 1607 3721 promere
1635 3651 1849 3720 verbis,

195 3734 357 3804 quod
436 3748 547 3790 non
606 3737 917 3793 roboraret
971 3736 1272 3808 exemplis,
1305 3753 1374 3794 ne
1406 3740 1541 3795 vita:
1572 3739 1849 3795 munditia

196 3836 452 3893 prorsus
465 3822 828 3895 discreparet
844 3840 871 3880 a
888 3824 1231 3894 lingua.Hoc
1245 3826 1450 3882 ordine
1469 3826 1738 3882 nimirum
1759 3827 1854 3896 hy-

196 3911 568 3981 pocritarum
585 3912 913 3968 declinabat
932 3914 1415 3985 consortium,qui
1430 3916 1606 3970 verba
1627 3914 1853 3985 quidem

197 4003 539 4056 sanctorum
571 4000 805 4071 habent,
842 4002 942 4058 sed
976 4002 1154 4058 vitam
1188 4018 1298 4059 non
1333 4003 1571 4069 habent;
1604 4007 1661 4059 et
1707 4018 1852 4074 quos

198 4088 544 4144 ermonibus
563 4096 998 4159 generant,non
1034 4091 1230 4147 fovent
1260 4091 1637 4163 exemplis;et
1683 4107 1828 4162 quos

197 4178 403 4234 verbis
422 4177 736 4249 aedificant,
753 4179 1014 4236 moribus
1035 4184 1093 4236 et
1115 4180 1233 4236 vita
1249 4181 1579 4237 destruunt.
1598 4182 1853 4251 Namque

197 4267 291 4322 vir
318 4266 530 4322 beatus
552 4281 661 4322 non
688 4266 876 4323 solum
900 4267 1094 4336 lingua
1121 4284 1223 4324 sua
1247 4269 1571 4335 suasit,sed
1585 4274 1639 4326 et
1665 4285 1853 4327 exem-

196 4354 338 4425 plis,
374 4354 637 4411 moribus
662 4358 720 4411 et
755 4355 875 4411 vita
902 4355 1184 4425 subjectis
1206 4356 1463 4413 ostendit
1490 4373 1852 4430 quaecunque

1959 3212 2106 3266 gens
2128 3198 2397 3269 gaudere
2415 3212 2549 3254 eam
2568 3198 3153 3270 gaudentibasjere
3170 3212 3302 3256 cum
3316 3198 3607 3269 flentibus

1963 3285 2151 3353 (Rom.
2197 3302 2293 3357 χιι,
2330 3290 2439 3357 15),
2473 3287 2561 3343 vir
2589 3287 2757 3359 plane
2790 3286 2949 3342 mitis
2979 3293 3037 3342 et
3063 3286 3283 3355 justus,
3318 3288 3404 3344 sic
3425 3288 3605 3344 omni-

1964 3376 2073 3431 bus
2106 3375 2295 3430 omnia
2327 3376 2537 3432 factus.
2555 3376 2678 3441 Quo
2709 3376 2860 3431 enim
2884 3376 3117 3432 dolente
3138 3390 3248 3434 non
3266 3377 3605 3434 condoluit?

1964 3462 2104 3529 Quis
2154 3463 2224 3519 ad
2259 3464 2418 3520 illius
2449 3470 2746 3535 aspectum
2772 3480 3076 3521 maerorem
3109 3480 3221 3520 non
3258 3465 3501 3523 mutavit
3546 3466 3601 3522 in

1961 3552 2272 3620 gaudium?
2298 3553 2439 3618 Quis
2462 3553 2546 3608 ira
2568 3553 2977 3624 inflammatus,
3001 3554 3158 3610 illius
3192 3569 3460 3611 sermone
3490 3571 3601 3611 non

1960 3645 2052 3694 est
2106 3641 2443 3712 mitigatus?
2476 3641 2617 3708 Quis
2666 3642 2860 3712 iniqua
2908 3642 3264 3711 cogitatione
3316 3643 3602 3715 pulsatus,

1964 3744 2076 3784 non
2108 3728 2207 3784 illo
2228 3735 2317 3785 est
2346 3731 2612 3786 medente
2635 3730 3065 3796 curatus?Quis
3086 3731 3379 3789 consolari
3410 3732 3603 3804 petiit,

1962 3823 2019 3873 et
2047 3818 2501 3876 consolationem
2534 3835 2644 3876 non
2679 3820 2933 3877 invenit?
2959 3821 3098 3886 Quis
3129 3820 3241 3876 vim
3270 3822 3602 3892 verborum,

1964 3908 2096 3977 quis
2127 3907 2436 3964 efﬁcaciam
2457 3910 2743 3980 exprimat
2779 3910 3295 3975 sermonum?Quis
3328 3910 3602 3982 pietatem

1964 3995 2257 4063 evolvere,
2290 3997 2420 4065 quis
2470 3997 2814 4053 charitatem
2846 3997 3036 4053 valeat
3068 4013 3375 4063 enarrare;
3399 4000 3452 4054 in
3493 4015 3603 4070 qua

1965 4085 2110 4141 adeo
2144 4084 2441 4141 radicatus
2474 4086 2661 4140 fuerat
2693 4092 2752 4140 et
2779 4086 3074 4154 fundatus,
3109 4092 3190 4149 ut,
3213 4086 3350 4142 licet
3387 4088 3605 4145 nullius

1963 4188 2174 4244 expers
2205 4177 2364 4228 esset
2394 4173 2651 4243 virtutis,
2676 4175 2845 4244 hujus
2881 4180 3067 4229 tamen
3091 4174 3289 4231 cultor
3327 4176 3610 4232 existeret

1964 4261 2258 4332 specialis.
2282 4263 2403 4317 Non
2436 4262 2698 4331 segniter
2728 4263 2903 4317 etiam
2926 4263 3117 4318 animo
3149 4262 3412 4319 retinens
3453 4263 3604 4335 quod

1965 4354 2182 4421 quanto
2216 4351 2522 4423 [pluribus
2557 4352 2657 4410 En.
2694 4352 2780 4424 P.]
2812 4352 3095 4422 subjectis
3119 4351 3418 4424 praelatus,
3445 4357 3607 4410 tanto

198 4441 481 4499 fidelibus
519 4443 643 4498 suis
684 4444 1049 4516 omnipotens
1083 4447 1233 4501 Deus
1272 4446 1634 4502 observanda
1697 4461 1852 4503 man-
1880 4452 1933 4513 ι)
1963 4441 2124 4498 curis
2148 4442 2469 4512 majoribus
2490 4447 2647 4499 esset
2666 4448 3008 4514 occupatus,
3031 4442 3309 4500 studebat
3332 4443 3609 4501 omnimo-

197 4531 383 4587 davit.

271 4620 364 4676 22.
395 4621 724 4692 Pauperum
794 4636 933 4677 vero
984 4621 1065 4676 illi
1104 4636 1335 4694 semper
1367 4624 1556 4680 fuerat
1605 4624 1849 4681 maxima

198 4725 270 4765 cu
282 4708 537 4764 ra.Unde
560 4708 994 4780 dispensatione
1014 4711 1255 4781 provida
1270 4712 1634 4769 xenodochio
1649 4728 1715 4769 sn
1726 4728 1853 4783 per-

195 4795 428 4853 addidit
486 4795 743 4854 decimas
774 4801 949 4868 atque
988 4798 1204 4869 venita,
1244 4804 1303 4855 ut
1347 4800 1569 4871 absque
1604 4803 1848 4872 pecunia

196 4886 399 4941 victus
437 4884 523 4941 eis
572 4886 978 4956 praeberentur
1025 4888 1610 4958 necessariaJugiter
1642 4889 1724 4944 illi
1756 4890 1852 4945 ad-

197 4988 410 5031 versus
438 4974 577 5029 vitia
613 4988 836 5045 pugna;
867 4975 1000 5045 quia
1032 4991 1193 5032 mens
1222 4976 1292 5032 ad
1321 4976 1574 5035 virtutes
1629 4983 1846 5049 erecta,

197 5077 315 5118 non
340 5071 468 5118 erat
502 5062 781 5134 proclivis
813 5062 883 5119 ad
912 5064 1072 5119 vitia.
1119 5064 1390 5122 Radicem
1438 5066 1692 5123 omnium
1743 5083 1852 5123 ma-

198 5149 394 5206 lorum
430 5150 811 5222 cupiditatem
835 5151 927 5207 vel
951 5153 1254 5208 avaritiam
1279 5154 1424 5209 adeo
1438 5155 1846 5227 perhorrebat,

200 5244 286 5309 ut,
327 5243 543 5311 praeter
591 5254 955 5295 communem
1007 5242 1445 5313 simplicemque
1497 5244 1733 5313 victum,
1770 5245 1848 5301 nil

199 5326 316 5384 sibi
368 5342 613 5397 prorsus
663 5328 816 5398 quod
859 5329 1115 5401 speciale
1166 5331 1311 5387 foret
1343 5337 1693 5388 assumeret.
1727 5333 1851 5389 Pie-

199 5415 347 5472 tatis
377 5414 589 5472 aﬂ'ectu
623 5416 821 5488 potius
853 5419 1032 5474 amari
1072 5434 1241 5490 quam
1302 5420 1489 5477 timeri
1521 5423 1848 5492 satagebat;

201 5503 359 5562 unde
382 5503 726 5577 jactantiam
757 5511 815 5564 et
848 5506 1158 5567 elationem
1185 5509 1584 5583 proculdubio
1615 5526 1852 5588 respue-

1963 4530 2055 4585 dis
2106 4532 2223 4587 Deo
2256 4546 2357 4604 per
2387 4529 2936 4603 contemplationem
2961 4530 3214 4603 placere,
3245 4532 3605 4590 exteriorum

1960 4635 2134 4677 curas
2194 4635 2296 4692 per
2349 4620 2587 4676 idoneas
2618 4619 3206 4692 quasque[personas]
3260 4619 3602 4677 solemniter

1964 4709 2074 4781 [f.,
2106 4708 2378 4781 solerter]
2412 4709 3150 4780 administrare,Taliterex
3179 4715 3320 4767 voto
3355 4710 3601 4767 liberius

1962 4813 2175 4855 vacans
2198 4798 2453 4868 domino,
2472 4798 2783 4870 utrobique
2798 4798 3078 4871 providus
3098 4799 3260 4869 gregi
3277 4798 3601 4870 prospexit;

1961 4887 2121 4943 intus
2158 4886 2394 4957 propria
2425 4885 2748 4955 vigilantia,
2782 4887 3043 4943 exterius
3096 4899 3353 4955 congrua
3412 4884 3603 4955 provi-

1962 4975 2178 5031 dentia.
2212 4977 2283 5029 At
2318 4975 2590 5045 quoniam
2625 4976 2815 5030 fuerat
2869 4974 3028 5030 mirae
3057 4973 3522 5030 mansuetudinis
3542 4978 3602 5030 et

1962 5063 2339 5121 discretionis
2355 5081 2369 5130 ;
2384 5063 2577 5120 sciens
2592 5063 2745 5132 quod
2761 5062 3077 5131 districtio,
3094 5062 3143 5117 si
3177 5060 3409 5117 modum
3434 5074 3604 5118 exce-

1962 5153 2069 5221 dit,
2095 5152 2378 5210 saavitiam
2408 5151 2614 5222 gignit,
2647 5157 2707 5207 et
2734 5150 2904 5206 nimia
2935 5151 3125 5221 pietas
3152 5148 3598 5207 dissolutionem

1960 5243 2282 5314 disciplina;
2309 5243 2580 5314 parturit,
2617 5244 2776 5298 tanta
2806 5241 2960 5295 inter
2990 5244 3304 5310 utrumque
3333 5255 3477 5299 usus
3508 5246 3596 5299 est

1960 5332 2336 5402 discretione,
2371 5335 2431 5388 ut
2465 5345 2573 5388 nec
2605 5330 2661 5386 in
2700 5330 2954 5387 discreta
2999 5327 3293 5386 districtio
3342 5331 3599 5388 subditis

1961 5419 2271 5477 recusandi
2294 5418 2514 5475 laboris
2543 5418 2709 5475 fieret
2738 5418 2994 5490 occasio,
3019 5432 3125 5475 nec
3153 5416 3325 5474 nimia
3358 5418 3600 5490 pietatis

1959 5509 2205 5569 exibitio
2235 5508 2562 5583 disciplinae
2590 5508 2739 5566 foret
2776 5508 3155 5568 immoderata
3192 5508 3478 5567 remissio.
3514 5509 3600 5566 lta

202 5594 324 5653 bat.
355 5593 509 5655 Nulli
538 5607 679 5656 vero
698 5595 1031 5671 detrahere,
1064 5597 1285 5659 nullum
1318 5598 1523 5660 volens
1545 5600 1729 5675 odire,
1753 5616 1826 5661 ex
1855 5639 1868 5659 ι
1936 5615 2144 5675 nempe
2188 5598 2457 5673 exemplo
2490 5602 2824 5658 sanctorum
2888 5602 3128 5660 Patrum
3176 5613 3421 5670 gressus
3471 5612 3599 5660 sua-
