3964 6044
386 217 504 281 423

1980 205 2191 271 VITA.
2217 178 2226 190 ’

3673 212 3793 275 424

388 370 513 412 rum
539 350 796 408 instituit
821 349 1215 420 actionum,ut
1241 347 1574 406 nullatenus
1596 351 1760 402 extra
1787 343 2028 398 limitem
2062 346 2112 404 A
2149 343 2302 398 mino
2335 344 2740 403 demonstrare
2771 347 2927 419 quod
2978 351 3196 420 quanto
3245 344 3483 419 gravior
3529 349 3792 421 morbus,

381 442 632 512 justitiae
667 441 962 513 propriam
989 439 1207 495 sineret
1239 439 1438 493 eﬂlure
1470 436 1779 493 actionem.

355 529 367 538 ’
457 532 530 588 24
559 531 698 585 Hinc
733 529 994 601 profecto
1035 528 1259 583 felicem
1301 541 1366 582 ac
1409 525 1540 594 jure
1592 525 1824 579 beatum
1858 519 2033 576 talem

392 619 635 677 dixerim
669 619 854 674 virum
879 617 975 688 qui
1005 621 1061 672 et
1085 615 1505 672 ecclesiasticae
1533 611 1855 683 disciplinae
1879 608 2037 678 vigo-

394 724 512 765 rem
550 707 784 764 fortiter
816 705 1022 774 tenuit,
1047 709 1103 760 ct
1139 708 1328 759 tamen
1352 706 1594 758 matrem
1621 700 1903 755 virtutum
1929 696 2040 752 dis-

394 796 712 852 cretionem
761 807 1053 863 nunquam
1088 791 1371 848 deseruit.
1409 788 1586 858 Cujus
1618 792 1678 841 ut
1706 801 1898 841 mores
1946 784 2038 839 vel

395 891 562 942 actus
594 883 926 940 summatim
973 880 1382 952 perstringam,
1421 878 1529 934 fuit
1554 876 1670 931 vita
1705 873 2036 942 laudabilis,

393 976 573 1030 verbo
587 973 887 1029 discretus
911 976 970 1025 et
993 969 1174 1036 utilis,
1192 967 1438 1024 consilio
1463 966 1760 1038 providus,
1785 961 2044 1019 moribus

392 1067 656 1129 ornatus,
693 1059 1041 1116 affabililate
1075 1057 1409 1126 melliﬂuus,
1445 1055 1778 1110 misericors
1804 1059 1863 1107 et
1887 1049 2043 1104 beni-

389 1167 560 1222 gnus,
592 1164 813 1222 pronus
843 1148 913 1204 ad
937 1149 1184 1217 veniam,
1221 1146 1424 1201 tardus
1457 1144 1524 1200 ad
1561 1143 1737 1206 iram;
1767 1156 1868 1212 per
1922 1141 2044 1210 pie-

393 1239 534 1296 tatis
565 1240 856 1307 afl'cctum,
881 1237 1134 1293 omnium
1177 1233 1654 1290 condescendens
1676 1228 2044 1286 necessitati-

397 1331 506 1385 bus
536 1329 903 1394 miserorum,
930 1325 1095 1395 juxta
1131 1325 1360 1379 beatum
1394 1323 1522 1386 Job,
1556 1325 1721 1392 pater
1749 1323 1875 1374 erat
1909 1331 2045 1388 pan-

399 1432 601 1488 perum
637 1415 768 1482 (Job
809 1429 960 1478 χχιχ,
1001 1417 1106 1484 id),
1144 1411 1510 1466 maerentium
1550 1408 1905 1474 consolator,
1943 1421 2045 1476 pu-

395 1505 673 1577 pillorum
709 1502 983 1572 adjutor;
1019 1516 1128 1556 non
1163 1501 1432 1570 despexit
1463 1500 1710 1569 inopem,
1747 1511 1848 1551 nec
1883 1494 2044 1550 dimi-

396 1595 476 1650 sit
523 1595 745 1662 absque
801 1590 1164 1661 operimento
1214 1603 1556 1659 pauperem;
1587 1585 1733 1641 alios
1772 1586 2043 1640 refovens

2150 436 2311 487 tanto
2327 435 2626 504 potentior
2667 435 3484 506 Omnipotenscredendusest
3508 435 3793 494 medicus.

2149 521 2404 590 Cumque
2435 520 2506 578 de
2536 521 2678 579 solis
2706 521 2832 592 ejus
2859 530 3136 593 ageretur
3153 523 3472 596 exsequiis,
3499 523 3660 582 lento
3704 541 3799 582 so-

2146 622 2288 678 pore
2336 610 2676 682 corripitur,
2710 612 2988 684 videtque
3029 628 3134 685 per
3198 613 3483 670 somnium
3526 613 3800 670 domnam

2149 697 2517 769 Aswcndam,
2543 698 2660 768 jam
2695 699 3158 759 immortalitatis
3201 702 3329 760 luce
3379 702 3649 774 potitam,
3683 702 3800 758 sibi

2149 783 2450 854 assistere,
2469 788 3000 860 compatientisque
3023 791 3256 860 aﬂ‘ectu,
3274 805 3444 846 manu
3467 795 3657 847 totum
3675 805 3802 846 cor-

2154 887 2260 942 pus
2307 875 2741 944 permulccndo,
2775 877 2888 933 vim
2935 877 3156 935 doloris
3200 879 3402 936 lenire.
3428 880 3564 934 Inde
3604 884 3800 936 orato-

2152 960 2318 1030 rium,
2340 961 2594 1032 jacentis
2625 963 2779 1022 lecto
2792 966 3152 1040 contiguum,
3174 969 3439 1038 ingressa
3481 967 3685 1035 tertio,
3703 967 3799 1024 lle-

2153 1049 2241 1105 xis
2269 1051 2515 1119 genibus
2535 1053 3037 1126 adoravit;sieque
3061 1072 3239 1129 super
3260 1061 3543 1127 aegrotum
3569 1056 3796 1126 signum

2153 1145 2368 1196 sanctae
2399 1143 2594 1198 crucis
2615 1143 2966 1214 exprimens,
2985 1145 3293 1218 disparuit.
3317 1145 3477 1202 lllico
3499 1145 3695 1202 virtus
3719 1145 3800 1201 di-

2154 1227 2282 1284 vina
2307 1236 2394 1286 est
2417 1231 2764 1288 subsecuta:
2788 1249 2913 1288 nam
2936 1239 3064 1305 post
3087 1249 3307 1306 paucos
3327 1233 3452 1290 dies
3473 1233 3797 1304 convaluit,

2155 1315 2379 1387 integra
2413 1321 2702 1391 sospitate
2735 1326 2990 1394 recepta.
3026 1323 3187 1378 Unde
3219 1337 3324 1378 nec
3374 1323 3614 1379 dubium
3672 1337 3802 1378 exs-

2152 1405 2298 1476 titit,
2332 1407 2432 1464 illo
2464 1410 2582 1466 visa
2611 1409 3122 1483 pandente,ipsius
3152 1411 3609 1482 suffragantibus
3631 1410 3804 1466 meri-

2159 1493 2254 1564 tis,
2283 1501 2512 1552 erutum
2549 1497 2708 1554 illum
2744 1499 2816 1555 de
2834 1501 3084 1556 confinio
3117 1501 3574 1558 niortis.Fuerat
3602 1505 3801 1556 autem

2154 1586 2270 1638 tam
2306 1584 2757 1642 immanissimus
2792 1587 3056 1658 languor,
3083 1594 3143 1646 ut
3177 1603 3206 1644 a
3232 1589 3427 1660 planta
3467 1588 3681 1660 pedum
3711 1603 3805 1659 us-

401 1683 583 1738 verbo
615 1679 1060 1747 consolationis,
1096 1677 1242 1732 alios
1262 1691 1372 1748 ope
1397 1676 1660 1732 relevans
1677 1672 1928 1746 pietatis.
1957 1673 2040 1727 Ab
2071 1705 2124 1765 Β
2155 1687 2267 1742 que
2300 1673 2370 1728 ad
2404 1675 2685 1730 verticem
2717 1675 2773 1730 in
2807 1691 2876 1731 eo
2909 1692 3021 1732 non
3051 1681 3210 1733 esset
3242 1677 3497 1745 sanitas;
3529 1676 3632 1733 sed
3679 1680 3802 1732 tota

400 1770 642 1826 infantia
671 1771 848 1824 Deum
879 1767 1086 1822 timere
1117 1766 1324 1821 didicit
1353 1780 1424 1820 ex
1457 1769 1625 1820 utero
1653 1762 1802 1818 enim
1844 1776 2039 1818 secum

394 1874 629 1929 egressa
648 1857 948 1914 miseratio
971 1857 1176 1912 crevit.
1196 1857 1342 1910 Area
1365 1854 1562 1910 cordis
1578 1853 1798 1922 jugiter
1823 1852 2038 1906 referta

395 1951 541 2005 bona
585 1947 910 2016 voluntate,
947 1960 1256 2014 numquam
1313 1958 1493 2000 vacua
1550 1957 1753 1998 manus
1807 1940 2037 1996 exstitit

393 2051 650 2094 munere.
685 2037 1011 2106 Pauperum
1045 2035 1156 2089 sibi
1189 2034 1342 2104 apud
1375 2036 1549 2088 Deum
1576 2032 1656 2087 sic
1689 2030 2040 2086 conciliabat

391 2123 716 2195 patrocinia
749 2123 988 2189 ,faciens
1025 2121 1370 2177 sibiamicos
1391 2121 1677 2190 deiniquo
1697 2132 2039 2186 mammona,

393 2213 489 2283 qui
526 2227 656 2266 eum
692 2212 1038 2282 quandoque
1071 2211 1404 2282 reciperent
1437 2210 1490 2264 in
1523 2213 1738 2264 aeterna
1776 2207 2042 2262 taberna-

390 2300 521 2358 cula
559 2301 718 2368 (Luc.
753 2305 948 2370 va.9).
986 2301 1064 2354 Ne
1113 2305 1305 2356 autem
1367 2298 1638 2354 mundum
1697 2295 1826 2366 plus
1877 2294 2040 2363 justo

390 2389 696 2446 videretur
727 2389 992 2458 diligere,
1028 2389 1240 2444 mundo
1273 2387 1637 2443 solummodo
1667 2399 1807 2441 usus
1834 2387 1922 2439 est
1969 2381 2041 2438 ad

391 2479 824 2548 necessitatem,
872 2493 979 2533 non
1037 2479 1107 2532 ad
1169 2476 1518 2548 superfluam
1570 2473 2036 2530 delectationem.

391 2567 607 2623 Noxias
639 2567 853 2637 quippe
885 2568 956 2621 ab
1007 2567 1198 2620 animo
1228 2565 1547 2629 excludens
1589 2562 2037 2630 delectationes,

396 2656 754 2726 apostolicas
784 2654 1171 2710 aemulabatur
1206 2653 1520 2709 traditione
1558 2695 1573 2722 ,
1593 2665 1810 2724 corpus
1841 2649 2043 2704 videli-

397 2748 490 2798 cet
513 2744 806 2811 castigare
835 2747 894 2797 et
927 2743 981 2797 in
1015 2743 1357 2797 servitutem
1385 2741 1651 2808 redigere
1686 2740 1749 2810 (Ῑ
1772 2744 1899 2796 Cor.
1937 2739 2040 2809 Ix),

396 2837 456 2886 ut
489 2835 869 2888 extenuatum
888 2830 1230 2886 coelestibus
1254 2828 1582 2900 disciplinis
1601 2844 1704 2884 vas
1723 2835 1920 2899 aptum
1947 2827 2043 2882 ἢθ-

393 2924 485 2975 ret
507 2919 1010 2976 sanctificationis.
1029 2918 1443 2974 Noveratenim
1463 2917 1712 2973 animum
1740 2931 1850 2971 non
1868 2928 2040 2986 posse

395 3008 657 3078 legitimo
691 3008 938 3080 imperio
963 3007 1203 3079 perfrui,
1228 3007 1337 3062 nisi
1355 3006 1549 3063 carnis
1585 3011 1776 3061 motus
1810 3004 2042 3074 penitus

389 3102 582 3154 essent
616 3097 932 3167 subjugati.
960 3098 1079 3153 IIoc
1113 3097 1363 3167 denique
1399 3097 1511 3151 ritu
1550 3094 1820 3151 sacrificii
1860 3094 1912 3148 in
1948 3091 2038 3148 sui

391 3187 588 3242 cordis
612 3187 1011 3258 penetralibus
1055 3187 1303 3241 hostiam
1355 3185 1541 3240 vivam
1587 3190 1866 3252 sanctam,
1901 3185 2042 3237 Deo-

394 3288 506 3344 que
540 3275 864 3344 placentem
927 3288 985 3330 se
1017 3272 1279 3328 exhibuit
1315 3273 1484 3342 (Rom
1513 3287 1611 3341 xu,
1648 3274 1723 3341 1),
1758 3271 1891 3325 dum
1925 3271 2040 3326 sin-

390 3361 544 3431 gulis
570 3361 798 3431 diebus,
817 3377 944 3417 cum
971 3362 1367 3417 sacrosanctis
1381 3360 1650 3431 corporis
1668 3358 2040 3430 etsanguinis

395 3449 613 3505 Christi
639 3450 934 3520 mysteriis
956 3463 1059 3521 per
1080 3449 1549 3520 eompunetionis
1565 3449 1812 3519 gratiam
1839 3463 1966 3504 sese
1982 3449 2037 3503 in

391 3538 799 3596 holocaustum
831 3539 1126 3595 mactavit.

461 3631 548 3683 25.
581 3627 902 3684 Exstiterat
935 3627 1066 3683 huic
1087 3627 1424 3683 beatissimo
1454 3626 1581 3684 viro
1606 3627 1787 3682 frater
1816 3640 2039 3694 germa-

393 3732 524 3786 nus,
552 3715 900 3772 Frumoldus
933 3716 1043 3785 (18;
1081 3716 1330 3784 nomine,
1367 3730 1604 3772 sorores
1643 3715 2043 3774 sanctimonia.

395 3805 480 3861 les
512 3804 662 3873 dua),
699 3819 942 3874 quarum
987 3819 1118 3872 una,
1143 3804 1428 3860 Oswenda
1456 3803 1880 3873 nomine,mira3
1906 3803 2040 3860 sim-

393 3893 680 3967 plicitatis
700 3899 759 3950 et
775 3894 1123 3950 innocentiae
1148 3893 1252 3949 fuit
1272 3894 1502 3960 femina;
1527 3893 1710 3950 altera
1729 3907 1888 3962 vero,
1908 3894 2040 3948 Ber-

391 3989 448 4040 ta
485 3989 841 4056 nuncupata,
879 3983 1206 4039 litterarum
1242 3982 1555 4054 plurimum
1579 3983 1818 4038 emicuit
1854 3981 2042 4037 Scien-

390 4072 492 4129 tia.
529 4074 667 4129 Haec
700 4073 814 4144 (19)
847 4071 1024 4128 vitam
1062 4073 1244 4129 beatae
1273 4071 1632 4140 Adelheidis,
1667 4071 1869 4142 primae
1894 4069 2041 4126 Vile-

389 4161 585 4219 censis
607 4160 1206 4231 abbatissm,elegauti
1231 4160 1462 4216 satisad
1474 4159 1705 4215 modum
1733 4159 1885 4231 stylo
1906 4173 2042 4214 con-

393 4249 658 4321 scripsit,
683 4255 742 4305 et
773 4249 1084 4320 plurimum
1130 4247 1428 4317 religionis
1459 4247 1550 4302 vel
1606 4247 1862 4304 scientia)
1923 4261 2040 4303 suae

397 4338 723 4395 fructumin
746 4339 951 4394 eodem
975 4337 1106 4394 loco
1130 4335 1552 4408 dereliquit.De
1570 4336 1738 4405 cujus
1763 4335 2039 4408 prmdicta

2071 3054 2120 3116 Ο

2155 1761 2422 1832 corporis
2440 1769 2574 1819 cute
2597 1765 2922 1836 subtracta,
2941 1781 3006 1822 ac
3025 1765 3072 1822 si
3098 1770 3298 1822 vetere
3312 1765 3540 1821 homine
3561 1769 3800 1837 exutus,

2155 1852 2375 1906 recenti
2409 1852 2571 1908 corio
2601 1869 2730 1909 cum
2764 1853 2954 1910 salute
2983 1859 3076 1910 est
3098 1855 3537 1927 superindutus.

2223 1943 2290 1994 26
2313 1943 2387 1996 At
2435 1955 2574 1997 vero
2621 1941 2940 2012 praedictus
2982 1944 3136 1999 beati
3186 1942 3528 2015 Wolphelmi
3573 1957 3804 2013 germa-

2153 2042 2284 2097 nus,
2323 2029 2572 2085 domnus
2605 2030 2875 2086 videlicet
2929 2031 3292 2101 Frumoldus,
3324 2033 3500 2088 armis
3546 2037 3802 2089 terrenae

2154 2115 2376 2172 militiae
2409 2123 2642 2188 exutus,
2661 2133 2721 2174 se
2744 2117 2862 2174 illis
2885 2119 3174 2190 implicari
3199 2120 3492 2177 recusavit
3525 2118 3800 2190 ulterius,

2154 2212 2217 2261 ut
2251 2208 2364 2261 Deo
2395 2208 2618 2264 servire
2654 2214 2848 2278 posset
2897 2210 3250 2281 expeditius.
3286 2210 3552 2266 Studium
3600 2209 3803 2280 itaque

2154 2295 2647 2365 peregrinationis
2675 2298 2982 2370 arripiens,
3018 2313 3088 2354 ne
3119 2297 3285 2355 exsul
3315 2299 3578 2354 caelestis
3634 2299 3808 2354 ﬁeret

2155 2384 2552 2455 patria),omni
2587 2386 2811 2456 reliquo
2843 2387 2976 2443 vitae
3006 2401 3125 2442 suae
3159 2391 3422 2458 tempore
3455 2387 3627 2456 longe
3660 2386 3806 2443 late-

2157 2487 2286 2543 que,
2323 2474 2392 2528 ad
2429 2473 2812 2544 promerenda
2847 2480 3181 2532 sanctorum
3207 2475 3551 2546 patrocinia,
3586 2490 3650 2531 se
3683 2480 3808 2532 stu-

2157 2562 2282 2617 duit
2301 2564 2597 2633 cxsiliare,
2618 2569 2968 2620 unotantum
2985 2569 3296 2622 contentus
3309 2565 3546 2622 servulo
3560 2566 3801 2635 comite,

2154 2651 2246 2706 cui
2281 2658 2474 2706 tamen
2509 2668 2673 2709 versa
2698 2655 2844 2722 vice,
2881 2661 2941 2709 ut
2974 2653 3126 2710 alter
3152 2653 3561 2724 Martinus,hic
3589 2655 3806 2726 sapius

2155 2740 2456 2795 consuevit
2492 2741 2846 2797 ministrare.
2883 2742 3047 2808 Quod
3076 2758 3261 2813 genus
3289 2741 3499 2799 divina:
3517 2741 3806 2813 propitia-

2156 2828 2330 2884 tionis
2363 2828 2462 2884 illo
2497 2829 2744 2900 pedibus
2768 2830 2990 2900 jugiter
3021 2836 3382 2902 exsequente
3435 2831 3625 2900 nudis,
3654 2830 3804 2886 adeo

2152 2915 2370 2986 saepius
2405 2916 2656 2974 vidimus
2688 2932 2818 2974 eum
2873 2918 3123 2974 liventes
3173 2918 3405 2989 plantas
3461 2917 3702 2987 habere,
3738 2920 3805 2972 ut

2153 3019 2227 3060 nu
2257 3004 2306 3060 la
2344 3005 2566 3062 ratione
2597 3007 2991 3062 calceamenta
3022 3005 3245 3063 valeret
3293 3006 3622 3062 admittere.
3662 3006 3805 3060 Erat

2152 3086 2324 3149 etiam
2354 3095 2405 3150 ei
2439 3096 2720 3152 solemnis
2749 3097 3135 3167 consuetudo,
3169 3095 3425 3167 quandiu
3449 3095 3519 3151 ad
3538 3095 3805 3152 divinum

2152 3183 2205 3238 in
2238 3183 2486 3240 ecclesia
2521 3184 2837 3242 assistebat
2869 3186 3145 3256 officium,
3179 3184 3526 3242 omnimodis
3548 3183 3803 3253 alicujus

2154 3272 2340 3328 vitare
2372 3272 2759 3344 colloquium;
2793 3276 2895 3331 sed
2929 3282 3110 3344 stans,
3145 3274 3233 3329 vel
3260 3273 3417 3330 humi
3455 3277 3800 3344 prostratus

2150 3375 2347 3431 orans,
2365 3367 2527 3419 tanta
2554 3364 2830 3434 lacrymai
2849 3379 2928 3419 un
2965 3364 3302 3434 potiebatur
3316 3364 3608 3434 ubertate,
3624 3368 3688 3418 ut
3705 3377 3802 3420 ve-

2151 3447 2234 3504 lut
2270 3449 2453 3506 imbre
2479 3453 2796 3522 perfusum,
2835 3451 3127 3508 madidum
3153 3450 3455 3522 reliquerit
3505 3449 3806 3521 pavimen-

2151 3539 2458 3594 tum.llanc
2490 3540 2958 3611 eompunetionis
2982 3541 3228 3609 gratiam
3253 3554 3356 3610 per
3387 3538 3642 3594 divinam
3671 3554 3804 3612 pos-

2150 3625 2347 3682 sidens
2370 3627 2758 3699 clementiam,
2791 3629 3091 3685 custodem
3124 3629 3180 3683 in
3203 3642 3264 3684 se
3297 3627 3654 3698 reliquarum
3704 3628 3804 3684 de-

2151 3715 2378 3784 putavit
2409 3730 2539 3772 esse
2565 3717 2847 3774 virtutum
2873 3735 2887 3782 ;
2922 3718 3055 3788 quia
3085 3717 3305 3774 nullum
3335 3718 3573 3789 penitus
3602 3718 3654 3773 ei
3704 3718 3806 3774 do-

2152 3803 2356 3859 minari
2390 3805 2549 3860 novit
2583 3804 2883 3877 delictum,
2915 3807 3080 3877 cujus
3113 3821 3274 3862 mens
3305 3806 3511 3863 sedulo
3526 3821 3806 3879 compun-

2149 3894 2311 3963 gitur
2343 3896 2414 3950 ad
2439 3894 2776 3952 lamentum.
2809 3896 2950 3963 Quis
2972 3897 3124 3952 hunc
3148 3894 3550 3953 fidelissimum
3574 3895 3801 3953 Domini

2151 3981 2530 4054 dubitaverit,
2567 3999 2799 4040 servum
2821 3984 2992 4054 cujus
3023 3985 3325 4041 exsecutio
3382 3986 3796 4042 mandatorum

2150 4076 2270 4124 tam
2320 4071 2560 4128 evidens
2593 4071 2816 4128 meritis
2859 4071 3018 4129 illius
3078 4073 3302 4144 praebet
3357 4073 3800 4130 testimonium?

2153 4157 2427 4223 Quamvis
2456 4160 2671 4216 etenim
2697 4161 2752 4214 in
2779 4175 2920 4232 pace
2944 4161 3254 4233 praesentis
3281 4161 3416 4218 vitae
3432 4175 3804 4220 consumma-

2153 4245 2306 4301 verit
2337 4262 2594 4316 cursum,
2621 4247 2878 4319 explevit
2910 4254 3099 4305 tamen
3133 4249 3496 4320 martyrium,
3523 4255 3804 4322 satagens

2156 4334 2499 4390 cruciﬁxum
2524 4336 2740 4392 habere
2761 4339 3055 4408 mundum,
3074 4337 3207 4394 dum
3227 4351 3460 4394 carnem
3483 4353 3646 4396 suam
3669 4353 3807 4396 cum

398 4440 622 4496 sorore,
650 4426 858 4482 domna
891 4425 1166 4482 videlicet
1189 4425 1736 4495 Oswenda,nostris
1767 4424 2042 4496 tempori-
2069 4413 2124 4474 D
2154 4424 2318 4480 vitiis
2337 4425 2908 4496 etconcupiscentiis
2927 4427 3655 4498 crucifixit,et,Dominum
3671 4427 3808 4485 iide-

399 4515 508 4570 bus
559 4515 770 4570 factum
822 4513 965 4569 libet
1019 4513 1239 4570 referre
1287 4514 1648 4585 miraculum,
1683 4513 1835 4570 omni
1904 4527 2042 4570 sane

399 4601 573 4658 laude
606 4601 882 4658 memoria
923 4606 982 4657 et
1022 4601 1396 4659 veneratione
1451 4602 1874 4672 dignissimum.
1911 4601 2046 4667 Qui-

399 4690 530 4764 dam
569 4691 752 4746 frater
773 4704 845 4746 ex
879 4690 1146 4747 coenobio
1169 4690 1779 4761 Brunwilerensi,Udo
1793 4690 2040 4761 nomine,

401 4780 546 4837 adeo
568 4779 816 4850 pessima
841 4777 1140 4835 laborabat
1174 4778 1531 4849 infirmitate,
1565 4784 1847 4835 utomnes
1876 4793 2046 4849 coge-

403 4873 605 4926 rentur
636 4867 707 4924 de
737 4867 864 4937 ejus
887 4867 1198 4940 desperare
1215 4867 1424 4925 salute.
1450 4867 1708 4938 Denique
1730 4871 1857 4924 toto
1881 4867 2046 4924 mise-

402 4956 670 5014 rabiliter
709 4956 1135 5014 intumescente
1167 4971 1437 5028 corpore,
1476 4956 1729 5014 omnium
1762 4956 2046 5012 membro-

402 5059 528 5102 rum
557 5046 766 5103 amissa
810 5045 1082 5116 sanitate,
1113 5048 1326 5102 trunco
1362 5045 1558 5116 potius
1603 5059 1771 5116 quam
1797 5045 2046 5103 humano

402 5134 636 5205 corpori
667 5134 980 5190 videbatur
1003 5133 1231 5201 similis,
1267 5134 1538 5204 quodque
1567 5135 1813 5190 maxime
1839 5135 2046 5192 mortis

402 5223 680 5278 indicium
725 5222 1166 5292 soletexistere,
1213 5222 1858 5279 nullumremediumilli
1895 5223 2050 5278 adhi-

404 5311 589 5368 bitum
640 5309 821 5366 valuit
863 5311 1180 5383 proficere;
1212 5311 1466 5382 volente,
1506 5316 1568 5368 ut
1596 5311 1910 5382 credimus,
1944 5313 2050 5369 Do-

475 5418 588 5490 (18)
619 5417 996 5490 Frumoldum
1016 5424 1076 5476 et
1099 5419 1445 5477 Oswennam
1468 5419 1622 5477 inter
1644 5418 1790 5476 alios
1814 5423 2051 5480 sanctos

401 5487 700 5550 enumerat
748 5487 1025 5549 Gelenius
1073 5491 1129 5549 in
1189 5491 1359 5550 fastis
1401 5491 1864 5563 Coloniensibus,
1901 5507 2047 5564 quos

2157 4512 2293 4568 liter
2324 4527 2598 4585 sequens,
2624 4515 2838 4570 mundo
2867 4515 3214 4586 peregrinus
3237 4515 3485 4572 exstitit.
3503 4515 3608 4572 Hic
3633 4516 3806 4573 coeti-

2158 4602 2266 4656 bus
2291 4601 2610 4672 justorum,
2647 4608 2712 4658 ut
2739 4603 3106 4676 confidimus,
3142 4603 3507 4675 conjunctus,
3541 4603 3598 4659 in
3619 4603 3810 4662 eccle-

2156 4690 2237 4746 sia
2287 4689 2539 4761 p'ropria:
2589 4692 2979 4762 possessionis
3039 4693 3288 4770 quiescit
3346 4691 3633 4766 sepultus.
3669 4694 3808 4752 Hac

2159 4792 2339 4851 pauca
2376 4777 2595 4848 prolata
2622 4779 2912 4835 sufficiant
2936 4779 3006 4836 ad
3030 4780 3368 4836 sanctitatis
3399 4780 3808 4839 testimonium

2158 4867 2478 4925 beatissimi
2532 4869 2724 4940 Patris
2767 4869 3110 4941 Wolphelmi
3151 4875 3211 4926 et
3253 4868 3548 4926 Frumoldi
3580 4883 3810 4941 germa-

2157 4972 2382 5014 norum.

2225 5047 2314 5104 27.
2353 5049 2484 5104 Frat
2518 5052 2653 5106 tunc
2698 5049 2980 5121 temporis
3041 5048 3130 5105 vir
3168 5048 3400 5121 quidam
3433 5060 3650 5118 genere
3707 5061 3815 5105 no-

2161 5136 2316 5206 bilis,
2352 5137 2454 5193 sed
2504 5137 2764 5194 moribus
2821 5135 3091 5208 nobilior,
3127 5136 3498 5195 Burchardus
3549 5136 3809 5209 nomine,

2161 5225 2542 5299 praefectoriaa
2572 5225 2896 5298 dignitatis,
2930 5227 3032 5282 sed
3087 5231 3144 5281 et
3204 5230 3540 5298 praepotens
3600 5223 3810 5298 armis,

2161 5315 2257 5386 qui
2327 5327 2639 5385 germanus
2707 5315 2942 5371 exstitit
3018 5313 3400 5373 illustrissimi
3469 5313 3579 5370 viri
3644 5312 3820 5370 Eine-

2160 5427 2354 5493 tamen
2385 5425 2721 5493 sanctorum
2747 5419 3018 5493 catalogo
3039 5420 3331 5493 ascriptos
3351 5433 3466 5493 non
3507 5423 3810 5493 putamus.

2232 5491 2346 5567 (19)
2377 5493 2538 5552 Hanc
2557 5492 2746 5550 Vitam
2778 5490 2967 5551 habes
2989 5495 3148 5551 tomo
3179 5490 3216 5549 Γ
3233 5491 3408 5564 hujus
3431 5490 3661 5552 Sm’culi.
