  <div class='ocr_page' id='page_1' title='image "/cluster/home/n/w/nwhite01/storage/ocr_20150623/154/hvd.32044054760129/218.png"; bbox 0 0 3964 6044; ppageno 0'>
   <div class='ocr_carea' id='block_1_1' title="bbox 164 171 301 247">
    <p class='ocr_par' dir='ltr' id='par_1_1' title="bbox 164 171 301 247">
     <span class='ocr_line' id='line_1_1' title="bbox 164 171 301 247; baseline 0 -1"><span class='ocrx_word' id='word_1_1' title='bbox 164 171 301 247; x_wconf 69' lang='grc'><strong>425</strong></span> 
     </span>
    </p>
   </div>
   <div class='ocr_carea' id='block_1_2' title="bbox 1755 174 1968 246">
    <p class='ocr_par' dir='ltr' id='par_1_2' title="bbox 1755 174 1968 246">
     <span class='ocr_line' id='line_1_2' title="bbox 1755 174 1968 246; baseline -0.019 0"><span class='ocrx_word' id='word_1_2' title='bbox 1755 174 1968 246; x_wconf 83' lang='lat' dir='ltr'><strong>VITA.</strong></span> 
     </span>
    </p>
   </div>
   <div class='ocr_carea' id='block_1_3' title="bbox 3457 185 3574 248">
    <p class='ocr_par' dir='ltr' id='par_1_3' title="bbox 3457 185 3574 248">
     <span class='ocr_line' id='line_1_3' title="bbox 3457 185 3574 248; baseline 0.017 -2"><span class='ocrx_word' id='word_1_3' title='bbox 3457 185 3574 248; x_wconf 75' lang='lat'><strong>42-6</strong></span> 
     </span>
    </p>
   </div>
   <div class='ocr_carea' id='block_1_4' title="bbox 163 281 3572 393">
    <p class='ocr_par' dir='ltr' id='par_1_4' title="bbox 163 281 3572 393">
     <span class='ocr_line' id='line_1_4' title="bbox 163 281 3572 393; baseline 0.001 -19"><span class='ocrx_word' id='word_1_4' title='bbox 163 318 340 375; x_wconf 87' lang='lat' dir='ltr'><strong>bardi</strong></span> <span class='ocrx_word' id='word_1_5' title='bbox 373 317 487 390; x_wconf 75' lang='lat'><strong>(20)</strong></span> <span class='ocrx_word' id='word_1_6' title='bbox 536 315 1008 387; x_wconf 85' lang='lat' dir='ltr'><strong>Wiceburgensis</strong></span> <span class='ocrx_word' id='word_1_7' title='bbox 1056 317 1340 389; x_wconf 89' lang='lat' dir='ltr'><strong>episcopi.</strong></span> <span class='ocrx_word' id='word_1_8' title='bbox 1391 319 1488 374; x_wconf 79' lang='lat' dir='ltr'><strong>llic</strong></span> <span class='ocrx_word' id='word_1_9' title='bbox 1523 300 1819 388; x_wconf 86' lang='lat' dir='ltr'><strong>Evangelii</strong></span> <span class='ocrx_word' id='word_1_10' title='bbox 1849 319 1908 380; x_wconf 87' lang='grc' dir='ltr'>Α</span> <span class='ocrx_word' id='word_1_11' title='bbox 1937 321 2192 393; x_wconf 84' lang='lat' dir='ltr'><strong>(umque</strong></span> <span class='ocrx_word' id='word_1_12' title='bbox 2215 322 2468 379; x_wconf 91' lang='lat' dir='ltr'><strong>omnium</strong></span> <span class='ocrx_word' id='word_1_13' title='bbox 2493 281 2878 378; x_wconf 77' lang='lat' dir='ltr'><strong>llluminatori</strong></span> <span class='ocrx_word' id='word_1_14' title='bbox 2908 320 3223 391; x_wconf 76' lang='lat' dir='ltr'><strong>placuisset</strong></span> <span class='ocrx_word' id='word_1_15' title='bbox 3248 337 3352 393; x_wconf 90' lang='lat' dir='ltr'><strong>per</strong></span> <span class='ocrx_word' id='word_1_16' title='bbox 3376 323 3572 380; x_wconf 83' lang='lat' dir='ltr'><strong>famuli</strong></span> 
     </span>
    </p>
   </div>
   <div class='ocr_carea' id='block_1_5' title="bbox 161 405 1818 478">
    <p class='ocr_par' dir='ltr' id='par_1_5' title="bbox 161 405 1818 478">
     <span class='ocr_line' id='line_1_5' title="bbox 161 405 1818 478; baseline -0.001 -14"><span class='ocrx_word' id='word_1_17' title='bbox 161 423 286 464; x_wconf 90' lang='lat' dir='ltr'><strong>non</strong></span> <span class='ocrx_word' id='word_1_18' title='bbox 321 407 534 464; x_wconf 88' lang='lat' dir='ltr'><strong>surdus</strong></span> <span class='ocrx_word' id='word_1_19' title='bbox 581 405 815 462; x_wconf 89' lang='lat' dir='ltr'><strong>auditor</strong></span> <span class='ocrx_word' id='word_1_20' title='bbox 848 425 860 460; x_wconf 90' lang='lat'><strong>:</strong></span> <span class='ocrx_word' id='word_1_21' title='bbox 909 406 987 463; x_wconf 78' lang='lat' dir='ltr'><strong>Si</strong></span> <span class='ocrx_word' id='word_1_22' title='bbox 1013 407 1104 462; x_wconf 77' lang='lat' dir='ltr'><strong>vis</strong></span> <span class='ocrx_word' id='word_1_23' title='bbox 1127 407 1428 478; x_wconf 73' lang='lat' dir='ltr'><strong>perfectus</strong></span> <span class='ocrx_word' id='word_1_24' title='bbox 1477 421 1618 476; x_wconf 79' lang='lat' dir='ltr'><strong>esse,</strong></span> <span class='ocrx_word' id='word_1_25' title='bbox 1651 407 1818 478; x_wconf 70' lang='lat' dir='ltr'><strong>cade,</strong></span> 
     </span>
    </p>
   </div>
   <div class='ocr_carea' id='block_1_6' title="bbox 161 495 1830 568">
    <p class='ocr_par' dir='ltr' id='par_1_6' title="bbox 161 495 1830 568">
     <span class='ocr_line' id='line_1_6' title="bbox 161 495 1830 568; baseline 0 -16"><span class='ocrx_word' id='word_1_26' title='bbox 161 497 356 554; x_wconf 69' lang='lat' dir='ltr'><strong>tende</strong></span> <span class='ocrx_word' id='word_1_27' title='bbox 399 497 598 553; x_wconf 78' lang='lat' dir='ltr'><strong>omnia</strong></span> <span class='ocrx_word' id='word_1_28' title='bbox 641 509 773 566; x_wconf 66' lang='lat' dir='ltr'><strong>qua</strong></span> <span class='ocrx_word' id='word_1_29' title='bbox 825 495 1026 553; x_wconf 75' lang='lat' dir='ltr'><strong>habes.</strong></span> <span class='ocrx_word' id='word_1_30' title='bbox 1087 496 1145 551; x_wconf 79' lang='lat' dir='ltr'><strong>et</strong></span> <span class='ocrx_word' id='word_1_31' title='bbox 1191 496 1272 552; x_wconf 84' lang='lat' dir='ltr'><strong>da</strong></span> <span class='ocrx_word' id='word_1_32' title='bbox 1333 495 1718 568; x_wconf 72' lang='lat' dir='ltr'><strong>pauperibus,</strong></span> <span class='ocrx_word' id='word_1_33' title='bbox 1769 497 1830 552; x_wconf 80' lang='lat' dir='ltr'><strong>et</strong></span> 
     </span>
    </p>
   </div>
   <div class='ocr_carea' id='block_1_7' title="bbox 163 583 1827 657">
    <p class='ocr_par' dir='ltr' id='par_1_7' title="bbox 163 583 1827 657">
     <span class='ocr_line' id='line_1_7' title="bbox 163 583 1827 657; baseline -0.001 -15"><span class='ocrx_word' id='word_1_34' title='bbox 163 587 328 656; x_wconf 71' lang='lat' dir='ltr'><strong>teni,</strong></span> <span class='ocrx_word' id='word_1_35' title='bbox 361 598 603 656; x_wconf 70' lang='lat' dir='ltr'><strong>sequere</strong></span> <span class='ocrx_word' id='word_1_36' title='bbox 631 598 723 641; x_wconf 77' lang='lat' dir='ltr'><strong>me</strong></span> <span class='ocrx_word' id='word_1_37' title='bbox 751 583 992 653; x_wconf 69' lang='lat' dir='ltr'><strong>(Matth.</strong></span> <span class='ocrx_word' id='word_1_38' title='bbox 1018 599 1132 655; x_wconf 68' lang='lat' dir='ltr'><strong>xxx,</strong></span> <span class='ocrx_word' id='word_1_39' title='bbox 1158 586 1270 657; x_wconf 76' lang='lat'><strong>21),</strong></span> <span class='ocrx_word' id='word_1_40' title='bbox 1303 585 1527 642; x_wconf 79' lang='lat' dir='ltr'><strong>relictis</strong></span> <span class='ocrx_word' id='word_1_41' title='bbox 1557 585 1827 640; x_wconf 88' lang='lat' dir='ltr'><strong>omnibus</strong></span> 
     </span>
    </p>
   </div>
   <div class='ocr_carea' id='block_1_8' title="bbox 167 672 1822 744">
    <p class='ocr_par' dir='ltr' id='par_1_8' title="bbox 167 672 1822 744">
     <span class='ocr_line' id='line_1_8' title="bbox 167 672 1822 744; baseline -0.001 -16"><span class='ocrx_word' id='word_1_42' title='bbox 167 688 307 742; x_wconf 64' lang='lat' dir='ltr'><strong>quae</strong></span> <span class='ocrx_word' id='word_1_43' title='bbox 333 672 735 744; x_wconf 89' lang='lat' dir='ltr'><strong>temporaliter</strong></span> <span class='ocrx_word' id='word_1_44' title='bbox 757 672 1066 728; x_wconf 75' lang='lat' dir='ltr'><strong>videbatur</strong></span> <span class='ocrx_word' id='word_1_45' title='bbox 1085 673 1411 744; x_wconf 90' lang='lat' dir='ltr'><strong>possidere,</strong></span> <span class='ocrx_word' id='word_1_46' title='bbox 1431 673 1822 742; x_wconf 86' lang='lat' dir='ltr'><strong>Kanerbercb,</strong></span> 
     </span>
    </p>
   </div>
   <div class='ocr_carea' id='block_1_9' title="bbox 165 759 1824 830">
    <p class='ocr_par' dir='ltr' id='par_1_9' title="bbox 165 759 1824 830">
     <span class='ocr_line' id='line_1_9' title="bbox 165 759 1824 830; baseline -0.002 -13"><span class='ocrx_word' id='word_1_47' title='bbox 165 761 484 818; x_wconf 77' lang='lat' dir='ltr'><strong>castellum</strong></span> <span class='ocrx_word' id='word_1_48' title='bbox 515 775 636 817; x_wconf 61' lang='lat' dir='ltr'><strong>sum</strong></span> <span class='ocrx_word' id='word_1_49' title='bbox 669 759 1028 830; x_wconf 81' lang='lat' dir='ltr'><strong>munitionis,</strong></span> <span class='ocrx_word' id='word_1_50' title='bbox 1059 761 1297 816; x_wconf 89' lang='lat' dir='ltr'><strong>Domino</strong></span> <span class='ocrx_word' id='word_1_51' title='bbox 1329 761 1661 816; x_wconf 90' lang='lat' dir='ltr'><strong>consecrari</strong></span> <span class='ocrx_word' id='word_1_52' title='bbox 1689 761 1824 816; x_wconf 90' lang='lat' dir='ltr'><strong>fecit</strong></span> 
     </span>
    </p>
   </div>
   <div class='ocr_carea' id='block_1_10' title="bbox 169 847 1824 920">
    <p class='ocr_par' dir='ltr' id='par_1_10' title="bbox 169 847 1824 920">
     <span class='ocr_line' id='line_1_10' title="bbox 169 847 1824 920; baseline -0.001 -15"><span class='ocrx_word' id='word_1_53' title='bbox 169 851 371 907; x_wconf 88' lang='lat' dir='ltr'><strong>locum</strong></span> <span class='ocrx_word' id='word_1_54' title='bbox 429 848 732 904; x_wconf 86' lang='lat' dir='ltr'><strong>orationis.</strong></span> <span class='ocrx_word' id='word_1_55' title='bbox 784 847 1000 904; x_wconf 81' lang='lat' dir='ltr'><strong>Taliter</strong></span> <span class='ocrx_word' id='word_1_56' title='bbox 1047 865 1176 906; x_wconf 92' lang='lat' dir='ltr'><strong>cum</strong></span> <span class='ocrx_word' id='word_1_57' title='bbox 1231 849 1395 906; x_wconf 90' lang='lat' dir='ltr'><strong>dives</strong></span> <span class='ocrx_word' id='word_1_58' title='bbox 1439 863 1568 905; x_wconf 89' lang='lat' dir='ltr'><strong>esse</strong></span> <span class='ocrx_word' id='word_1_59' title='bbox 1627 854 1824 920; x_wconf 87' lang='lat' dir='ltr'><strong>posset</strong></span> 
     </span>
    </p>
   </div>
   <div class='ocr_carea' id='block_1_11' title="bbox 168 935 1826 1008">
    <p class='ocr_par' dir='ltr' id='par_1_11' title="bbox 168 935 1826 1008">
     <span class='ocr_line' id='line_1_11' title="bbox 168 935 1826 1008; baseline -0.001 -14"><span class='ocrx_word' id='word_1_60' title='bbox 168 939 230 994; x_wconf 90' lang='lat' dir='ltr'><strong>in</strong></span> <span class='ocrx_word' id='word_1_61' title='bbox 265 938 506 1008; x_wconf 90' lang='lat' dir='ltr'><strong>mundo,</strong></span> <span class='ocrx_word' id='word_1_62' title='bbox 541 950 764 1008; x_wconf 82' lang='lat' dir='ltr'><strong>pauper</strong></span> <span class='ocrx_word' id='word_1_63' title='bbox 793 937 968 1006; x_wconf 82' lang='lat' dir='ltr'><strong>elegit</strong></span> <span class='ocrx_word' id='word_1_64' title='bbox 1001 951 1130 994; x_wconf 91' lang='lat' dir='ltr'><strong>esse</strong></span> <span class='ocrx_word' id='word_1_65' title='bbox 1161 953 1290 993; x_wconf 89' lang='lat' dir='ltr'><strong>cum</strong></span> <span class='ocrx_word' id='word_1_66' title='bbox 1317 937 1575 1004; x_wconf 87' lang='lat' dir='ltr'><strong>Christo;</strong></span> <span class='ocrx_word' id='word_1_67' title='bbox 1599 935 1826 1008; x_wconf 90' lang='lat' dir='ltr'><strong>plebeio</strong></span> 
     </span>
    </p>
   </div>
   <div class='ocr_carea' id='block_1_12' title="bbox 169 1025 1829 1098">
    <p class='ocr_par' dir='ltr' id='par_1_12' title="bbox 169 1025 1829 1098">
     <span class='ocr_line' id='line_1_12' title="bbox 169 1025 1829 1098; baseline -0.001 -16"><span class='ocrx_word' id='word_1_68' title='bbox 169 1027 384 1084; x_wconf 87' lang='lat' dir='ltr'><strong>habitu</strong></span> <span class='ocrx_word' id='word_1_69' title='bbox 417 1025 684 1095; x_wconf 82' lang='lat' dir='ltr'><strong>amictus,</strong></span> <span class='ocrx_word' id='word_1_70' title='bbox 720 1029 1056 1082; x_wconf 89' lang='lat' dir='ltr'><strong>sanctorum</strong></span> <span class='ocrx_word' id='word_1_71' title='bbox 1090 1025 1491 1098; x_wconf 89' lang='lat' dir='ltr'><strong>perlustrabat</strong></span> <span class='ocrx_word' id='word_1_72' title='bbox 1525 1026 1674 1096; x_wconf 89' lang='lat' dir='ltr'><strong>loca,</strong></span> <span class='ocrx_word' id='word_1_73' title='bbox 1709 1040 1829 1081; x_wconf 92' lang='lat' dir='ltr'><strong>ser-</strong></span> 
     </span>
    </p>
   </div>
   <div class='ocr_carea' id='block_1_13' title="bbox 169 1113 1826 1186">
    <p class='ocr_par' dir='ltr' id='par_1_13' title="bbox 169 1113 1826 1186">
     <span class='ocr_line' id='line_1_13' title="bbox 169 1113 1826 1186; baseline -0.003 -13"><span class='ocrx_word' id='word_1_74' title='bbox 169 1130 386 1173; x_wconf 89' lang='lat' dir='ltr'><strong>vorum</strong></span> <span class='ocrx_word' id='word_1_75' title='bbox 417 1114 517 1170; x_wconf 89' lang='lat' dir='ltr'><strong>Dei</strong></span> <span class='ocrx_word' id='word_1_76' title='bbox 549 1113 798 1170; x_wconf 86' lang='lat' dir='ltr'><strong>solerter</strong></span> <span class='ocrx_word' id='word_1_77' title='bbox 826 1115 1133 1186; x_wconf 88' lang='lat' dir='ltr'><strong>requirens</strong></span> <span class='ocrx_word' id='word_1_78' title='bbox 1161 1114 1435 1185; x_wconf 89' lang='lat' dir='ltr'><strong>alloquia.</strong></span> <span class='ocrx_word' id='word_1_79' title='bbox 1471 1114 1632 1170; x_wconf 89' lang='lat' dir='ltr'><strong>Unde</strong></span> <span class='ocrx_word' id='word_1_80' title='bbox 1667 1119 1724 1170; x_wconf 90' lang='lat' dir='ltr'><strong>et</strong></span> <span class='ocrx_word' id='word_1_81' title='bbox 1757 1113 1826 1169; x_wconf 88' lang='lat' dir='ltr'><strong>ad</strong></span> 
     </span>
    </p>
   </div>
   <div class='ocr_carea' id='block_1_14' title="bbox 171 1201 1828 1274">
    <p class='ocr_par' dir='ltr' id='par_1_14' title="bbox 171 1201 1828 1274">
     <span class='ocr_line' id='line_1_14' title="bbox 171 1201 1828 1274; baseline -0.003 -12"><span class='ocrx_word' id='word_1_82' title='bbox 171 1203 451 1262; x_wconf 81' lang='lat' dir='ltr'><strong>notitiam</strong></span> <span class='ocrx_word' id='word_1_83' title='bbox 485 1201 680 1259; x_wconf 86' lang='lat' dir='ltr'><strong>famuli</strong></span> <span class='ocrx_word' id='word_1_84' title='bbox 710 1201 808 1258; x_wconf 91' lang='lat' dir='ltr'><strong>Dei</strong></span> <span class='ocrx_word' id='word_1_85' title='bbox 841 1201 1188 1274; x_wconf 86' lang='lat' dir='ltr'><strong>Wolphelmi</strong></span> <span class='ocrx_word' id='word_1_86' title='bbox 1221 1203 1528 1274; x_wconf 90' lang='lat' dir='ltr'><strong>deductus,</strong></span> <span class='ocrx_word' id='word_1_87' title='bbox 1563 1203 1828 1259; x_wconf 66' lang='lat' dir='ltr'><strong>maximae</strong></span> 
     </span>
    </p>
   </div>
   <div class='ocr_carea' id='block_1_15' title="bbox 173 1289 1832 1361">
    <p class='ocr_par' dir='ltr' id='par_1_15' title="bbox 173 1289 1832 1361">
     <span class='ocr_line' id='line_1_15' title="bbox 173 1289 1832 1361; baseline -0.003 -11"><span class='ocrx_word' id='word_1_88' title='bbox 173 1293 250 1350; x_wconf 88' lang='lat' dir='ltr'><strong>ab</strong></span> <span class='ocrx_word' id='word_1_89' title='bbox 283 1306 356 1348; x_wconf 92' lang='lat' dir='ltr'><strong>eo</strong></span> <span class='ocrx_word' id='word_1_90' title='bbox 385 1290 516 1348; x_wconf 92' lang='lat' dir='ltr'><strong>loco</strong></span> <span class='ocrx_word' id='word_1_91' title='bbox 561 1290 958 1347; x_wconf 83' lang='lat' dir='ltr'><strong>venerationis</strong></span> <span class='ocrx_word' id='word_1_92' title='bbox 986 1294 1075 1346; x_wconf 88' lang='lat' dir='ltr'><strong>est</strong></span> <span class='ocrx_word' id='word_1_93' title='bbox 1133 1289 1369 1348; x_wconf 88' lang='lat' dir='ltr'><strong>habitus</strong></span> <span class='ocrx_word' id='word_1_94' title='bbox 1392 1312 1412 1348; x_wconf 89' lang='grc'><strong>.·</strong></span> <span class='ocrx_word' id='word_1_95' title='bbox 1441 1295 1497 1345; x_wconf 90' lang='lat' dir='ltr'><strong>et</strong></span> <span class='ocrx_word' id='word_1_96' title='bbox 1556 1295 1620 1347; x_wconf 91' lang='lat' dir='ltr'><strong>ut</strong></span> <span class='ocrx_word' id='word_1_97' title='bbox 1653 1305 1832 1361; x_wconf 91' lang='lat' dir='ltr'><strong>quon-</strong></span> 
     </span>
    </p>
   </div>
   <div class='ocr_carea' id='block_1_16' title="bbox 173 1377 1826 1448">
    <p class='ocr_par' dir='ltr' id='par_1_16' title="bbox 173 1377 1826 1448">
     <span class='ocr_line' id='line_1_16' title="bbox 173 1377 1826 1448; baseline -0.002 -10"><span class='ocrx_word' id='word_1_98' title='bbox 173 1381 314 1438; x_wconf 87' lang='lat' dir='ltr'><strong>dam</strong></span> <span class='ocrx_word' id='word_1_99' title='bbox 348 1381 552 1436; x_wconf 76' lang='lat' dir='ltr'><strong>animze</strong></span> <span class='ocrx_word' id='word_1_100' title='bbox 611 1379 793 1435; x_wconf 84' lang='lat' dir='ltr'><strong>David</strong></span> <span class='ocrx_word' id='word_1_101' title='bbox 847 1377 1120 1448; x_wconf 80' lang='lat' dir='ltr'><strong>colligata</strong></span> <span class='ocrx_word' id='word_1_102' title='bbox 1181 1381 1268 1434; x_wconf 91' lang='lat' dir='ltr'><strong>est</strong></span> <span class='ocrx_word' id='word_1_103' title='bbox 1299 1379 1485 1434; x_wconf 89' lang='lat' dir='ltr'><strong>anima</strong></span> <span class='ocrx_word' id='word_1_104' title='bbox 1543 1379 1826 1448; x_wconf 72' lang='lat' dir='ltr'><strong>Jonathze,</strong></span> 
     </span>
    </p>
   </div>
   <div class='ocr_carea' id='block_1_17' title="bbox 174 1461 1834 1538">
    <p class='ocr_par' dir='ltr' id='par_1_17' title="bbox 174 1461 1834 1538">
     <span class='ocr_line' id='line_1_17' title="bbox 174 1461 1834 1538; baseline -0.003 -12"><span class='ocrx_word' id='word_1_105' title='bbox 174 1470 266 1526; x_wconf 90' lang='lat' dir='ltr'><strong>sic</strong></span> <span class='ocrx_word' id='word_1_106' title='bbox 299 1483 463 1526; x_wconf 88' lang='lat' dir='ltr'><strong>amor</strong></span> <span class='ocrx_word' id='word_1_107' title='bbox 494 1466 592 1523; x_wconf 92' lang='lat' dir='ltr'><strong>Dei</strong></span> <span class='ocrx_word' id='word_1_108' title='bbox 641 1461 998 1524; x_wconf 75' lang='lat' dir='ltr'><strong>confoedera</strong></span> <span class='ocrx_word' id='word_1_109' title='bbox 1019 1467 1063 1522; x_wconf 91' lang='lat' dir='ltr'><strong>it</strong></span> <span class='ocrx_word' id='word_1_110' title='bbox 1119 1471 1420 1538; x_wconf 88' lang='lat' dir='ltr'><strong>utrosque.</strong></span> <span class='ocrx_word' id='word_1_111' title='bbox 1473 1469 1556 1522; x_wconf 91' lang='lat' dir='ltr'><strong>Ex</strong></span> <span class='ocrx_word' id='word_1_112' title='bbox 1585 1467 1693 1522; x_wconf 90' lang='lat' dir='ltr'><strong>hac</strong></span> <span class='ocrx_word' id='word_1_113' title='bbox 1727 1466 1834 1522; x_wconf 88' lang='lat' dir='ltr'><strong>ita-</strong></span> 
     </span>
    </p>
   </div>
   <div class='ocr_carea' id='block_1_18' title="bbox 177 1554 1829 1628">
    <p class='ocr_par' dir='ltr' id='par_1_18' title="bbox 177 1554 1829 1628">
     <span class='ocr_line' id='line_1_18' title="bbox 177 1554 1829 1628; baseline -0.004 -13"><span class='ocrx_word' id='word_1_114' title='bbox 177 1571 296 1628; x_wconf 91' lang='lat' dir='ltr'><strong>que</strong></span> <span class='ocrx_word' id='word_1_115' title='bbox 327 1559 544 1612; x_wconf 66' lang='lat' dir='ltr'><strong>mutuze</strong></span> <span class='ocrx_word' id='word_1_116' title='bbox 599 1554 907 1612; x_wconf 89' lang='lat' dir='ltr'><strong>charitatis</strong></span> <span class='ocrx_word' id='word_1_117' title='bbox 950 1555 1274 1624; x_wconf 82' lang='lat' dir='ltr'><strong>affectione,</strong></span> <span class='ocrx_word' id='word_1_118' title='bbox 1335 1555 1671 1625; x_wconf 90' lang='lat' dir='ltr'><strong>frequenter</strong></span> <span class='ocrx_word' id='word_1_119' title='bbox 1699 1569 1829 1610; x_wconf 89' lang='lat' dir='ltr'><strong>eum</strong></span> 
     </span>
    </p>
   </div>
   <div class='ocr_carea' id='block_1_19' title="bbox 1933 409 3572 480">
    <p class='ocr_par' dir='ltr' id='par_1_19' title="bbox 1933 409 3572 480">
     <span class='ocr_line' id='line_1_19' title="bbox 1933 409 3572 480; baseline 0.001 -14"><span class='ocrx_word' id='word_1_120' title='bbox 1933 411 2020 466; x_wconf 89' lang='lat' dir='ltr'><strong>sui</strong></span> <span class='ocrx_word' id='word_1_121' title='bbox 2047 411 2252 466; x_wconf 87' lang='lat' dir='ltr'><strong>merita</strong></span> <span class='ocrx_word' id='word_1_122' title='bbox 2277 411 2359 465; x_wconf 90' lang='lat' dir='ltr'><strong>illi</strong></span> <span class='ocrx_word' id='word_1_123' title='bbox 2388 409 2717 480; x_wconf 89' lang='lat' dir='ltr'><strong>subvenire,</strong></span> <span class='ocrx_word' id='word_1_124' title='bbox 2745 410 2854 465; x_wconf 86' lang='lat' dir='ltr'><strong>sub</strong></span> <span class='ocrx_word' id='word_1_125' title='bbox 2879 415 3164 465; x_wconf 87' lang='lat' dir='ltr'><strong>nocturno</strong></span> <span class='ocrx_word' id='word_1_126' title='bbox 3207 411 3438 466; x_wconf 81' lang='lat' dir='ltr'><strong>silentio</strong></span> <span class='ocrx_word' id='word_1_127' title='bbox 3469 412 3572 467; x_wconf 86' lang='lat' dir='ltr'><strong>tali</strong></span> 
     </span>
    </p>
   </div>
   <div class='ocr_carea' id='block_1_20' title="bbox 1935 497 3570 569">
    <p class='ocr_par' dir='ltr' id='par_1_20' title="bbox 1935 497 3570 569">
     <span class='ocr_line' id='line_1_20' title="bbox 1935 497 3570 569; baseline 0.001 -15"><span class='ocrx_word' id='word_1_128' title='bbox 1935 500 2256 569; x_wconf 82' lang='lat' dir='ltr'><strong>perfruitur</strong></span> <span class='ocrx_word' id='word_1_129' title='bbox 2279 501 2544 556; x_wconf 90' lang='lat' dir='ltr'><strong>visione:</strong></span> <span class='ocrx_word' id='word_1_130' title='bbox 2572 499 2882 554; x_wconf 81' lang='lat' dir='ltr'><strong>videbatur</strong></span> <span class='ocrx_word' id='word_1_131' title='bbox 2905 497 2985 552; x_wconf 91' lang='lat' dir='ltr'><strong>illi</strong></span> <span class='ocrx_word' id='word_1_132' title='bbox 3011 498 3218 553; x_wconf 89' lang='lat' dir='ltr'><strong>leviter</strong></span> <span class='ocrx_word' id='word_1_133' title='bbox 3241 499 3570 565; x_wconf 75' lang='lat' dir='ltr'><strong>dormienti,</strong></span> 
     </span>
    </p>
   </div>
   <div class='ocr_carea' id='block_1_21' title="bbox 1929 586 3576 660">
    <p class='ocr_par' dir='ltr' id='par_1_21' title="bbox 1929 586 3576 660">
     <span class='ocr_line' id='line_1_21' title="bbox 1929 586 3576 660; baseline 0.001 -16"><span class='ocrx_word' id='word_1_134' title='bbox 1929 587 2059 644; x_wconf 83' lang='lat' dir='ltr'><strong>viro</strong></span> <span class='ocrx_word' id='word_1_135' title='bbox 2091 589 2189 644; x_wconf 89' lang='lat' dir='ltr'><strong>Dei</strong></span> <span class='ocrx_word' id='word_1_136' title='bbox 2215 589 2577 660; x_wconf 87' lang='lat' dir='ltr'><strong>Wolphelmo</strong></span> <span class='ocrx_word' id='word_1_137' title='bbox 2603 587 2907 643; x_wconf 87' lang='lat' dir='ltr'><strong>missarum</strong></span> <span class='ocrx_word' id='word_1_138' title='bbox 2943 586 3223 642; x_wconf 79' lang='lat' dir='ltr'><strong>solemnia</strong></span> <span class='ocrx_word' id='word_1_139' title='bbox 3253 587 3576 646; x_wconf 85' lang='lat' dir='ltr'><strong>celebranti</strong></span> 
     </span>
    </p>
   </div>
   <div class='ocr_carea' id='block_1_22' title="bbox 1935 675 3578 747">
    <p class='ocr_par' dir='ltr' id='par_1_22' title="bbox 1935 675 3578 747">
     <span class='ocr_line' id='line_1_22' title="bbox 1935 675 3578 747; baseline 0.002 -17"><span class='ocrx_word' id='word_1_140' title='bbox 1935 676 2234 746; x_wconf 87' lang='lat' dir='ltr'><strong>assistere,</strong></span> <span class='ocrx_word' id='word_1_141' title='bbox 2260 677 2311 732; x_wconf 93' lang='lat' dir='ltr'><strong>ei</strong></span> <span class='ocrx_word' id='word_1_142' title='bbox 2349 681 2483 747; x_wconf 88' lang='lat' dir='ltr'><strong>post</strong></span> <span class='ocrx_word' id='word_1_143' title='bbox 2515 675 2925 746; x_wconf 85' lang='lat' dir='ltr'><strong>expletionem,</strong></span> <span class='ocrx_word' id='word_1_144' title='bbox 2965 690 3232 730; x_wconf 88' lang='lat' dir='ltr'><strong>manuum</strong></span> <span class='ocrx_word' id='word_1_145' title='bbox 3265 676 3388 743; x_wconf 80' lang='lat' dir='ltr'><strong>ejus</strong></span> <span class='ocrx_word' id='word_1_146' title='bbox 3418 677 3578 733; x_wconf 88' lang='lat' dir='ltr'><strong>ablu-</strong></span> 
     </span>
    </p>
   </div>
   <div class='ocr_carea' id='block_1_23' title="bbox 1934 752 3625 833">
    <p class='ocr_par' dir='ltr' id='par_1_23' title="bbox 1934 752 3625 833">
     <span class='ocr_line' id='line_1_23' title="bbox 1934 752 3625 833; baseline 0.001 -14"><span class='ocrx_word' id='word_1_147' title='bbox 1934 764 2092 821; x_wconf 89' lang='lat' dir='ltr'><strong>tione</strong></span> <span class='ocrx_word' id='word_1_148' title='bbox 2108 764 2311 820; x_wconf 92' lang='lat' dir='ltr'><strong>oculos</strong></span> <span class='ocrx_word' id='word_1_149' title='bbox 2327 780 2462 820; x_wconf 91' lang='lat' dir='ltr'><strong>suos</strong></span> <span class='ocrx_word' id='word_1_150' title='bbox 2475 763 2719 832; x_wconf 90' lang='lat' dir='ltr'><strong>diluere,</strong></span> <span class='ocrx_word' id='word_1_151' title='bbox 2736 767 3120 833; x_wconf 88' lang='lat' dir='ltr'><strong>extersosque</strong></span> <span class='ocrx_word' id='word_1_152' title='bbox 3140 764 3383 820; x_wconf 82' lang='lat' dir='ltr'><strong>fimbriis</strong></span> <span class='ocrx_word' id='word_1_153' title='bbox 3407 766 3578 821; x_wconf 82' lang='lat' dir='ltr'><strong>vesti-</strong></span> <span class='ocrx_word' id='word_1_154' title='bbox 3619 752 3625 758; x_wconf 64' lang='grc'><strong>’</strong></span> 
     </span>
    </p>
   </div>
   <div class='ocr_carea' id='block_1_24' title="bbox 1939 849 3576 922">
    <p class='ocr_par' dir='ltr' id='par_1_24' title="bbox 1939 849 3576 922">
     <span class='ocr_line' id='line_1_24' title="bbox 1939 849 3576 922; baseline 0.001 -14"><span class='ocrx_word' id='word_1_155' title='bbox 1939 858 2262 909; x_wconf 87' lang='lat' dir='ltr'><strong>mentorum</strong></span> <span class='ocrx_word' id='word_1_156' title='bbox 2289 852 2818 922; x_wconf 86' lang='lat' dir='ltr'><strong>cjus,diuoptatum</strong></span> <span class='ocrx_word' id='word_1_157' title='bbox 2841 849 3030 906; x_wconf 90' lang='lat' dir='ltr'><strong>lumen</strong></span> <span class='ocrx_word' id='word_1_158' title='bbox 3059 852 3372 922; x_wconf 76' lang='lat' dir='ltr'><strong>recepisse.</strong></span> <span class='ocrx_word' id='word_1_159' title='bbox 3397 854 3576 918; x_wconf 89' lang='lat' dir='ltr'><strong>Quam</strong></span> 
     </span>
    </p>
   </div>
   <div class='ocr_carea' id='block_1_25' title="bbox 1936 939 3576 1011">
    <p class='ocr_par' dir='ltr' id='par_1_25' title="bbox 1936 939 3576 1011">
     <span class='ocr_line' id='line_1_25' title="bbox 1936 939 3576 1011; baseline 0.001 -15"><span class='ocrx_word' id='word_1_160' title='bbox 1936 941 2216 996; x_wconf 88' lang='lat' dir='ltr'><strong>visionem</strong></span> <span class='ocrx_word' id='word_1_161' title='bbox 2261 941 2331 997; x_wconf 91' lang='lat' dir='ltr'><strong>ad</strong></span> <span class='ocrx_word' id='word_1_162' title='bbox 2381 956 2484 996; x_wconf 91' lang='lat' dir='ltr'><strong>nos</strong></span> <span class='ocrx_word' id='word_1_163' title='bbox 2531 939 2838 1011; x_wconf 86' lang='lat' dir='ltr'><strong>perlatam,</strong></span> <span class='ocrx_word' id='word_1_164' title='bbox 2893 939 3103 994; x_wconf 85' lang='lat' dir='ltr'><strong>famulo</strong></span> <span class='ocrx_word' id='word_1_165' title='bbox 3131 941 3226 996; x_wconf 91' lang='lat' dir='ltr'><strong>Dei</strong></span> <span class='ocrx_word' id='word_1_166' title='bbox 3263 941 3333 996; x_wconf 90' lang='lat' dir='ltr'><strong>ad</strong></span> <span class='ocrx_word' id='word_1_167' title='bbox 3384 943 3576 998; x_wconf 87' lang='lat' dir='ltr'><strong>divina</strong></span> 
     </span>
    </p>
   </div>
   <div class='ocr_carea' id='block_1_26' title="bbox 1938 1027 3579 1101">
    <p class='ocr_par' dir='ltr' id='par_1_26' title="bbox 1938 1027 3579 1101">
     <span class='ocr_line' id='line_1_26' title="bbox 1938 1027 3579 1101; baseline 0.002 -17"><span class='ocrx_word' id='word_1_168' title='bbox 1938 1029 2214 1100; x_wconf 79' lang='lat' dir='ltr'><strong>mysteria</strong></span> <span class='ocrx_word' id='word_1_169' title='bbox 2249 1029 2585 1101; x_wconf 85' lang='lat' dir='ltr'><strong>properanti</strong></span> <span class='ocrx_word' id='word_1_170' title='bbox 2617 1027 2916 1084; x_wconf 90' lang='lat' dir='ltr'><strong>humiliter</strong></span> <span class='ocrx_word' id='word_1_171' title='bbox 2948 1029 3366 1099; x_wconf 82' lang='lat' dir='ltr'><strong>suggess&#39;mus,</strong></span> <span class='ocrx_word' id='word_1_172' title='bbox 3399 1035 3478 1100; x_wconf 87' lang='lat' dir='ltr'><strong>et,</strong></span> <span class='ocrx_word' id='word_1_173' title='bbox 3517 1038 3579 1088; x_wconf 91' lang='lat' dir='ltr'><strong>ut</strong></span> 
     </span>
    </p>
   </div>
   <div class='ocr_carea' id='block_1_27' title="bbox 1940 1117 3578 1189">
    <p class='ocr_par' dir='ltr' id='par_1_27' title="bbox 1940 1117 3578 1189">
     <span class='ocr_line' id='line_1_27' title="bbox 1940 1117 3578 1189; baseline 0.001 -16"><span class='ocrx_word' id='word_1_174' title='bbox 1940 1117 2310 1189; x_wconf 73' lang='lat' dir='ltr'><strong>panperculm</strong></span> <span class='ocrx_word' id='word_1_175' title='bbox 2335 1117 2558 1173; x_wconf 87' lang='lat' dir='ltr'><strong>mulieri</strong></span> <span class='ocrx_word' id='word_1_176' title='bbox 2583 1121 3039 1187; x_wconf 87' lang='lat' dir='ltr'><strong>compateretur,</strong></span> <span class='ocrx_word' id='word_1_177' title='bbox 3057 1117 3442 1174; x_wconf 85' lang='lat' dir='ltr'><strong>exoravimus.</strong></span> <span class='ocrx_word' id='word_1_178' title='bbox 3469 1120 3578 1186; x_wconf 86' lang='lat' dir='ltr'><strong>Qui</strong></span> 
     </span>
    </p>
   </div>
   <div class='ocr_carea' id='block_1_28' title="bbox 1939 1205 3576 1278">
    <p class='ocr_par' dir='ltr' id='par_1_28' title="bbox 1939 1205 3576 1278">
     <span class='ocr_line' id='line_1_28' title="bbox 1939 1205 3576 1278; baseline 0.002 -16"><span class='ocrx_word' id='word_1_179' title='bbox 1939 1221 2050 1262; x_wconf 90' lang='lat' dir='ltr'><strong>non</strong></span> <span class='ocrx_word' id='word_1_180' title='bbox 2081 1206 2356 1276; x_wconf 90' lang='lat' dir='ltr'><strong>assensit,</strong></span> <span class='ocrx_word' id='word_1_181' title='bbox 2391 1206 2496 1261; x_wconf 89' lang='lat' dir='ltr'><strong>hoc</strong></span> <span class='ocrx_word' id='word_1_182' title='bbox 2529 1205 2615 1261; x_wconf 89' lang='lat' dir='ltr'><strong>sui</strong></span> <span class='ocrx_word' id='word_1_183' title='bbox 2648 1219 2758 1259; x_wconf 93' lang='lat' dir='ltr'><strong>non</strong></span> <span class='ocrx_word' id='word_1_184' title='bbox 2819 1219 2949 1259; x_wconf 88' lang='lat' dir='ltr'><strong>esse</strong></span> <span class='ocrx_word' id='word_1_185' title='bbox 2983 1206 3244 1262; x_wconf 87' lang='lat' dir='ltr'><strong>referens</strong></span> <span class='ocrx_word' id='word_1_186' title='bbox 3273 1209 3483 1278; x_wconf 90' lang='lat' dir='ltr'><strong>meriti,</strong></span> <span class='ocrx_word' id='word_1_187' title='bbox 3519 1216 3576 1266; x_wconf 88' lang='lat' dir='ltr'><strong>et</strong></span> 
     </span>
    </p>
   </div>
   <div class='ocr_carea' id='block_1_29' title="bbox 1939 1292 3580 1364">
    <p class='ocr_par' dir='ltr' id='par_1_29' title="bbox 1939 1292 3580 1364">
     <span class='ocr_line' id='line_1_29' title="bbox 1939 1292 3580 1364; baseline 0.002 -14"><span class='ocrx_word' id='word_1_188' title='bbox 1939 1293 2179 1350; x_wconf 90' lang='lat' dir='ltr'><strong>somniis</strong></span> <span class='ocrx_word' id='word_1_189' title='bbox 2200 1308 2352 1364; x_wconf 63' lang='lat' dir='ltr'><strong>saepe</strong></span> <span class='ocrx_word' id='word_1_190' title='bbox 2369 1292 2704 1349; x_wconf 87' lang='lat' dir='ltr'><strong>fallentibus</strong></span> <span class='ocrx_word' id='word_1_191' title='bbox 2719 1292 2884 1348; x_wconf 85' lang='lat' dir='ltr'><strong>fidem</strong></span> <span class='ocrx_word' id='word_1_192' title='bbox 2927 1307 3038 1347; x_wconf 90' lang='lat' dir='ltr'><strong>non</strong></span> <span class='ocrx_word' id='word_1_193' title='bbox 3063 1292 3274 1349; x_wconf 82' lang='lat' dir='ltr'><strong>leviter</strong></span> <span class='ocrx_word' id='word_1_194' title='bbox 3305 1296 3580 1354; x_wconf 86' lang='lat' dir='ltr'><strong>adhiben-</strong></span> 
     </span>
    </p>
   </div>
   <div class='ocr_carea' id='block_1_30' title="bbox 1941 1379 3580 1451">
    <p class='ocr_par' dir='ltr' id='par_1_30' title="bbox 1941 1379 3580 1451">
     <span class='ocr_line' id='line_1_30' title="bbox 1941 1379 3580 1451; baseline 0.003 -12"><span class='ocrx_word' id='word_1_195' title='bbox 1941 1383 2088 1439; x_wconf 88' lang='lat' dir='ltr'><strong>dam.</strong></span> <span class='ocrx_word' id='word_1_196' title='bbox 2127 1383 2235 1437; x_wconf 87' lang='lat' dir='ltr'><strong>Sed</strong></span> <span class='ocrx_word' id='word_1_197' title='bbox 2269 1383 2314 1438; x_wconf 88' lang='lat' dir='ltr'><strong>si</strong></span> <span class='ocrx_word' id='word_1_198' title='bbox 2333 1386 2445 1450; x_wconf 90' lang='lat' dir='ltr'><strong>est,</strong></span> <span class='ocrx_word' id='word_1_199' title='bbox 2475 1381 2680 1451; x_wconf 91' lang='lat' dir='ltr'><strong>inquit,</strong></span> <span class='ocrx_word' id='word_1_200' title='bbox 2715 1381 2838 1436; x_wconf 64' lang='lat' dir='ltr'><strong>hmc</strong></span> <span class='ocrx_word' id='word_1_201' title='bbox 2860 1379 3008 1436; x_wconf 88' lang='lat' dir='ltr'><strong>visio</strong></span> <span class='ocrx_word' id='word_1_202' title='bbox 3032 1395 3103 1435; x_wconf 83' lang='lat' dir='ltr'><strong>ex</strong></span> <span class='ocrx_word' id='word_1_203' title='bbox 3127 1397 3209 1450; x_wconf 91' lang='lat' dir='ltr'><strong>se,</strong></span> <span class='ocrx_word' id='word_1_204' title='bbox 3235 1387 3490 1442; x_wconf 89' lang='lat' dir='ltr'><strong>secundo</strong></span> <span class='ocrx_word' id='word_1_205' title='bbox 3511 1403 3580 1444; x_wconf 91' lang='lat' dir='ltr'><strong>ac</strong></span> 
     </span>
    </p>
   </div>
   <div class='ocr_carea' id='block_1_31' title="bbox 1937 1469 3581 1542">
    <p class='ocr_par' dir='ltr' id='par_1_31' title="bbox 1937 1469 3581 1542">
     <span class='ocr_line' id='line_1_31' title="bbox 1937 1469 3581 1542; baseline 0.004 -15"><span class='ocrx_word' id='word_1_206' title='bbox 1937 1471 2120 1527; x_wconf 90' lang='lat' dir='ltr'><strong>tertio</strong></span> <span class='ocrx_word' id='word_1_207' title='bbox 2135 1471 2408 1526; x_wconf 90' lang='lat' dir='ltr'><strong>Dominus</strong></span> <span class='ocrx_word' id='word_1_208' title='bbox 2421 1483 2484 1524; x_wconf 89' lang='lat' dir='ltr'><strong>ea</strong></span> <span class='ocrx_word' id='word_1_209' title='bbox 2497 1485 2544 1524; x_wconf 92' lang='lat' dir='ltr'><strong>m</strong></span> <span class='ocrx_word' id='word_1_210' title='bbox 2589 1469 2862 1538; x_wconf 78' lang='lat' dir='ltr'><strong>dignetur</strong></span> <span class='ocrx_word' id='word_1_211' title='bbox 2877 1469 3153 1526; x_wconf 89' lang='lat' dir='ltr'><strong>revelare.</strong></span> <span class='ocrx_word' id='word_1_212' title='bbox 3171 1474 3371 1542; x_wconf 85' lang='lat' dir='ltr'><strong>Itaque</strong></span> <span class='ocrx_word' id='word_1_213' title='bbox 3402 1476 3581 1535; x_wconf 84' lang='lat' dir='ltr'><strong>corde</strong></span> 
     </span>
    </p>
   </div>
   <div class='ocr_carea' id='block_1_32' title="bbox 1939 1557 3580 1626">
    <p class='ocr_par' dir='ltr' id='par_1_32' title="bbox 1939 1557 3580 1626">
     <span class='ocr_line' id='line_1_32' title="bbox 1939 1557 3580 1626; baseline 0.003 -11"><span class='ocrx_word' id='word_1_214' title='bbox 1939 1559 2194 1615; x_wconf 90' lang='lat' dir='ltr'><strong>contrito</strong></span> <span class='ocrx_word' id='word_1_215' title='bbox 2225 1562 2284 1613; x_wconf 92' lang='lat' dir='ltr'><strong>et</strong></span> <span class='ocrx_word' id='word_1_216' title='bbox 2307 1557 2630 1626; x_wconf 89' lang='lat' dir='ltr'><strong>humiliato,</strong></span> <span class='ocrx_word' id='word_1_217' title='bbox 2676 1557 2730 1611; x_wconf 92' lang='lat' dir='ltr'><strong>in</strong></span> <span class='ocrx_word' id='word_1_218' title='bbox 2775 1557 3012 1626; x_wconf 90' lang='lat' dir='ltr'><strong>jejuniis</strong></span> <span class='ocrx_word' id='word_1_219' title='bbox 3032 1562 3090 1612; x_wconf 91' lang='lat' dir='ltr'><strong>et</strong></span> <span class='ocrx_word' id='word_1_220' title='bbox 3121 1559 3482 1618; x_wconf 86' lang='lat' dir='ltr'><strong>orationibus</strong></span> <span class='ocrx_word' id='word_1_221' title='bbox 3511 1579 3580 1621; x_wconf 94' lang='lat' dir='ltr'><strong>eo</strong></span> 
     </span>
    </p>
   </div>
   <div class='ocr_carea' id='block_1_33' title="bbox 176 1642 3584 1725">
    <p class='ocr_par' dir='ltr' id='par_1_33' title="bbox 176 1642 3584 1725">
     <span class='ocr_line' id='line_1_33' title="bbox 176 1642 3584 1725; baseline -0.001 -23"><span class='ocrx_word' id='word_1_222' title='bbox 176 1646 401 1702; x_wconf 90' lang='lat' dir='ltr'><strong>solitus</strong></span> <span class='ocrx_word' id='word_1_223' title='bbox 428 1644 700 1714; x_wconf 89' lang='lat' dir='ltr'><strong>invisere,</strong></span> <span class='ocrx_word' id='word_1_224' title='bbox 736 1643 1110 1700; x_wconf 88' lang='lat' dir='ltr'><strong>dulcissimos</strong></span> <span class='ocrx_word' id='word_1_225' title='bbox 1141 1642 1432 1713; x_wconf 84' lang='lat' dir='ltr'><strong>gaudebat</strong></span> <span class='ocrx_word' id='word_1_226' title='bbox 1457 1643 1618 1699; x_wconf 89' lang='lat' dir='ltr'><strong>verbi</strong></span> <span class='ocrx_word' id='word_1_227' title='bbox 1652 1642 1827 1699; x_wconf 90' lang='lat' dir='ltr'><strong>divini</strong></span> <span class='ocrx_word' id='word_1_228' title='bbox 1860 1665 1913 1725; x_wconf 86' lang='lat' dir='ltr'>B</span> <span class='ocrx_word' id='word_1_229' title='bbox 1941 1645 2286 1716; x_wconf 87' lang='lat' dir='ltr'><strong>constituto,</strong></span> <span class='ocrx_word' id='word_1_230' title='bbox 2313 1644 2512 1701; x_wconf 87' lang='lat' dir='ltr'><strong>eadem</strong></span> <span class='ocrx_word' id='word_1_231' title='bbox 2553 1645 2719 1713; x_wconf 88' lang='lat' dir='ltr'><strong>visio,</strong></span> <span class='ocrx_word' id='word_1_232' title='bbox 2748 1659 2874 1714; x_wconf 56' lang='lat' dir='ltr'><strong>quia</strong></span> <span class='ocrx_word' id='word_1_233' title='bbox 2925 1644 3150 1700; x_wconf 89' lang='lat' dir='ltr'><strong>mulieri</strong></span> <span class='ocrx_word' id='word_1_234' title='bbox 3176 1647 3380 1718; x_wconf 82' lang='lat' dir='ltr'><strong>primo,</strong></span> <span class='ocrx_word' id='word_1_235' title='bbox 3411 1664 3584 1722; x_wconf 83' lang='lat' dir='ltr'><strong>appa-</strong></span> 
     </span>
    </p>
   </div>
   <div class='ocr_carea' id='block_1_34' title="bbox 179 1731 1832 1805">
    <p class='ocr_par' dir='ltr' id='par_1_34' title="bbox 179 1731 1832 1805">
     <span class='ocr_line' id='line_1_34' title="bbox 179 1731 1832 1805; baseline -0.002 -15"><span class='ocrx_word' id='word_1_236' title='bbox 179 1736 350 1792; x_wconf 83' lang='lat' dir='ltr'><strong>favos</strong></span> <span class='ocrx_word' id='word_1_237' title='bbox 397 1749 471 1789; x_wconf 90' lang='lat' dir='ltr'><strong>ex</strong></span> <span class='ocrx_word' id='word_1_238' title='bbox 501 1747 602 1789; x_wconf 90' lang='lat' dir='ltr'><strong>ore</strong></span> <span class='ocrx_word' id='word_1_239' title='bbox 640 1733 766 1803; x_wconf 91' lang='lat' dir='ltr'><strong>ejus</strong></span> <span class='ocrx_word' id='word_1_240' title='bbox 815 1731 1137 1805; x_wconf 89' lang='lat' dir='ltr'><strong>percipere.</strong></span> <span class='ocrx_word' id='word_1_241' title='bbox 1170 1731 1486 1788; x_wconf 82' lang='lat' dir='ltr'><strong>Mirabatur</strong></span> <span class='ocrx_word' id='word_1_242' title='bbox 1515 1737 1707 1787; x_wconf 89' lang='lat' dir='ltr'><strong>autem</strong></span> <span class='ocrx_word' id='word_1_243' title='bbox 1740 1745 1832 1787; x_wconf 91' lang='lat' dir='ltr'><strong>su-</strong></span> 
     </span>
    </p>
   </div>
   <div class='ocr_carea' id='block_1_35' title="bbox 181 1818 1830 1896">
    <p class='ocr_par' dir='ltr' id='par_1_35' title="bbox 181 1818 1830 1896">
     <span class='ocr_line' id='line_1_35' title="bbox 181 1818 1830 1896; baseline -0.002 -18"><span class='ocrx_word' id='word_1_244' title='bbox 181 1837 288 1896; x_wconf 88' lang='lat' dir='ltr'><strong>pra</strong></span> <span class='ocrx_word' id='word_1_245' title='bbox 320 1822 551 1880; x_wconf 90' lang='lat' dir='ltr'><strong>modum</strong></span> <span class='ocrx_word' id='word_1_246' title='bbox 583 1825 806 1878; x_wconf 87' lang='lat' dir='ltr'><strong>tantam</strong></span> <span class='ocrx_word' id='word_1_247' title='bbox 860 1819 945 1875; x_wconf 91' lang='lat' dir='ltr'><strong>illi</strong></span> <span class='ocrx_word' id='word_1_248' title='bbox 995 1819 1232 1876; x_wconf 78' lang='lat' dir='ltr'><strong>ccelitus</strong></span> <span class='ocrx_word' id='word_1_249' title='bbox 1273 1834 1614 1876; x_wconf 89' lang='lat' dir='ltr'><strong>concessam</strong></span> <span class='ocrx_word' id='word_1_250' title='bbox 1649 1818 1830 1876; x_wconf 85' lang='lat' dir='ltr'><strong>divini</strong></span> 
     </span>
    </p>
   </div>
   <div class='ocr_carea' id='block_1_36' title="bbox 179 1908 1831 1979">
    <p class='ocr_par' dir='ltr' id='par_1_36' title="bbox 179 1908 1831 1979">
     <span class='ocr_line' id='line_1_36' title="bbox 179 1908 1831 1979; baseline -0.004 -10"><span class='ocrx_word' id='word_1_251' title='bbox 179 1911 537 1969; x_wconf 75' lang='lat' dir='ltr'><strong>afﬂuentiam</strong></span> <span class='ocrx_word' id='word_1_252' title='bbox 582 1909 770 1979; x_wconf 90' lang='lat' dir='ltr'><strong>verbi,</strong></span> <span class='ocrx_word' id='word_1_253' title='bbox 805 1912 868 1965; x_wconf 92' lang='lat' dir='ltr'><strong>ut</strong></span> <span class='ocrx_word' id='word_1_254' title='bbox 902 1908 1193 1978; x_wconf 91' lang='lat' dir='ltr'><strong>quomodo</strong></span> <span class='ocrx_word' id='word_1_255' title='bbox 1239 1923 1311 1964; x_wconf 87' lang='lat' dir='ltr'><strong>ex</strong></span> <span class='ocrx_word' id='word_1_256' title='bbox 1344 1912 1831 1979; x_wconf 88' lang='lat' dir='ltr'><strong>supercrescente</strong></span> 
     </span>
    </p>
   </div>
   <div class='ocr_carea' id='block_1_37' title="bbox 182 1995 1832 2068">
    <p class='ocr_par' dir='ltr' id='par_1_37' title="bbox 182 1995 1832 2068">
     <span class='ocr_line' id='line_1_37' title="bbox 182 1995 1832 2068; baseline -0.004 -12"><span class='ocrx_word' id='word_1_257' title='bbox 182 2001 365 2057; x_wconf 87' lang='lat' dir='ltr'><strong>lluvio</strong></span> <span class='ocrx_word' id='word_1_258' title='bbox 395 1999 579 2068; x_wconf 88' lang='lat' dir='ltr'><strong>rivus,</strong></span> <span class='ocrx_word' id='word_1_259' title='bbox 613 1998 694 2054; x_wconf 89' lang='lat' dir='ltr'><strong>ita</strong></span> <span class='ocrx_word' id='word_1_260' title='bbox 724 2013 796 2054; x_wconf 88' lang='lat' dir='ltr'><strong>ex</strong></span> <span class='ocrx_word' id='word_1_261' title='bbox 842 1995 1000 2054; x_wconf 91' lang='lat' dir='ltr'><strong>illius</strong></span> <span class='ocrx_word' id='word_1_262' title='bbox 1031 1995 1252 2052; x_wconf 91' lang='lat' dir='ltr'><strong>mellito</strong></span> <span class='ocrx_word' id='word_1_263' title='bbox 1281 1999 1522 2066; x_wconf 80' lang='lat' dir='ltr'><strong>gutture</strong></span> <span class='ocrx_word' id='word_1_264' title='bbox 1571 1999 1832 2052; x_wconf 90' lang='lat' dir='ltr'><strong>manaret</strong></span> 
     </span>
    </p>
   </div>
   <div class='ocr_carea' id='block_1_38' title="bbox 179 2085 1835 2156">
    <p class='ocr_par' dir='ltr' id='par_1_38' title="bbox 179 2085 1835 2156">
     <span class='ocr_line' id='line_1_38' title="bbox 179 2085 1835 2156; baseline -0.004 -10"><span class='ocrx_word' id='word_1_265' title='bbox 179 2103 382 2146; x_wconf 89' lang='lat' dir='ltr'><strong>sermo</strong></span> <span class='ocrx_word' id='word_1_266' title='bbox 435 2087 688 2144; x_wconf 91' lang='lat' dir='ltr'><strong>divinus.</strong></span> <span class='ocrx_word' id='word_1_267' title='bbox 751 2085 862 2141; x_wconf 90' lang='lat' dir='ltr'><strong>Sed</strong></span> <span class='ocrx_word' id='word_1_268' title='bbox 917 2085 1054 2156; x_wconf 92' lang='lat' dir='ltr'><strong>quid</strong></span> <span class='ocrx_word' id='word_1_269' title='bbox 1109 2085 1340 2156; x_wconf 89' lang='lat' dir='ltr'><strong>mirum,</strong></span> <span class='ocrx_word' id='word_1_270' title='bbox 1397 2085 1550 2156; x_wconf 90' lang='lat' dir='ltr'><strong>quod</strong></span> <span class='ocrx_word' id='word_1_271' title='bbox 1605 2098 1835 2156; x_wconf 88' lang='lat' dir='ltr'><strong>semper</strong></span> 
     </span>
    </p>
   </div>
   <div class='ocr_carea' id='block_1_39' title="bbox 179 2173 1837 2245">
    <p class='ocr_par' dir='ltr' id='par_1_39' title="bbox 179 2173 1837 2245">
     <span class='ocr_line' id='line_1_39' title="bbox 179 2173 1837 2245; baseline -0.004 -10"><span class='ocrx_word' id='word_1_272' title='bbox 179 2179 416 2235; x_wconf 88' lang='lat' dir='ltr'><strong>animus</strong></span> <span class='ocrx_word' id='word_1_273' title='bbox 468 2175 617 2232; x_wconf 87' lang='lat' dir='ltr'><strong>fixus</strong></span> <span class='ocrx_word' id='word_1_274' title='bbox 649 2175 707 2231; x_wconf 91' lang='lat' dir='ltr'><strong>in</strong></span> <span class='ocrx_word' id='word_1_275' title='bbox 765 2173 1122 2245; x_wconf 88' lang='lat' dir='ltr'><strong>coelestibus,</strong></span> <span class='ocrx_word' id='word_1_276' title='bbox 1181 2174 1252 2230; x_wconf 90' lang='lat' dir='ltr'><strong>de</strong></span> <span class='ocrx_word' id='word_1_277' title='bbox 1311 2173 1521 2230; x_wconf 87' lang='lat' dir='ltr'><strong>divinis</strong></span> <span class='ocrx_word' id='word_1_278' title='bbox 1579 2177 1837 2229; x_wconf 86' lang='lat' dir='ltr'><strong>tractare</strong></span> 
     </span>
    </p>
   </div>
   <div class='ocr_carea' id='block_1_40' title="bbox 182 2260 1838 2332">
    <p class='ocr_par' dir='ltr' id='par_1_40' title="bbox 182 2260 1838 2332">
     <span class='ocr_line' id='line_1_40' title="bbox 182 2260 1838 2332; baseline -0.004 -10"><span class='ocrx_word' id='word_1_279' title='bbox 182 2265 445 2322; x_wconf 88' lang='lat' dir='ltr'><strong>malebat</strong></span> <span class='ocrx_word' id='word_1_280' title='bbox 475 2261 794 2320; x_wconf 84' lang='lat' dir='ltr'><strong>subtilius?</strong></span> <span class='ocrx_word' id='word_1_281' title='bbox 823 2263 895 2318; x_wconf 87' lang='lat' dir='ltr'><strong>Ut</strong></span> <span class='ocrx_word' id='word_1_282' title='bbox 940 2276 1081 2330; x_wconf 90' lang='lat' dir='ltr'><strong>ergo</strong></span> <span class='ocrx_word' id='word_1_283' title='bbox 1111 2261 1195 2316; x_wconf 90' lang='lat' dir='ltr'><strong>rei</strong></span> <span class='ocrx_word' id='word_1_284' title='bbox 1225 2260 1486 2317; x_wconf 91' lang='lat' dir='ltr'><strong>ordinem</strong></span> <span class='ocrx_word' id='word_1_285' title='bbox 1522 2275 1838 2332; x_wconf 88' lang='lat' dir='ltr'><strong>prosequa-</strong></span> 
     </span>
    </p>
   </div>
   <div class='ocr_carea' id='block_1_41' title="bbox 183 2348 1837 2424">
    <p class='ocr_par' dir='ltr' id='par_1_41' title="bbox 183 2348 1837 2424">
     <span class='ocr_line' id='line_1_41' title="bbox 183 2348 1837 2424; baseline -0.005 -13"><span class='ocrx_word' id='word_1_286' title='bbox 183 2370 341 2424; x_wconf 84' lang='lat' dir='ltr'><strong>mur,</strong></span> <span class='ocrx_word' id='word_1_287' title='bbox 375 2351 576 2410; x_wconf 90' lang='lat' dir='ltr'><strong>volens</strong></span> <span class='ocrx_word' id='word_1_288' title='bbox 600 2351 876 2408; x_wconf 91' lang='lat' dir='ltr'><strong>Dominus</strong></span> <span class='ocrx_word' id='word_1_289' title='bbox 902 2350 996 2421; x_wconf 93' lang='lat' dir='ltr'><strong>pio</strong></span> <span class='ocrx_word' id='word_1_290' title='bbox 1022 2349 1284 2406; x_wconf 87' lang='lat' dir='ltr'><strong>revelare</strong></span> <span class='ocrx_word' id='word_1_291' title='bbox 1312 2348 1600 2420; x_wconf 92' lang='lat' dir='ltr'><strong>discipulo</strong></span> <span class='ocrx_word' id='word_1_292' title='bbox 1623 2351 1837 2420; x_wconf 90' lang='lat' dir='ltr'><strong>quanta</strong></span> 
     </span>
    </p>
   </div>
   <div class='ocr_carea' id='block_1_42' title="bbox 185 2435 1840 2517">
    <p class='ocr_par' dir='ltr' id='par_1_42' title="bbox 185 2435 1840 2517">
     <span class='ocr_line' id='line_1_42' title="bbox 185 2435 1840 2517; baseline -0.006 -17"><span class='ocrx_word' id='word_1_293' title='bbox 185 2441 477 2517; x_wconf 88' lang='lat' dir='ltr'><strong>perfectio</strong></span> <span class='ocrx_word' id='word_1_294' title='bbox 499 2441 714 2496; x_wconf 87' lang='lat' dir='ltr'><strong>lateret</strong></span> <span class='ocrx_word' id='word_1_295' title='bbox 746 2439 802 2494; x_wconf 92' lang='lat' dir='ltr'><strong>in</strong></span> <span class='ocrx_word' id='word_1_296' title='bbox 836 2438 1136 2509; x_wconf 90' lang='lat' dir='ltr'><strong>magistro,</strong></span> <span class='ocrx_word' id='word_1_297' title='bbox 1170 2437 1304 2494; x_wconf 91' lang='lat' dir='ltr'><strong>talis</strong></span> <span class='ocrx_word' id='word_1_298' title='bbox 1335 2437 1389 2492; x_wconf 93' lang='lat' dir='ltr'><strong>ei</strong></span> <span class='ocrx_word' id='word_1_299' title='bbox 1449 2441 1734 2493; x_wconf 93' lang='lat' dir='ltr'><strong>nocturno</strong></span> <span class='ocrx_word' id='word_1_300' title='bbox 1767 2435 1840 2494; x_wconf 87' lang='lat' dir='ltr'><strong>si-</strong></span> 
     </span>
    </p>
   </div>
   <div class='ocr_carea' id='block_1_43' title="bbox 187 2523 1839 2595">
    <p class='ocr_par' dir='ltr' id='par_1_43' title="bbox 187 2523 1839 2595">
     <span class='ocr_line' id='line_1_43' title="bbox 187 2523 1839 2595; baseline -0.004 -9"><span class='ocrx_word' id='word_1_301' title='bbox 187 2531 378 2589; x_wconf 88' lang='lat' dir='ltr'><strong>lentio</strong></span> <span class='ocrx_word' id='word_1_302' title='bbox 409 2528 691 2584; x_wconf 89' lang='lat' dir='ltr'><strong>divinitus</strong></span> <span class='ocrx_word' id='word_1_303' title='bbox 723 2525 1059 2582; x_wconf 90' lang='lat' dir='ltr'><strong>declaratur</strong></span> <span class='ocrx_word' id='word_1_304' title='bbox 1087 2525 1258 2581; x_wconf 91' lang='lat' dir='ltr'><strong>visio.</strong></span> <span class='ocrx_word' id='word_1_305' title='bbox 1283 2525 1438 2582; x_wconf 86' lang='lat' dir='ltr'><strong>Vidit</strong></span> <span class='ocrx_word' id='word_1_306' title='bbox 1465 2525 1646 2595; x_wconf 80' lang='lat' dir='ltr'><strong>igitur</strong></span> <span class='ocrx_word' id='word_1_307' title='bbox 1675 2523 1839 2580; x_wconf 91' lang='lat' dir='ltr'><strong>illum</strong></span> 
     </span>
    </p>
   </div>
   <div class='ocr_carea' id='block_1_44' title="bbox 194 2612 1842 2692">
    <p class='ocr_par' dir='ltr' id='par_1_44' title="bbox 194 2612 1842 2692">
     <span class='ocr_line' id='line_1_44' title="bbox 194 2612 1842 2692; baseline -0.005 -16"><span class='ocrx_word' id='word_1_308' title='bbox 194 2633 369 2692; x_wconf 88' lang='lat' dir='ltr'><strong>quem</strong></span> <span class='ocrx_word' id='word_1_309' title='bbox 397 2616 596 2672; x_wconf 84' lang='lat' dir='ltr'><strong>tremit</strong></span> <span class='ocrx_word' id='word_1_310' title='bbox 625 2619 905 2685; x_wconf 88' lang='lat' dir='ltr'><strong>tartarus,</strong></span> <span class='ocrx_word' id='word_1_311' title='bbox 939 2613 1079 2672; x_wconf 92' lang='lat' dir='ltr'><strong>colit</strong></span> <span class='ocrx_word' id='word_1_312' title='bbox 1112 2615 1378 2686; x_wconf 86' lang='lat' dir='ltr'><strong>abyssus,</strong></span> <span class='ocrx_word' id='word_1_313' title='bbox 1399 2612 1683 2670; x_wconf 68' lang='lat' dir='ltr'><strong>cwlorum</strong></span> <span class='ocrx_word' id='word_1_314' title='bbox 1707 2613 1842 2669; x_wconf 83' lang='lat' dir='ltr'><strong>ado-</strong></span> 
     </span>
    </p>
   </div>
   <div class='ocr_carea' id='block_1_45' title="bbox 193 2701 1844 2775">
    <p class='ocr_par' dir='ltr' id='par_1_45' title="bbox 193 2701 1844 2775">
     <span class='ocr_line' id='line_1_45' title="bbox 193 2701 1844 2775; baseline -0.005 -10"><span class='ocrx_word' id='word_1_315' title='bbox 193 2712 286 2765; x_wconf 87' lang='lat' dir='ltr'><strong>rat</strong></span> <span class='ocrx_word' id='word_1_316' title='bbox 317 2705 633 2775; x_wconf 86' lang='lat' dir='ltr'><strong>exercitus,</strong></span> <span class='ocrx_word' id='word_1_317' title='bbox 669 2703 722 2758; x_wconf 93' lang='lat' dir='ltr'><strong>in</strong></span> <span class='ocrx_word' id='word_1_318' title='bbox 784 2717 954 2774; x_wconf 90' lang='lat' dir='ltr'><strong>quem</strong></span> <span class='ocrx_word' id='word_1_319' title='bbox 1010 2702 1346 2758; x_wconf 90' lang='lat' dir='ltr'><strong>desiderant</strong></span> <span class='ocrx_word' id='word_1_320' title='bbox 1380 2701 1721 2775; x_wconf 83' lang='lat' dir='ltr'><strong>prOSpicere</strong></span> <span class='ocrx_word' id='word_1_321' title='bbox 1751 2715 1844 2757; x_wconf 87' lang='lat' dir='ltr'><strong>or-</strong></span> 
     </span>
    </p>
   </div>
   <div class='ocr_carea' id='block_1_46' title="bbox 193 2789 1844 2864">
    <p class='ocr_par' dir='ltr' id='par_1_46' title="bbox 193 2789 1844 2864">
     <span class='ocr_line' id='line_1_46' title="bbox 193 2789 1844 2864; baseline -0.006 -10"><span class='ocrx_word' id='word_1_322' title='bbox 193 2796 365 2854; x_wconf 83' lang='lat' dir='ltr'><strong>dines</strong></span> <span class='ocrx_word' id='word_1_323' title='bbox 396 2791 704 2864; x_wconf 84' lang='lat' dir='ltr'><strong>dignitatis</strong></span> <span class='ocrx_word' id='word_1_324' title='bbox 737 2790 1012 2861; x_wconf 71' lang='lat' dir='ltr'><strong>angelicze</strong></span> <span class='ocrx_word' id='word_1_325' title='bbox 1039 2810 1052 2846; x_wconf 91' lang='lat'><strong>:</strong></span> <span class='ocrx_word' id='word_1_326' title='bbox 1079 2792 1254 2861; x_wconf 87' lang='lat' dir='ltr'><strong>hunc,</strong></span> <span class='ocrx_word' id='word_1_327' title='bbox 1279 2789 1702 2861; x_wconf 89' lang='lat' dir='ltr'><strong>inquam,vidit</strong></span> <span class='ocrx_word' id='word_1_328' title='bbox 1725 2789 1844 2846; x_wconf 87' lang='lat' dir='ltr'><strong>bal-</strong></span> 
     </span>
    </p>
   </div>
   <div class='ocr_carea' id='block_1_47' title="bbox 191 2877 1846 2955">
    <p class='ocr_par' dir='ltr' id='par_1_47' title="bbox 191 2877 1846 2955">
     <span class='ocr_line' id='line_1_47' title="bbox 191 2877 1846 2955; baseline -0.005 -14"><span class='ocrx_word' id='word_1_329' title='bbox 191 2899 308 2941; x_wconf 87' lang='lat' dir='ltr'><strong>neo</strong></span> <span class='ocrx_word' id='word_1_330' title='bbox 339 2881 694 2955; x_wconf 89' lang='lat' dir='ltr'><strong>impositum,</strong></span> <span class='ocrx_word' id='word_1_331' title='bbox 733 2881 1000 2936; x_wconf 89' lang='lat' dir='ltr'><strong>manibus</strong></span> <span class='ocrx_word' id='word_1_332' title='bbox 1031 2885 1090 2934; x_wconf 91' lang='lat' dir='ltr'><strong>et</strong></span> <span class='ocrx_word' id='word_1_333' title='bbox 1123 2878 1309 2935; x_wconf 78' lang='lat' dir='ltr'><strong>ofﬁcio</strong></span> <span class='ocrx_word' id='word_1_334' title='bbox 1341 2878 1664 2935; x_wconf 89' lang='lat' dir='ltr'><strong>beatissimi</strong></span> <span class='ocrx_word' id='word_1_335' title='bbox 1694 2877 1846 2934; x_wconf 90' lang='lat' dir='ltr'><strong>Wol-</strong></span> 
     </span>
    </p>
   </div>
   <div class='ocr_carea' id='block_1_48' title="bbox 191 2966 1844 3046">
    <p class='ocr_par' dir='ltr' id='par_1_48' title="bbox 191 2966 1844 3046">
     <span class='ocr_line' id='line_1_48' title="bbox 191 2966 1844 3046; baseline -0.004 -18"><span class='ocrx_word' id='word_1_336' title='bbox 191 2971 415 3046; x_wconf 88' lang='lat' dir='ltr'><strong>pbelmi</strong></span> <span class='ocrx_word' id='word_1_337' title='bbox 430 2974 772 3028; x_wconf 79' lang='lat' dir='ltr'><strong>reverenter</strong></span> <span class='ocrx_word' id='word_1_338' title='bbox 791 2967 995 3040; x_wconf 87' lang='lat' dir='ltr'><strong>foveri,</strong></span> <span class='ocrx_word' id='word_1_339' title='bbox 1021 2967 1177 3024; x_wconf 91' lang='lat' dir='ltr'><strong>ablui</strong></span> <span class='ocrx_word' id='word_1_340' title='bbox 1193 2971 1252 3023; x_wconf 90' lang='lat' dir='ltr'><strong>et</strong></span> <span class='ocrx_word' id='word_1_341' title='bbox 1275 2966 1502 3037; x_wconf 88' lang='lat' dir='ltr'><strong>detergi</strong></span> <span class='ocrx_word' id='word_1_342' title='bbox 1520 2985 1533 3034; x_wconf 92' lang='lat'><strong>;</strong></span> <span class='ocrx_word' id='word_1_343' title='bbox 1553 2967 1648 3023; x_wconf 89' lang='lat' dir='ltr'><strong>ubi</strong></span> <span class='ocrx_word' id='word_1_344' title='bbox 1667 2967 1844 3024; x_wconf 89' lang='lat' dir='ltr'><strong>etiam</strong></span> 
     </span>
    </p>
   </div>
   <div class='ocr_carea' id='block_1_49' title="bbox 195 3054 1846 3128">
    <p class='ocr_par' dir='ltr' id='par_1_49' title="bbox 195 3054 1846 3128">
     <span class='ocr_line' id='line_1_49' title="bbox 195 3054 1846 3128; baseline -0.005 -10"><span class='ocrx_word' id='word_1_345' title='bbox 195 3061 652 3118; x_wconf 85' lang='lat' dir='ltr'><strong>circumstantes</strong></span> <span class='ocrx_word' id='word_1_346' title='bbox 665 3055 969 3114; x_wconf 86' lang='lat' dir='ltr'><strong>duodecim</strong></span> <span class='ocrx_word' id='word_1_347' title='bbox 983 3054 1676 3128; x_wconf 88' lang='lat' dir='ltr'><strong>apostoli,adminiculum</strong></span> <span class='ocrx_word' id='word_1_348' title='bbox 1693 3056 1846 3111; x_wconf 89' lang='lat' dir='ltr'><strong>ferre</strong></span> 
     </span>
    </p>
   </div>
   <div class='ocr_carea' id='block_1_50' title="bbox 197 3142 1849 3214">
    <p class='ocr_par' dir='ltr' id='par_1_50' title="bbox 197 3142 1849 3214">
     <span class='ocr_line' id='line_1_50' title="bbox 197 3142 1849 3214; baseline -0.006 -8"><span class='ocrx_word' id='word_1_349' title='bbox 197 3148 550 3206; x_wconf 84' lang='lat' dir='ltr'><strong>videbantur</strong></span> <span class='ocrx_word' id='word_1_350' title='bbox 598 3143 972 3201; x_wconf 80' lang='lat' dir='ltr'><strong>ministranti.</strong></span> <span class='ocrx_word' id='word_1_351' title='bbox 1003 3143 1106 3199; x_wconf 91' lang='lat' dir='ltr'><strong>Ille</strong></span> <span class='ocrx_word' id='word_1_352' title='bbox 1139 3143 1321 3212; x_wconf 89' lang='lat' dir='ltr'><strong>igitur</strong></span> <span class='ocrx_word' id='word_1_353' title='bbox 1348 3143 1439 3199; x_wconf 90' lang='lat' dir='ltr'><strong>vir</strong></span> <span class='ocrx_word' id='word_1_354' title='bbox 1471 3142 1849 3214; x_wconf 63' lang='lat' dir='ltr'><strong>praeclarissi-</strong></span> 
     </span>
    </p>
   </div>
   <div class='ocr_carea' id='block_1_51' title="bbox 196 3222 1845 3302">
    <p class='ocr_par' dir='ltr' id='par_1_51' title="bbox 196 3222 1845 3302">
     <span class='ocr_line' id='line_1_51' title="bbox 196 3222 1845 3302; baseline -0.005 -8"><span class='ocrx_word' id='word_1_355' title='bbox 196 3251 330 3294; x_wconf 91' lang='lat' dir='ltr'><strong>mus</strong></span> <span class='ocrx_word' id='word_1_356' title='bbox 349 3234 580 3292; x_wconf 71' lang='lat' dir='ltr'><strong>cmlesti</strong></span> <span class='ocrx_word' id='word_1_357' title='bbox 619 3234 732 3290; x_wconf 89' lang='lat' dir='ltr'><strong>sibi</strong></span> <span class='ocrx_word' id='word_1_358' title='bbox 753 3237 1048 3288; x_wconf 89' lang='lat' dir='ltr'><strong>ostensam</strong></span> <span class='ocrx_word' id='word_1_359' title='bbox 1071 3222 1350 3288; x_wconf 88' lang='lat' dir='ltr'><strong>visionem</strong></span> <span class='ocrx_word' id='word_1_360' title='bbox 1393 3245 1498 3302; x_wconf 93' lang='lat' dir='ltr'><strong>per</strong></span> <span class='ocrx_word' id='word_1_361' title='bbox 1519 3229 1845 3301; x_wconf 90' lang='lat' dir='ltr'><strong>quemdam,</strong></span> 
     </span>
    </p>
   </div>
   <div class='ocr_carea' id='block_1_52' title="bbox 196 3318 1852 3396">
    <p class='ocr_par' dir='ltr' id='par_1_52' title="bbox 196 3318 1852 3396">
     <span class='ocr_line' id='line_1_52' title="bbox 196 3318 1852 3396; baseline -0.005 -14"><span class='ocrx_word' id='word_1_362' title='bbox 196 3322 637 3396; x_wconf 69' lang='lat' dir='ltr'><strong>Heginbardum</strong></span> <span class='ocrx_word' id='word_1_363' title='bbox 668 3321 920 3391; x_wconf 90' lang='lat' dir='ltr'><strong>nomine,</strong></span> <span class='ocrx_word' id='word_1_364' title='bbox 956 3319 1321 3387; x_wconf 85' lang='lat' dir='ltr'><strong>monachum,</strong></span> <span class='ocrx_word' id='word_1_365' title='bbox 1356 3319 1594 3374; x_wconf 88' lang='lat' dir='ltr'><strong>fratrem</strong></span> <span class='ocrx_word' id='word_1_366' title='bbox 1627 3318 1734 3376; x_wconf 93' lang='lat' dir='ltr'><strong>sibi</strong></span> <span class='ocrx_word' id='word_1_367' title='bbox 1764 3333 1852 3374; x_wconf 89' lang='lat' dir='ltr'><strong>sa-</strong></span> 
     </span>
    </p>
   </div>
   <div class='ocr_carea' id='block_1_53' title="bbox 200 3407 1851 3482">
    <p class='ocr_par' dir='ltr' id='par_1_53' title="bbox 200 3407 1851 3482">
     <span class='ocr_line' id='line_1_53' title="bbox 200 3407 1851 3482; baseline -0.004 -12"><span class='ocrx_word' id='word_1_368' title='bbox 200 3415 280 3470; x_wconf 86' lang='lat' dir='ltr'><strong>tis</strong></span> <span class='ocrx_word' id='word_1_369' title='bbox 313 3411 679 3482; x_wconf 87' lang='lat' dir='ltr'><strong>familiarem,</strong></span> <span class='ocrx_word' id='word_1_370' title='bbox 732 3410 802 3467; x_wconf 90' lang='lat' dir='ltr'><strong>ad</strong></span> <span class='ocrx_word' id='word_1_371' title='bbox 833 3408 947 3466; x_wconf 90' lang='lat' dir='ltr'><strong>viri</strong></span> <span class='ocrx_word' id='word_1_372' title='bbox 978 3409 1078 3464; x_wconf 81' lang='lat' dir='ltr'><strong>Dei</strong></span> <span class='ocrx_word' id='word_1_373' title='bbox 1133 3407 1474 3479; x_wconf 88' lang='lat' dir='ltr'><strong>properavit</strong></span> <span class='ocrx_word' id='word_1_374' title='bbox 1530 3409 1851 3464; x_wconf 88' lang='lat' dir='ltr'><strong>transferre</strong></span> 
     </span>
    </p>
   </div>
   <div class='ocr_carea' id='block_1_54' title="bbox 200 3495 1857 3569">
    <p class='ocr_par' dir='ltr' id='par_1_54' title="bbox 200 3495 1857 3569">
     <span class='ocr_line' id='line_1_54' title="bbox 200 3495 1857 3569; baseline -0.005 -9"><span class='ocrx_word' id='word_1_375' title='bbox 200 3499 609 3566; x_wconf 88' lang='lat' dir='ltr'><strong>notitiam.Qui</strong></span> <span class='ocrx_word' id='word_1_376' title='bbox 625 3497 821 3569; x_wconf 90' lang='lat' dir='ltr'><strong>sagaci</strong></span> <span class='ocrx_word' id='word_1_377' title='bbox 843 3497 1034 3555; x_wconf 89' lang='lat' dir='ltr'><strong>animo</strong></span> <span class='ocrx_word' id='word_1_378' title='bbox 1048 3496 1161 3553; x_wconf 91' lang='lat' dir='ltr'><strong>vim</strong></span> <span class='ocrx_word' id='word_1_379' title='bbox 1176 3495 1380 3553; x_wconf 91' lang='lat' dir='ltr'><strong>somnii</strong></span> <span class='ocrx_word' id='word_1_380' title='bbox 1395 3496 1857 3568; x_wconf 87' lang='lat' dir='ltr'><strong>discutiens,coe-</strong></span> 
     </span>
    </p>
   </div>
   <div class='ocr_carea' id='block_1_55' title="bbox 194 3583 1853 3664">
    <p class='ocr_par' dir='ltr' id='par_1_55' title="bbox 194 3583 1853 3664">
     <span class='ocr_line' id='line_1_55' title="bbox 194 3583 1853 3664; baseline -0.005 -18"><span class='ocrx_word' id='word_1_381' title='bbox 194 3591 286 3664; x_wconf 88' lang='lat' dir='ltr'><strong>pit</strong></span> <span class='ocrx_word' id='word_1_382' title='bbox 303 3588 625 3660; x_wconf 88' lang='lat' dir='ltr'><strong>diligenter</strong></span> <span class='ocrx_word' id='word_1_383' title='bbox 650 3586 1003 3656; x_wconf 89' lang='lat' dir='ltr'><strong>investigare</strong></span> <span class='ocrx_word' id='word_1_384' title='bbox 1037 3583 1176 3656; x_wconf 89' lang='lat' dir='ltr'><strong>quid</strong></span> <span class='ocrx_word' id='word_1_385' title='bbox 1209 3584 1354 3641; x_wconf 86' lang='lat' dir='ltr'><strong>visio</strong></span> <span class='ocrx_word' id='word_1_386' title='bbox 1386 3583 1508 3641; x_wconf 77' lang='lat' dir='ltr'><strong>haec</strong></span> <span class='ocrx_word' id='word_1_387' title='bbox 1553 3583 1853 3641; x_wconf 89' lang='lat' dir='ltr'><strong>videretur</strong></span> 
     </span>
    </p>
   </div>
   <div class='ocr_carea' id='block_1_56' title="bbox 199 3671 1852 3751">
    <p class='ocr_par' dir='ltr' id='par_1_56' title="bbox 199 3671 1852 3751">
     <span class='ocr_line' id='line_1_56' title="bbox 199 3671 1852 3751; baseline -0.005 -17"><span class='ocrx_word' id='word_1_388' title='bbox 199 3676 580 3751; x_wconf 90' lang='lat' dir='ltr'><strong>portendere.</strong></span> <span class='ocrx_word' id='word_1_389' title='bbox 617 3673 915 3730; x_wconf 88' lang='lat' dir='ltr'><strong>lntellexit</strong></span> <span class='ocrx_word' id='word_1_390' title='bbox 931 3673 1128 3745; x_wconf 89' lang='lat' dir='ltr'><strong>itaque</strong></span> <span class='ocrx_word' id='word_1_391' title='bbox 1143 3677 1412 3744; x_wconf 89' lang='lat' dir='ltr'><strong>patenter</strong></span> <span class='ocrx_word' id='word_1_392' title='bbox 1429 3687 1488 3730; x_wconf 91' lang='lat' dir='ltr'><strong>se</strong></span> <span class='ocrx_word' id='word_1_393' title='bbox 1503 3671 1852 3728; x_wconf 89' lang='lat' dir='ltr'><strong>commoneri</strong></span> 
     </span>
    </p>
   </div>
   <div class='ocr_carea' id='block_1_57' title="bbox 192 3760 1854 3838">
    <p class='ocr_par' dir='ltr' id='par_1_57' title="bbox 192 3760 1854 3838">
     <span class='ocr_line' id='line_1_57' title="bbox 192 3760 1854 3838; baseline -0.006 -12"><span class='ocrx_word' id='word_1_394' title='bbox 192 3766 520 3838; x_wconf 83' lang='lat' dir='ltr'><strong>vigilanter</strong></span> <span class='ocrx_word' id='word_1_395' title='bbox 551 3763 686 3820; x_wconf 89' lang='lat' dir='ltr'><strong>boni</strong></span> <span class='ocrx_word' id='word_1_396' title='bbox 721 3777 961 3819; x_wconf 89' lang='lat' dir='ltr'><strong>servare</strong></span> <span class='ocrx_word' id='word_1_397' title='bbox 989 3765 1254 3818; x_wconf 85' lang='lat' dir='ltr'><strong>tenorem</strong></span> <span class='ocrx_word' id='word_1_398' title='bbox 1291 3760 1593 3832; x_wconf 90' lang='lat' dir='ltr'><strong>propositi,</strong></span> <span class='ocrx_word' id='word_1_399' title='bbox 1621 3760 1854 3817; x_wconf 89' lang='lat' dir='ltr'><strong>Christo</strong></span> 
     </span>
    </p>
   </div>
   <div class='ocr_carea' id='block_1_58' title="bbox 195 3849 1857 3920">
    <p class='ocr_par' dir='ltr' id='par_1_58' title="bbox 195 3849 1857 3920">
     <span class='ocr_line' id='line_1_58' title="bbox 195 3849 1857 3920; baseline -0.006 -8"><span class='ocrx_word' id='word_1_400' title='bbox 195 3856 256 3912; x_wconf 93' lang='lat' dir='ltr'><strong>in</strong></span> <span class='ocrx_word' id='word_1_401' title='bbox 287 3854 416 3912; x_wconf 89' lang='lat' dir='ltr'><strong>suis</strong></span> <span class='ocrx_word' id='word_1_402' title='bbox 467 3851 815 3909; x_wconf 91' lang='lat' dir='ltr'><strong>omnimodis</strong></span> <span class='ocrx_word' id='word_1_403' title='bbox 865 3850 1140 3908; x_wconf 88' lang='lat' dir='ltr'><strong>membris</strong></span> <span class='ocrx_word' id='word_1_404' title='bbox 1171 3849 1525 3920; x_wconf 89' lang='lat' dir='ltr'><strong>ministrare,</strong></span> <span class='ocrx_word' id='word_1_405' title='bbox 1577 3849 1742 3919; x_wconf 84' lang='lat' dir='ltr'><strong>juxta</strong></span> <span class='ocrx_word' id='word_1_406' title='bbox 1775 3849 1857 3920; x_wconf 90' lang='lat' dir='ltr'><strong>ip-</strong></span> 
     </span>
    </p>
   </div>
   <div class='ocr_carea' id='block_1_59' title="bbox 202 3937 1859 4004">
    <p class='ocr_par' dir='ltr' id='par_1_59' title="bbox 202 3937 1859 4004">
     <span class='ocr_line' id='line_1_59' title="bbox 202 3937 1859 4004; baseline -0.003 -4"><span class='ocrx_word' id='word_1_407' title='bbox 202 3943 330 4001; x_wconf 89' lang='lat' dir='ltr'><strong>sius</strong></span> <span class='ocrx_word' id='word_1_408' title='bbox 361 3940 616 3998; x_wconf 89' lang='lat' dir='ltr'><strong>dicentis</strong></span> <span class='ocrx_word' id='word_1_409' title='bbox 669 3954 868 3996; x_wconf 90' lang='lat' dir='ltr'><strong>vocem</strong></span> <span class='ocrx_word' id='word_1_410' title='bbox 903 3958 915 3996; x_wconf 92' lang='lat'>:</span> <span class='ocrx_word' id='word_1_411' title='bbox 951 3937 1118 4004; x_wconf 76' lang='lat' dir='ltr'><strong>Quod</strong></span> <span class='ocrx_word' id='word_1_412' title='bbox 1161 3938 1273 3995; x_wconf 69' lang='lat' dir='ltr'><strong>cmi</strong></span> <span class='ocrx_word' id='word_1_413' title='bbox 1302 3951 1378 3994; x_wconf 74' lang='lat' dir='ltr'><strong>ea:</strong></span> <span class='ocrx_word' id='word_1_414' title='bbox 1413 3937 1682 3994; x_wconf 76' lang='lat' dir='ltr'><strong>minimis</strong></span> <span class='ocrx_word' id='word_1_415' title='bbox 1711 3937 1859 3995; x_wconf 79' lang='lat' dir='ltr'><strong>meis</strong></span> 
     </span>
    </p>
   </div>
   <div class='ocr_carea' id='block_1_60' title="bbox 187 4024 1860 4104">
    <p class='ocr_par' dir='ltr' id='par_1_60' title="bbox 187 4024 1860 4104">
     <span class='ocr_line' id='line_1_60' title="bbox 187 4024 1860 4104; baseline -0.004 -16"><span class='ocrx_word' id='word_1_416' title='bbox 187 4029 465 4104; x_wconf 74' lang='lat' dir='ltr'><strong>fecistis,</strong></span> <span class='ocrx_word' id='word_1_417' title='bbox 477 4028 634 4086; x_wconf 77' lang='lat' dir='ltr'><strong>mihi</strong></span> <span class='ocrx_word' id='word_1_418' title='bbox 640 4027 890 4101; x_wconf 77' lang='lat' dir='ltr'><strong>fecistis</strong></span> <span class='ocrx_word' id='word_1_419' title='bbox 909 4024 1151 4098; x_wconf 71' lang='lat' dir='ltr'><strong>(Matth.</strong></span> <span class='ocrx_word' id='word_1_420' title='bbox 1168 4041 1300 4095; x_wconf 85' lang='lat' dir='ltr'><strong>xxv,</strong></span> <span class='ocrx_word' id='word_1_421' title='bbox 1317 4024 1428 4096; x_wconf 72' lang='grc'><strong>45).</strong></span> <span class='ocrx_word' id='word_1_422' title='bbox 1447 4025 1748 4082; x_wconf 89' lang='lat' dir='ltr'><strong>Gaudebat</strong></span> <span class='ocrx_word' id='word_1_423' title='bbox 1762 4040 1860 4082; x_wconf 88' lang='lat' dir='ltr'><strong>au-</strong></span> 
     </span>
    </p>
   </div>
   <div class='ocr_carea' id='block_1_61' title="bbox 201 4113 1860 4184">
    <p class='ocr_par' dir='ltr' id='par_1_61' title="bbox 201 4113 1860 4184">
     <span class='ocr_line' id='line_1_61' title="bbox 201 4113 1860 4184; baseline -0.004 -8"><span class='ocrx_word' id='word_1_424' title='bbox 201 4123 326 4177; x_wconf 88' lang='lat' dir='ltr'><strong>tem</strong></span> <span class='ocrx_word' id='word_1_425' title='bbox 357 4119 450 4174; x_wconf 88' lang='lat' dir='ltr'><strong>vir</strong></span> <span class='ocrx_word' id='word_1_426' title='bbox 477 4119 594 4174; x_wconf 93' lang='lat' dir='ltr'><strong>Deo</strong></span> <span class='ocrx_word' id='word_1_427' title='bbox 625 4115 913 4184; x_wconf 84' lang='lat' dir='ltr'><strong>amabilis,</strong></span> <span class='ocrx_word' id='word_1_428' title='bbox 963 4128 1188 4171; x_wconf 91' lang='lat' dir='ltr'><strong>summo</strong></span> <span class='ocrx_word' id='word_1_429' title='bbox 1215 4113 1538 4170; x_wconf 89' lang='lat' dir='ltr'><strong>electorum</strong></span> <span class='ocrx_word' id='word_1_430' title='bbox 1589 4113 1767 4184; x_wconf 91' lang='lat' dir='ltr'><strong>capiti</strong></span> <span class='ocrx_word' id='word_1_431' title='bbox 1799 4129 1860 4170; x_wconf 90' lang='lat' dir='ltr'><strong>se</strong></span> 
     </span>
    </p>
   </div>
   <div class='ocr_carea' id='block_1_62' title="bbox 202 4197 1862 4282">
    <p class='ocr_par' dir='ltr' id='par_1_62' title="bbox 202 4197 1862 4282">
     <span class='ocr_line' id='line_1_62' title="bbox 202 4197 1862 4282; baseline -0.005 -16"><span class='ocrx_word' id='word_1_432' title='bbox 202 4207 491 4282; x_wconf 89' lang='lat' dir='ltr'><strong>operibus</strong></span> <span class='ocrx_word' id='word_1_433' title='bbox 550 4203 842 4278; x_wconf 88' lang='lat' dir='ltr'><strong>placuisse</strong></span> <span class='ocrx_word' id='word_1_434' title='bbox 897 4197 1168 4274; x_wconf 83' lang='lat' dir='ltr'><strong>pietatis;</strong></span> <span class='ocrx_word' id='word_1_435' title='bbox 1205 4200 1312 4258; x_wconf 90' lang='lat' dir='ltr'><strong>sed</strong></span> <span class='ocrx_word' id='word_1_436' title='bbox 1367 4201 1577 4257; x_wconf 89' lang='lat' dir='ltr'><strong>seriem</strong></span> <span class='ocrx_word' id='word_1_437' title='bbox 1629 4201 1862 4259; x_wconf 88' lang='lat' dir='ltr'><strong>actibus</strong></span> 
     </span>
    </p>
   </div>
   <div class='ocr_carea' id='block_1_63' title="bbox 204 4289 1865 4367">
    <p class='ocr_par' dir='ltr' id='par_1_63' title="bbox 204 4289 1865 4367">
     <span class='ocr_line' id='line_1_63' title="bbox 204 4289 1865 4367; baseline -0.005 -13"><span class='ocrx_word' id='word_1_438' title='bbox 204 4294 458 4367; x_wconf 80' lang='lat' dir='ltr'><strong>exsequi</strong></span> <span class='ocrx_word' id='word_1_439' title='bbox 481 4293 725 4366; x_wconf 89' lang='lat' dir='ltr'><strong>cupiens</strong></span> <span class='ocrx_word' id='word_1_440' title='bbox 745 4292 1010 4363; x_wconf 90' lang='lat' dir='ltr'><strong>visionis,</strong></span> <span class='ocrx_word' id='word_1_441' title='bbox 1034 4291 1161 4349; x_wconf 87' lang='lat' dir='ltr'><strong>vice</strong></span> <span class='ocrx_word' id='word_1_442' title='bbox 1174 4289 1398 4347; x_wconf 91' lang='lat' dir='ltr'><strong>Domini</strong></span> <span class='ocrx_word' id='word_1_443' title='bbox 1426 4289 1693 4347; x_wconf 91' lang='lat' dir='ltr'><strong>balneum</strong></span> <span class='ocrx_word' id='word_1_444' title='bbox 1719 4305 1865 4362; x_wconf 64' lang='lat' dir='ltr'><strong>prae-</strong></span> 
     </span>
    </p>
   </div>
   <div class='ocr_carea' id='block_1_64' title="bbox 1877 3016 1926 3079">
    <p class='ocr_par' dir='ltr' id='par_1_64' title="bbox 1877 3016 1926 3079">
     <span class='ocr_line' id='line_1_64' title="bbox 1877 3016 1926 3079; baseline 0 0"><span class='ocrx_word' id='word_1_445' title='bbox 1877 3016 1926 3079; x_wconf 92' lang='lat' dir='ltr'><strong>C</strong></span> 
     </span>
    </p>
   </div>
   <div class='ocr_carea' id='block_1_65' title="bbox 1944 1733 3585 1803">
    <p class='ocr_par' dir='ltr' id='par_1_65' title="bbox 1944 1733 3585 1803">
     <span class='ocr_line' id='line_1_65' title="bbox 1944 1733 3585 1803; baseline 0.001 -11"><span class='ocrx_word' id='word_1_446' title='bbox 1944 1735 2060 1792; x_wconf 90' lang='lat' dir='ltr'><strong>ruit</strong></span> <span class='ocrx_word' id='word_1_447' title='bbox 2092 1734 2352 1790; x_wconf 89' lang='lat' dir='ltr'><strong>secundo</strong></span> <span class='ocrx_word' id='word_1_448' title='bbox 2383 1748 2452 1790; x_wconf 88' lang='lat' dir='ltr'><strong>ac</strong></span> <span class='ocrx_word' id='word_1_449' title='bbox 2485 1733 2678 1788; x_wconf 89' lang='lat' dir='ltr'><strong>tertio.</strong></span> <span class='ocrx_word' id='word_1_450' title='bbox 2706 1733 2852 1798; x_wconf 89' lang='lat' dir='ltr'><strong>Quid</strong></span> <span class='ocrx_word' id='word_1_451' title='bbox 2875 1733 3342 1803; x_wconf 88' lang='lat' dir='ltr'><strong>plura?Tandem</strong></span> <span class='ocrx_word' id='word_1_452' title='bbox 3371 1738 3460 1793; x_wconf 92' lang='lat' dir='ltr'><strong>vir</strong></span> <span class='ocrx_word' id='word_1_453' title='bbox 3479 1741 3585 1796; x_wconf 88' lang='lat' dir='ltr'><strong>Do-</strong></span> 
     </span>
    </p>
   </div>
   <div class='ocr_carea' id='block_1_66' title="bbox 1944 1822 3586 1890">
    <p class='ocr_par' dir='ltr' id='par_1_66' title="bbox 1944 1822 3586 1890">
     <span class='ocr_line' id='line_1_66' title="bbox 1944 1822 3586 1890; baseline 0.002 -12"><span class='ocrx_word' id='word_1_454' title='bbox 1944 1823 2080 1878; x_wconf 90' lang='lat' dir='ltr'><strong>mini</strong></span> <span class='ocrx_word' id='word_1_455' title='bbox 2114 1827 2311 1879; x_wconf 91' lang='lat' dir='ltr'><strong>nostra</strong></span> <span class='ocrx_word' id='word_1_456' title='bbox 2345 1822 2538 1878; x_wconf 90' lang='lat' dir='ltr'><strong>vietus</strong></span> <span class='ocrx_word' id='word_1_457' title='bbox 2560 1826 2648 1876; x_wconf 91' lang='lat' dir='ltr'><strong>est</strong></span> <span class='ocrx_word' id='word_1_458' title='bbox 2675 1822 2972 1890; x_wconf 88' lang='lat' dir='ltr'><strong>instantia,</strong></span> <span class='ocrx_word' id='word_1_459' title='bbox 2998 1827 3058 1878; x_wconf 92' lang='lat' dir='ltr'><strong>et</strong></span> <span class='ocrx_word' id='word_1_460' title='bbox 3081 1829 3310 1881; x_wconf 87' lang='lat' dir='ltr'><strong>secreto</strong></span> <span class='ocrx_word' id='word_1_461' title='bbox 3333 1824 3586 1882; x_wconf 90' lang='lat' dir='ltr'><strong>admitti-</strong></span> 
     </span>
    </p>
   </div>
   <div class='ocr_carea' id='block_1_67' title="bbox 1946 1908 3586 1985">
    <p class='ocr_par' dir='ltr' id='par_1_67' title="bbox 1946 1908 3586 1985">
     <span class='ocr_line' id='line_1_67' title="bbox 1946 1908 3586 1985; baseline 0.004 -19"><span class='ocrx_word' id='word_1_462' title='bbox 1946 1911 2184 1982; x_wconf 67' lang='lat' dir='ltr'><strong>turi_illa,</strong></span> <span class='ocrx_word' id='word_1_463' title='bbox 2209 1915 2345 1966; x_wconf 90' lang='lat' dir='ltr'><strong>ante</strong></span> <span class='ocrx_word' id='word_1_464' title='bbox 2368 1911 2522 1966; x_wconf 88' lang='lat' dir='ltr'><strong>fores</strong></span> <span class='ocrx_word' id='word_1_465' title='bbox 2543 1908 2869 1965; x_wconf 85' lang='lat' dir='ltr'><strong>ecclesiolae</strong></span> <span class='ocrx_word' id='word_1_466' title='bbox 2887 1910 3048 1980; x_wconf 88' lang='lat' dir='ltr'><strong>jussa</strong></span> <span class='ocrx_word' id='word_1_467' title='bbox 3071 1911 3424 1969; x_wconf 90' lang='lat' dir='ltr'><strong>consistere:</strong></span> <span class='ocrx_word' id='word_1_468' title='bbox 3451 1917 3586 1985; x_wconf 90' lang='lat' dir='ltr'><strong>quia</strong></span> 
     </span>
    </p>
   </div>
   <div class='ocr_carea' id='block_1_68' title="bbox 1945 1997 3589 2073">
    <p class='ocr_par' dir='ltr' id='par_1_68' title="bbox 1945 1997 3589 2073">
     <span class='ocr_line' id='line_1_68' title="bbox 1945 1997 3589 2073; baseline 0.001 -17"><span class='ocrx_word' id='word_1_469' title='bbox 1945 2015 2056 2056; x_wconf 91' lang='lat' dir='ltr'><strong>non</strong></span> <span class='ocrx_word' id='word_1_470' title='bbox 2089 2000 2141 2056; x_wconf 90' lang='lat' dir='ltr'><strong>ei</strong></span> <span class='ocrx_word' id='word_1_471' title='bbox 2175 2013 2318 2056; x_wconf 92' lang='lat' dir='ltr'><strong>usus</strong></span> <span class='ocrx_word' id='word_1_472' title='bbox 2367 1999 2553 2053; x_wconf 88' lang='lat' dir='ltr'><strong>fuerat</strong></span> <span class='ocrx_word' id='word_1_473' title='bbox 2581 1997 2766 2068; x_wconf 81' lang='lat' dir='ltr'><strong>facile,</strong></span> <span class='ocrx_word' id='word_1_474' title='bbox 2802 1997 2908 2053; x_wconf 92' lang='lat' dir='ltr'><strong>nisi</strong></span> <span class='ocrx_word' id='word_1_475' title='bbox 2941 2001 3102 2054; x_wconf 89' lang='lat' dir='ltr'><strong>certa</strong></span> <span class='ocrx_word' id='word_1_476' title='bbox 3147 2013 3218 2054; x_wconf 85' lang='lat' dir='ltr'><strong>ex</strong></span> <span class='ocrx_word' id='word_1_477' title='bbox 3249 2017 3444 2073; x_wconf 89' lang='lat' dir='ltr'><strong>causa,</strong></span> <span class='ocrx_word' id='word_1_478' title='bbox 3481 2003 3589 2059; x_wconf 88' lang='lat' dir='ltr'><strong>fre-</strong></span> 
     </span>
    </p>
   </div>
   <div class='ocr_carea' id='block_1_69' title="bbox 1947 2085 3588 2160">
    <p class='ocr_par' dir='ltr' id='par_1_69' title="bbox 1947 2085 3588 2160">
     <span class='ocr_line' id='line_1_69' title="bbox 1947 2085 3588 2160; baseline 0.001 -15"><span class='ocrx_word' id='word_1_479' title='bbox 1947 2087 2244 2160; x_wconf 90' lang='lat' dir='ltr'><strong>quentiam</strong></span> <span class='ocrx_word' id='word_1_480' title='bbox 2278 2085 2585 2143; x_wconf 89' lang='lat' dir='ltr'><strong>mulierum</strong></span> <span class='ocrx_word' id='word_1_481' title='bbox 2609 2085 2938 2140; x_wconf 88' lang='lat' dir='ltr'><strong>admittere.</strong></span> <span class='ocrx_word' id='word_1_482' title='bbox 2975 2087 3173 2156; x_wconf 87' lang='lat' dir='ltr'><strong>Itaque</strong></span> <span class='ocrx_word' id='word_1_483' title='bbox 3197 2089 3308 2145; x_wconf 90' lang='lat' dir='ltr'><strong>rite</strong></span> <span class='ocrx_word' id='word_1_484' title='bbox 3334 2091 3588 2160; x_wconf 86' lang='lat' dir='ltr'><strong>peractis</strong></span> 
     </span>
    </p>
   </div>
   <div class='ocr_carea' id='block_1_70' title="bbox 1947 2173 3592 2247">
    <p class='ocr_par' dir='ltr' id='par_1_70' title="bbox 1947 2173 3592 2247">
     <span class='ocr_line' id='line_1_70' title="bbox 1947 2173 3592 2247; baseline 0.002 -15"><span class='ocrx_word' id='word_1_485' title='bbox 1947 2177 2256 2234; x_wconf 87' lang='lat' dir='ltr'><strong>missarum</strong></span> <span class='ocrx_word' id='word_1_486' title='bbox 2290 2173 2606 2244; x_wconf 91' lang='lat' dir='ltr'><strong>solemniis,</strong></span> <span class='ocrx_word' id='word_1_487' title='bbox 2634 2178 2694 2230; x_wconf 91' lang='lat' dir='ltr'><strong>ut</strong></span> <span class='ocrx_word' id='word_1_488' title='bbox 2728 2173 2926 2230; x_wconf 92' lang='lat' dir='ltr'><strong>docuit</strong></span> <span class='ocrx_word' id='word_1_489' title='bbox 2955 2174 3122 2246; x_wconf 89' lang='lat' dir='ltr'><strong>visio,</strong></span> <span class='ocrx_word' id='word_1_490' title='bbox 3157 2176 3364 2247; x_wconf 90' lang='lat' dir='ltr'><strong>abluit,</strong></span> <span class='ocrx_word' id='word_1_491' title='bbox 3399 2185 3592 2236; x_wconf 87' lang='lat' dir='ltr'><strong>exter-</strong></span> 
     </span>
    </p>
   </div>
   <div class='ocr_carea' id='block_1_71' title="bbox 1947 2261 3588 2340">
    <p class='ocr_par' dir='ltr' id='par_1_71' title="bbox 1947 2261 3588 2340">
     <span class='ocr_line' id='line_1_71' title="bbox 1947 2261 3588 2340; baseline 0.002 -20"><span class='ocrx_word' id='word_1_492' title='bbox 1947 2265 2044 2328; x_wconf 84' lang='lat' dir='ltr'><strong>sit.</strong></span> <span class='ocrx_word' id='word_1_493' title='bbox 2080 2278 2210 2318; x_wconf 88' lang='lat' dir='ltr'><strong>mox</strong></span> <span class='ocrx_word' id='word_1_494' title='bbox 2253 2261 2410 2318; x_wconf 88' lang='lat' dir='ltr'><strong>clare</strong></span> <span class='ocrx_word' id='word_1_495' title='bbox 2437 2261 2642 2317; x_wconf 86' lang='lat' dir='ltr'><strong>videns</strong></span> <span class='ocrx_word' id='word_1_496' title='bbox 2692 2261 2990 2316; x_wconf 89' lang='lat' dir='ltr'><strong>remeavit.</strong></span> <span class='ocrx_word' id='word_1_497' title='bbox 3025 2263 3178 2317; x_wconf 91' lang='lat' dir='ltr'><strong>Tunc</strong></span> <span class='ocrx_word' id='word_1_498' title='bbox 3211 2263 3297 2318; x_wconf 88' lang='lat' dir='ltr'><strong>vir</strong></span> <span class='ocrx_word' id='word_1_499' title='bbox 3327 2271 3588 2340; x_wconf 91' lang='lat' dir='ltr'><strong>sanctus,</strong></span> 
     </span>
    </p>
   </div>
   <div class='ocr_carea' id='block_1_72' title="bbox 1949 2349 3588 2428">
    <p class='ocr_par' dir='ltr' id='par_1_72' title="bbox 1949 2349 3588 2428">
     <span class='ocr_line' id='line_1_72' title="bbox 1949 2349 3588 2428; baseline 0.002 -20"><span class='ocrx_word' id='word_1_500' title='bbox 1949 2352 2153 2408; x_wconf 87' lang='lat' dir='ltr'><strong>nolens</strong></span> <span class='ocrx_word' id='word_1_501' title='bbox 2183 2351 2403 2407; x_wconf 89' lang='lat' dir='ltr'><strong>virtute</strong></span> <span class='ocrx_word' id='word_1_502' title='bbox 2429 2349 2562 2406; x_wconf 90' lang='lat' dir='ltr'><strong>facti</strong></span> <span class='ocrx_word' id='word_1_503' title='bbox 2587 2349 3034 2420; x_wconf 87' lang='lat' dir='ltr'><strong>hnjusbumanis</strong></span> <span class='ocrx_word' id='word_1_504' title='bbox 3079 2351 3376 2409; x_wconf 87' lang='lat' dir='ltr'><strong>favoribus</strong></span> <span class='ocrx_word' id='word_1_505' title='bbox 3401 2357 3588 2428; x_wconf 89' lang='lat' dir='ltr'><strong>attoli,</strong></span> 
     </span>
    </p>
   </div>
   <div class='ocr_carea' id='block_1_73' title="bbox 1951 2437 3595 2515">
    <p class='ocr_par' dir='ltr' id='par_1_73' title="bbox 1951 2437 3595 2515">
     <span class='ocr_line' id='line_1_73' title="bbox 1951 2437 3595 2515; baseline 0.003 -19"><span class='ocrx_word' id='word_1_506' title='bbox 1951 2455 2168 2496; x_wconf 91' lang='lat' dir='ltr'><strong>memor</strong></span> <span class='ocrx_word' id='word_1_507' title='bbox 2197 2439 2510 2496; x_wconf 75' lang='lat' dir='ltr'><strong>Dominicae</strong></span> <span class='ocrx_word' id='word_1_508' title='bbox 2540 2437 2969 2510; x_wconf 85' lang='lat' dir='ltr'><strong>praeceptionis,</strong></span> <span class='ocrx_word' id='word_1_509' title='bbox 2999 2439 3258 2508; x_wconf 89' lang='lat' dir='ltr'><strong>jubentis</strong></span> <span class='ocrx_word' id='word_1_510' title='bbox 3289 2441 3595 2515; x_wconf 89' lang='lat' dir='ltr'><strong>discipulis</strong></span> 
     </span>
    </p>
   </div>
   <div class='ocr_carea' id='block_1_74' title="bbox 1901 2525 3590 2604">
    <p class='ocr_par' dir='ltr' id='par_1_74' title="bbox 1901 2525 3590 2604">
     <span class='ocr_line' id='line_1_74' title="bbox 1901 2525 3590 2604; baseline 0.001 -20"><span class='ocrx_word' id='word_1_511' title='bbox 1901 2563 1907 2569; x_wconf 84' lang='lat'><strong><em>-</em></strong></span> <span class='ocrx_word' id='word_1_512' title='bbox 1951 2543 2024 2584; x_wconf 90' lang='lat' dir='ltr'><strong>ne</strong></span> <span class='ocrx_word' id='word_1_513' title='bbox 2049 2527 2430 2598; x_wconf 90' lang='lat' dir='ltr'><strong>quoadusque</strong></span> <span class='ocrx_word' id='word_1_514' title='bbox 2454 2532 2680 2597; x_wconf 90' lang='lat' dir='ltr'><strong>tempus</strong></span> <span class='ocrx_word' id='word_1_515' title='bbox 2703 2525 3098 2596; x_wconf 84' lang='lat' dir='ltr'><strong>compleretur</strong></span> <span class='ocrx_word' id='word_1_516' title='bbox 3121 2531 3590 2604; x_wconf 86' lang='lat' dir='ltr'><strong>resurrectionis,</strong></span> 
     </span>
    </p>
   </div>
   <div class='ocr_carea' id='block_1_75' title="bbox 1951 2613 3594 2685">
    <p class='ocr_par' dir='ltr' id='par_1_75' title="bbox 1951 2613 3594 2685">
     <span class='ocr_line' id='line_1_75' title="bbox 1951 2613 3594 2685; baseline 0.002 -13"><span class='ocrx_word' id='word_1_517' title='bbox 1951 2616 2211 2672; x_wconf 90' lang='lat' dir='ltr'><strong>ordinem</strong></span> <span class='ocrx_word' id='word_1_518' title='bbox 2227 2615 2470 2671; x_wconf 85' lang='lat' dir='ltr'><strong>cuilibet</strong></span> <span class='ocrx_word' id='word_1_519' title='bbox 2494 2613 3093 2685; x_wconf 87' lang='lat' dir='ltr'><strong>panderentvisionis,</strong></span> <span class='ocrx_word' id='word_1_520' title='bbox 3116 2615 3418 2673; x_wconf 87' lang='lat' dir='ltr'><strong>interdixit</strong></span> <span class='ocrx_word' id='word_1_521' title='bbox 3445 2635 3594 2676; x_wconf 89' lang='lat' dir='ltr'><strong>sum-</strong></span> 
     </span>
    </p>
   </div>
   <div class='ocr_carea' id='block_1_76' title="bbox 1951 2702 3598 2776">
    <p class='ocr_par' dir='ltr' id='par_1_76' title="bbox 1951 2702 3598 2776">
     <span class='ocr_line' id='line_1_76' title="bbox 1951 2702 3598 2776; baseline 0.001 -14"><span class='ocrx_word' id='word_1_522' title='bbox 1951 2719 2188 2776; x_wconf 89' lang='lat' dir='ltr'><strong>mopere</strong></span> <span class='ocrx_word' id='word_1_523' title='bbox 2218 2704 2388 2760; x_wconf 90' lang='lat' dir='ltr'><strong>nobis</strong></span> <span class='ocrx_word' id='word_1_524' title='bbox 2421 2703 2499 2773; x_wconf 91' lang='lat' dir='ltr'><strong>id,</strong></span> <span class='ocrx_word' id='word_1_525' title='bbox 2560 2702 2658 2758; x_wconf 93' lang='lat' dir='ltr'><strong>illo</strong></span> <span class='ocrx_word' id='word_1_526' title='bbox 2692 2703 2748 2758; x_wconf 91' lang='lat' dir='ltr'><strong>in</strong></span> <span class='ocrx_word' id='word_1_527' title='bbox 2777 2703 2895 2760; x_wconf 90' lang='lat' dir='ltr'><strong>vita</strong></span> <span class='ocrx_word' id='word_1_528' title='bbox 2929 2705 3269 2776; x_wconf 85' lang='lat' dir='ltr'><strong>superstite,</strong></span> <span class='ocrx_word' id='word_1_529' title='bbox 3321 2708 3480 2765; x_wconf 90' lang='lat' dir='ltr'><strong>nulla</strong></span> <span class='ocrx_word' id='word_1_530' title='bbox 3510 2723 3598 2764; x_wconf 88' lang='lat' dir='ltr'><strong>ra-</strong></span> 
     </span>
    </p>
   </div>
   <div class='ocr_carea' id='block_1_77' title="bbox 1952 2791 3309 2864">
    <p class='ocr_par' dir='ltr' id='par_1_77' title="bbox 1952 2791 3309 2864">
     <span class='ocr_line' id='line_1_77' title="bbox 1952 2791 3309 2864; baseline 0.001 -16"><span class='ocrx_word' id='word_1_531' title='bbox 1952 2793 2112 2850; x_wconf 91' lang='lat' dir='ltr'><strong>tione</strong></span> <span class='ocrx_word' id='word_1_532' title='bbox 2140 2793 2408 2864; x_wconf 89' lang='lat' dir='ltr'><strong>prodere,</strong></span> <span class='ocrx_word' id='word_1_533' title='bbox 2443 2791 2600 2859; x_wconf 87' lang='lat' dir='ltr'><strong>nulla</strong></span> <span class='ocrx_word' id='word_1_534' title='bbox 2633 2791 2983 2848; x_wconf 88' lang='lat' dir='ltr'><strong>necessitate</strong></span> <span class='ocrx_word' id='word_1_535' title='bbox 3016 2792 3309 2862; x_wconf 89' lang='lat' dir='ltr'><strong>detegere.</strong></span> 
     </span>
    </p>
   </div>
   <div class='ocr_carea' id='block_1_78' title="bbox 2024 2879 3597 2950">
    <p class='ocr_par' dir='ltr' id='par_1_78' title="bbox 2024 2879 3597 2950">
     <span class='ocr_line' id='line_1_78' title="bbox 2024 2879 3597 2950; baseline 0.003 -14"><span class='ocrx_word' id='word_1_536' title='bbox 2024 2885 2110 2938; x_wconf 76' lang='grc'><strong>29.</strong></span> <span class='ocrx_word' id='word_1_537' title='bbox 2148 2881 2246 2936; x_wconf 91' lang='lat' dir='ltr'><strong>Vir</strong></span> <span class='ocrx_word' id='word_1_538' title='bbox 2295 2880 2491 2950; x_wconf 87' lang='lat' dir='ltr'><strong>itaque</strong></span> <span class='ocrx_word' id='word_1_539' title='bbox 2540 2879 2762 2934; x_wconf 92' lang='lat' dir='ltr'><strong>Domini</strong></span> <span class='ocrx_word' id='word_1_540' title='bbox 2796 2879 2867 2935; x_wconf 90' lang='lat' dir='ltr'><strong>de</strong></span> <span class='ocrx_word' id='word_1_541' title='bbox 2897 2880 2990 2936; x_wconf 90' lang='lat' dir='ltr'><strong>die</strong></span> <span class='ocrx_word' id='word_1_542' title='bbox 3020 2880 3074 2935; x_wconf 89' lang='lat' dir='ltr'><strong>in</strong></span> <span class='ocrx_word' id='word_1_543' title='bbox 3130 2881 3280 2937; x_wconf 89' lang='lat' dir='ltr'><strong>diem</strong></span> <span class='ocrx_word' id='word_1_544' title='bbox 3313 2883 3597 2942; x_wconf 87' lang='lat' dir='ltr'><strong>virtutum</strong></span> 
     </span>
    </p>
   </div>
   <div class='ocr_carea' id='block_1_79' title="bbox 1954 2967 3601 3044">
    <p class='ocr_par' dir='ltr' id='par_1_79' title="bbox 1954 2967 3601 3044">
     <span class='ocr_line' id='line_1_79' title="bbox 1954 2967 3601 3044; baseline 0.002 -20"><span class='ocrx_word' id='word_1_545' title='bbox 1954 2969 2285 3025; x_wconf 87' lang='lat' dir='ltr'><strong>exuberans</strong></span> <span class='ocrx_word' id='word_1_546' title='bbox 2301 2967 2979 3039; x_wconf 86' lang='lat' dir='ltr'><strong>copia,indcsinenterad</strong></span> <span class='ocrx_word' id='word_1_547' title='bbox 2995 2969 3130 3024; x_wconf 78' lang='lat' dir='ltr'><strong>vitae</strong></span> <span class='ocrx_word' id='word_1_548' title='bbox 3143 2970 3400 3026; x_wconf 80' lang='lat' dir='ltr'><strong>caelestis</strong></span> <span class='ocrx_word' id='word_1_549' title='bbox 3413 2974 3601 3044; x_wconf 88' lang='lat' dir='ltr'><strong>suspi-</strong></span> 
     </span>
    </p>
   </div>
   <div class='ocr_carea' id='block_1_80' title="bbox 1958 3049 3602 3128">
    <p class='ocr_par' dir='ltr' id='par_1_80' title="bbox 1958 3049 3602 3128">
     <span class='ocr_line' id='line_1_80' title="bbox 1958 3049 3602 3128; baseline 0.002 -16"><span class='ocrx_word' id='word_1_550' title='bbox 1958 3049 2386 3128; x_wconf 45' lang='lat' dir='ltr'><strong>rabatjgaudi&#39;a,</strong></span> <span class='ocrx_word' id='word_1_551' title='bbox 2435 3071 2562 3126; x_wconf 69' lang='lat' dir='ltr'><strong>quae</strong></span> <span class='ocrx_word' id='word_1_552' title='bbox 2588 3055 2704 3124; x_wconf 90' lang='lat' dir='ltr'><strong>jam</strong></span> <span class='ocrx_word' id='word_1_553' title='bbox 2767 3057 3158 3126; x_wconf 88' lang='lat' dir='ltr'><strong>promeruisse</strong></span> <span class='ocrx_word' id='word_1_554' title='bbox 3213 3059 3425 3128; x_wconf 90' lang='lat' dir='ltr'><strong>gaudet</strong></span> <span class='ocrx_word' id='word_1_555' title='bbox 3462 3061 3602 3116; x_wconf 88' lang='lat' dir='ltr'><strong>felix</strong></span> 
     </span>
    </p>
   </div>
   <div class='ocr_carea' id='block_1_81' title="bbox 1957 3143 3600 3221">
    <p class='ocr_par' dir='ltr' id='par_1_81' title="bbox 1957 3143 3600 3221">
     <span class='ocr_line' id='line_1_81' title="bbox 1957 3143 3600 3221; baseline 0.002 -19"><span class='ocrx_word' id='word_1_556' title='bbox 1957 3151 2082 3221; x_wconf 88' lang='lat' dir='ltr'><strong>ejus</strong></span> <span class='ocrx_word' id='word_1_557' title='bbox 2103 3145 2349 3218; x_wconf 80' lang='lat' dir='ltr'><strong>spiritus</strong></span> <span class='ocrx_word' id='word_1_558' title='bbox 2379 3145 2434 3199; x_wconf 90' lang='lat' dir='ltr'><strong>in</strong></span> <span class='ocrx_word' id='word_1_559' title='bbox 2455 3143 2676 3200; x_wconf 91' lang='lat' dir='ltr'><strong>Domini</strong></span> <span class='ocrx_word' id='word_1_560' title='bbox 2701 3143 2790 3199; x_wconf 91' lang='lat' dir='ltr'><strong>sui</strong></span> <span class='ocrx_word' id='word_1_561' title='bbox 2817 3144 3147 3214; x_wconf 69' lang='lat' dir='ltr'><strong>praesentia.</strong></span> <span class='ocrx_word' id='word_1_562' title='bbox 3175 3147 3313 3202; x_wconf 86' lang='lat' dir='ltr'><strong>Nam</strong></span> <span class='ocrx_word' id='word_1_563' title='bbox 3345 3148 3600 3218; x_wconf 89' lang='lat' dir='ltr'><strong>quandiu</strong></span> 
     </span>
    </p>
   </div>
   <div class='ocr_carea' id='block_1_82' title="bbox 1961 3232 3605 3307">
    <p class='ocr_par' dir='ltr' id='par_1_82' title="bbox 1961 3232 3605 3307">
     <span class='ocr_line' id='line_1_82' title="bbox 1961 3232 3605 3307; baseline -0.001 -13"><span class='ocrx_word' id='word_1_564' title='bbox 1961 3239 2278 3307; x_wconf 90' lang='lat' dir='ltr'><strong>incorpore</strong></span> <span class='ocrx_word' id='word_1_565' title='bbox 2293 3233 2457 3302; x_wconf 90' lang='lat' dir='ltr'><strong>vixit,</strong></span> <span class='ocrx_word' id='word_1_566' title='bbox 2496 3232 2770 3288; x_wconf 88' lang='lat' dir='ltr'><strong>mundum</strong></span> <span class='ocrx_word' id='word_1_567' title='bbox 2785 3248 3050 3304; x_wconf 86' lang='lat' dir='ltr'><strong>corpore,</strong></span> <span class='ocrx_word' id='word_1_568' title='bbox 3077 3248 3187 3290; x_wconf 89' lang='lat' dir='ltr'><strong>non</strong></span> <span class='ocrx_word' id='word_1_569' title='bbox 3203 3240 3414 3306; x_wconf 88' lang='lat' dir='ltr'><strong>mente,</strong></span> <span class='ocrx_word' id='word_1_570' title='bbox 3447 3236 3605 3292; x_wconf 89' lang='lat' dir='ltr'><strong>inha-</strong></span> 
     </span>
    </p>
   </div>
   <div class='ocr_carea' id='block_1_83' title="bbox 1962 3320 3601 3396">
    <p class='ocr_par' dir='ltr' id='par_1_83' title="bbox 1962 3320 3601 3396">
     <span class='ocr_line' id='line_1_83' title="bbox 1962 3320 3601 3396; baseline -0.001 -15"><span class='ocrx_word' id='word_1_571' title='bbox 1962 3325 2202 3382; x_wconf 87' lang='lat' dir='ltr'><strong>bitavit:</strong></span> <span class='ocrx_word' id='word_1_572' title='bbox 2237 3322 2314 3378; x_wconf 88' lang='lat' dir='ltr'><strong>ibi</strong></span> <span class='ocrx_word' id='word_1_573' title='bbox 2339 3320 2522 3390; x_wconf 89' lang='lat' dir='ltr'><strong>magis</strong></span> <span class='ocrx_word' id='word_1_574' title='bbox 2553 3320 2767 3376; x_wconf 89' lang='lat' dir='ltr'><strong>habere</strong></span> <span class='ocrx_word' id='word_1_575' title='bbox 2793 3321 2965 3375; x_wconf 85' lang='lat' dir='ltr'><strong>fixum</strong></span> <span class='ocrx_word' id='word_1_576' title='bbox 3015 3326 3298 3392; x_wconf 89' lang='lat' dir='ltr'><strong>appetens</strong></span> <span class='ocrx_word' id='word_1_577' title='bbox 3329 3325 3601 3396; x_wconf 90' lang='lat' dir='ltr'><strong>animum,</strong></span> 
     </span>
    </p>
   </div>
   <div class='ocr_carea' id='block_1_84' title="bbox 1963 3409 3607 3482">
    <p class='ocr_par' dir='ltr' id='par_1_84' title="bbox 1963 3409 3607 3482">
     <span class='ocr_line' id='line_1_84' title="bbox 1963 3409 3607 3482; baseline 0 -13"><span class='ocrx_word' id='word_1_578' title='bbox 1963 3412 2060 3470; x_wconf 90' lang='lat' dir='ltr'><strong>ubi</strong></span> <span class='ocrx_word' id='word_1_579' title='bbox 2085 3411 2357 3482; x_wconf 89' lang='lat' dir='ltr'><strong>gaudium</strong></span> <span class='ocrx_word' id='word_1_580' title='bbox 2401 3415 2644 3465; x_wconf 90' lang='lat' dir='ltr'><strong>noverat</strong></span> <span class='ocrx_word' id='word_1_581' title='bbox 2673 3409 2797 3464; x_wconf 89' lang='lat' dir='ltr'><strong>sine</strong></span> <span class='ocrx_word' id='word_1_582' title='bbox 2828 3411 2937 3464; x_wconf 84' lang='lat' dir='ltr'><strong>fine</strong></span> <span class='ocrx_word' id='word_1_583' title='bbox 2969 3424 3321 3466; x_wconf 90' lang='lat' dir='ltr'><strong>mansurum.</strong></span> <span class='ocrx_word' id='word_1_584' title='bbox 3357 3413 3518 3468; x_wconf 91' lang='lat' dir='ltr'><strong>Unde</strong></span> <span class='ocrx_word' id='word_1_585' title='bbox 3547 3418 3607 3470; x_wconf 91' lang='lat' dir='ltr'><strong>et</strong></span> 
     </span>
    </p>
   </div>
   <div class='ocr_carea' id='block_1_85' title="bbox 1962 3497 3608 3568">
    <p class='ocr_par' dir='ltr' id='par_1_85' title="bbox 1962 3497 3608 3568">
     <span class='ocr_line' id='line_1_85' title="bbox 1962 3497 3608 3568; baseline -0.001 -10"><span class='ocrx_word' id='word_1_586' title='bbox 1962 3500 2174 3558; x_wconf 90' lang='lat' dir='ltr'><strong>merito</strong></span> <span class='ocrx_word' id='word_1_587' title='bbox 2197 3498 2393 3554; x_wconf 89' lang='lat' dir='ltr'><strong>dicere</strong></span> <span class='ocrx_word' id='word_1_588' title='bbox 2408 3497 2637 3553; x_wconf 90' lang='lat' dir='ltr'><strong>valebat</strong></span> <span class='ocrx_word' id='word_1_589' title='bbox 2658 3512 2787 3553; x_wconf 92' lang='lat' dir='ltr'><strong>cum</strong></span> <span class='ocrx_word' id='word_1_590' title='bbox 2810 3497 3120 3568; x_wconf 91' lang='lat' dir='ltr'><strong>Apostolo:</strong></span> <span class='ocrx_word' id='word_1_591' title='bbox 3143 3499 3367 3557; x_wconf 76' lang='lat' dir='ltr'><strong>Nostra</strong></span> <span class='ocrx_word' id='word_1_592' title='bbox 3378 3515 3608 3558; x_wconf 72' lang='lat' dir='ltr'><strong>conver-</strong></span> 
     </span>
    </p>
   </div>
   <div class='ocr_carea' id='block_1_86' title="bbox 1959 3585 3610 3658">
    <p class='ocr_par' dir='ltr' id='par_1_86' title="bbox 1959 3585 3610 3658">
     <span class='ocr_line' id='line_1_86' title="bbox 1959 3585 3610 3658; baseline -0.002 -10"><span class='ocrx_word' id='word_1_593' title='bbox 1959 3589 2197 3648; x_wconf 71' lang='lat' dir='ltr'><strong>satioia</strong></span> <span class='ocrx_word' id='word_1_594' title='bbox 2213 3585 2374 3644; x_wconf 65' lang='lat' dir='ltr'><strong>caelis</strong></span> <span class='ocrx_word' id='word_1_595' title='bbox 2391 3585 2682 3656; x_wconf 75' lang='lat' dir='ltr'><strong>est(Pltil.</strong></span> <span class='ocrx_word' id='word_1_596' title='bbox 2720 3601 2800 3656; x_wconf 81' lang='grc' dir='ltr'><strong>ιιι,</strong></span> <span class='ocrx_word' id='word_1_597' title='bbox 2835 3589 2944 3658; x_wconf 75' lang='lat'><strong>20).</strong></span> <span class='ocrx_word' id='word_1_598' title='bbox 2991 3585 3252 3643; x_wconf 91' lang='lat' dir='ltr'><strong>Etillud:</strong></span> <span class='ocrx_word' id='word_1_599' title='bbox 3281 3589 3610 3646; x_wconf 75' lang='lat' dir='ltr'><strong>Nealzabe-</strong></span> 
     </span>
    </p>
   </div>
   <div class='ocr_carea' id='block_1_87' title="bbox 1959 3673 3612 3747">
    <p class='ocr_par' dir='ltr' id='par_1_87' title="bbox 1959 3673 3612 3747">
     <span class='ocr_line' id='line_1_87' title="bbox 1959 3673 3612 3747; baseline -0.001 -11"><span class='ocrx_word' id='word_1_600' title='bbox 1959 3691 2093 3736; x_wconf 71' lang='lat' dir='ltr'><strong>mus</strong></span> <span class='ocrx_word' id='word_1_601' title='bbox 2107 3674 2546 3734; x_wconf 75' lang='lat' dir='ltr'><strong>hiemaaentem</strong></span> <span class='ocrx_word' id='word_1_602' title='bbox 2571 3673 2892 3739; x_wconf 75' lang='lat' dir='ltr'><strong>civitatem,</strong></span> <span class='ocrx_word' id='word_1_603' title='bbox 2924 3673 3030 3730; x_wconf 80' lang='lat' dir='ltr'><strong>sed</strong></span> <span class='ocrx_word' id='word_1_604' title='bbox 3045 3674 3612 3747; x_wconf 75' lang='lat' dir='ltr'><strong>faturamiaquiri-</strong></span> 
     </span>
    </p>
   </div>
   <div class='ocr_carea' id='block_1_88' title="bbox 1961 3761 3610 3836">
    <p class='ocr_par' dir='ltr' id='par_1_88' title="bbox 1961 3761 3610 3836">
     <span class='ocr_line' id='line_1_88' title="bbox 1961 3761 3610 3836; baseline -0.003 -11"><span class='ocrx_word' id='word_1_605' title='bbox 1961 3763 2300 3836; x_wconf 78' lang='lat' dir='ltr'><strong>mus(Hebr.</strong></span> <span class='ocrx_word' id='word_1_606' title='bbox 2326 3778 2446 3832; x_wconf 88' lang='lat' dir='ltr'><strong>xm,</strong></span> <span class='ocrx_word' id='word_1_607' title='bbox 2478 3761 2580 3829; x_wconf 74' lang='grc'>14).</span> <span class='ocrx_word' id='word_1_608' title='bbox 2609 3761 2874 3819; x_wconf 81' lang='lat' dir='ltr'><strong>Caelestis</strong></span> <span class='ocrx_word' id='word_1_609' title='bbox 2893 3777 3034 3833; x_wconf 87' lang='lat' dir='ltr'><strong>ergo</strong></span> <span class='ocrx_word' id='word_1_610' title='bbox 3058 3764 3610 3834; x_wconf 67' lang='lat' dir='ltr'><strong>patrimincessabili</strong></span> 
     </span>
    </p>
   </div>
   <div class='ocr_carea' id='block_1_89' title="bbox 1966 3850 3614 3924">
    <p class='ocr_par' dir='ltr' id='par_1_89' title="bbox 1966 3850 3614 3924">
     <span class='ocr_line' id='line_1_89' title="bbox 1966 3850 3614 3924; baseline -0.001 -14"><span class='ocrx_word' id='word_1_611' title='bbox 1966 3852 2233 3924; x_wconf 85' lang='lat' dir='ltr'><strong>ﬂagranti</strong></span> <span class='ocrx_word' id='word_1_612' title='bbox 2260 3865 2474 3922; x_wconf 90' lang='lat' dir='ltr'><strong>amore,</strong></span> <span class='ocrx_word' id='word_1_613' title='bbox 2499 3851 2650 3906; x_wconf 88' lang='lat' dir='ltr'><strong>inter</strong></span> <span class='ocrx_word' id='word_1_614' title='bbox 2668 3850 2779 3907; x_wconf 87' lang='lat' dir='ltr'><strong>alia</strong></span> <span class='ocrx_word' id='word_1_615' title='bbox 2805 3856 2979 3921; x_wconf 86' lang='lat' dir='ltr'><strong>atque</strong></span> <span class='ocrx_word' id='word_1_616' title='bbox 3003 3851 3114 3907; x_wconf 92' lang='lat' dir='ltr'><strong>alia</strong></span> <span class='ocrx_word' id='word_1_617' title='bbox 3140 3853 3424 3908; x_wconf 90' lang='lat' dir='ltr'><strong>virtutum</strong></span> <span class='ocrx_word' id='word_1_618' title='bbox 3448 3869 3614 3910; x_wconf 87' lang='lat' dir='ltr'><strong>exer-</strong></span> 
     </span>
    </p>
   </div>
   <div class='ocr_carea' id='block_1_90' title="bbox 1966 3939 3615 4012">
    <p class='ocr_par' dir='ltr' id='par_1_90' title="bbox 1966 3939 3615 4012">
     <span class='ocr_line' id='line_1_90' title="bbox 1966 3939 3615 4012; baseline -0.001 -15"><span class='ocrx_word' id='word_1_619' title='bbox 1966 3941 2124 4010; x_wconf 88' lang='lat' dir='ltr'><strong>citia,</strong></span> <span class='ocrx_word' id='word_1_620' title='bbox 2161 3943 2322 3995; x_wconf 90' lang='lat' dir='ltr'><strong>tanta</strong></span> <span class='ocrx_word' id='word_1_621' title='bbox 2371 3939 2424 3994; x_wconf 91' lang='lat' dir='ltr'><strong>ei</strong></span> <span class='ocrx_word' id='word_1_622' title='bbox 2457 3943 2580 3994; x_wconf 90' lang='lat' dir='ltr'><strong>erat</strong></span> <span class='ocrx_word' id='word_1_623' title='bbox 2638 3939 2922 3994; x_wconf 89' lang='lat' dir='ltr'><strong>orationis</strong></span> <span class='ocrx_word' id='word_1_624' title='bbox 2979 3939 3276 4010; x_wconf 86' lang='lat' dir='ltr'><strong>instantia,</strong></span> <span class='ocrx_word' id='word_1_625' title='bbox 3346 3947 3615 4012; x_wconf 87' lang='lat' dir='ltr'><strong>utquan-</strong></span> 
     </span>
    </p>
   </div>
   <div class='ocr_carea' id='block_1_91' title="bbox 1971 4026 3612 4100">
    <p class='ocr_par' dir='ltr' id='par_1_91' title="bbox 1971 4026 3612 4100">
     <span class='ocr_line' id='line_1_91' title="bbox 1971 4026 3612 4100; baseline -0.001 -15"><span class='ocrx_word' id='word_1_626' title='bbox 1971 4043 2138 4100; x_wconf 89' lang='lat' dir='ltr'><strong>quam</strong></span> <span class='ocrx_word' id='word_1_627' title='bbox 2198 4026 2468 4084; x_wconf 87' lang='lat' dir='ltr'><strong>onmibus</strong></span> <span class='ocrx_word' id='word_1_628' title='bbox 2527 4026 2766 4082; x_wconf 89' lang='lat' dir='ltr'><strong>ﬂoreret</strong></span> <span class='ocrx_word' id='word_1_629' title='bbox 2821 4026 3159 4097; x_wconf 89' lang='lat' dir='ltr'><strong>virtutibus,</strong></span> <span class='ocrx_word' id='word_1_630' title='bbox 3217 4028 3362 4084; x_wconf 89' lang='lat' dir='ltr'><strong>hanc</strong></span> <span class='ocrx_word' id='word_1_631' title='bbox 3421 4033 3612 4084; x_wconf 87' lang='lat' dir='ltr'><strong>tamen</strong></span> 
     </span>
    </p>
   </div>
   <div class='ocr_carea' id='block_1_92' title="bbox 1973 4113 3616 4190">
    <p class='ocr_par' dir='ltr' id='par_1_92' title="bbox 1973 4113 3616 4190">
     <span class='ocr_line' id='line_1_92' title="bbox 1973 4113 3616 4190; baseline -0.001 -17"><span class='ocrx_word' id='word_1_632' title='bbox 1973 4116 2268 4190; x_wconf 89' lang='lat' dir='ltr'><strong>possidere</strong></span> <span class='ocrx_word' id='word_1_633' title='bbox 2300 4113 2603 4169; x_wconf 90' lang='lat' dir='ltr'><strong>videretur</strong></span> <span class='ocrx_word' id='word_1_634' title='bbox 2625 4113 3022 4184; x_wconf 88' lang='lat' dir='ltr'><strong>principalius.</strong></span> <span class='ocrx_word' id='word_1_635' title='bbox 3055 4116 3138 4169; x_wconf 89' lang='lat' dir='ltr'><strong>Ex</strong></span> <span class='ocrx_word' id='word_1_636' title='bbox 3159 4116 3326 4185; x_wconf 87' lang='lat' dir='ltr'><strong>cujus</strong></span> <span class='ocrx_word' id='word_1_637' title='bbox 3370 4117 3616 4172; x_wconf 85' lang='lat' dir='ltr'><strong>assidui-</strong></span> 
     </span>
    </p>
   </div>
   <div class='ocr_carea' id='block_1_93' title="bbox 1971 4199 3614 4277">
    <p class='ocr_par' dir='ltr' id='par_1_93' title="bbox 1971 4199 3614 4277">
     <span class='ocr_line' id='line_1_93' title="bbox 1971 4199 3614 4277; baseline 0 -16"><span class='ocrx_word' id='word_1_638' title='bbox 1971 4209 2094 4262; x_wconf 89' lang='lat' dir='ltr'><strong>tate</strong></span> <span class='ocrx_word' id='word_1_639' title='bbox 2118 4205 2239 4260; x_wconf 69' lang='lat' dir='ltr'><strong>hzec</strong></span> <span class='ocrx_word' id='word_1_640' title='bbox 2263 4201 2436 4258; x_wconf 92' lang='lat' dir='ltr'><strong>etiam</strong></span> <span class='ocrx_word' id='word_1_641' title='bbox 2461 4201 2511 4257; x_wconf 91' lang='lat' dir='ltr'><strong>ei</strong></span> <span class='ocrx_word' id='word_1_642' title='bbox 2539 4199 2776 4257; x_wconf 88' lang='lat' dir='ltr'><strong>inolevit</strong></span> <span class='ocrx_word' id='word_1_643' title='bbox 2797 4201 3048 4272; x_wconf 89' lang='lat' dir='ltr'><strong>devotio,</strong></span> <span class='ocrx_word' id='word_1_644' title='bbox 3075 4209 3136 4258; x_wconf 89' lang='lat' dir='ltr'><strong>ut</strong></span> <span class='ocrx_word' id='word_1_645' title='bbox 3155 4203 3402 4272; x_wconf 88' lang='lat' dir='ltr'><strong>singulis</strong></span> <span class='ocrx_word' id='word_1_646' title='bbox 3426 4205 3614 4277; x_wconf 89' lang='lat' dir='ltr'><strong>annis,</strong></span> 
     </span>
    </p>
   </div>
   <div class='ocr_carea' id='block_1_94' title="bbox 1975 4289 3617 4363">
    <p class='ocr_par' dir='ltr' id='par_1_94' title="bbox 1975 4289 3617 4363">
     <span class='ocr_line' id='line_1_94' title="bbox 1975 4289 3617 4363; baseline -0.001 -13"><span class='ocrx_word' id='word_1_647' title='bbox 1975 4293 2110 4350; x_wconf 92' lang='lat' dir='ltr'><strong>dum</strong></span> <span class='ocrx_word' id='word_1_648' title='bbox 2144 4304 2304 4346; x_wconf 90' lang='lat' dir='ltr'><strong>more</strong></span> <span class='ocrx_word' id='word_1_649' title='bbox 2327 4294 2546 4346; x_wconf 77' lang='lat' dir='ltr'><strong>sanctze</strong></span> <span class='ocrx_word' id='word_1_650' title='bbox 2567 4295 2626 4346; x_wconf 87' lang='lat' dir='ltr'><strong>et</strong></span> <span class='ocrx_word' id='word_1_651' title='bbox 2674 4289 3022 4346; x_wconf 86' lang='lat' dir='ltr'><strong>universalis</strong></span> <span class='ocrx_word' id='word_1_652' title='bbox 3043 4291 3318 4348; x_wconf 63' lang='lat' dir='ltr'><strong>Ecclesia?</strong></span> <span class='ocrx_word' id='word_1_653' title='bbox 3335 4292 3617 4363; x_wconf 87' lang='lat' dir='ltr'><strong>jejunium</strong></span> 
     </span>
    </p>
   </div>
   <div class='ocr_carea' id='block_1_95' title="bbox 208 4363 3616 4458">
    <p class='ocr_par' dir='ltr' id='par_1_95' title="bbox 208 4363 3616 4458">
     <span class='ocr_line' id='line_1_95' title="bbox 208 4363 3616 4458; baseline -0.001 -16"><span class='ocrx_word' id='word_1_654' title='bbox 208 4363 461 4458; x_wconf 47' lang='lat' dir='ltr'><strong>parat—ur</strong></span> <span class='ocrx_word' id='word_1_655' title='bbox 513 4363 732 4454; x_wconf 77' lang='lat' dir='ltr'><strong>egenti,</strong></span> <span class='ocrx_word' id='word_1_656' title='bbox 767 4381 822 4437; x_wconf 91' lang='lat' dir='ltr'><strong>in</strong></span> <span class='ocrx_word' id='word_1_657' title='bbox 855 4381 1022 4452; x_wconf 88' lang='lat' dir='ltr'><strong>cujus</strong></span> <span class='ocrx_word' id='word_1_658' title='bbox 1048 4377 1272 4449; x_wconf 90' lang='lat' dir='ltr'><strong>singula</strong></span> <span class='ocrx_word' id='word_1_659' title='bbox 1303 4381 1666 4451; x_wconf 85' lang='lat' dir='ltr'><strong>peraguntur</strong></span> <span class='ocrx_word' id='word_1_660' title='bbox 1697 4379 1865 4435; x_wconf 89' lang='lat' dir='ltr'><strong>obse-</strong></span> <span class='ocrx_word' id='word_1_661' title='bbox 1888 4363 1948 4429; x_wconf 84' lang='lat' dir='ltr'><strong>D</strong></span> <span class='ocrx_word' id='word_1_662' title='bbox 1977 4382 2397 4440; x_wconf 89' lang='lat' dir='ltr'><strong>observaretur</strong></span> <span class='ocrx_word' id='word_1_663' title='bbox 2445 4378 2968 4453; x_wconf 87' lang='lat' dir='ltr'><strong>quadragesimale,</strong></span> <span class='ocrx_word' id='word_1_664' title='bbox 3007 4395 3115 4436; x_wconf 90' lang='lat' dir='ltr'><strong>non</strong></span> <span class='ocrx_word' id='word_1_665' title='bbox 3151 4379 3338 4436; x_wconf 90' lang='lat' dir='ltr'><strong>solum</strong></span> <span class='ocrx_word' id='word_1_666' title='bbox 3371 4381 3616 4438; x_wconf 89' lang='lat' dir='ltr'><strong>circum-</strong></span> 
     </span>
    </p>
   </div>
   <div class='ocr_carea' id='block_1_96' title="bbox 210 4466 1865 4546">
    <p class='ocr_par' dir='ltr' id='par_1_96' title="bbox 210 4466 1865 4546">
     <span class='ocr_line' id='line_1_96' title="bbox 210 4466 1865 4546; baseline -0.005 -16"><span class='ocrx_word' id='word_1_667' title='bbox 210 4473 374 4546; x_wconf 87' lang='lat' dir='ltr'><strong>quia,</strong></span> <span class='ocrx_word' id='word_1_668' title='bbox 409 4485 538 4544; x_wconf 66' lang='lat' dir='ltr'><strong>quae</strong></span> <span class='ocrx_word' id='word_1_669' title='bbox 586 4470 830 4528; x_wconf 86' lang='lat' dir='ltr'><strong>visionis</strong></span> <span class='ocrx_word' id='word_1_670' title='bbox 874 4471 1223 4542; x_wconf 89' lang='lat' dir='ltr'><strong>poposcerat</strong></span> <span class='ocrx_word' id='word_1_671' title='bbox 1272 4467 1436 4524; x_wconf 92' lang='lat' dir='ltr'><strong>ordo.</strong></span> <span class='ocrx_word' id='word_1_672' title='bbox 1499 4467 1722 4534; x_wconf 88' lang='lat' dir='ltr'><strong>Quibus</strong></span> <span class='ocrx_word' id='word_1_673' title='bbox 1752 4466 1865 4522; x_wconf 88' lang='lat' dir='ltr'><strong>rite</strong></span> 
     </span>
    </p>
   </div>
   <div class='ocr_carea' id='block_1_97' title="bbox 210 4555 1864 4632">
    <p class='ocr_par' dir='ltr' id='par_1_97' title="bbox 210 4555 1864 4632">
     <span class='ocr_line' id='line_1_97' title="bbox 210 4555 1864 4632; baseline -0.006 -10"><span class='ocrx_word' id='word_1_674' title='bbox 210 4559 550 4632; x_wconf 85' lang='lat' dir='ltr'><strong>completis,</strong></span> <span class='ocrx_word' id='word_1_675' title='bbox 585 4563 714 4616; x_wconf 92' lang='lat' dir='ltr'><strong>toto</strong></span> <span class='ocrx_word' id='word_1_676' title='bbox 754 4572 999 4630; x_wconf 90' lang='lat' dir='ltr'><strong>corpore</strong></span> <span class='ocrx_word' id='word_1_677' title='bbox 1022 4555 1272 4614; x_wconf 88' lang='lat' dir='ltr'><strong>mundus</strong></span> <span class='ocrx_word' id='word_1_678' title='bbox 1292 4559 1352 4612; x_wconf 88' lang='lat' dir='ltr'><strong>et</strong></span> <span class='ocrx_word' id='word_1_679' title='bbox 1373 4569 1552 4613; x_wconf 89' lang='lat' dir='ltr'><strong>sanus</strong></span> <span class='ocrx_word' id='word_1_680' title='bbox 1569 4569 1864 4626; x_wconf 87' lang='lat' dir='ltr'><strong>egressus,</strong></span> 
     </span>
    </p>
   </div>
   <div class='ocr_carea' id='block_1_98' title="bbox 210 4645 1871 4720">
    <p class='ocr_par' dir='ltr' id='par_1_98' title="bbox 210 4645 1871 4720">
     <span class='ocr_line' id='line_1_98' title="bbox 210 4645 1871 4720; baseline -0.007 -9"><span class='ocrx_word' id='word_1_681' title='bbox 210 4665 290 4711; x_wconf 82' lang='lat' dir='ltr'><strong>ex</strong></span> <span class='ocrx_word' id='word_1_682' title='bbox 320 4649 555 4720; x_wconf 80' lang='lat' dir='ltr'><strong>integro</strong></span> <span class='ocrx_word' id='word_1_683' title='bbox 585 4646 751 4706; x_wconf 90' lang='lat' dir='ltr'><strong>novis</strong></span> <span class='ocrx_word' id='word_1_684' title='bbox 781 4651 870 4704; x_wconf 90' lang='lat' dir='ltr'><strong>est</strong></span> <span class='ocrx_word' id='word_1_685' title='bbox 903 4645 1172 4703; x_wconf 89' lang='lat' dir='ltr'><strong>vestibus</strong></span> <span class='ocrx_word' id='word_1_686' title='bbox 1203 4649 1470 4702; x_wconf 89' lang='lat' dir='ltr'><strong>ornatus.</strong></span> <span class='ocrx_word' id='word_1_687' title='bbox 1506 4647 1552 4701; x_wconf 85' lang='lat' dir='ltr'><strong>A</strong></span> <span class='ocrx_word' id='word_1_688' title='bbox 1583 4659 1698 4716; x_wconf 86' lang='lat' dir='ltr'><strong>quo</strong></span> <span class='ocrx_word' id='word_1_689' title='bbox 1727 4647 1871 4700; x_wconf 89' lang='lat' dir='ltr'><strong>tem-</strong></span> 
     </span>
    </p>
   </div>
   <div class='ocr_carea' id='block_1_99' title="bbox 213 4733 1870 4815">
    <p class='ocr_par' dir='ltr' id='par_1_99' title="bbox 213 4733 1870 4815">
     <span class='ocr_line' id='line_1_99' title="bbox 213 4733 1870 4815; baseline -0.006 -17"><span class='ocrx_word' id='word_1_690' title='bbox 213 4755 364 4815; x_wconf 89' lang='lat' dir='ltr'><strong>pore</strong></span> <span class='ocrx_word' id='word_1_691' title='bbox 389 4742 611 4796; x_wconf 89' lang='lat' dir='ltr'><strong>tantam</strong></span> <span class='ocrx_word' id='word_1_692' title='bbox 632 4734 882 4810; x_wconf 82' lang='lat' dir='ltr'><strong>gratiam</strong></span> <span class='ocrx_word' id='word_1_693' title='bbox 896 4733 1108 4792; x_wconf 88' lang='lat' dir='ltr'><strong>meruit</strong></span> <span class='ocrx_word' id='word_1_694' title='bbox 1133 4733 1420 4802; x_wconf 88' lang='lat' dir='ltr'><strong>obtinere,</strong></span> <span class='ocrx_word' id='word_1_695' title='bbox 1436 4737 1500 4790; x_wconf 92' lang='lat' dir='ltr'><strong>ut</strong></span> <span class='ocrx_word' id='word_1_696' title='bbox 1519 4733 1870 4790; x_wconf 89' lang='lat' dir='ltr'><strong>mirabilium</strong></span> 
     </span>
    </p>
   </div>
   <div class='ocr_carea' id='block_1_100' title="bbox 216 4821 1692 4902">
    <p class='ocr_par' dir='ltr' id='par_1_100' title="bbox 216 4821 1692 4902">
     <span class='ocr_line' id='line_1_100' title="bbox 216 4821 1692 4902; baseline -0.006 -15"><span class='ocrx_word' id='word_1_697' title='bbox 216 4843 456 4902; x_wconf 88' lang='lat' dir='ltr'><strong>quoque</strong></span> <span class='ocrx_word' id='word_1_698' title='bbox 487 4833 754 4901; x_wconf 89' lang='lat' dir='ltr'><strong>patrator</strong></span> <span class='ocrx_word' id='word_1_699' title='bbox 784 4840 1027 4900; x_wconf 88' lang='lat' dir='ltr'><strong>operum</strong></span> <span class='ocrx_word' id='word_1_700' title='bbox 1061 4827 1388 4884; x_wconf 86' lang='lat' dir='ltr'><strong>mereretur</strong></span> <span class='ocrx_word' id='word_1_701' title='bbox 1417 4821 1692 4900; x_wconf 76' lang='lat' dir='ltr'><strong>existere.</strong></span> 
     </span>
    </p>
   </div>
   <div class='ocr_carea' id='block_1_101' title="bbox 287 4911 1872 4990">
    <p class='ocr_par' dir='ltr' id='par_1_101' title="bbox 287 4911 1872 4990">
     <span class='ocr_line' id='line_1_101' title="bbox 287 4911 1872 4990; baseline -0.006 -14"><span class='ocrx_word' id='word_1_702' title='bbox 287 4921 381 4976; x_wconf 82' lang='lat'><strong>28.</strong></span> <span class='ocrx_word' id='word_1_703' title='bbox 409 4915 539 4990; x_wconf 90' lang='lat' dir='ltr'><strong>lpso</strong></span> <span class='ocrx_word' id='word_1_704' title='bbox 571 4931 818 4988; x_wconf 89' lang='lat' dir='ltr'><strong>namque</strong></span> <span class='ocrx_word' id='word_1_705' title='bbox 848 4919 1113 4988; x_wconf 90' lang='lat' dir='ltr'><strong>tempore</strong></span> <span class='ocrx_word' id='word_1_706' title='bbox 1142 4915 1252 4972; x_wconf 91' lang='lat' dir='ltr'><strong>fuit</strong></span> <span class='ocrx_word' id='word_1_707' title='bbox 1275 4914 1539 4986; x_wconf 74' lang='lat' dir='ltr'><strong>quaedam</strong></span> <span class='ocrx_word' id='word_1_708' title='bbox 1567 4911 1784 4986; x_wconf 19' lang='lat' dir='ltr'><strong>[mulier</strong></span> <span class='ocrx_word' id='word_1_709' title='bbox 1815 4911 1872 4968; x_wconf 94' lang='lat' dir='ltr'><strong>in</strong></span> 
     </span>
    </p>
   </div>
   <div class='ocr_carea' id='block_1_102' title="bbox 216 5003 1878 5076">
    <p class='ocr_par' dir='ltr' id='par_1_102' title="bbox 216 5003 1878 5076">
     <span class='ocr_line' id='line_1_102' title="bbox 216 5003 1878 5076; baseline -0.005 -11"><span class='ocrx_word' id='word_1_710' title='bbox 216 5005 533 5065; x_wconf 88' lang='lat' dir='ltr'><strong>territorio</strong></span> <span class='ocrx_word' id='word_1_711' title='bbox 557 5003 1060 5070; x_wconf 84' lang='lat' dir='ltr'><strong>Brunwillerensi,</strong></span> <span class='ocrx_word' id='word_1_712' title='bbox 1097 5003 1275 5062; x_wconf 89' lang='lat' dir='ltr'><strong>Golda</strong></span> <span class='ocrx_word' id='word_1_713' title='bbox 1298 5003 1550 5076; x_wconf 89' lang='lat' dir='ltr'><strong>nomine,</strong></span> <span class='ocrx_word' id='word_1_714' title='bbox 1569 5016 1697 5073; x_wconf 65' lang='lat' dir='ltr'><strong>quae</strong></span> <span class='ocrx_word' id='word_1_715' title='bbox 1721 5005 1878 5058; x_wconf 90' lang='lat' dir='ltr'><strong>utro-</strong></span> 
     </span>
    </p>
   </div>
   <div class='ocr_carea' id='block_1_103' title="bbox 219 5089 1871 5168">
    <p class='ocr_par' dir='ltr' id='par_1_103' title="bbox 219 5089 1871 5168">
     <span class='ocr_line' id='line_1_103' title="bbox 219 5089 1871 5168; baseline -0.004 -14"><span class='ocrx_word' id='word_1_716' title='bbox 219 5107 473 5168; x_wconf 86' lang='lat' dir='ltr'><strong>rumque</strong></span> <span class='ocrx_word' id='word_1_717' title='bbox 503 5093 786 5153; x_wconf 89' lang='lat' dir='ltr'><strong>luminum</strong></span> <span class='ocrx_word' id='word_1_718' title='bbox 831 5093 1160 5153; x_wconf 73' lang='lat' dir='ltr'><strong>caecitatem</strong></span> <span class='ocrx_word' id='word_1_719' title='bbox 1193 5108 1258 5152; x_wconf 89' lang='lat' dir='ltr'><strong>se</strong></span> <span class='ocrx_word' id='word_1_720' title='bbox 1290 5091 1478 5151; x_wconf 90' lang='lat' dir='ltr'><strong>doluit</strong></span> <span class='ocrx_word' id='word_1_721' title='bbox 1535 5089 1871 5148; x_wconf 88' lang='lat' dir='ltr'><strong>incurrisse.</strong></span> 
     </span>
    </p>
   </div>
   <div class='ocr_carea' id='block_1_104' title="bbox 297 5319 1882 5399">
    <p class='ocr_par' dir='ltr' id='par_1_104' title="bbox 297 5319 1882 5399">
     <span class='ocr_line' id='line_1_104' title="bbox 297 5319 1882 5399; baseline -0.004 -15"><span class='ocrx_word' id='word_1_722' title='bbox 297 5327 414 5399; x_wconf 78' lang='lat'><strong>(20)</strong></span> <span class='ocrx_word' id='word_1_723' title='bbox 447 5327 554 5399; x_wconf 80' lang='lat' dir='ltr'><strong>Hic</strong></span> <span class='ocrx_word' id='word_1_724' title='bbox 597 5324 773 5396; x_wconf 81' lang='lat' dir='ltr'><strong>vulgo</strong></span> <span class='ocrx_word' id='word_1_725' title='bbox 834 5323 1180 5399; x_wconf 75' lang='lat' dir='ltr'><strong>Ainhardus</strong></span> <span class='ocrx_word' id='word_1_726' title='bbox 1208 5322 1445 5399; x_wconf 72' lang='lat' dir='ltr'><strong>dicitur,</strong></span> <span class='ocrx_word' id='word_1_727' title='bbox 1504 5319 1882 5399; x_wconf 62' lang='lat' dir='ltr'><strong>Meginbardo</strong></span> 
     </span>
    </p>
   </div>
   <div class='ocr_carea' id='block_1_105' title="bbox 224 5393 1880 5465">
    <p class='ocr_par' dir='ltr' id='par_1_105' title="bbox 224 5393 1880 5465">
     <span class='ocr_line' id='line_1_105' title="bbox 224 5393 1880 5465; baseline -0.005 -9"><span class='ocrx_word' id='word_1_728' title='bbox 224 5393 523 5457; x_wconf 81' lang='lat' dir='ltr'><strong>successit</strong></span> <span class='ocrx_word' id='word_1_729' title='bbox 569 5393 727 5454; x_wconf 83' lang='lat' dir='ltr'><strong>ann6</strong></span> <span class='ocrx_word' id='word_1_730' title='bbox 773 5399 934 5465; x_wconf 69' lang='lat'><strong>4088,</strong></span> <span class='ocrx_word' id='word_1_731' title='bbox 967 5400 1028 5452; x_wconf 90' lang='lat' dir='ltr'><strong>et</strong></span> <span class='ocrx_word' id='word_1_732' title='bbox 1082 5394 1284 5465; x_wconf 88' lang='lat' dir='ltr'><strong>sedem</strong></span> <span class='ocrx_word' id='word_1_733' title='bbox 1335 5393 1880 5464; x_wconf 85' lang='lat' dir='ltr'><strong>Wirzeburgensem</strong></span> 
     </span>
    </p>
   </div>
   <div class='ocr_carea' id='block_1_106' title="bbox 227 5464 1882 5540">
    <p class='ocr_par' dir='ltr' id='par_1_106' title="bbox 227 5464 1882 5540">
     <span class='ocr_line' id='line_1_106' title="bbox 227 5464 1882 5540; baseline -0.005 -10"><span class='ocrx_word' id='word_1_734' title='bbox 227 5467 593 5530; x_wconf 73' lang='lat' dir='ltr'><strong>difficillimis</strong></span> <span class='ocrx_word' id='word_1_735' title='bbox 613 5464 976 5540; x_wconf 86' lang='lat' dir='ltr'><strong>temporibus</strong></span> <span class='ocrx_word' id='word_1_736' title='bbox 1010 5479 1190 5540; x_wconf 88' lang='lat' dir='ltr'><strong>usque</strong></span> <span class='ocrx_word' id='word_1_737' title='bbox 1222 5464 1294 5523; x_wconf 88' lang='lat' dir='ltr'><strong>ad</strong></span> <span class='ocrx_word' id='word_1_738' title='bbox 1316 5478 1527 5524; x_wconf 88' lang='lat' dir='ltr'><strong>annum</strong></span> <span class='ocrx_word' id='word_1_739' title='bbox 1551 5465 1690 5522; x_wconf 74' lang='grc'><strong>1104</strong></span> <span class='ocrx_word' id='word_1_740' title='bbox 1717 5475 1882 5540; x_wconf 77' lang='lat' dir='ltr'><strong>egre-</strong></span> 
     </span>
    </p>
   </div>
   <div class='ocr_carea' id='block_1_107' title="bbox 550 5561 1068 5634">
    <p class='ocr_par' dir='ltr' id='par_1_107' title="bbox 550 5561 1068 5634">
     <span class='ocr_line' id='line_1_107' title="bbox 550 5561 1068 5634; baseline 0 0"><span class='ocrx_word' id='word_1_741' title='bbox 550 5565 814 5634; x_wconf 73' lang='grc' dir='ltr'><strong>ΡΑτιιοῐ..</strong></span> <span class='ocrx_word' id='word_1_742' title='bbox 860 5561 1068 5634; x_wconf 73' lang='grc' dir='ltr'><strong>ων.</strong></span> 
     </span>
    </p>
   </div>
   <div class='ocr_carea' id='block_1_108' title="bbox 1973 4466 3623 4543">
    <p class='ocr_par' dir='ltr' id='par_1_108' title="bbox 1973 4466 3623 4543">
     <span class='ocr_line' id='line_1_108' title="bbox 1973 4466 3623 4543; baseline -0.001 -16"><span class='ocrx_word' id='word_1_743' title='bbox 1973 4468 2247 4543; x_wconf 75' lang='lat' dir='ltr'><strong>iacentia,</strong></span> <span class='ocrx_word' id='word_1_744' title='bbox 2279 4467 2384 4524; x_wconf 91' lang='lat' dir='ltr'><strong>sed</strong></span> <span class='ocrx_word' id='word_1_745' title='bbox 2415 4471 2475 4522; x_wconf 91' lang='lat' dir='ltr'><strong>et</strong></span> <span class='ocrx_word' id='word_1_746' title='bbox 2504 4466 2834 4538; x_wconf 64' lang='lat' dir='ltr'><strong>Agrippinae</strong></span> <span class='ocrx_word' id='word_1_747' title='bbox 2867 4467 3118 4525; x_wconf 64' lang='lat' dir='ltr'><strong>Colonia}</strong></span> <span class='ocrx_word' id='word_1_748' title='bbox 3152 4469 3366 4540; x_wconf 88' lang='lat' dir='ltr'><strong>ubique</strong></span> <span class='ocrx_word' id='word_1_749' title='bbox 3397 4476 3623 4527; x_wconf 88' lang='lat' dir='ltr'><strong>saneto-</strong></span> 
     </span>
    </p>
   </div>
   <div class='ocr_carea' id='block_1_109' title="bbox 1978 4553 2852 4616">
    <p class='ocr_par' dir='ltr' id='par_1_109' title="bbox 1978 4553 2852 4616">
     <span class='ocr_line' id='line_1_109' title="bbox 1978 4553 2852 4616; baseline -0.003 0"><span class='ocrx_word' id='word_1_750' title='bbox 1978 4573 2106 4616; x_wconf 90' lang='lat' dir='ltr'><strong>rum</strong></span> <span class='ocrx_word' id='word_1_751' title='bbox 2139 4554 2362 4614; x_wconf 89' lang='lat' dir='ltr'><strong>orando</strong></span> <span class='ocrx_word' id='word_1_752' title='bbox 2394 4554 2673 4613; x_wconf 76' lang='lat' dir='ltr'><strong>inviseret</strong></span> <span class='ocrx_word' id='word_1_753' title='bbox 2707 4553 2852 4612; x_wconf 91' lang='lat' dir='ltr'><strong>loca.</strong></span> 
     </span>
    </p>
   </div>
   <div class='ocr_carea' id='block_1_110' title="bbox 2050 4642 3622 4717">
    <p class='ocr_par' dir='ltr' id='par_1_110' title="bbox 2050 4642 3622 4717">
     <span class='ocr_line' id='line_1_110' title="bbox 2050 4642 3622 4717; baseline 0.001 -15"><span class='ocrx_word' id='word_1_754' title='bbox 2050 4650 2136 4702; x_wconf 88' lang='lat'><strong>30.</strong></span> <span class='ocrx_word' id='word_1_755' title='bbox 2173 4647 2267 4716; x_wconf 86' lang='lat' dir='ltr'><strong>At,</strong></span> <span class='ocrx_word' id='word_1_756' title='bbox 2299 4643 2567 4714; x_wconf 90' lang='lat' dir='ltr'><strong>quoniam</strong></span> <span class='ocrx_word' id='word_1_757' title='bbox 2614 4642 2786 4714; x_wconf 90' lang='lat' dir='ltr'><strong>hujus</strong></span> <span class='ocrx_word' id='word_1_758' title='bbox 2820 4644 2904 4700; x_wconf 90' lang='lat' dir='ltr'><strong>rei</strong></span> <span class='ocrx_word' id='word_1_759' title='bbox 2953 4659 3104 4702; x_wconf 89' lang='lat' dir='ltr'><strong>nunc</strong></span> <span class='ocrx_word' id='word_1_760' title='bbox 3151 4646 3356 4702; x_wconf 88' lang='lat' dir='ltr'><strong>incidit</strong></span> <span class='ocrx_word' id='word_1_761' title='bbox 3386 4647 3622 4717; x_wconf 88' lang='lat' dir='ltr'><strong>mentio,</strong></span> 
     </span>
    </p>
   </div>
   <div class='ocr_carea' id='block_1_111' title="bbox 1981 4732 3626 4806">
    <p class='ocr_par' dir='ltr' id='par_1_111' title="bbox 1981 4732 3626 4806">
     <span class='ocr_line' id='line_1_111' title="bbox 1981 4732 3626 4806; baseline -0.001 -14"><span class='ocrx_word' id='word_1_762' title='bbox 1981 4735 2361 4792; x_wconf 88' lang='lat' dir='ltr'><strong>libetreferre</strong></span> <span class='ocrx_word' id='word_1_763' title='bbox 2374 4732 2595 4803; x_wconf 91' lang='lat' dir='ltr'><strong>grande</strong></span> <span class='ocrx_word' id='word_1_764' title='bbox 2610 4732 2954 4804; x_wconf 92' lang='lat' dir='ltr'><strong>periculum,</strong></span> <span class='ocrx_word' id='word_1_765' title='bbox 2975 4733 3626 4806; x_wconf 80' lang='lat' dir='ltr'><strong>imemiraculum,quod</strong></span> 
     </span>
    </p>
   </div>
   <div class='ocr_carea' id='block_1_112' title="bbox 1983 4820 3627 4892">
    <p class='ocr_par' dir='ltr' id='par_1_112' title="bbox 1983 4820 3627 4892">
     <span class='ocr_line' id='line_1_112' title="bbox 1983 4820 3627 4892; baseline -0.001 -12"><span class='ocrx_word' id='word_1_766' title='bbox 1983 4823 2154 4881; x_wconf 90' lang='lat' dir='ltr'><strong>nobis</strong></span> <span class='ocrx_word' id='word_1_767' title='bbox 2167 4821 2416 4892; x_wconf 87' lang='lat' dir='ltr'><strong>contigit</strong></span> <span class='ocrx_word' id='word_1_768' title='bbox 2443 4820 2828 4878; x_wconf 90' lang='lat' dir='ltr'><strong>redeuntibus</strong></span> <span class='ocrx_word' id='word_1_769' title='bbox 2846 4821 3138 4878; x_wconf 86' lang='lat' dir='ltr'><strong>Coloniam</strong></span> <span class='ocrx_word' id='word_1_770' title='bbox 3161 4836 3192 4877; x_wconf 92' lang='lat' dir='ltr'><strong>e</strong></span> <span class='ocrx_word' id='word_1_771' title='bbox 3213 4822 3420 4878; x_wconf 90' lang='lat' dir='ltr'><strong>Tuitio.</strong></span> <span class='ocrx_word' id='word_1_772' title='bbox 3469 4823 3627 4879; x_wconf 88' lang='lat' dir='ltr'><strong>Beati</strong></span> 
     </span>
    </p>
   </div>
   <div class='ocr_carea' id='block_1_113' title="bbox 1983 4907 3630 4981">
    <p class='ocr_par' dir='ltr' id='par_1_113' title="bbox 1983 4907 3630 4981">
     <span class='ocr_line' id='line_1_113' title="bbox 1983 4907 3630 4981; baseline -0.001 -12"><span class='ocrx_word' id='word_1_773' title='bbox 1983 4917 2042 4969; x_wconf 91' lang='lat' dir='ltr'><strong>et</strong></span> <span class='ocrx_word' id='word_1_774' title='bbox 2063 4910 2303 4981; x_wconf 88' lang='lat' dir='ltr'><strong>gloriosi</strong></span> <span class='ocrx_word' id='word_1_775' title='bbox 2333 4909 2689 4966; x_wconf 90' lang='lat' dir='ltr'><strong>confessoris</strong></span> <span class='ocrx_word' id='word_1_776' title='bbox 2727 4909 3018 4964; x_wconf 84' lang='lat' dir='ltr'><strong>Heriberti</strong></span> <span class='ocrx_word' id='word_1_777' title='bbox 3044 4907 3376 4979; x_wconf 89' lang='lat' dir='ltr'><strong>sepulcrum</strong></span> <span class='ocrx_word' id='word_1_778' title='bbox 3400 4915 3630 4969; x_wconf 88' lang='lat' dir='ltr'><strong>oratum</strong></span> 
     </span>
    </p>
   </div>
   <div class='ocr_carea' id='block_1_114' title="bbox 1988 4996 3631 5074">
    <p class='ocr_par' dir='ltr' id='par_1_114' title="bbox 1988 4996 3631 5074">
     <span class='ocr_line' id='line_1_114' title="bbox 1988 4996 3631 5074; baseline -0.001 -16"><span class='ocrx_word' id='word_1_779' title='bbox 1988 4999 2413 5074; x_wconf 89' lang='lat' dir='ltr'><strong>petiveramus;</strong></span> <span class='ocrx_word' id='word_1_780' title='bbox 2447 4997 2716 5069; x_wconf 88' lang='lat' dir='ltr'><strong>redituri,</strong></span> <span class='ocrx_word' id='word_1_781' title='bbox 2751 4997 2988 5068; x_wconf 88' lang='lat' dir='ltr'><strong>puppim</strong></span> <span class='ocrx_word' id='word_1_782' title='bbox 3022 4996 3418 5064; x_wconf 89' lang='lat' dir='ltr'><strong>ascendimus;</strong></span> <span class='ocrx_word' id='word_1_783' title='bbox 3453 4999 3631 5056; x_wconf 88' lang='lat' dir='ltr'><strong>soluti</strong></span> 
     </span>
    </p>
   </div>
   <div class='ocr_carea' id='block_1_115' title="bbox 1989 5085 3641 5162">
    <p class='ocr_par' dir='ltr' id='par_1_115' title="bbox 1989 5085 3641 5162">
     <span class='ocr_line' id='line_1_115' title="bbox 1989 5085 3641 5162; baseline -0.002 -14"><span class='ocrx_word' id='word_1_784' title='bbox 1989 5104 2020 5148; x_wconf 90' lang='lat' dir='ltr'><strong>a</strong></span> <span class='ocrx_word' id='word_1_785' title='bbox 2052 5087 2272 5162; x_wconf 89' lang='lat' dir='ltr'><strong>littore,</strong></span> <span class='ocrx_word' id='word_1_786' title='bbox 2301 5086 2619 5146; x_wconf 84' lang='lat' dir='ltr'><strong>admodum</strong></span> <span class='ocrx_word' id='word_1_787' title='bbox 2638 5099 2920 5160; x_wconf 89' lang='lat' dir='ltr'><strong>prospere</strong></span> <span class='ocrx_word' id='word_1_788' title='bbox 2950 5085 3383 5156; x_wconf 81' lang='lat' dir='ltr'><strong>navigabamus.</strong></span> <span class='ocrx_word' id='word_1_789' title='bbox 3417 5087 3641 5145; x_wconf 84' lang='lat' dir='ltr'><strong>Intror-</strong></span> 
     </span>
    </p>
   </div>
   <div class='ocr_carea' id='block_1_116' title="bbox 1990 5313 3644 5390">
    <p class='ocr_par' dir='ltr' id='par_1_116' title="bbox 1990 5313 3644 5390">
     <span class='ocr_line' id='line_1_116' title="bbox 1990 5313 3644 5390; baseline -0.001 -16"><span class='ocrx_word' id='word_1_790' title='bbox 1990 5320 2085 5390; x_wconf 87' lang='lat' dir='ltr'><strong>gie</strong></span> <span class='ocrx_word' id='word_1_791' title='bbox 2135 5313 2589 5390; x_wconf 87' lang='lat' dir='ltr'><strong>administravit.</strong></span> <span class='ocrx_word' id='word_1_792' title='bbox 2648 5314 3398 5390; x_wconf 16' lang='lat' dir='ltr'><strong>gomesﬁotegmburgius</strong></span> <span class='ocrx_word' id='word_1_793' title='bbox 3417 5315 3488 5390; x_wconf 81' lang='lat' dir='ltr'><strong>ad</strong></span> <span class='ocrx_word' id='word_1_794' title='bbox 3539 5317 3644 5390; x_wconf 52' lang='lat' dir='ltr'><strong>Tu;-</strong></span> 
     </span>
    </p>
   </div>
   <div class='ocr_carea' id='block_1_117' title="bbox 1992 5383 3644 5522">
    <p class='ocr_par' dir='ltr' id='par_1_117' title="bbox 1992 5383 3644 5522">
     <span class='ocr_line' id='line_1_117' title="bbox 1992 5383 3644 5522; baseline -0.003 -74"><span class='ocrx_word' id='word_1_795' title='bbox 1992 5383 2224 5522; x_wconf 48' lang='grc' dir='ltr'>Ξ)ὲῶιῖἱῇ</span> <span class='ocrx_word' id='word_1_796' title='bbox 2267 5389 2486 5448; x_wconf 91' lang='lat' dir='ltr'><strong>dicitur</strong></span> <span class='ocrx_word' id='word_1_797' title='bbox 2556 5400 2588 5442; x_wconf 89' lang='lat' dir='ltr'><strong>a</strong></span> <span class='ocrx_word' id='word_1_798' title='bbox 2647 5386 2958 5464; x_wconf 86' lang='lat' dir='ltr'><strong>Bruschio,</strong></span> <span class='ocrx_word' id='word_1_799' title='bbox 3028 5383 3306 5462; x_wconf 75' lang='lat' dir='ltr'><strong>filiusque</strong></span> <span class='ocrx_word' id='word_1_800' title='bbox 3367 5385 3644 5445; x_wconf 79' lang='lat' dir='ltr'><strong>Richardi</strong></span> 
     </span>
    </p>
   </div>
   <div class='ocr_carea' id='block_1_118' title="bbox 3307 5553 3381 5617">
    <p class='ocr_par' dir='ltr' id='par_1_118' title="bbox 3307 5553 3381 5617">
     <span class='ocr_line' id='line_1_118' title="bbox 3307 5553 3381 5617; baseline -0.014 0"><span class='ocrx_word' id='word_1_801' title='bbox 3307 5553 3381 5617; x_wconf 77' lang='grc'><strong>14</strong></span> 
     </span>
    </p>
   </div>
  </div>
