  <div class='ocr_page' id='page_1' title='image "/cluster/home/n/w/nwhite01/storage/ocr_20150623/154/hvd.32044054760129/219.png"; bbox 0 0 3964 6044; ppageno 0'>
   <div class='ocr_carea' id='block_1_1' title="bbox 369 270 486 337">
    <p class='ocr_par' dir='ltr' id='par_1_1' title="bbox 369 270 486 337">
     <span class='ocr_line' id='line_1_1' title="bbox 369 270 486 337; baseline -0.009 0"><span class='ocrx_word' id='word_1_1' title='bbox 369 270 486 337; x_wconf 75' lang='grc'>427</span> 
     </span>
    </p>
   </div>
   <div class='ocr_carea' id='block_1_2' title="bbox 1126 266 3002 344">
    <p class='ocr_par' dir='ltr' id='par_1_2' title="bbox 1126 266 3002 344">
     <span class='ocr_line' id='line_1_2' title="bbox 1126 266 3002 344; baseline 0.003 -6"><span class='ocrx_word' id='word_1_2' title='bbox 1126 272 1209 338; x_wconf 86' lang='grc' dir='ltr'>Β.</span> <span class='ocrx_word' id='word_1_3' title='bbox 1250 269 1760 342; x_wconf 88' lang='lat' dir='ltr'>WOLPHELMI</span> <span class='ocrx_word' id='word_1_4' title='bbox 1800 266 2154 337; x_wconf 84' lang='lat' dir='ltr'>ABBATIS</span> <span class='ocrx_word' id='word_1_5' title='bbox 2196 270 3002 344; x_wconf 63' lang='lat' dir='ltr'>BRUNVVILLERENSIS</span> 
     </span>
    </p>
   </div>
   <div class='ocr_carea' id='block_1_3' title="bbox 3648 286 3769 353">
    <p class='ocr_par' dir='ltr' id='par_1_3' title="bbox 3648 286 3769 353">
     <span class='ocr_line' id='line_1_3' title="bbox 3648 286 3769 353; baseline 0.008 -1"><span class='ocrx_word' id='word_1_6' title='bbox 3648 286 3769 353; x_wconf 73' lang='lat'>428</span> 
     </span>
    </p>
   </div>
   <div class='ocr_carea' id='block_1_4' title="bbox 366 403 3768 484">
    <p class='ocr_par' dir='ltr' id='par_1_4' title="bbox 366 403 3768 484">
     <span class='ocr_line' id='line_1_4' title="bbox 366 403 3768 484; baseline 0.002 -15"><span class='ocrx_word' id='word_1_7' title='bbox 366 423 494 469; x_wconf 88' lang='lat' dir='ltr'>sum</span> <span class='ocrx_word' id='word_1_8' title='bbox 526 425 633 471; x_wconf 90' lang='lat' dir='ltr'>nos</span> <span class='ocrx_word' id='word_1_9' title='bbox 655 404 807 471; x_wconf 89' lang='lat' dir='ltr'>unda</span> <span class='ocrx_word' id='word_1_10' title='bbox 826 408 941 482; x_wconf 91' lang='lat' dir='ltr'>jam</span> <span class='ocrx_word' id='word_1_11' title='bbox 989 406 1219 481; x_wconf 80' lang='lat' dir='ltr'>longius</span> <span class='ocrx_word' id='word_1_12' title='bbox 1250 411 1545 483; x_wconf 81' lang='lat' dir='ltr'>rapuerat,</span> <span class='ocrx_word' id='word_1_13' title='bbox 1590 408 1723 466; x_wconf 92' lang='lat' dir='ltr'>dum</span> <span class='ocrx_word' id='word_1_14' title='bbox 1756 422 1892 465; x_wconf 89' lang='lat' dir='ltr'>ecce</span> <span class='ocrx_word' id='word_1_15' title='bbox 1925 419 2013 462; x_wconf 88' lang='lat' dir='ltr'>re-</span> <span class='ocrx_word' id='word_1_16' title='bbox 2041 403 2097 465; x_wconf 89' lang='lat' dir='ltr'><strong>A</strong></span> <span class='ocrx_word' id='word_1_17' title='bbox 2128 404 2378 481; x_wconf 82' lang='lat' dir='ltr'>fuerant,</span> <span class='ocrx_word' id='word_1_18' title='bbox 2410 410 2611 467; x_wconf 80' lang='lat' dir='ltr'>ordine</span> <span class='ocrx_word' id='word_1_19' title='bbox 2642 413 2935 484; x_wconf 80' lang='lat' dir='ltr'>exposuit.</span> <span class='ocrx_word' id='word_1_20' title='bbox 2996 413 3172 484; x_wconf 87' lang='lat' dir='ltr'>Cujus</span> <span class='ocrx_word' id='word_1_21' title='bbox 3204 415 3413 472; x_wconf 88' lang='lat' dir='ltr'>mentis</span> <span class='ocrx_word' id='word_1_22' title='bbox 3443 413 3632 474; x_wconf 91' lang='lat' dir='ltr'>dolori</span> <span class='ocrx_word' id='word_1_23' title='bbox 3670 419 3768 476; x_wconf 87' lang='lat' dir='ltr'>ille</span> 
     </span>
    </p>
   </div>
   <div class='ocr_carea' id='block_1_5' title="bbox 366 496 2010 574">
    <p class='ocr_par' dir='ltr' id='par_1_5' title="bbox 366 496 2010 574">
     <span class='ocr_line' id='line_1_5' title="bbox 366 496 2010 574; baseline -0.005 -14"><span class='ocrx_word' id='word_1_24' title='bbox 366 507 544 574; x_wconf 88' lang='lat' dir='ltr'>pente</span> <span class='ocrx_word' id='word_1_25' title='bbox 573 498 927 558; x_wconf 79' lang='lat' dir='ltr'>intolerabili</span> <span class='ocrx_word' id='word_1_26' title='bbox 978 505 1182 556; x_wconf 90' lang='lat' dir='ltr'>exorta</span> <span class='ocrx_word' id='word_1_27' title='bbox 1213 502 1579 571; x_wconf 77' lang='lat' dir='ltr'>tempestate,</span> <span class='ocrx_word' id='word_1_28' title='bbox 1642 499 1813 569; x_wconf 91' lang='lat' dir='ltr'>rupta</span> <span class='ocrx_word' id='word_1_29' title='bbox 1844 496 2010 568; x_wconf 88' lang='lat' dir='ltr'>quies</span> 
     </span>
    </p>
   </div>
   <div class='ocr_carea' id='block_1_6' title="bbox 365 584 2046 672">
    <p class='ocr_par' dir='ltr' id='par_1_6' title="bbox 365 584 2046 672">
     <span class='ocr_line' id='line_1_6' title="bbox 365 584 2046 672; baseline -0.005 -24"><span class='ocrx_word' id='word_1_30' title='bbox 365 591 549 648; x_wconf 83' lang='lat' dir='ltr'>Rheni</span> <span class='ocrx_word' id='word_1_31' title='bbox 572 591 644 647; x_wconf 89' lang='lat' dir='ltr'>ab</span> <span class='ocrx_word' id='word_1_32' title='bbox 676 590 806 646; x_wconf 88' lang='lat' dir='ltr'>imis</span> <span class='ocrx_word' id='word_1_33' title='bbox 840 588 1074 646; x_wconf 86' lang='lat' dir='ltr'>sedibus</span> <span class='ocrx_word' id='word_1_34' title='bbox 1113 588 1512 661; x_wconf 77' lang='lat' dir='ltr'>perturbatur,</span> <span class='ocrx_word' id='word_1_35' title='bbox 1547 584 1832 657; x_wconf 71' lang='lat' dir='ltr'>undazque</span> <span class='ocrx_word' id='word_1_36' title='bbox 1866 586 1919 641; x_wconf 91' lang='lat' dir='ltr'>in</span> <span class='ocrx_word' id='word_1_37' title='bbox 1952 601 2046 672; x_wconf 55' lang='lat' dir='ltr'>se,</span> 
     </span>
    </p>
   </div>
   <div class='ocr_carea' id='block_1_7' title="bbox 369 674 2013 750">
    <p class='ocr_par' dir='ltr' id='par_1_7' title="bbox 369 674 2013 750">
     <span class='ocr_line' id='line_1_7' title="bbox 369 674 2013 750; baseline -0.004 -15"><span class='ocrx_word' id='word_1_38' title='bbox 369 678 784 750; x_wconf 85' lang='lat' dir='ltr'>redundantes,</span> <span class='ocrx_word' id='word_1_39' title='bbox 812 676 883 735; x_wconf 88' lang='lat' dir='ltr'>ad</span> <span class='ocrx_word' id='word_1_40' title='bbox 906 678 1089 734; x_wconf 91' lang='lat' dir='ltr'>instar</span> <span class='ocrx_word' id='word_1_41' title='bbox 1112 675 1833 749; x_wconf 60' lang='lat' dir='ltr'>prominentiumjrupium,</span> <span class='ocrx_word' id='word_1_42' title='bbox 1858 674 2013 747; x_wconf 87' lang='lat' dir='ltr'>capi-</span> 
     </span>
    </p>
   </div>
   <div class='ocr_carea' id='block_1_8' title="bbox 367 762 2005 826">
    <p class='ocr_par' dir='ltr' id='par_1_8' title="bbox 367 762 2005 826">
     <span class='ocr_line' id='line_1_8' title="bbox 367 762 2005 826; baseline -0.004 -2"><span class='ocrx_word' id='word_1_43' title='bbox 367 769 526 826; x_wconf 83' lang='lat' dir='ltr'>tibus</span> <span class='ocrx_word' id='word_1_44' title='bbox 582 768 878 824; x_wconf 80' lang='lat' dir='ltr'>imminere</span> <span class='ocrx_word' id='word_1_45' title='bbox 935 765 1283 823; x_wconf 88' lang='lat' dir='ltr'>videbantur</span> <span class='ocrx_word' id='word_1_46' title='bbox 1316 765 1372 819; x_wconf 93' lang='lat' dir='ltr'>in</span> <span class='ocrx_word' id='word_1_47' title='bbox 1415 764 1544 820; x_wconf 90' lang='lat' dir='ltr'>navi</span> <span class='ocrx_word' id='word_1_48' title='bbox 1604 762 2005 819; x_wconf 89' lang='lat' dir='ltr'>residentium.</span> 
     </span>
    </p>
   </div>
   <div class='ocr_carea' id='block_1_9' title="bbox 368 850 2011 930">
    <p class='ocr_par' dir='ltr' id='par_1_9' title="bbox 368 850 2011 930">
     <span class='ocr_line' id='line_1_9' title="bbox 368 850 2011 930; baseline -0.005 -15"><span class='ocrx_word' id='word_1_49' title='bbox 368 859 576 930; x_wconf 88' lang='lat' dir='ltr'>Sicque</span> <span class='ocrx_word' id='word_1_50' title='bbox 604 857 767 913; x_wconf 90' lang='lat' dir='ltr'>navis</span> <span class='ocrx_word' id='word_1_51' title='bbox 791 855 905 912; x_wconf 88' lang='lat' dir='ltr'>huc</span> <span class='ocrx_word' id='word_1_52' title='bbox 934 854 1190 925; x_wconf 90' lang='lat' dir='ltr'>illucque</span> <span class='ocrx_word' id='word_1_53' title='bbox 1214 854 1378 923; x_wconf 81' lang='lat' dir='ltr'>vagis</span> <span class='ocrx_word' id='word_1_54' title='bbox 1410 851 1691 909; x_wconf 83' lang='lat' dir='ltr'>dilabitur</span> <span class='ocrx_word' id='word_1_55' title='bbox 1724 850 1915 921; x_wconf 92' lang='lat' dir='ltr'>undis,</span> <span class='ocrx_word' id='word_1_56' title='bbox 1951 854 2011 907; x_wconf 90' lang='lat' dir='ltr'>et</span> 
     </span>
    </p>
   </div>
   <div class='ocr_carea' id='block_1_10' title="bbox 365 939 2011 1014">
    <p class='ocr_par' dir='ltr' id='par_1_10' title="bbox 365 939 2011 1014">
     <span class='ocr_line' id='line_1_10' title="bbox 365 939 2011 1014; baseline -0.004 -11"><span class='ocrx_word' id='word_1_57' title='bbox 365 960 519 1005; x_wconf 92' lang='lat' dir='ltr'>nunc</span> <span class='ocrx_word' id='word_1_58' title='bbox 559 959 781 1003; x_wconf 92' lang='lat' dir='ltr'>summo</span> <span class='ocrx_word' id='word_1_59' title='bbox 810 945 866 999; x_wconf 90' lang='lat' dir='ltr'>in</span> <span class='ocrx_word' id='word_1_60' title='bbox 916 941 1095 1000; x_wconf 90' lang='lat' dir='ltr'>ﬂuctu</span> <span class='ocrx_word' id='word_1_61' title='bbox 1140 940 1417 1014; x_wconf 90' lang='lat' dir='ltr'>pendens,</span> <span class='ocrx_word' id='word_1_62' title='bbox 1454 956 1604 998; x_wconf 90' lang='lat' dir='ltr'>nunc</span> <span class='ocrx_word' id='word_1_63' title='bbox 1637 939 1787 997; x_wconf 89' lang='lat' dir='ltr'>unda</span> <span class='ocrx_word' id='word_1_64' title='bbox 1821 939 2011 996; x_wconf 92' lang='lat' dir='ltr'>dehis-</span> 
     </span>
    </p>
   </div>
   <div class='ocr_carea' id='block_1_11' title="bbox 362 1028 2011 1103">
    <p class='ocr_par' dir='ltr' id='par_1_11' title="bbox 362 1028 2011 1103">
     <span class='ocr_line' id='line_1_11' title="bbox 362 1028 2011 1103; baseline -0.004 -11"><span class='ocrx_word' id='word_1_65' title='bbox 362 1050 504 1092; x_wconf 89' lang='lat' dir='ltr'>cens</span> <span class='ocrx_word' id='word_1_66' title='bbox 534 1040 750 1091; x_wconf 91' lang='lat' dir='ltr'>terram</span> <span class='ocrx_word' id='word_1_67' title='bbox 772 1033 925 1089; x_wconf 91' lang='lat' dir='ltr'>inter</span> <span class='ocrx_word' id='word_1_68' title='bbox 957 1032 1168 1089; x_wconf 90' lang='lat' dir='ltr'>ﬂuctus</span> <span class='ocrx_word' id='word_1_69' title='bbox 1193 1031 1399 1103; x_wconf 91' lang='lat' dir='ltr'>aperit,</span> <span class='ocrx_word' id='word_1_70' title='bbox 1425 1030 1799 1101; x_wconf 82' lang='lat' dir='ltr'>turbatisque</span> <span class='ocrx_word' id='word_1_71' title='bbox 1817 1028 2011 1086; x_wconf 88' lang='lat' dir='ltr'>nautis</span> 
     </span>
    </p>
   </div>
   <div class='ocr_carea' id='block_1_12' title="bbox 364 1117 2006 1196">
    <p class='ocr_par' dir='ltr' id='par_1_12' title="bbox 364 1117 2006 1196">
     <span class='ocr_line' id='line_1_12' title="bbox 364 1117 2006 1196; baseline -0.005 -16"><span class='ocrx_word' id='word_1_72' title='bbox 364 1137 485 1196; x_wconf 64' lang='lat' dir='ltr'>pre</span> <span class='ocrx_word' id='word_1_73' title='bbox 516 1135 733 1195; x_wconf 86' lang='lat' dir='ltr'>pavore</span> <span class='ocrx_word' id='word_1_74' title='bbox 766 1120 991 1192; x_wconf 91' lang='lat' dir='ltr'>mortis,</span> <span class='ocrx_word' id='word_1_75' title='bbox 1037 1134 1220 1177; x_wconf 91' lang='lat' dir='ltr'>sonus</span> <span class='ocrx_word' id='word_1_76' title='bbox 1251 1119 1417 1176; x_wconf 72' lang='lat' dir='ltr'>haesit</span> <span class='ocrx_word' id='word_1_77' title='bbox 1469 1119 1525 1175; x_wconf 93' lang='lat' dir='ltr'>in</span> <span class='ocrx_word' id='word_1_78' title='bbox 1555 1122 1794 1190; x_wconf 78' lang='lat' dir='ltr'>gutture</span> <span class='ocrx_word' id='word_1_79' title='bbox 1828 1117 2006 1175; x_wconf 82' lang='lat' dir='ltr'>vocis.</span> 
     </span>
    </p>
   </div>
   <div class='ocr_carea' id='block_1_13' title="bbox 360 1207 2011 1281">
    <p class='ocr_par' dir='ltr' id='par_1_13' title="bbox 360 1207 2011 1281">
     <span class='ocr_line' id='line_1_13' title="bbox 360 1207 2011 1281; baseline -0.004 -12"><span class='ocrx_word' id='word_1_80' title='bbox 360 1214 540 1269; x_wconf 90' lang='lat' dir='ltr'>Tanto</span> <span class='ocrx_word' id='word_1_81' title='bbox 573 1212 743 1268; x_wconf 90' lang='lat' dir='ltr'>nobis</span> <span class='ocrx_word' id='word_1_82' title='bbox 768 1209 1001 1267; x_wconf 89' lang='lat' dir='ltr'>vallatis</span> <span class='ocrx_word' id='word_1_83' title='bbox 1025 1208 1307 1281; x_wconf 89' lang='lat' dir='ltr'>periculo,</span> <span class='ocrx_word' id='word_1_84' title='bbox 1337 1209 1524 1266; x_wconf 88' lang='lat' dir='ltr'>virum</span> <span class='ocrx_word' id='word_1_85' title='bbox 1573 1207 1793 1263; x_wconf 88' lang='lat' dir='ltr'>Domini</span> <span class='ocrx_word' id='word_1_86' title='bbox 1825 1207 1881 1262; x_wconf 92' lang='lat' dir='ltr'>in</span> <span class='ocrx_word' id='word_1_87' title='bbox 1914 1222 2011 1278; x_wconf 90' lang='lat' dir='ltr'>po-</span> 
     </span>
    </p>
   </div>
   <div class='ocr_carea' id='block_1_14' title="bbox 362 1293 2007 1370">
    <p class='ocr_par' dir='ltr' id='par_1_14' title="bbox 362 1293 2007 1370">
     <span class='ocr_line' id='line_1_14' title="bbox 362 1293 2007 1370; baseline -0.004 -13"><span class='ocrx_word' id='word_1_88' title='bbox 362 1300 599 1357; x_wconf 90' lang='lat' dir='ltr'>steriori</span> <span class='ocrx_word' id='word_1_89' title='bbox 621 1299 787 1356; x_wconf 89' lang='lat' dir='ltr'>navis</span> <span class='ocrx_word' id='word_1_90' title='bbox 807 1302 972 1370; x_wconf 91' lang='lat' dir='ltr'>parte</span> <span class='ocrx_word' id='word_1_91' title='bbox 1003 1296 1377 1367; x_wconf 88' lang='lat' dir='ltr'>residentem,</span> <span class='ocrx_word' id='word_1_92' title='bbox 1398 1302 1454 1352; x_wconf 92' lang='lat' dir='ltr'>et</span> <span class='ocrx_word' id='word_1_93' title='bbox 1480 1311 1586 1353; x_wconf 89' lang='lat' dir='ltr'>suo</span> <span class='ocrx_word' id='word_1_94' title='bbox 1615 1310 1774 1352; x_wconf 93' lang='lat' dir='ltr'>more</span> <span class='ocrx_word' id='word_1_95' title='bbox 1807 1293 2007 1351; x_wconf 93' lang='lat' dir='ltr'>nescio</span> 
     </span>
    </p>
   </div>
   <div class='ocr_carea' id='block_1_15' title="bbox 362 1383 2008 1461">
    <p class='ocr_par' dir='ltr' id='par_1_15' title="bbox 362 1383 2008 1461">
     <span class='ocr_line' id='line_1_15' title="bbox 362 1383 2008 1461; baseline -0.004 -15"><span class='ocrx_word' id='word_1_96' title='bbox 362 1389 500 1461; x_wconf 84' lang='lat' dir='ltr'>quid</span> <span class='ocrx_word' id='word_1_97' title='bbox 529 1388 746 1445; x_wconf 87' lang='lat' dir='ltr'>secreti</span> <span class='ocrx_word' id='word_1_98' title='bbox 786 1388 1186 1457; x_wconf 90' lang='lat' dir='ltr'>meditantem,</span> <span class='ocrx_word' id='word_1_99' title='bbox 1211 1390 1265 1441; x_wconf 93' lang='lat' dir='ltr'>et</span> <span class='ocrx_word' id='word_1_100' title='bbox 1291 1399 1490 1441; x_wconf 91' lang='lat' dir='ltr'>eorum</span> <span class='ocrx_word' id='word_1_101' title='bbox 1522 1400 1650 1456; x_wconf 61' lang='lat' dir='ltr'>qua;</span> <span class='ocrx_word' id='word_1_102' title='bbox 1681 1383 1848 1440; x_wconf 88' lang='lat' dir='ltr'>nobis</span> <span class='ocrx_word' id='word_1_103' title='bbox 1877 1398 2008 1439; x_wconf 90' lang='lat' dir='ltr'>eve-</span> 
     </span>
    </p>
   </div>
   <div class='ocr_carea' id='block_1_16' title="bbox 359 1471 2006 1549">
    <p class='ocr_par' dir='ltr' id='par_1_16' title="bbox 359 1471 2006 1549">
     <span class='ocr_line' id='line_1_16' title="bbox 359 1471 2006 1549; baseline -0.004 -15"><span class='ocrx_word' id='word_1_104' title='bbox 359 1480 829 1549; x_wconf 88' lang='lat' dir='ltr'>nerantprorsus</span> <span class='ocrx_word' id='word_1_105' title='bbox 847 1476 1132 1546; x_wconf 91' lang='lat' dir='ltr'>ignarum,</span> <span class='ocrx_word' id='word_1_106' title='bbox 1169 1472 1304 1545; x_wconf 91' lang='lat' dir='ltr'>adii,</span> <span class='ocrx_word' id='word_1_107' title='bbox 1321 1478 1382 1529; x_wconf 92' lang='lat' dir='ltr'>et</span> <span class='ocrx_word' id='word_1_108' title='bbox 1401 1477 1644 1530; x_wconf 91' lang='lat' dir='ltr'>mortem</span> <span class='ocrx_word' id='word_1_109' title='bbox 1660 1471 2006 1529; x_wconf 89' lang='lat' dir='ltr'>omnimodis</span> 
     </span>
    </p>
   </div>
   <div class='ocr_carea' id='block_1_17' title="bbox 358 1560 2006 1634">
    <p class='ocr_par' dir='ltr' id='par_1_17' title="bbox 358 1560 2006 1634">
     <span class='ocr_line' id='line_1_17' title="bbox 358 1560 2006 1634; baseline -0.004 -11"><span class='ocrx_word' id='word_1_110' title='bbox 358 1566 657 1623; x_wconf 88' lang='lat' dir='ltr'>imminere</span> <span class='ocrx_word' id='word_1_111' title='bbox 689 1564 969 1622; x_wconf 89' lang='lat' dir='ltr'>nuntiavi.</span> <span class='ocrx_word' id='word_1_112' title='bbox 997 1562 1103 1629; x_wconf 88' lang='lat' dir='ltr'>Qui</span> <span class='ocrx_word' id='word_1_113' title='bbox 1135 1563 1403 1634; x_wconf 89' lang='lat' dir='ltr'>protinus</span> <span class='ocrx_word' id='word_1_114' title='bbox 1425 1560 1497 1617; x_wconf 95' lang='lat' dir='ltr'>ad</span> <span class='ocrx_word' id='word_1_115' title='bbox 1520 1561 1842 1617; x_wconf 90' lang='lat' dir='ltr'>orationem</span> <span class='ocrx_word' id='word_1_116' title='bbox 1870 1576 2006 1617; x_wconf 90' lang='lat' dir='ltr'>con-</span> 
     </span>
    </p>
   </div>
   <div class='ocr_carea' id='block_1_18' title="bbox 357 1648 2005 1724">
    <p class='ocr_par' dir='ltr' id='par_1_18' title="bbox 357 1648 2005 1724">
     <span class='ocr_line' id='line_1_18' title="bbox 357 1648 2005 1724; baseline -0.004 -12"><span class='ocrx_word' id='word_1_117' title='bbox 357 1654 581 1723; x_wconf 89' lang='lat' dir='ltr'>volans,</span> <span class='ocrx_word' id='word_1_118' title='bbox 617 1658 751 1710; x_wconf 92' lang='lat' dir='ltr'>nota</span> <span class='ocrx_word' id='word_1_119' title='bbox 804 1651 1095 1724; x_wconf 63' lang='lat' dir='ltr'>prasidia,</span> <span class='ocrx_word' id='word_1_120' title='bbox 1132 1657 1465 1707; x_wconf 88' lang='lat' dir='ltr'>sanctorum</span> <span class='ocrx_word' id='word_1_121' title='bbox 1499 1648 1875 1706; x_wconf 89' lang='lat' dir='ltr'>devotissime</span> <span class='ocrx_word' id='word_1_122' title='bbox 1905 1650 2005 1705; x_wconf 89' lang='lat' dir='ltr'>im-</span> 
     </span>
    </p>
   </div>
   <div class='ocr_carea' id='block_1_19' title="bbox 359 1737 2085 1825">
    <p class='ocr_par' dir='ltr' id='par_1_19' title="bbox 359 1737 2085 1825">
     <span class='ocr_line' id='line_1_19' title="bbox 359 1737 2085 1825; baseline -0.002 -27"><span class='ocrx_word' id='word_1_123' title='bbox 359 1742 553 1815; x_wconf 90' lang='lat' dir='ltr'>plorat</span> <span class='ocrx_word' id='word_1_124' title='bbox 591 1741 883 1811; x_wconf 80' lang='lat' dir='ltr'>suﬂ‘ragia,</span> <span class='ocrx_word' id='word_1_125' title='bbox 947 1739 1163 1795; x_wconf 75' lang='lat' dir='ltr'>litanias</span> <span class='ocrx_word' id='word_1_126' title='bbox 1215 1737 1644 1810; x_wconf 88' lang='lat' dir='ltr'>supplicatione</span> <span class='ocrx_word' id='word_1_127' title='bbox 1705 1737 1995 1809; x_wconf 89' lang='lat' dir='ltr'>imposita.</span> <span class='ocrx_word' id='word_1_128' title='bbox 2028 1762 2085 1825; x_wconf 81' lang='grc' dir='ltr'>Β</span> 
     </span>
    </p>
   </div>
   <div class='ocr_carea' id='block_1_20' title="bbox 355 1826 2001 1897">
    <p class='ocr_par' dir='ltr' id='par_1_20' title="bbox 355 1826 2001 1897">
     <span class='ocr_line' id='line_1_20' title="bbox 355 1826 2001 1897; baseline -0.003 -10"><span class='ocrx_word' id='word_1_129' title='bbox 355 1830 574 1887; x_wconf 90' lang='lat' dir='ltr'>Dehinc</span> <span class='ocrx_word' id='word_1_130' title='bbox 594 1844 723 1886; x_wconf 93' lang='lat' dir='ltr'>cum</span> <span class='ocrx_word' id='word_1_131' title='bbox 745 1830 951 1885; x_wconf 91' lang='lat' dir='ltr'>crebra</span> <span class='ocrx_word' id='word_1_132' title='bbox 972 1832 1188 1884; x_wconf 71' lang='lat' dir='ltr'>sanctae</span> <span class='ocrx_word' id='word_1_133' title='bbox 1210 1827 1404 1882; x_wconf 91' lang='lat' dir='ltr'>crucis</span> <span class='ocrx_word' id='word_1_134' title='bbox 1428 1826 1776 1897; x_wconf 83' lang='lat' dir='ltr'>objections,</span> <span class='ocrx_word' id='word_1_135' title='bbox 1811 1827 2001 1883; x_wconf 91' lang='lat' dir='ltr'>Salva-</span> 
     </span>
    </p>
   </div>
   <div class='ocr_carea' id='block_1_21' title="bbox 355 1913 1996 1989">
    <p class='ocr_par' dir='ltr' id='par_1_21' title="bbox 355 1913 1996 1989">
     <span class='ocr_line' id='line_1_21' title="bbox 355 1913 1996 1989; baseline -0.002 -16"><span class='ocrx_word' id='word_1_136' title='bbox 355 1916 855 1989; x_wconf 89' lang='lat' dir='ltr'>tormundi,salva</span> <span class='ocrx_word' id='word_1_137' title='bbox 889 1916 1195 1987; x_wconf 89' lang='lat' dir='ltr'>nos,coepit</span> <span class='ocrx_word' id='word_1_138' title='bbox 1218 1929 1445 1971; x_wconf 89' lang='lat' dir='ltr'>canere.</span> <span class='ocrx_word' id='word_1_139' title='bbox 1483 1913 1590 1980; x_wconf 89' lang='lat' dir='ltr'>Qui</span> <span class='ocrx_word' id='word_1_140' title='bbox 1618 1928 1722 1985; x_wconf 92' lang='lat' dir='ltr'>per</span> <span class='ocrx_word' id='word_1_141' title='bbox 1745 1929 1996 1986; x_wconf 90' lang='lat' dir='ltr'>crucem,</span> 
     </span>
    </p>
   </div>
   <div class='ocr_carea' id='block_1_22' title="bbox 356 2002 1995 2079">
    <p class='ocr_par' dir='ltr' id='par_1_22' title="bbox 356 2002 1995 2079">
     <span class='ocr_line' id='line_1_22' title="bbox 356 2002 1995 2079; baseline -0.003 -17"><span class='ocrx_word' id='word_1_142' title='bbox 356 2007 648 2079; x_wconf 90' lang='lat' dir='ltr'>inquiens,</span> <span class='ocrx_word' id='word_1_143' title='bbox 692 2009 749 2061; x_wconf 93' lang='lat' dir='ltr'>et</span> <span class='ocrx_word' id='word_1_144' title='bbox 790 2005 1127 2073; x_wconf 86' lang='lat' dir='ltr'>sanguinem</span> <span class='ocrx_word' id='word_1_145' title='bbox 1179 2002 1480 2059; x_wconf 90' lang='lat' dir='ltr'>redemisti</span> <span class='ocrx_word' id='word_1_146' title='bbox 1508 2017 1631 2073; x_wconf 91' lang='lat' dir='ltr'>nos,</span> <span class='ocrx_word' id='word_1_147' title='bbox 1694 2002 1995 2059; x_wconf 86' lang='lat' dir='ltr'>auxiliare.</span> 
     </span>
    </p>
   </div>
   <div class='ocr_carea' id='block_1_23' title="bbox 355 2091 2002 2163">
    <p class='ocr_par' dir='ltr' id='par_1_23' title="bbox 355 2091 2002 2163">
     <span class='ocr_line' id='line_1_23' title="bbox 355 2091 2002 2163; baseline -0.004 -10"><span class='ocrx_word' id='word_1_148' title='bbox 355 2098 633 2153; x_wconf 82' lang='lat' dir='ltr'>Hortatur</span> <span class='ocrx_word' id='word_1_149' title='bbox 653 2094 879 2162; x_wconf 90' lang='lat' dir='ltr'>dehinc,</span> <span class='ocrx_word' id='word_1_150' title='bbox 901 2092 1215 2163; x_wconf 88' lang='lat' dir='ltr'>resumptis</span> <span class='ocrx_word' id='word_1_151' title='bbox 1227 2092 1453 2147; x_wconf 89' lang='lat' dir='ltr'>viribus</span> <span class='ocrx_word' id='word_1_152' title='bbox 1470 2096 1813 2148; x_wconf 88' lang='lat' dir='ltr'>constanter</span> <span class='ocrx_word' id='word_1_153' title='bbox 1833 2091 2002 2149; x_wconf 88' lang='lat' dir='ltr'>remi-</span> 
     </span>
    </p>
   </div>
   <div class='ocr_carea' id='block_1_24' title="bbox 352 2179 2000 2257">
    <p class='ocr_par' dir='ltr' id='par_1_24' title="bbox 352 2179 2000 2257">
     <span class='ocr_line' id='line_1_24' title="bbox 352 2179 2000 2257; baseline -0.004 -15"><span class='ocrx_word' id='word_1_154' title='bbox 352 2200 493 2257; x_wconf 85' lang='lat' dir='ltr'>gare</span> <span class='ocrx_word' id='word_1_155' title='bbox 523 2184 703 2253; x_wconf 87' lang='lat' dir='ltr'>viros,</span> <span class='ocrx_word' id='word_1_156' title='bbox 738 2182 896 2240; x_wconf 88' lang='lat' dir='ltr'>nullo</span> <span class='ocrx_word' id='word_1_157' title='bbox 927 2186 1083 2237; x_wconf 91' lang='lat' dir='ltr'>metu</span> <span class='ocrx_word' id='word_1_158' title='bbox 1141 2181 1347 2237; x_wconf 88' lang='lat' dir='ltr'>mortis</span> <span class='ocrx_word' id='word_1_159' title='bbox 1388 2180 1641 2251; x_wconf 90' lang='lat' dir='ltr'>concuti,</span> <span class='ocrx_word' id='word_1_160' title='bbox 1676 2179 1895 2236; x_wconf 91' lang='lat' dir='ltr'>nullum</span> <span class='ocrx_word' id='word_1_161' title='bbox 1927 2194 2000 2237; x_wconf 92' lang='lat' dir='ltr'>ex</span> 
     </span>
    </p>
   </div>
   <div class='ocr_carea' id='block_1_25' title="bbox 353 2268 2000 2341">
    <p class='ocr_par' dir='ltr' id='par_1_25' title="bbox 353 2268 2000 2341">
     <span class='ocr_line' id='line_1_25' title="bbox 353 2268 2000 2341; baseline -0.003 -12"><span class='ocrx_word' id='word_1_162' title='bbox 353 2274 439 2329; x_wconf 90' lang='lat' dir='ltr'>eis</span> <span class='ocrx_word' id='word_1_163' title='bbox 474 2285 745 2329; x_wconf 87' lang='lat' dir='ltr'>asserens</span> <span class='ocrx_word' id='word_1_164' title='bbox 769 2271 1094 2341; x_wconf 88' lang='lat' dir='ltr'>periturum</span> <span class='ocrx_word' id='word_1_165' title='bbox 1122 2268 1485 2341; x_wconf 88' lang='lat' dir='ltr'>providentia</span> <span class='ocrx_word' id='word_1_166' title='bbox 1509 2269 1627 2324; x_wconf 90' lang='lat' dir='ltr'>Dei.</span> <span class='ocrx_word' id='word_1_167' title='bbox 1654 2269 1770 2324; x_wconf 82' lang='lat' dir='ltr'>Hac</span> <span class='ocrx_word' id='word_1_168' title='bbox 1793 2269 2000 2325; x_wconf 84' lang='lat' dir='ltr'>exhor-</span> 
     </span>
    </p>
   </div>
   <div class='ocr_carea' id='block_1_26' title="bbox 352 2357 1995 2430">
    <p class='ocr_par' dir='ltr' id='par_1_26' title="bbox 352 2357 1995 2430">
     <span class='ocr_line' id='line_1_26' title="bbox 352 2357 1995 2430; baseline -0.003 -12"><span class='ocrx_word' id='word_1_169' title='bbox 352 2361 575 2418; x_wconf 91' lang='lat' dir='ltr'>tatione</span> <span class='ocrx_word' id='word_1_170' title='bbox 621 2359 879 2430; x_wconf 89' lang='lat' dir='ltr'>animati,</span> <span class='ocrx_word' id='word_1_171' title='bbox 942 2362 999 2413; x_wconf 90' lang='lat' dir='ltr'>et</span> <span class='ocrx_word' id='word_1_172' title='bbox 1034 2358 1302 2428; x_wconf 90' lang='lat' dir='ltr'>quoniam</span> <span class='ocrx_word' id='word_1_173' title='bbox 1333 2372 1427 2413; x_wconf 90' lang='lat' dir='ltr'>res</span> <span class='ocrx_word' id='word_1_174' title='bbox 1457 2372 1564 2429; x_wconf 90' lang='lat' dir='ltr'>pro</span> <span class='ocrx_word' id='word_1_175' title='bbox 1592 2358 1777 2413; x_wconf 90' lang='lat' dir='ltr'>anima</span> <span class='ocrx_word' id='word_1_176' title='bbox 1808 2357 1995 2413; x_wconf 86' lang='lat' dir='ltr'>fuerat</span> 
     </span>
    </p>
   </div>
   <div class='ocr_carea' id='block_1_27' title="bbox 351 2445 1995 2520">
    <p class='ocr_par' dir='ltr' id='par_1_27' title="bbox 351 2445 1995 2520">
     <span class='ocr_line' id='line_1_27' title="bbox 351 2445 1995 2520; baseline 0 -17"><span class='ocrx_word' id='word_1_177' title='bbox 351 2447 487 2520; x_wconf 87' lang='lat' dir='ltr'>illis,</span> <span class='ocrx_word' id='word_1_178' title='bbox 505 2447 641 2505; x_wconf 91' lang='lat' dir='ltr'>dum</span> <span class='ocrx_word' id='word_1_179' title='bbox 669 2447 903 2503; x_wconf 90' lang='lat' dir='ltr'>fortiter</span> <span class='ocrx_word' id='word_1_180' title='bbox 917 2445 988 2502; x_wconf 91' lang='lat' dir='ltr'>ad</span> <span class='ocrx_word' id='word_1_181' title='bbox 1011 2445 1180 2502; x_wconf 91' lang='lat' dir='ltr'>littus</span> <span class='ocrx_word' id='word_1_182' title='bbox 1206 2446 1469 2517; x_wconf 89' lang='lat' dir='ltr'>tendunt,</span> <span class='ocrx_word' id='word_1_183' title='bbox 1495 2445 1995 2517; x_wconf 73' lang='lat' dir='ltr'>viriliterzequora</span> 
     </span>
    </p>
   </div>
   <div class='ocr_carea' id='block_1_28' title="bbox 354 2533 1999 2609">
    <p class='ocr_par' dir='ltr' id='par_1_28' title="bbox 354 2533 1999 2609">
     <span class='ocr_line' id='line_1_28' title="bbox 354 2533 1999 2609; baseline -0.001 -15"><span class='ocrx_word' id='word_1_184' title='bbox 354 2535 887 2609; x_wconf 79' lang='lat' dir='ltr'>scinduntJnterea</span> <span class='ocrx_word' id='word_1_185' title='bbox 903 2533 1253 2591; x_wconf 89' lang='lat' dir='ltr'>miserabilis</span> <span class='ocrx_word' id='word_1_186' title='bbox 1266 2533 1486 2591; x_wconf 88' lang='lat' dir='ltr'>clamor</span> <span class='ocrx_word' id='word_1_187' title='bbox 1500 2534 1807 2606; x_wconf 89' lang='lat' dir='ltr'>utriusque</span> <span class='ocrx_word' id='word_1_188' title='bbox 1823 2549 1999 2592; x_wconf 91' lang='lat' dir='ltr'>sexus</span> 
     </span>
    </p>
   </div>
   <div class='ocr_carea' id='block_1_29' title="bbox 352 2622 1998 2697">
    <p class='ocr_par' dir='ltr' id='par_1_29' title="bbox 352 2622 1998 2697">
     <span class='ocr_line' id='line_1_29' title="bbox 352 2622 1998 2697; baseline -0.001 -16"><span class='ocrx_word' id='word_1_189' title='bbox 352 2639 529 2697; x_wconf 87' lang='lat' dir='ltr'>super</span> <span class='ocrx_word' id='word_1_190' title='bbox 546 2625 718 2681; x_wconf 89' lang='lat' dir='ltr'>littus</span> <span class='ocrx_word' id='word_1_191' title='bbox 740 2622 1188 2680; x_wconf 90' lang='lat' dir='ltr'>consistentium</span> <span class='ocrx_word' id='word_1_192' title='bbox 1208 2622 1499 2678; x_wconf 89' lang='lat' dir='ltr'>attollitur</span> <span class='ocrx_word' id='word_1_193' title='bbox 1523 2623 1577 2677; x_wconf 92' lang='lat' dir='ltr'>in</span> <span class='ocrx_word' id='word_1_194' title='bbox 1598 2622 1830 2693; x_wconf 72' lang='lat' dir='ltr'>cmlum,</span> <span class='ocrx_word' id='word_1_195' title='bbox 1848 2623 1998 2696; x_wconf 90' lang='lat' dir='ltr'>peri-</span> 
     </span>
    </p>
   </div>
   <div class='ocr_carea' id='block_1_30' title="bbox 349 2710 1996 2777">
    <p class='ocr_par' dir='ltr' id='par_1_30' title="bbox 349 2710 1996 2777">
     <span class='ocr_line' id='line_1_30' title="bbox 349 2710 1996 2777; baseline -0.001 -8"><span class='ocrx_word' id='word_1_196' title='bbox 349 2714 546 2770; x_wconf 92' lang='lat' dir='ltr'>culum</span> <span class='ocrx_word' id='word_1_197' title='bbox 590 2716 859 2768; x_wconf 91' lang='lat' dir='ltr'>nostrum</span> <span class='ocrx_word' id='word_1_198' title='bbox 907 2710 1134 2766; x_wconf 89' lang='lat' dir='ltr'>eminus</span> <span class='ocrx_word' id='word_1_199' title='bbox 1190 2710 1557 2767; x_wconf 90' lang='lat' dir='ltr'>intuentium.</span> <span class='ocrx_word' id='word_1_200' title='bbox 1619 2710 1768 2777; x_wconf 87' lang='lat' dir='ltr'>Quid</span> <span class='ocrx_word' id='word_1_201' title='bbox 1799 2711 1996 2768; x_wconf 91' lang='lat' dir='ltr'>multis</span> 
     </span>
    </p>
   </div>
   <div class='ocr_carea' id='block_1_31' title="bbox 350 2800 1995 2871">
    <p class='ocr_par' dir='ltr' id='par_1_31' title="bbox 350 2800 1995 2871">
     <span class='ocr_line' id='line_1_31' title="bbox 350 2800 1995 2871; baseline -0.001 -12"><span class='ocrx_word' id='word_1_202' title='bbox 350 2805 568 2859; x_wconf 86' lang='lat' dir='ltr'>morer?</span> <span class='ocrx_word' id='word_1_203' title='bbox 608 2802 763 2857; x_wconf 88' lang='lat' dir='ltr'>Inter</span> <span class='ocrx_word' id='word_1_204' title='bbox 787 2800 1037 2857; x_wconf 79' lang='lat' dir='ltr'>conﬁnia</span> <span class='ocrx_word' id='word_1_205' title='bbox 1079 2800 1250 2871; x_wconf 90' lang='lat' dir='ltr'>positi</span> <span class='ocrx_word' id='word_1_206' title='bbox 1271 2800 1477 2855; x_wconf 89' lang='lat' dir='ltr'>mortis</span> <span class='ocrx_word' id='word_1_207' title='bbox 1500 2805 1555 2855; x_wconf 93' lang='lat' dir='ltr'>et</span> <span class='ocrx_word' id='word_1_208' title='bbox 1579 2801 1735 2871; x_wconf 65' lang='lat' dir='ltr'>vitaz,</span> <span class='ocrx_word' id='word_1_209' title='bbox 1763 2802 1995 2858; x_wconf 88' lang='lat' dir='ltr'>tandem</span> 
     </span>
    </p>
   </div>
   <div class='ocr_carea' id='block_1_32' title="bbox 348 2888 1995 2963">
    <p class='ocr_par' dir='ltr' id='par_1_32' title="bbox 348 2888 1995 2963">
     <span class='ocr_line' id='line_1_32' title="bbox 348 2888 1995 2963; baseline -0.001 -15"><span class='ocrx_word' id='word_1_210' title='bbox 348 2890 712 2963; x_wconf 88' lang='lat' dir='ltr'>perlabimur</span> <span class='ocrx_word' id='word_1_211' title='bbox 751 2888 822 2946; x_wconf 90' lang='lat' dir='ltr'>ad</span> <span class='ocrx_word' id='word_1_212' title='bbox 846 2889 1056 2959; x_wconf 92' lang='lat' dir='ltr'>locum,</span> <span class='ocrx_word' id='word_1_213' title='bbox 1103 2888 1197 2945; x_wconf 92' lang='lat' dir='ltr'>ubi</span> <span class='ocrx_word' id='word_1_214' title='bbox 1222 2888 1533 2945; x_wconf 91' lang='lat' dir='ltr'>multitudo</span> <span class='ocrx_word' id='word_1_215' title='bbox 1555 2889 1785 2946; x_wconf 87' lang='lat' dir='ltr'>navium</span> <span class='ocrx_word' id='word_1_216' title='bbox 1817 2888 1995 2947; x_wconf 90' lang='lat' dir='ltr'>latius</span> 
     </span>
    </p>
   </div>
   <div class='ocr_carea' id='block_1_33' title="bbox 348 2976 2031 3051">
    <p class='ocr_par' dir='ltr' id='par_1_33' title="bbox 348 2976 2031 3051">
     <span class='ocr_line' id='line_1_33' title="bbox 348 2976 2031 3051; baseline -0.002 -14"><span class='ocrx_word' id='word_1_217' title='bbox 348 2980 531 3037; x_wconf 90' lang='lat' dir='ltr'>Rheni</span> <span class='ocrx_word' id='word_1_218' title='bbox 580 2982 971 3051; x_wconf 88' lang='lat' dir='ltr'>occupaverat</span> <span class='ocrx_word' id='word_1_219' title='bbox 1002 2978 1207 3034; x_wconf 90' lang='lat' dir='ltr'>sinum.</span> <span class='ocrx_word' id='word_1_220' title='bbox 1244 2976 1398 3043; x_wconf 91' lang='lat' dir='ltr'>Quas</span> <span class='ocrx_word' id='word_1_221' title='bbox 1424 2977 1797 3048; x_wconf 89' lang='lat' dir='ltr'>attingentes,</span> <span class='ocrx_word' id='word_1_222' title='bbox 1832 2982 1891 3034; x_wconf 91' lang='lat' dir='ltr'>et</span> <span class='ocrx_word' id='word_1_223' title='bbox 1922 2993 1993 3036; x_wconf 88' lang='lat' dir='ltr'>ex</span> <span class='ocrx_word' id='word_1_224' title='bbox 2025 2980 2031 2984; x_wconf 82' lang='lat'><em>&#39;</em></span> 
     </span>
    </p>
   </div>
   <div class='ocr_carea' id='block_1_34' title="bbox 348 3065 1993 3137">
    <p class='ocr_par' dir='ltr' id='par_1_34' title="bbox 348 3065 1993 3137">
     <span class='ocr_line' id='line_1_34' title="bbox 348 3065 1993 3137; baseline -0.001 -12"><span class='ocrx_word' id='word_1_225' title='bbox 348 3068 537 3127; x_wconf 90' lang='lat' dir='ltr'>altera</span> <span class='ocrx_word' id='word_1_226' title='bbox 559 3070 616 3125; x_wconf 91' lang='lat' dir='ltr'>in</span> <span class='ocrx_word' id='word_1_227' title='bbox 648 3068 891 3125; x_wconf 89' lang='lat' dir='ltr'>alteram</span> <span class='ocrx_word' id='word_1_228' title='bbox 923 3066 1427 3137; x_wconf 89' lang='lat' dir='ltr'>transmigrantes,</span> <span class='ocrx_word' id='word_1_229' title='bbox 1455 3065 1621 3135; x_wconf 82' lang='lat' dir='ltr'>juxta</span> <span class='ocrx_word' id='word_1_230' title='bbox 1650 3066 1759 3123; x_wconf 91' lang='lat' dir='ltr'>viri</span> <span class='ocrx_word' id='word_1_231' title='bbox 1779 3068 1993 3124; x_wconf 81' lang='lat' dir='ltr'>Deivo-</span> 
     </span>
    </p>
   </div>
   <div class='ocr_carea' id='block_1_35' title="bbox 348 3155 1989 3231">
    <p class='ocr_par' dir='ltr' id='par_1_35' title="bbox 348 3155 1989 3231">
     <span class='ocr_line' id='line_1_35' title="bbox 348 3155 1989 3231; baseline -0.002 -16"><span class='ocrx_word' id='word_1_232' title='bbox 348 3172 491 3229; x_wconf 91' lang='lat' dir='ltr'>cem,</span> <span class='ocrx_word' id='word_1_233' title='bbox 527 3163 743 3231; x_wconf 62' lang='lat' dir='ltr'>praeter</span> <span class='ocrx_word' id='word_1_234' title='bbox 775 3171 937 3228; x_wconf 90' lang='lat' dir='ltr'>spem</span> <span class='ocrx_word' id='word_1_235' title='bbox 983 3156 1278 3212; x_wconf 90' lang='lat' dir='ltr'>evasimus</span> <span class='ocrx_word' id='word_1_236' title='bbox 1328 3170 1545 3211; x_wconf 91' lang='lat' dir='ltr'>omnes.</span> <span class='ocrx_word' id='word_1_237' title='bbox 1581 3155 1989 3212; x_wconf 88' lang='lat' dir='ltr'>Verumtamen</span> 
     </span>
    </p>
   </div>
   <div class='ocr_carea' id='block_1_36' title="bbox 290 3242 1985 3315">
    <p class='ocr_par' dir='ltr' id='par_1_36' title="bbox 290 3242 1985 3315">
     <span class='ocr_line' id='line_1_36' title="bbox 290 3242 1985 3315; baseline -0.002 -10"><span class='ocrx_word' id='word_1_238' title='bbox 290 3289 305 3292; x_wconf 59' lang='grc' dir='ltr'><em>ρ</em></span> <span class='ocrx_word' id='word_1_239' title='bbox 346 3260 418 3304; x_wconf 87' lang='lat' dir='ltr'>ne</span> <span class='ocrx_word' id='word_1_240' title='bbox 441 3247 813 3304; x_wconf 89' lang='lat' dir='ltr'>dubitaretur</span> <span class='ocrx_word' id='word_1_241' title='bbox 836 3244 955 3301; x_wconf 91' lang='lat' dir='ltr'>ullo</span> <span class='ocrx_word' id='word_1_242' title='bbox 979 3242 1321 3300; x_wconf 89' lang='lat' dir='ltr'>modoillius</span> <span class='ocrx_word' id='word_1_243' title='bbox 1342 3259 1447 3299; x_wconf 89' lang='lat' dir='ltr'>nos</span> <span class='ocrx_word' id='word_1_244' title='bbox 1475 3243 1733 3301; x_wconf 86' lang='lat' dir='ltr'>salvatos</span> <span class='ocrx_word' id='word_1_245' title='bbox 1756 3244 1985 3315; x_wconf 89' lang='lat' dir='ltr'>merito,</span> 
     </span>
    </p>
   </div>
   <div class='ocr_carea' id='block_1_37' title="bbox 347 3331 1990 3413">
    <p class='ocr_par' dir='ltr' id='par_1_37' title="bbox 347 3331 1990 3413">
     <span class='ocr_line' id='line_1_37' title="bbox 347 3331 1990 3413; baseline -0.003 -19"><span class='ocrx_word' id='word_1_246' title='bbox 347 3337 574 3413; x_wconf 74' lang='lat' dir='ltr'>concito</span> <span class='ocrx_word' id='word_1_247' title='bbox 608 3334 666 3390; x_wconf 91' lang='lat' dir='ltr'>id</span> <span class='ocrx_word' id='word_1_248' title='bbox 692 3335 888 3390; x_wconf 92' lang='lat' dir='ltr'>rabies</span> <span class='ocrx_word' id='word_1_249' title='bbox 927 3334 1109 3389; x_wconf 83' lang='lat' dir='ltr'>Rheni</span> <span class='ocrx_word' id='word_1_250' title='bbox 1139 3332 1391 3388; x_wconf 91' lang='lat' dir='ltr'>ﬂuminis</span> <span class='ocrx_word' id='word_1_251' title='bbox 1423 3332 1615 3388; x_wconf 90' lang='lat' dir='ltr'>divino</span> <span class='ocrx_word' id='word_1_252' title='bbox 1672 3331 1990 3390; x_wconf 89' lang='lat' dir='ltr'>declaravit</span> 
     </span>
    </p>
   </div>
   <div class='ocr_carea' id='block_1_38' title="bbox 346 3419 1989 3493">
    <p class='ocr_par' dir='ltr' id='par_1_38' title="bbox 346 3419 1989 3493">
     <span class='ocr_line' id='line_1_38' title="bbox 346 3419 1989 3493; baseline -0.002 -13"><span class='ocrx_word' id='word_1_253' title='bbox 346 3423 580 3480; x_wconf 90' lang='lat' dir='ltr'>indicio.</span> <span class='ocrx_word' id='word_1_254' title='bbox 612 3422 869 3492; x_wconf 89' lang='lat' dir='ltr'>Denique</span> <span class='ocrx_word' id='word_1_255' title='bbox 898 3426 960 3477; x_wconf 93' lang='lat' dir='ltr'>ut</span> <span class='ocrx_word' id='word_1_256' title='bbox 985 3420 1082 3477; x_wconf 91' lang='lat' dir='ltr'>ille</span> <span class='ocrx_word' id='word_1_257' title='bbox 1112 3422 1319 3476; x_wconf 89' lang='lat' dir='ltr'>beatus</span> <span class='ocrx_word' id='word_1_258' title='bbox 1342 3419 1544 3491; x_wconf 91' lang='lat' dir='ltr'>pedem</span> <span class='ocrx_word' id='word_1_259' title='bbox 1566 3425 1730 3477; x_wconf 85' lang='lat' dir='ltr'>extra</span> <span class='ocrx_word' id='word_1_260' title='bbox 1753 3421 1989 3493; x_wconf 90' lang='lat' dir='ltr'>puppim</span> 
     </span>
    </p>
   </div>
   <div class='ocr_carea' id='block_1_39' title="bbox 343 3509 1986 3587">
    <p class='ocr_par' dir='ltr' id='par_1_39' title="bbox 343 3509 1986 3587">
     <span class='ocr_line' id='line_1_39' title="bbox 343 3509 1986 3587; baseline -0.001 -18"><span class='ocrx_word' id='word_1_261' title='bbox 343 3510 574 3583; x_wconf 81' lang='lat' dir='ltr'>extulit,</span> <span class='ocrx_word' id='word_1_262' title='bbox 610 3509 784 3584; x_wconf 87' lang='lat' dir='ltr'>paulo</span> <span class='ocrx_word' id='word_1_263' title='bbox 834 3514 969 3566; x_wconf 91' lang='lat' dir='ltr'>ante</span> <span class='ocrx_word' id='word_1_264' title='bbox 1000 3509 1280 3566; x_wconf 90' lang='lat' dir='ltr'>divinitus</span> <span class='ocrx_word' id='word_1_265' title='bbox 1338 3509 1638 3587; x_wconf 88' lang='lat' dir='ltr'>suspensis</span> <span class='ocrx_word' id='word_1_266' title='bbox 1693 3510 1986 3582; x_wconf 89' lang='lat' dir='ltr'>ﬂuctibus,</span> 
     </span>
    </p>
   </div>
   <div class='ocr_carea' id='block_1_40' title="bbox 345 3597 1986 3674">
    <p class='ocr_par' dir='ltr' id='par_1_40' title="bbox 345 3597 1986 3674">
     <span class='ocr_line' id='line_1_40' title="bbox 345 3597 1986 3674; baseline -0.002 -17"><span class='ocrx_word' id='word_1_267' title='bbox 345 3600 559 3674; x_wconf 61' lang='lat' dir='ltr'>prada;</span> <span class='ocrx_word' id='word_1_268' title='bbox 592 3599 811 3668; x_wconf 87' lang='lat' dir='ltr'>fuit;et</span> <span class='ocrx_word' id='word_1_269' title='bbox 844 3614 970 3671; x_wconf 70' lang='lat' dir='ltr'>quae</span> <span class='ocrx_word' id='word_1_270' title='bbox 996 3598 1157 3670; x_wconf 92' lang='lat' dir='ltr'>prius</span> <span class='ocrx_word' id='word_1_271' title='bbox 1188 3602 1399 3654; x_wconf 86' lang='lat' dir='ltr'>onusta</span> <span class='ocrx_word' id='word_1_272' title='bbox 1430 3597 1610 3668; x_wconf 82' lang='lat' dir='ltr'>mergi</span> <span class='ocrx_word' id='word_1_273' title='bbox 1635 3612 1745 3654; x_wconf 89' lang='lat' dir='ltr'>non</span> <span class='ocrx_word' id='word_1_274' title='bbox 1775 3599 1986 3670; x_wconf 83' lang='lat' dir='ltr'>potuit,</span> 
     </span>
    </p>
   </div>
   <div class='ocr_carea' id='block_1_41' title="bbox 345 3685 1992 3758">
    <p class='ocr_par' dir='ltr' id='par_1_41' title="bbox 345 3685 1992 3758">
     <span class='ocr_line' id='line_1_41' title="bbox 345 3685 1992 3758; baseline -0.001 -12"><span class='ocrx_word' id='word_1_275' title='bbox 345 3688 671 3746; x_wconf 89' lang='lat' dir='ltr'>subsistere</span> <span class='ocrx_word' id='word_1_276' title='bbox 690 3692 858 3744; x_wconf 89' lang='lat' dir='ltr'>tanto</span> <span class='ocrx_word' id='word_1_277' title='bbox 880 3688 1117 3744; x_wconf 90' lang='lat' dir='ltr'>viduata</span> <span class='ocrx_word' id='word_1_278' title='bbox 1150 3692 1396 3758; x_wconf 90' lang='lat' dir='ltr'>patrono</span> <span class='ocrx_word' id='word_1_279' title='bbox 1418 3687 1700 3758; x_wconf 88' lang='lat' dir='ltr'>nequivit,</span> <span class='ocrx_word' id='word_1_280' title='bbox 1735 3685 1838 3743; x_wconf 93' lang='lat' dir='ltr'>sed</span> <span class='ocrx_word' id='word_1_281' title='bbox 1862 3703 1992 3758; x_wconf 87' lang='lat' dir='ltr'>pro-</span> 
     </span>
    </p>
   </div>
   <div class='ocr_carea' id='block_1_42' title="bbox 345 3775 1991 3850">
    <p class='ocr_par' dir='ltr' id='par_1_42' title="bbox 345 3775 1991 3850">
     <span class='ocr_line' id='line_1_42' title="bbox 345 3775 1991 3850; baseline -0.002 -15"><span class='ocrx_word' id='word_1_282' title='bbox 345 3779 522 3850; x_wconf 90' lang='lat' dir='ltr'>tinus,</span> <span class='ocrx_word' id='word_1_283' title='bbox 540 3777 713 3834; x_wconf 90' lang='lat' dir='ltr'>nobis</span> <span class='ocrx_word' id='word_1_284' title='bbox 726 3776 1432 3846; x_wconf 89' lang='lat' dir='ltr'>cernentibus,submersa</span> <span class='ocrx_word' id='word_1_285' title='bbox 1454 3775 1757 3847; x_wconf 90' lang='lat' dir='ltr'>disparuit.</span> <span class='ocrx_word' id='word_1_286' title='bbox 1775 3775 1991 3833; x_wconf 89' lang='lat' dir='ltr'>Taliter</span> 
     </span>
    </p>
   </div>
   <div class='ocr_carea' id='block_1_43' title="bbox 344 3863 1988 3940">
    <p class='ocr_par' dir='ltr' id='par_1_43' title="bbox 344 3863 1988 3940">
     <span class='ocr_line' id='line_1_43' title="bbox 344 3863 1988 3940; baseline -0.002 -16"><span class='ocrx_word' id='word_1_287' title='bbox 344 3881 449 3940; x_wconf 91' lang='lat' dir='ltr'>per</span> <span class='ocrx_word' id='word_1_288' title='bbox 497 3866 758 3923; x_wconf 92' lang='lat' dir='ltr'>immensi</span> <span class='ocrx_word' id='word_1_289' title='bbox 808 3864 1075 3921; x_wconf 89' lang='lat' dir='ltr'>moeroris</span> <span class='ocrx_word' id='word_1_290' title='bbox 1109 3863 1517 3935; x_wconf 77' lang='lat' dir='ltr'>praecipitium,</span> <span class='ocrx_word' id='word_1_291' title='bbox 1576 3864 1801 3921; x_wconf 90' lang='lat' dir='ltr'>meritis</span> <span class='ocrx_word' id='word_1_292' title='bbox 1834 3864 1988 3922; x_wconf 90' lang='lat' dir='ltr'>servi</span> 
     </span>
    </p>
   </div>
   <div class='ocr_carea' id='block_1_44' title="bbox 342 3952 1991 4026">
    <p class='ocr_par' dir='ltr' id='par_1_44' title="bbox 342 3952 1991 4026">
     <span class='ocr_line' id='line_1_44' title="bbox 342 3952 1991 4026; baseline -0.002 -14"><span class='ocrx_word' id='word_1_293' title='bbox 342 3956 453 4026; x_wconf 92' lang='lat' dir='ltr'>sui,</span> <span class='ocrx_word' id='word_1_294' title='bbox 487 3953 717 4011; x_wconf 86' lang='lat' dir='ltr'>maximi</span> <span class='ocrx_word' id='word_1_295' title='bbox 749 3953 917 4010; x_wconf 90' lang='lat' dir='ltr'>nobis</span> <span class='ocrx_word' id='word_1_296' title='bbox 961 3952 1157 4023; x_wconf 86' lang='lat' dir='ltr'>gaudii</span> <span class='ocrx_word' id='word_1_297' title='bbox 1189 3952 1465 4010; x_wconf 89' lang='lat' dir='ltr'>Dominus</span> <span class='ocrx_word' id='word_1_298' title='bbox 1497 3952 1747 4009; x_wconf 91' lang='lat' dir='ltr'>contulit</span> <span class='ocrx_word' id='word_1_299' title='bbox 1777 3953 1991 4009; x_wconf 78' lang='lat' dir='ltr'>beneﬁ-</span> 
     </span>
    </p>
   </div>
   <div class='ocr_carea' id='block_1_45' title="bbox 340 4040 1989 4114">
    <p class='ocr_par' dir='ltr' id='par_1_45' title="bbox 340 4040 1989 4114">
     <span class='ocr_line' id='line_1_45' title="bbox 340 4040 1989 4114; baseline -0.002 -13"><span class='ocrx_word' id='word_1_300' title='bbox 340 4044 523 4111; x_wconf 92' lang='lat' dir='ltr'>cium;</span> <span class='ocrx_word' id='word_1_301' title='bbox 549 4040 684 4099; x_wconf 91' lang='lat' dir='ltr'>dum</span> <span class='ocrx_word' id='word_1_302' title='bbox 705 4046 765 4100; x_wconf 91' lang='lat' dir='ltr'>et</span> <span class='ocrx_word' id='word_1_303' title='bbox 788 4042 1071 4101; x_wconf 91' lang='lat' dir='ltr'>virtutum</span> <span class='ocrx_word' id='word_1_304' title='bbox 1091 4040 1217 4111; x_wconf 91' lang='lat' dir='ltr'>ejus</span> <span class='ocrx_word' id='word_1_305' title='bbox 1230 4041 1475 4111; x_wconf 90' lang='lat' dir='ltr'>gratiam</span> <span class='ocrx_word' id='word_1_306' title='bbox 1494 4042 1726 4114; x_wconf 85' lang='lat' dir='ltr'>extulit,</span> <span class='ocrx_word' id='word_1_307' title='bbox 1753 4046 1813 4099; x_wconf 92' lang='lat' dir='ltr'>et</span> <span class='ocrx_word' id='word_1_308' title='bbox 1834 4041 1989 4114; x_wconf 90' lang='lat' dir='ltr'>quod</span> 
     </span>
    </p>
   </div>
   <div class='ocr_carea' id='block_1_46' title="bbox 340 4130 953 4190">
    <p class='ocr_par' dir='ltr' id='par_1_46' title="bbox 340 4130 953 4190">
     <span class='ocr_line' id='line_1_46' title="bbox 340 4130 953 4190; baseline -0.007 0"><span class='ocrx_word' id='word_1_309' title='bbox 340 4133 687 4190; x_wconf 90' lang='lat' dir='ltr'>verebamur</span> <span class='ocrx_word' id='word_1_310' title='bbox 718 4130 953 4188; x_wconf 89' lang='lat' dir='ltr'>avertit.</span> 
     </span>
    </p>
   </div>
   <div class='ocr_carea' id='block_1_47' title="bbox 413 4218 1985 4293">
    <p class='ocr_par' dir='ltr' id='par_1_47' title="bbox 413 4218 1985 4293">
     <span class='ocr_line' id='line_1_47' title="bbox 413 4218 1985 4293; baseline -0.001 -15"><span class='ocrx_word' id='word_1_311' title='bbox 413 4228 497 4278; x_wconf 77' lang='lat'>31.</span> <span class='ocrx_word' id='word_1_312' title='bbox 524 4223 633 4278; x_wconf 90' lang='lat' dir='ltr'>Per</span> <span class='ocrx_word' id='word_1_313' title='bbox 657 4221 808 4277; x_wconf 88' lang='lat' dir='ltr'>idem</span> <span class='ocrx_word' id='word_1_314' title='bbox 830 4224 1064 4293; x_wconf 86' lang='lat' dir='ltr'>tempus</span> <span class='ocrx_word' id='word_1_315' title='bbox 1088 4219 1336 4290; x_wconf 88' lang='lat' dir='ltr'>quadam</span> <span class='ocrx_word' id='word_1_316' title='bbox 1356 4218 1448 4275; x_wconf 91' lang='lat' dir='ltr'>die</span> <span class='ocrx_word' id='word_1_317' title='bbox 1468 4233 1599 4277; x_wconf 92' lang='lat' dir='ltr'>cum</span> <span class='ocrx_word' id='word_1_318' title='bbox 1624 4225 1985 4277; x_wconf 90' lang='lat' dir='ltr'>secretorum</span> 
     </span>
    </p>
   </div>
   <div class='ocr_carea' id='block_1_48' title="bbox 340 4307 1986 4380">
    <p class='ocr_par' dir='ltr' id='par_1_48' title="bbox 340 4307 1986 4380">
     <span class='ocr_line' id='line_1_48' title="bbox 340 4307 1986 4380; baseline -0.002 -11"><span class='ocrx_word' id='word_1_319' title='bbox 340 4327 574 4369; x_wconf 91' lang='lat' dir='ltr'>suorum</span> <span class='ocrx_word' id='word_1_320' title='bbox 605 4311 874 4380; x_wconf 87' lang='lat' dir='ltr'>consciis,</span> <span class='ocrx_word' id='word_1_321' title='bbox 911 4309 1253 4378; x_wconf 91' lang='lat' dir='ltr'>oratorium,</span> <span class='ocrx_word' id='word_1_322' title='bbox 1288 4313 1348 4364; x_wconf 93' lang='lat' dir='ltr'>ut</span> <span class='ocrx_word' id='word_1_323' title='bbox 1374 4314 1509 4365; x_wconf 91' lang='lat' dir='ltr'>tunc</span> <span class='ocrx_word' id='word_1_324' title='bbox 1536 4307 1679 4365; x_wconf 92' lang='lat' dir='ltr'>falso</span> <span class='ocrx_word' id='word_1_325' title='bbox 1711 4309 1986 4366; x_wconf 88' lang='lat' dir='ltr'>credeba-</span> 
     </span>
    </p>
   </div>
   <div class='ocr_carea' id='block_1_49' title="bbox 340 4395 2013 4469">
    <p class='ocr_par' dir='ltr' id='par_1_49' title="bbox 340 4395 2013 4469">
     <span class='ocr_line' id='line_1_49' title="bbox 340 4395 2013 4469; baseline 0 -15"><span class='ocrx_word' id='word_1_326' title='bbox 340 4403 457 4469; x_wconf 92' lang='lat' dir='ltr'>tur,</span> <span class='ocrx_word' id='word_1_327' title='bbox 495 4396 1009 4454; x_wconf 86' lang='lat' dir='ltr'>Brunwillerensis</span> <span class='ocrx_word' id='word_1_328' title='bbox 1032 4395 1321 4468; x_wconf 72' lang='lat' dir='ltr'>parochize</span> <span class='ocrx_word' id='word_1_329' title='bbox 1342 4396 1395 4451; x_wconf 91' lang='lat' dir='ltr'>in</span> <span class='ocrx_word' id='word_1_330' title='bbox 1420 4395 1577 4466; x_wconf 89' lang='lat' dir='ltr'>villa,</span> <span class='ocrx_word' id='word_1_331' title='bbox 1612 4396 1984 4467; x_wconf 87' lang='lat' dir='ltr'>Kyrchedoro</span> <span class='ocrx_word' id='word_1_332' title='bbox 2009 4454 2013 4461; x_wconf 78' lang='grc'><em>,</em></span> 
     </span>
    </p>
   </div>
   <div class='ocr_carea' id='block_1_50' title="bbox 2124 496 3770 578">
    <p class='ocr_par' dir='ltr' id='par_1_50' title="bbox 2124 496 3770 578">
     <span class='ocr_line' id='line_1_50' title="bbox 2124 496 3770 578; baseline 0.007 -26"><span class='ocrx_word' id='word_1_333' title='bbox 2124 496 2461 571; x_wconf 90' lang='lat' dir='ltr'>condolens,</span> <span class='ocrx_word' id='word_1_334' title='bbox 2494 500 2646 556; x_wconf 88' lang='lat' dir='ltr'>datis</span> <span class='ocrx_word' id='word_1_335' title='bbox 2679 503 2853 558; x_wconf 88' lang='lat' dir='ltr'>etiam</span> <span class='ocrx_word' id='word_1_336' title='bbox 2887 507 3222 560; x_wconf 89' lang='lat' dir='ltr'>sanctorum</span> <span class='ocrx_word' id='word_1_337' title='bbox 3247 503 3530 578; x_wconf 89' lang='lat' dir='ltr'>reliquiis,</span> <span class='ocrx_word' id='word_1_338' title='bbox 3564 523 3770 566; x_wconf 86' lang='lat' dir='ltr'>evoca-</span> 
     </span>
    </p>
   </div>
   <div class='ocr_carea' id='block_1_51' title="bbox 2126 588 3764 667">
    <p class='ocr_par' dir='ltr' id='par_1_51' title="bbox 2126 588 3764 667">
     <span class='ocr_line' id='line_1_51' title="bbox 2126 588 3764 667; baseline 0.007 -27"><span class='ocrx_word' id='word_1_339' title='bbox 2126 593 2244 641; x_wconf 92' lang='lat' dir='ltr'>tum</span> <span class='ocrx_word' id='word_1_340' title='bbox 2279 588 2349 642; x_wconf 90' lang='lat' dir='ltr'>ad</span> <span class='ocrx_word' id='word_1_341' title='bbox 2384 603 2447 645; x_wconf 91' lang='lat' dir='ltr'>se</span> <span class='ocrx_word' id='word_1_342' title='bbox 2496 589 2709 647; x_wconf 83' lang='lat' dir='ltr'>direxit</span> <span class='ocrx_word' id='word_1_343' title='bbox 2755 607 2885 647; x_wconf 91' lang='lat' dir='ltr'>cum</span> <span class='ocrx_word' id='word_1_344' title='bbox 2917 608 2985 648; x_wconf 90' lang='lat' dir='ltr'>eo</span> <span class='ocrx_word' id='word_1_345' title='bbox 3044 593 3347 663; x_wconf 90' lang='lat' dir='ltr'>quemdam</span> <span class='ocrx_word' id='word_1_346' title='bbox 3406 595 3764 667; x_wconf 87' lang='lat' dir='ltr'>Hezelinum,</span> 
     </span>
    </p>
   </div>
   <div class='ocr_carea' id='block_1_52' title="bbox 2123 674 3769 757">
    <p class='ocr_par' dir='ltr' id='par_1_52' title="bbox 2123 674 3769 757">
     <span class='ocr_line' id='line_1_52' title="bbox 2123 674 3769 757; baseline 0.009 -30"><span class='ocrx_word' id='word_1_347' title='bbox 2123 674 2464 733; x_wconf 86' lang='lat' dir='ltr'>Scarnensis</span> <span class='ocrx_word' id='word_1_348' title='bbox 2490 680 2603 751; x_wconf 73' lang='grc'>(21)</span> <span class='ocrx_word' id='word_1_349' title='bbox 2628 680 2785 736; x_wconf 89' lang='lat' dir='ltr'>sedis</span> <span class='ocrx_word' id='word_1_350' title='bbox 2822 681 3161 752; x_wconf 90' lang='lat' dir='ltr'>antistitem,</span> <span class='ocrx_word' id='word_1_351' title='bbox 3198 686 3257 739; x_wconf 93' lang='lat' dir='ltr'>ut</span> <span class='ocrx_word' id='word_1_352' title='bbox 3285 697 3388 739; x_wconf 84' lang='lat' dir='ltr'>sua</span> <span class='ocrx_word' id='word_1_353' title='bbox 3411 683 3539 740; x_wconf 91' lang='lat' dir='ltr'>vice</span> <span class='ocrx_word' id='word_1_354' title='bbox 3562 685 3769 757; x_wconf 67' lang='lat' dir='ltr'>praedi-</span> 
     </span>
    </p>
   </div>
   <div class='ocr_carea' id='block_1_53' title="bbox 2122 764 3769 845">
    <p class='ocr_par' dir='ltr' id='par_1_53' title="bbox 2122 764 3769 845">
     <span class='ocr_line' id='line_1_53' title="bbox 2122 764 3769 845; baseline 0.008 -27"><span class='ocrx_word' id='word_1_355' title='bbox 2122 768 2279 820; x_wconf 91' lang='lat' dir='ltr'>ctum</span> <span class='ocrx_word' id='word_1_356' title='bbox 2304 764 2515 837; x_wconf 92' lang='lat' dir='ltr'>locum,</span> <span class='ocrx_word' id='word_1_357' title='bbox 2542 768 2673 837; x_wconf 90' lang='lat' dir='ltr'>quia</span> <span class='ocrx_word' id='word_1_358' title='bbox 2699 769 2978 840; x_wconf 79' lang='lat' dir='ltr'>episcopll</span> <span class='ocrx_word' id='word_1_359' title='bbox 3010 770 3099 826; x_wconf 92' lang='lat' dir='ltr'>sui</span> <span class='ocrx_word' id='word_1_360' title='bbox 3149 770 3419 828; x_wconf 84' lang='lat' dir='ltr'>dioecesis</span> <span class='ocrx_word' id='word_1_361' title='bbox 3469 779 3619 845; x_wconf 91' lang='lat' dir='ltr'>erat,</span> <span class='ocrx_word' id='word_1_362' title='bbox 3652 776 3769 831; x_wconf 92' lang='lat' dir='ltr'>Deo</span> 
     </span>
    </p>
   </div>
   <div class='ocr_carea' id='block_1_54' title="bbox 2121 857 3766 930">
    <p class='ocr_par' dir='ltr' id='par_1_54' title="bbox 2121 857 3766 930">
     <span class='ocr_line' id='line_1_54' title="bbox 2121 857 3766 930; baseline 0.008 -23"><span class='ocrx_word' id='word_1_363' title='bbox 2121 859 2591 925; x_wconf 87' lang='lat' dir='ltr'>consecraret,et</span> <span class='ocrx_word' id='word_1_364' title='bbox 2615 857 2740 927; x_wconf 88' lang='lat' dir='ltr'>ejus</span> <span class='ocrx_word' id='word_1_365' title='bbox 2764 858 3019 914; x_wconf 89' lang='lat' dir='ltr'>servitiis</span> <span class='ocrx_word' id='word_1_366' title='bbox 3035 859 3411 930; x_wconf 90' lang='lat' dir='ltr'>manciparet.</span> <span class='ocrx_word' id='word_1_367' title='bbox 3431 860 3538 927; x_wconf 91' lang='lat' dir='ltr'>Qui</span> <span class='ocrx_word' id='word_1_368' title='bbox 3559 862 3766 919; x_wconf 88' lang='lat' dir='ltr'>libenti</span> 
     </span>
    </p>
   </div>
   <div class='ocr_carea' id='block_1_55' title="bbox 2120 941 3770 1019">
    <p class='ocr_par' dir='ltr' id='par_1_55' title="bbox 2120 941 3770 1019">
     <span class='ocr_line' id='line_1_55' title="bbox 2120 941 3770 1019; baseline 0.006 -23"><span class='ocrx_word' id='word_1_369' title='bbox 2120 941 2311 997; x_wconf 92' lang='lat' dir='ltr'>animo</span> <span class='ocrx_word' id='word_1_370' title='bbox 2330 942 2456 1011; x_wconf 89' lang='lat' dir='ltr'>ejus</span> <span class='ocrx_word' id='word_1_371' title='bbox 2493 945 2907 1016; x_wconf 89' lang='lat' dir='ltr'>obtemperans</span> <span class='ocrx_word' id='word_1_372' title='bbox 2945 946 3205 1018; x_wconf 90' lang='lat' dir='ltr'>imperio,</span> <span class='ocrx_word' id='word_1_373' title='bbox 3239 954 3590 1019; x_wconf 90' lang='lat' dir='ltr'>congregata</span> <span class='ocrx_word' id='word_1_374' title='bbox 3623 951 3770 1008; x_wconf 84' lang='lat' dir='ltr'>mul-</span> 
     </span>
    </p>
   </div>
   <div class='ocr_carea' id='block_1_56' title="bbox 2118 1028 3765 1103">
    <p class='ocr_par' dir='ltr' id='par_1_56' title="bbox 2118 1028 3765 1103">
     <span class='ocr_line' id='line_1_56' title="bbox 2118 1028 3765 1103; baseline 0.008 -21"><span class='ocrx_word' id='word_1_375' title='bbox 2118 1028 2374 1084; x_wconf 90' lang='lat' dir='ltr'>titudine</span> <span class='ocrx_word' id='word_1_376' title='bbox 2390 1029 2884 1100; x_wconf 67' lang='lat' dir='ltr'>ﬂdelium,divinze</span> <span class='ocrx_word' id='word_1_377' title='bbox 2901 1033 3165 1103; x_wconf 82' lang='lat' dir='ltr'>religioni</span> <span class='ocrx_word' id='word_1_378' title='bbox 3183 1034 3599 1093; x_wconf 89' lang='lat' dir='ltr'>dedicaverunt</span> <span class='ocrx_word' id='word_1_379' title='bbox 3616 1038 3765 1095; x_wconf 91' lang='lat' dir='ltr'>idem</span> 
     </span>
    </p>
   </div>
   <div class='ocr_carea' id='block_1_57' title="bbox 2119 1118 3768 1198">
    <p class='ocr_par' dir='ltr' id='par_1_57' title="bbox 2119 1118 3768 1198">
     <span class='ocr_line' id='line_1_57' title="bbox 2119 1118 3768 1198; baseline 0.007 -28"><span class='ocrx_word' id='word_1_380' title='bbox 2119 1118 2459 1187; x_wconf 90' lang='lat' dir='ltr'>oratorium,</span> <span class='ocrx_word' id='word_1_381' title='bbox 2487 1121 2910 1176; x_wconf 90' lang='lat' dir='ltr'>statuentesibi</span> <span class='ocrx_word' id='word_1_382' title='bbox 2937 1120 3051 1177; x_wconf 95' lang='lat' dir='ltr'>duo</span> <span class='ocrx_word' id='word_1_383' title='bbox 3075 1121 3281 1177; x_wconf 91' lang='lat' dir='ltr'>altaria</span> <span class='ocrx_word' id='word_1_384' title='bbox 3312 1142 3324 1176; x_wconf 90' lang='lat'><strong>:</strong></span> <span class='ocrx_word' id='word_1_385' title='bbox 3350 1126 3619 1195; x_wconf 89' lang='lat' dir='ltr'>superius</span> <span class='ocrx_word' id='word_1_386' title='bbox 3636 1128 3768 1198; x_wconf 89' lang='lat' dir='ltr'>qui-</span> 
     </span>
    </p>
   </div>
   <div class='ocr_carea' id='block_1_58' title="bbox 2120 1204 3766 1282">
    <p class='ocr_par' dir='ltr' id='par_1_58' title="bbox 2120 1204 3766 1282">
     <span class='ocr_line' id='line_1_58' title="bbox 2120 1204 3766 1282; baseline 0.009 -23"><span class='ocrx_word' id='word_1_387' title='bbox 2120 1204 2249 1260; x_wconf 89' lang='lat' dir='ltr'>dem</span> <span class='ocrx_word' id='word_1_388' title='bbox 2282 1205 2336 1260; x_wconf 93' lang='lat' dir='ltr'>in</span> <span class='ocrx_word' id='word_1_389' title='bbox 2370 1207 2589 1263; x_wconf 91' lang='lat' dir='ltr'>honore</span> <span class='ocrx_word' id='word_1_390' title='bbox 2621 1209 2952 1279; x_wconf 88' lang='lat' dir='ltr'>archangeli</span> <span class='ocrx_word' id='word_1_391' title='bbox 3000 1210 3314 1282; x_wconf 88' lang='lat' dir='ltr'>Michaelis,</span> <span class='ocrx_word' id='word_1_392' title='bbox 3350 1212 3594 1270; x_wconf 91' lang='lat' dir='ltr'>inferius</span> <span class='ocrx_word' id='word_1_393' title='bbox 3623 1230 3766 1273; x_wconf 92' lang='lat' dir='ltr'>vero</span> 
     </span>
    </p>
   </div>
   <div class='ocr_carea' id='block_1_59' title="bbox 2119 1292 3764 1361">
    <p class='ocr_par' dir='ltr' id='par_1_59' title="bbox 2119 1292 3764 1361">
     <span class='ocr_line' id='line_1_59' title="bbox 2119 1292 3764 1361; baseline 0.009 -14"><span class='ocrx_word' id='word_1_394' title='bbox 2119 1292 2174 1347; x_wconf 92' lang='lat' dir='ltr'>in</span> <span class='ocrx_word' id='word_1_395' title='bbox 2208 1294 2582 1350; x_wconf 89' lang='lat' dir='ltr'>veneratione</span> <span class='ocrx_word' id='word_1_396' title='bbox 2631 1296 2893 1353; x_wconf 89' lang='lat' dir='ltr'>habenda</span> <span class='ocrx_word' id='word_1_397' title='bbox 2928 1297 3081 1354; x_wconf 90' lang='lat' dir='ltr'>beati</span> <span class='ocrx_word' id='word_1_398' title='bbox 3128 1299 3354 1354; x_wconf 82' lang='lat' dir='ltr'>Martini</span> <span class='ocrx_word' id='word_1_399' title='bbox 3380 1302 3764 1361; x_wconf 83' lang='lat' dir='ltr'>confessoris.</span> 
     </span>
    </p>
   </div>
   <div class='ocr_carea' id='block_1_60' title="bbox 2117 1381 3766 1449">
    <p class='ocr_par' dir='ltr' id='par_1_60' title="bbox 2117 1381 3766 1449">
     <span class='ocr_line' id='line_1_60' title="bbox 2117 1381 3766 1449; baseline 0.009 -15"><span class='ocrx_word' id='word_1_400' title='bbox 2117 1381 2233 1436; x_wconf 86' lang='lat' dir='ltr'>Hoc</span> <span class='ocrx_word' id='word_1_401' title='bbox 2267 1382 2321 1436; x_wconf 92' lang='lat' dir='ltr'>in</span> <span class='ocrx_word' id='word_1_402' title='bbox 2346 1382 2499 1438; x_wconf 90' lang='lat' dir='ltr'>facto</span> <span class='ocrx_word' id='word_1_403' title='bbox 2520 1383 2602 1438; x_wconf 92' lang='lat' dir='ltr'>illi</span> <span class='ocrx_word' id='word_1_404' title='bbox 2650 1385 2919 1442; x_wconf 90' lang='lat' dir='ltr'>nimirum</span> <span class='ocrx_word' id='word_1_405' title='bbox 2946 1402 3075 1443; x_wconf 92' lang='lat' dir='ltr'>cum</span> <span class='ocrx_word' id='word_1_406' title='bbox 3093 1387 3264 1442; x_wconf 88' lang='lat' dir='ltr'>beato</span> <span class='ocrx_word' id='word_1_407' title='bbox 3284 1388 3528 1445; x_wconf 89' lang='lat' dir='ltr'>Martino</span> <span class='ocrx_word' id='word_1_408' title='bbox 3554 1391 3766 1449; x_wconf 90' lang='lat' dir='ltr'>similis</span> 
     </span>
    </p>
   </div>
   <div class='ocr_carea' id='block_1_61' title="bbox 2116 1469 3765 1547">
    <p class='ocr_par' dir='ltr' id='par_1_61' title="bbox 2116 1469 3765 1547">
     <span class='ocr_line' id='line_1_61' title="bbox 2116 1469 3765 1547; baseline 0.007 -23"><span class='ocrx_word' id='word_1_409' title='bbox 2116 1469 2344 1524; x_wconf 87' lang='lat' dir='ltr'>exstitit</span> <span class='ocrx_word' id='word_1_410' title='bbox 2376 1473 2678 1542; x_wconf 91' lang='lat' dir='ltr'>proportio</span> <span class='ocrx_word' id='word_1_411' title='bbox 2707 1474 2969 1540; x_wconf 88' lang='lat' dir='ltr'>virtutis,</span> <span class='ocrx_word' id='word_1_412' title='bbox 3003 1474 3098 1545; x_wconf 86' lang='lat' dir='ltr'>qui</span> <span class='ocrx_word' id='word_1_413' title='bbox 3130 1475 3254 1547; x_wconf 91' lang='lat' dir='ltr'>pari</span> <span class='ocrx_word' id='word_1_414' title='bbox 3298 1476 3466 1533; x_wconf 92' lang='lat' dir='ltr'>modo</span> <span class='ocrx_word' id='word_1_415' title='bbox 3490 1478 3765 1536; x_wconf 91' lang='lat' dir='ltr'>similiter</span> 
     </span>
    </p>
   </div>
   <div class='ocr_carea' id='block_1_62' title="bbox 2116 1556 3765 1636">
    <p class='ocr_par' dir='ltr' id='par_1_62' title="bbox 2116 1556 3765 1636">
     <span class='ocr_line' id='line_1_62' title="bbox 2116 1556 3765 1636; baseline 0.009 -25"><span class='ocrx_word' id='word_1_416' title='bbox 2116 1556 2445 1616; x_wconf 89' lang='lat' dir='ltr'>illustratus</span> <span class='ocrx_word' id='word_1_417' title='bbox 2478 1560 2667 1617; x_wconf 87' lang='lat' dir='ltr'>divina</span> <span class='ocrx_word' id='word_1_418' title='bbox 2706 1562 3081 1633; x_wconf 87' lang='lat' dir='ltr'>revelatione,</span> <span class='ocrx_word' id='word_1_419' title='bbox 3122 1563 3394 1636; x_wconf 91' lang='lat' dir='ltr'>populum</span> <span class='ocrx_word' id='word_1_420' title='bbox 3443 1566 3700 1624; x_wconf 87' lang='lat' dir='ltr'>absolvit</span> <span class='ocrx_word' id='word_1_421' title='bbox 3733 1586 3765 1626; x_wconf 89' lang='lat' dir='ltr'>a</span> 
     </span>
    </p>
   </div>
   <div class='ocr_carea' id='block_1_63' title="bbox 2115 1644 3761 1729">
    <p class='ocr_par' dir='ltr' id='par_1_63' title="bbox 2115 1644 3761 1729">
     <span class='ocr_line' id='line_1_63' title="bbox 2115 1644 3761 1729; baseline 0.008 -29"><span class='ocrx_word' id='word_1_422' title='bbox 2115 1644 2417 1703; x_wconf 70' lang='lat' dir='ltr'>diabolicae</span> <span class='ocrx_word' id='word_1_423' title='bbox 2437 1649 2658 1705; x_wconf 81' lang='lat' dir='ltr'>fraudis</span> <span class='ocrx_word' id='word_1_424' title='bbox 2673 1651 3030 1722; x_wconf 90' lang='lat' dir='ltr'>seductione,</span> <span class='ocrx_word' id='word_1_425' title='bbox 3048 1666 3147 1707; x_wconf 89' lang='lat' dir='ltr'>ara</span> <span class='ocrx_word' id='word_1_426' title='bbox 3162 1653 3464 1709; x_wconf 89' lang='lat' dir='ltr'>destructa</span> <span class='ocrx_word' id='word_1_427' title='bbox 3487 1654 3761 1729; x_wconf 89' lang='lat' dir='ltr'>latronis,</span> 
     </span>
    </p>
   </div>
   <div class='ocr_carea' id='block_1_64' title="bbox 2115 1734 3764 1809">
    <p class='ocr_par' dir='ltr' id='par_1_64' title="bbox 2115 1734 3764 1809">
     <span class='ocr_line' id='line_1_64' title="bbox 2115 1734 3764 1809; baseline 0.007 -20"><span class='ocrx_word' id='word_1_428' title='bbox 2115 1734 2211 1804; x_wconf 90' lang='lat' dir='ltr'>qui</span> <span class='ocrx_word' id='word_1_429' title='bbox 2247 1735 2301 1790; x_wconf 90' lang='lat' dir='ltr'>in</span> <span class='ocrx_word' id='word_1_430' title='bbox 2332 1737 2458 1792; x_wconf 90' lang='lat' dir='ltr'>vice</span> <span class='ocrx_word' id='word_1_431' title='bbox 2481 1737 2875 1794; x_wconf 90' lang='lat' dir='ltr'>venerabatur</span> <span class='ocrx_word' id='word_1_432' title='bbox 2908 1741 3201 1809; x_wconf 85' lang='lat' dir='ltr'>martyris.</span> <span class='ocrx_word' id='word_1_433' title='bbox 3230 1742 3329 1797; x_wconf 83' lang='lat' dir='ltr'>His</span> <span class='ocrx_word' id='word_1_434' title='bbox 3360 1742 3437 1798; x_wconf 91' lang='lat' dir='ltr'>ita</span> <span class='ocrx_word' id='word_1_435' title='bbox 3468 1744 3579 1800; x_wconf 91' lang='lat' dir='ltr'>rite</span> <span class='ocrx_word' id='word_1_436' title='bbox 3612 1743 3764 1802; x_wconf 84' lang='lat' dir='ltr'>cele-</span> 
     </span>
    </p>
   </div>
   <div class='ocr_carea' id='block_1_65' title="bbox 2115 1823 3762 1901">
    <p class='ocr_par' dir='ltr' id='par_1_65' title="bbox 2115 1823 3762 1901">
     <span class='ocr_line' id='line_1_65' title="bbox 2115 1823 3762 1901; baseline 0.009 -24"><span class='ocrx_word' id='word_1_437' title='bbox 2115 1823 2320 1894; x_wconf 89' lang='lat' dir='ltr'>bratis,</span> <span class='ocrx_word' id='word_1_438' title='bbox 2367 1826 2665 1882; x_wconf 86' lang='lat' dir='ltr'>redierunt</span> <span class='ocrx_word' id='word_1_439' title='bbox 2692 1830 2938 1898; x_wconf 88' lang='lat' dir='ltr'>uterque</span> <span class='ocrx_word' id='word_1_440' title='bbox 2962 1828 3033 1883; x_wconf 89' lang='lat' dir='ltr'>ad</span> <span class='ocrx_word' id='word_1_441' title='bbox 3068 1830 3301 1901; x_wconf 89' lang='lat' dir='ltr'>propria</span> <span class='ocrx_word' id='word_1_442' title='bbox 3334 1832 3512 1887; x_wconf 91' lang='lat' dir='ltr'>Deum</span> <span class='ocrx_word' id='word_1_443' title='bbox 3541 1832 3762 1891; x_wconf 89' lang='lat' dir='ltr'>collau-</span> 
     </span>
    </p>
   </div>
   <div class='ocr_carea' id='block_1_66' title="bbox 2111 1911 2627 1983">
    <p class='ocr_par' dir='ltr' id='par_1_66' title="bbox 2111 1911 2627 1983">
     <span class='ocr_line' id='line_1_66' title="bbox 2111 1911 2627 1983; baseline 0.004 -17"><span class='ocrx_word' id='word_1_444' title='bbox 2111 1911 2317 1967; x_wconf 86' lang='lat' dir='ltr'>dantes</span> <span class='ocrx_word' id='word_1_445' title='bbox 2340 1912 2395 1967; x_wconf 92' lang='lat' dir='ltr'>in</span> <span class='ocrx_word' id='word_1_446' title='bbox 2420 1913 2627 1983; x_wconf 90' lang='lat' dir='ltr'>jubilo.</span> 
     </span>
    </p>
   </div>
   <div class='ocr_carea' id='block_1_67' title="bbox 2182 2000 3761 2080">
    <p class='ocr_par' dir='ltr' id='par_1_67' title="bbox 2182 2000 3761 2080">
     <span class='ocr_line' id='line_1_67' title="bbox 2182 2000 3761 2080; baseline 0.008 -25"><span class='ocrx_word' id='word_1_447' title='bbox 2182 2004 2268 2055; x_wconf 78' lang='lat'>32.</span> <span class='ocrx_word' id='word_1_448' title='bbox 2288 2000 2434 2057; x_wconf 90' lang='lat' dir='ltr'>lllud</span> <span class='ocrx_word' id='word_1_449' title='bbox 2458 2002 2631 2057; x_wconf 90' lang='lat' dir='ltr'>etiam</span> <span class='ocrx_word' id='word_1_450' title='bbox 2661 2018 2771 2059; x_wconf 90' lang='lat' dir='ltr'>non</span> <span class='ocrx_word' id='word_1_451' title='bbox 2799 2004 3164 2060; x_wconf 83' lang='lat' dir='ltr'>reticendum</span> <span class='ocrx_word' id='word_1_452' title='bbox 3188 2006 3448 2063; x_wconf 88' lang='lat' dir='ltr'>arbitror</span> <span class='ocrx_word' id='word_1_453' title='bbox 3469 2008 3552 2064; x_wconf 90' lang='lat' dir='ltr'>rei</span> <span class='ocrx_word' id='word_1_454' title='bbox 3573 2015 3761 2080; x_wconf 76' lang='lat' dir='ltr'>gestae</span> 
     </span>
    </p>
   </div>
   <div class='ocr_carea' id='block_1_68' title="bbox 2111 2088 3760 2160">
    <p class='ocr_par' dir='ltr' id='par_1_68' title="bbox 2111 2088 3760 2160">
     <span class='ocr_line' id='line_1_68' title="bbox 2111 2088 3760 2160; baseline 0.007 -17"><span class='ocrx_word' id='word_1_455' title='bbox 2111 2088 2492 2160; x_wconf 91' lang='lat' dir='ltr'>miraculum,</span> <span class='ocrx_word' id='word_1_456' title='bbox 2553 2090 2705 2160; x_wconf 89' lang='lat' dir='ltr'>quod</span> <span class='ocrx_word' id='word_1_457' title='bbox 2766 2092 3016 2149; x_wconf 90' lang='lat' dir='ltr'>vidimus</span> <span class='ocrx_word' id='word_1_458' title='bbox 3071 2093 3195 2148; x_wconf 84' lang='lat' dir='ltr'>fieri</span> <span class='ocrx_word' id='word_1_459' title='bbox 3254 2096 3360 2150; x_wconf 93' lang='lat' dir='ltr'>sub</span> <span class='ocrx_word' id='word_1_460' title='bbox 3416 2098 3760 2156; x_wconf 90' lang='lat' dir='ltr'>testimonio</span> 
     </span>
    </p>
   </div>
   <div class='ocr_carea' id='block_1_69' title="bbox 2108 2177 3761 2256">
    <p class='ocr_par' dir='ltr' id='par_1_69' title="bbox 2108 2177 3761 2256">
     <span class='ocr_line' id='line_1_69' title="bbox 2108 2177 3761 2256; baseline 0.008 -25"><span class='ocrx_word' id='word_1_461' title='bbox 2108 2177 2363 2234; x_wconf 92' lang='lat' dir='ltr'>omnium</span> <span class='ocrx_word' id='word_1_462' title='bbox 2420 2178 2685 2249; x_wconf 84' lang='lat' dir='ltr'>fratrum,</span> <span class='ocrx_word' id='word_1_463' title='bbox 2726 2185 2785 2236; x_wconf 91' lang='lat' dir='ltr'>et</span> <span class='ocrx_word' id='word_1_464' title='bbox 2841 2185 2953 2251; x_wconf 89' lang='lat' dir='ltr'>est,</span> <span class='ocrx_word' id='word_1_465' title='bbox 3005 2181 3151 2237; x_wconf 86' lang='lat' dir='ltr'>fama</span> <span class='ocrx_word' id='word_1_466' title='bbox 3181 2182 3475 2256; x_wconf 90' lang='lat' dir='ltr'>vulgante,</span> <span class='ocrx_word' id='word_1_467' title='bbox 3511 2186 3761 2243; x_wconf 91' lang='lat' dir='ltr'>circum-</span> 
     </span>
    </p>
   </div>
   <div class='ocr_carea' id='block_1_70' title="bbox 2110 2266 3763 2344">
    <p class='ocr_par' dir='ltr' id='par_1_70' title="bbox 2110 2266 3763 2344">
     <span class='ocr_line' id='line_1_70' title="bbox 2110 2266 3763 2344; baseline 0.008 -24"><span class='ocrx_word' id='word_1_468' title='bbox 2110 2279 2339 2336; x_wconf 90' lang='lat' dir='ltr'>quaque</span> <span class='ocrx_word' id='word_1_469' title='bbox 2388 2266 2775 2324; x_wconf 90' lang='lat' dir='ltr'>notissimum.</span> <span class='ocrx_word' id='word_1_470' title='bbox 2811 2268 3015 2325; x_wconf 89' lang='lat' dir='ltr'>Mulier</span> <span class='ocrx_word' id='word_1_471' title='bbox 3072 2273 3356 2344; x_wconf 79' lang='lat' dir='ltr'>quaedam,</span> <span class='ocrx_word' id='word_1_472' title='bbox 3419 2273 3763 2334; x_wconf 81' lang='lat' dir='ltr'>Adelheidis</span> 
     </span>
    </p>
   </div>
   <div class='ocr_carea' id='block_1_71' title="bbox 2108 2354 3764 2431">
    <p class='ocr_par' dir='ltr' id='par_1_71' title="bbox 2108 2354 3764 2431">
     <span class='ocr_line' id='line_1_71' title="bbox 2108 2354 3764 2431; baseline 0.008 -23"><span class='ocrx_word' id='word_1_473' title='bbox 2108 2354 2358 2425; x_wconf 89' lang='lat' dir='ltr'>nomine,</span> <span class='ocrx_word' id='word_1_474' title='bbox 2397 2355 2575 2411; x_wconf 91' lang='lat' dir='ltr'>variis</span> <span class='ocrx_word' id='word_1_475' title='bbox 2623 2356 2877 2414; x_wconf 92' lang='lat' dir='ltr'>omnium</span> <span class='ocrx_word' id='word_1_476' title='bbox 2929 2358 3317 2416; x_wconf 90' lang='lat' dir='ltr'>membrorum</span> <span class='ocrx_word' id='word_1_477' title='bbox 3379 2361 3764 2431; x_wconf 85' lang='lat' dir='ltr'>languoribus</span> 
     </span>
    </p>
   </div>
   <div class='ocr_carea' id='block_1_72' title="bbox 2108 2443 3762 2514">
    <p class='ocr_par' dir='ltr' id='par_1_72' title="bbox 2108 2443 3762 2514">
     <span class='ocr_line' id='line_1_72' title="bbox 2108 2443 3762 2514; baseline 0.008 -17"><span class='ocrx_word' id='word_1_478' title='bbox 2108 2457 2408 2514; x_wconf 88' lang='lat' dir='ltr'>oppressa,</span> <span class='ocrx_word' id='word_1_479' title='bbox 2445 2443 2514 2499; x_wconf 91' lang='lat' dir='ltr'>ad</span> <span class='ocrx_word' id='word_1_480' title='bbox 2551 2444 2704 2500; x_wconf 88' lang='lat' dir='ltr'>beati</span> <span class='ocrx_word' id='word_1_481' title='bbox 2734 2444 2951 2501; x_wconf 89' lang='lat' dir='ltr'>Nicolai</span> <span class='ocrx_word' id='word_1_482' title='bbox 2976 2445 3031 2500; x_wconf 88' lang='lat' dir='ltr'>in</span> <span class='ocrx_word' id='word_1_483' title='bbox 3062 2447 3536 2507; x_wconf 90' lang='lat' dir='ltr'>Brunwillerensi</span> <span class='ocrx_word' id='word_1_484' title='bbox 3565 2467 3762 2510; x_wconf 65' lang='lat' dir='ltr'>coeno-</span> 
     </span>
    </p>
   </div>
   <div class='ocr_carea' id='block_1_73' title="bbox 2110 2530 3756 2611">
    <p class='ocr_par' dir='ltr' id='par_1_73' title="bbox 2110 2530 3756 2611">
     <span class='ocr_line' id='line_1_73' title="bbox 2110 2530 3756 2611; baseline 0.007 -25"><span class='ocrx_word' id='word_1_485' title='bbox 2110 2530 2203 2587; x_wconf 93' lang='lat' dir='ltr'>bio</span> <span class='ocrx_word' id='word_1_486' title='bbox 2224 2530 2443 2602; x_wconf 89' lang='lat' dir='ltr'>limina,</span> <span class='ocrx_word' id='word_1_487' title='bbox 2471 2534 2887 2604; x_wconf 77' lang='lat' dir='ltr'>recuperandae</span> <span class='ocrx_word' id='word_1_488' title='bbox 2912 2534 3124 2591; x_wconf 89' lang='lat' dir='ltr'>salutis</span> <span class='ocrx_word' id='word_1_489' title='bbox 3144 2537 3355 2608; x_wconf 90' lang='lat' dir='ltr'>gratia,</span> <span class='ocrx_word' id='word_1_490' title='bbox 3390 2545 3478 2595; x_wconf 92' lang='lat' dir='ltr'>est</span> <span class='ocrx_word' id='word_1_491' title='bbox 3503 2541 3756 2611; x_wconf 89' lang='lat' dir='ltr'>perlata.</span> 
     </span>
    </p>
   </div>
   <div class='ocr_carea' id='block_1_74' title="bbox 2107 2617 3762 2697">
    <p class='ocr_par' dir='ltr' id='par_1_74' title="bbox 2107 2617 3762 2697">
     <span class='ocr_line' id='line_1_74' title="bbox 2107 2617 3762 2697; baseline 0.006 -23"><span class='ocrx_word' id='word_1_492' title='bbox 2107 2617 2265 2689; x_wconf 58' lang='lat' dir='ltr'>Quae,</span> <span class='ocrx_word' id='word_1_493' title='bbox 2299 2635 2428 2676; x_wconf 89' lang='lat' dir='ltr'>cum</span> <span class='ocrx_word' id='word_1_494' title='bbox 2454 2620 2809 2677; x_wconf 90' lang='lat' dir='ltr'>detrimento</span> <span class='ocrx_word' id='word_1_495' title='bbox 2831 2623 3084 2678; x_wconf 92' lang='lat' dir='ltr'>omnium</span> <span class='ocrx_word' id='word_1_496' title='bbox 3115 2625 3525 2697; x_wconf 90' lang='lat' dir='ltr'>membrorum,</span> <span class='ocrx_word' id='word_1_497' title='bbox 3561 2630 3762 2687; x_wconf 87' lang='lat' dir='ltr'>occul-</span> 
     </span>
    </p>
   </div>
   <div class='ocr_carea' id='block_1_75' title="bbox 2108 2706 3759 2776">
    <p class='ocr_par' dir='ltr' id='par_1_75' title="bbox 2108 2706 3759 2776">
     <span class='ocr_line' id='line_1_75' title="bbox 2108 2706 3759 2776; baseline 0.009 -15"><span class='ocrx_word' id='word_1_498' title='bbox 2108 2706 2183 2763; x_wconf 92' lang='lat' dir='ltr'>tis</span> <span class='ocrx_word' id='word_1_499' title='bbox 2215 2707 2389 2765; x_wconf 89' lang='lat' dir='ltr'>etiam</span> <span class='ocrx_word' id='word_1_500' title='bbox 2425 2708 2714 2766; x_wconf 91' lang='lat' dir='ltr'>viscerum</span> <span class='ocrx_word' id='word_1_501' title='bbox 2767 2708 3071 2768; x_wconf 91' lang='lat' dir='ltr'>doloribus</span> <span class='ocrx_word' id='word_1_502' title='bbox 3101 2727 3167 2769; x_wconf 92' lang='lat' dir='ltr'>ac</span> <span class='ocrx_word' id='word_1_503' title='bbox 3191 2728 3305 2770; x_wconf 91' lang='lat' dir='ltr'>non</span> <span class='ocrx_word' id='word_1_504' title='bbox 3340 2715 3594 2774; x_wconf 91' lang='lat' dir='ltr'>ferendis</span> <span class='ocrx_word' id='word_1_505' title='bbox 3626 2733 3759 2776; x_wconf 88' lang='lat' dir='ltr'>cru-</span> 
     </span>
    </p>
   </div>
   <div class='ocr_carea' id='block_1_76' title="bbox 2104 2795 3753 2872">
    <p class='ocr_par' dir='ltr' id='par_1_76' title="bbox 2104 2795 3753 2872">
     <span class='ocr_line' id='line_1_76' title="bbox 2104 2795 3753 2872; baseline 0.008 -21"><span class='ocrx_word' id='word_1_506' title='bbox 2104 2795 2356 2853; x_wconf 92' lang='lat' dir='ltr'>ciatibus</span> <span class='ocrx_word' id='word_1_507' title='bbox 2387 2798 2781 2869; x_wconf 88' lang='lat' dir='ltr'>quatiebatur,</span> <span class='ocrx_word' id='word_1_508' title='bbox 2818 2799 2898 2855; x_wconf 91' lang='lat' dir='ltr'>ita</span> <span class='ocrx_word' id='word_1_509' title='bbox 2933 2803 2994 2855; x_wconf 93' lang='lat' dir='ltr'>ut</span> <span class='ocrx_word' id='word_1_510' title='bbox 3028 2801 3215 2856; x_wconf 89' lang='lat' dir='ltr'>omnis</span> <span class='ocrx_word' id='word_1_511' title='bbox 3246 2804 3479 2872; x_wconf 88' lang='lat' dir='ltr'>generis</span> <span class='ocrx_word' id='word_1_512' title='bbox 3509 2818 3753 2865; x_wconf 76' lang='lat' dir='ltr'>annonae</span> 
     </span>
    </p>
   </div>
   <div class='ocr_carea' id='block_1_77' title="bbox 2108 2886 3755 2965">
    <p class='ocr_par' dir='ltr' id='par_1_77' title="bbox 2108 2886 3755 2965">
     <span class='ocr_line' id='line_1_77' title="bbox 2108 2886 3755 2965; baseline 0.008 -26"><span class='ocrx_word' id='word_1_513' title='bbox 2108 2899 2308 2955; x_wconf 88' lang='lat' dir='ltr'>panem</span> <span class='ocrx_word' id='word_1_514' title='bbox 2339 2886 2485 2942; x_wconf 92' lang='lat' dir='ltr'>adeo</span> <span class='ocrx_word' id='word_1_515' title='bbox 2512 2886 2819 2957; x_wconf 87' lang='lat' dir='ltr'>fastidiret,</span> <span class='ocrx_word' id='word_1_516' title='bbox 2838 2892 2900 2944; x_wconf 93' lang='lat' dir='ltr'>ut</span> <span class='ocrx_word' id='word_1_517' title='bbox 2931 2903 3044 2944; x_wconf 92' lang='lat' dir='ltr'>non</span> <span class='ocrx_word' id='word_1_518' title='bbox 3068 2889 3253 2946; x_wconf 91' lang='lat' dir='ltr'>solum</span> <span class='ocrx_word' id='word_1_519' title='bbox 3273 2899 3535 2965; x_wconf 88' lang='lat' dir='ltr'>gustare,</span> <span class='ocrx_word' id='word_1_520' title='bbox 3570 2895 3675 2951; x_wconf 89' lang='lat' dir='ltr'>sed</span> <span class='ocrx_word' id='word_1_521' title='bbox 3698 2901 3755 2952; x_wconf 85' lang='lat' dir='ltr'>et</span> 
     </span>
    </p>
   </div>
   <div class='ocr_carea' id='block_1_78' title="bbox 2103 2973 3759 3047">
    <p class='ocr_par' dir='ltr' id='par_1_78' title="bbox 2103 2973 3759 3047">
     <span class='ocr_line' id='line_1_78' title="bbox 2103 2973 3759 3047; baseline 0.008 -19"><span class='ocrx_word' id='word_1_522' title='bbox 2103 2973 2315 3029; x_wconf 88' lang='lat' dir='ltr'>vitaret</span> <span class='ocrx_word' id='word_1_523' title='bbox 2350 2975 2657 3045; x_wconf 88' lang='lat' dir='ltr'>attingere.</span> <span class='ocrx_word' id='word_1_524' title='bbox 2684 2976 2817 3033; x_wconf 62' lang='lat' dir='ltr'>Haec</span> <span class='ocrx_word' id='word_1_525' title='bbox 2848 2977 3079 3047; x_wconf 90' lang='lat' dir='ltr'>quidem</span> <span class='ocrx_word' id='word_1_526' title='bbox 3104 2979 3256 3035; x_wconf 87' lang='lat' dir='ltr'>beati</span> <span class='ocrx_word' id='word_1_527' title='bbox 3282 2982 3504 3038; x_wconf 90' lang='lat' dir='ltr'>Nicolai</span> <span class='ocrx_word' id='word_1_528' title='bbox 3527 2984 3759 3042; x_wconf 90' lang='lat' dir='ltr'>meritis</span> 
     </span>
    </p>
   </div>
   <div class='ocr_carea' id='block_1_79' title="bbox 2101 3061 3749 3137">
    <p class='ocr_par' dir='ltr' id='par_1_79' title="bbox 2101 3061 3749 3137">
     <span class='ocr_line' id='line_1_79' title="bbox 2101 3061 3749 3137; baseline 0.006 -19"><span class='ocrx_word' id='word_1_529' title='bbox 2101 3061 2350 3118; x_wconf 89' lang='lat' dir='ltr'>celerem</span> <span class='ocrx_word' id='word_1_530' title='bbox 2378 3062 2719 3133; x_wconf 90' lang='lat' dir='ltr'>sospitatem</span> <span class='ocrx_word' id='word_1_531' title='bbox 2754 3066 2975 3137; x_wconf 92' lang='lat' dir='ltr'>recepit</span> <span class='ocrx_word' id='word_1_532' title='bbox 3007 3066 3062 3121; x_wconf 91' lang='lat' dir='ltr'>in</span> <span class='ocrx_word' id='word_1_533' title='bbox 3097 3069 3391 3125; x_wconf 90' lang='lat' dir='ltr'>membris.</span> <span class='ocrx_word' id='word_1_534' title='bbox 3441 3070 3749 3129; x_wconf 84' lang='lat' dir='ltr'>Verumta-</span> 
     </span>
    </p>
   </div>
   <div class='ocr_carea' id='block_1_80' title="bbox 2105 3149 3758 3230">
    <p class='ocr_par' dir='ltr' id='par_1_80' title="bbox 2105 3149 3758 3230">
     <span class='ocr_line' id='line_1_80' title="bbox 2105 3149 3758 3230; baseline 0.008 -26"><span class='ocrx_word' id='word_1_535' title='bbox 2105 3164 2233 3206; x_wconf 91' lang='lat' dir='ltr'>men</span> <span class='ocrx_word' id='word_1_536' title='bbox 2257 3149 2489 3206; x_wconf 90' lang='lat' dir='ltr'>occulto</span> <span class='ocrx_word' id='word_1_537' title='bbox 2514 3150 2849 3221; x_wconf 87' lang='lat' dir='ltr'>Deijudicio</span> <span class='ocrx_word' id='word_1_538' title='bbox 2880 3154 3246 3227; x_wconf 91' lang='lat' dir='ltr'>omnimodis,</span> <span class='ocrx_word' id='word_1_539' title='bbox 3272 3162 3338 3213; x_wconf 93' lang='lat' dir='ltr'>ut</span> <span class='ocrx_word' id='word_1_540' title='bbox 3366 3158 3550 3230; x_wconf 92' lang='lat' dir='ltr'>prius,</span> <span class='ocrx_word' id='word_1_541' title='bbox 3569 3161 3758 3217; x_wconf 90' lang='lat' dir='ltr'>absti-</span> 
     </span>
    </p>
   </div>
   <div class='ocr_carea' id='block_1_81' title="bbox 2102 3238 3754 3315">
    <p class='ocr_par' dir='ltr' id='par_1_81' title="bbox 2102 3238 3754 3315">
     <span class='ocr_line' id='line_1_81' title="bbox 2102 3238 3754 3315; baseline 0.008 -22"><span class='ocrx_word' id='word_1_542' title='bbox 2102 3238 2225 3295; x_wconf 88' lang='lat' dir='ltr'>nuit</span> <span class='ocrx_word' id='word_1_543' title='bbox 2255 3238 2470 3295; x_wconf 90' lang='lat' dir='ltr'>edulio.</span> <span class='ocrx_word' id='word_1_544' title='bbox 2522 3240 2665 3295; x_wconf 90' lang='lat' dir='ltr'>Dum</span> <span class='ocrx_word' id='word_1_545' title='bbox 2714 3255 2855 3297; x_wconf 90' lang='lat' dir='ltr'>vero</span> <span class='ocrx_word' id='word_1_546' title='bbox 2888 3246 3018 3314; x_wconf 94' lang='lat' dir='ltr'>post</span> <span class='ocrx_word' id='word_1_547' title='bbox 3051 3243 3272 3315; x_wconf 88' lang='lat' dir='ltr'>aliquot</span> <span class='ocrx_word' id='word_1_548' title='bbox 3325 3261 3505 3303; x_wconf 90' lang='lat' dir='ltr'>annos</span> <span class='ocrx_word' id='word_1_549' title='bbox 3538 3248 3754 3306; x_wconf 72' lang='lat' dir='ltr'>divinae</span> 
     </span>
    </p>
   </div>
   <div class='ocr_carea' id='block_1_82' title="bbox 2100 3326 3754 3401">
    <p class='ocr_par' dir='ltr' id='par_1_82' title="bbox 2100 3326 3754 3401">
     <span class='ocr_line' id='line_1_82' title="bbox 2100 3326 3754 3401; baseline 0.005 -18"><span class='ocrx_word' id='word_1_550' title='bbox 2100 3326 2426 3385; x_wconf 61' lang='lat' dir='ltr'>clementiae</span> <span class='ocrx_word' id='word_1_551' title='bbox 2452 3328 2522 3383; x_wconf 91' lang='lat' dir='ltr'>ad</span> <span class='ocrx_word' id='word_1_552' title='bbox 2540 3328 2648 3384; x_wconf 90' lang='lat' dir='ltr'>hac</span> <span class='ocrx_word' id='word_1_553' title='bbox 2672 3328 2827 3385; x_wconf 91' lang='lat' dir='ltr'>illam</span> <span class='ocrx_word' id='word_1_554' title='bbox 2853 3330 3174 3401; x_wconf 89' lang='lat' dir='ltr'>placuisset</span> <span class='ocrx_word' id='word_1_555' title='bbox 3198 3332 3535 3392; x_wconf 84' lang='lat' dir='ltr'>infirmitate</span> <span class='ocrx_word' id='word_1_556' title='bbox 3558 3337 3754 3395; x_wconf 84' lang='lat' dir='ltr'>absol-</span> 
     </span>
    </p>
   </div>
   <div class='ocr_carea' id='block_1_83' title="bbox 2100 3417 3756 3497">
    <p class='ocr_par' dir='ltr' id='par_1_83' title="bbox 2100 3417 3756 3497">
     <span class='ocr_line' id='line_1_83' title="bbox 2100 3417 3756 3497; baseline 0.008 -24"><span class='ocrx_word' id='word_1_557' title='bbox 2100 3431 2257 3488; x_wconf 92' lang='lat' dir='ltr'>vere,</span> <span class='ocrx_word' id='word_1_558' title='bbox 2296 3417 2665 3490; x_wconf 61' lang='lat' dir='ltr'>intempestae</span> <span class='ocrx_word' id='word_1_559' title='bbox 2724 3418 2915 3476; x_wconf 91' lang='lat' dir='ltr'>noctis</span> <span class='ocrx_word' id='word_1_560' title='bbox 2972 3419 3207 3478; x_wconf 89' lang='lat' dir='ltr'>silentio</span> <span class='ocrx_word' id='word_1_561' title='bbox 3264 3423 3368 3480; x_wconf 92' lang='lat' dir='ltr'>tali</span> <span class='ocrx_word' id='word_1_562' title='bbox 3428 3426 3756 3497; x_wconf 89' lang='lat' dir='ltr'>perfruitur</span> 
     </span>
    </p>
   </div>
   <div class='ocr_carea' id='block_1_84' title="bbox 2100 3505 3755 3587">
    <p class='ocr_par' dir='ltr' id='par_1_84' title="bbox 2100 3505 3755 3587">
     <span class='ocr_line' id='line_1_84' title="bbox 2100 3505 3755 3587; baseline 0.007 -26"><span class='ocrx_word' id='word_1_563' title='bbox 2100 3505 2247 3562; x_wconf 90' lang='lat' dir='ltr'>visu.</span> <span class='ocrx_word' id='word_1_564' title='bbox 2282 3505 2604 3563; x_wconf 82' lang='lat' dir='ltr'>Videbatur</span> <span class='ocrx_word' id='word_1_565' title='bbox 2650 3505 2756 3579; x_wconf 93' lang='lat' dir='ltr'>illi,</span> <span class='ocrx_word' id='word_1_566' title='bbox 2811 3508 3208 3567; x_wconf 90' lang='lat' dir='ltr'>beatissimum</span> <span class='ocrx_word' id='word_1_567' title='bbox 3239 3512 3427 3569; x_wconf 88' lang='lat' dir='ltr'>virum</span> <span class='ocrx_word' id='word_1_568' title='bbox 3459 3516 3755 3587; x_wconf 85' lang='lat' dir='ltr'>Wolphel-</span> 
     </span>
    </p>
   </div>
   <div class='ocr_carea' id='block_1_85' title="bbox 2102 3596 3753 3675">
    <p class='ocr_par' dir='ltr' id='par_1_85' title="bbox 2102 3596 3753 3675">
     <span class='ocr_line' id='line_1_85' title="bbox 2102 3596 3753 3675; baseline 0.008 -25"><span class='ocrx_word' id='word_1_569' title='bbox 2102 3609 2255 3652; x_wconf 92' lang='lat' dir='ltr'>mum</span> <span class='ocrx_word' id='word_1_570' title='bbox 2289 3608 2495 3665; x_wconf 89' lang='lat' dir='ltr'>panem</span> <span class='ocrx_word' id='word_1_571' title='bbox 2548 3596 2941 3668; x_wconf 89' lang='lat' dir='ltr'>bonedixisse,</span> <span class='ocrx_word' id='word_1_572' title='bbox 2976 3602 3037 3653; x_wconf 92' lang='lat' dir='ltr'><strong>et</strong></span> <span class='ocrx_word' id='word_1_573' title='bbox 3085 3598 3249 3655; x_wconf 90' lang='lat' dir='ltr'>illum</span> <span class='ocrx_word' id='word_1_574' title='bbox 3305 3607 3651 3675; x_wconf 91' lang='lat' dir='ltr'>susceptum</span> <span class='ocrx_word' id='word_1_575' title='bbox 3678 3607 3753 3663; x_wconf 88' lang='lat' dir='ltr'>ab</span> 
     </span>
    </p>
   </div>
   <div class='ocr_carea' id='block_1_86' title="bbox 2100 3682 3750 3758">
    <p class='ocr_par' dir='ltr' id='par_1_86' title="bbox 2100 3682 3750 3758">
     <span class='ocr_line' id='line_1_86' title="bbox 2100 3682 3750 3758; baseline 0.007 -19"><span class='ocrx_word' id='word_1_576' title='bbox 2100 3683 2227 3754; x_wconf 89' lang='lat' dir='ltr'>ejus</span> <span class='ocrx_word' id='word_1_577' title='bbox 2247 3682 2567 3740; x_wconf 90' lang='lat' dir='ltr'>venerabili</span> <span class='ocrx_word' id='word_1_578' title='bbox 2602 3698 2772 3742; x_wconf 91' lang='lat' dir='ltr'>manu</span> <span class='ocrx_word' id='word_1_579' title='bbox 2794 3700 2853 3742; x_wconf 90' lang='lat' dir='ltr'>se</span> <span class='ocrx_word' id='word_1_580' title='bbox 2879 3685 3045 3743; x_wconf 89' lang='lat' dir='ltr'>avide</span> <span class='ocrx_word' id='word_1_581' title='bbox 3066 3687 3392 3747; x_wconf 91' lang='lat' dir='ltr'>comedere.</span> <span class='ocrx_word' id='word_1_582' title='bbox 3411 3691 3551 3758; x_wconf 73' lang='lat' dir='ltr'>Quae</span> <span class='ocrx_word' id='word_1_583' title='bbox 3577 3693 3750 3751; x_wconf 85' lang='lat' dir='ltr'>ﬁdem</span> 
     </span>
    </p>
   </div>
   <div class='ocr_carea' id='block_1_87' title="bbox 2101 3771 3749 3852">
    <p class='ocr_par' dir='ltr' id='par_1_87' title="bbox 2101 3771 3749 3852">
     <span class='ocr_line' id='line_1_87' title="bbox 2101 3771 3749 3852; baseline 0.007 -25"><span class='ocrx_word' id='word_1_584' title='bbox 2101 3771 2381 3829; x_wconf 89' lang='lat' dir='ltr'>adhibens</span> <span class='ocrx_word' id='word_1_585' title='bbox 2410 3771 2640 3843; x_wconf 91' lang='lat' dir='ltr'>visioni,</span> <span class='ocrx_word' id='word_1_586' title='bbox 2676 3773 2868 3830; x_wconf 91' lang='lat' dir='ltr'>sciens</span> <span class='ocrx_word' id='word_1_587' title='bbox 2899 3788 3003 3845; x_wconf 90' lang='lat' dir='ltr'>per</span> <span class='ocrx_word' id='word_1_588' title='bbox 3032 3790 3161 3833; x_wconf 91' lang='lat' dir='ltr'>eum</span> <span class='ocrx_word' id='word_1_589' title='bbox 3194 3776 3284 3833; x_wconf 89' lang='lat' dir='ltr'>bis</span> <span class='ocrx_word' id='word_1_590' title='bbox 3314 3779 3531 3850; x_wconf 89' lang='lat' dir='ltr'>majora</span> <span class='ocrx_word' id='word_1_591' title='bbox 3566 3795 3749 3852; x_wconf 90' lang='lat' dir='ltr'>posse</span> 
     </span>
    </p>
   </div>
   <div class='ocr_carea' id='block_1_88' title="bbox 2103 3859 3752 3935">
    <p class='ocr_par' dir='ltr' id='par_1_88' title="bbox 2103 3859 3752 3935">
     <span class='ocr_line' id='line_1_88' title="bbox 2103 3859 3752 3935; baseline 0.007 -20"><span class='ocrx_word' id='word_1_592' title='bbox 2103 3860 2246 3931; x_wconf 84' lang='lat' dir='ltr'>ﬁeri,</span> <span class='ocrx_word' id='word_1_593' title='bbox 2289 3859 2585 3918; x_wconf 89' lang='lat' dir='ltr'>ﬂebilibus</span> <span class='ocrx_word' id='word_1_594' title='bbox 2616 3862 2859 3919; x_wconf 92' lang='lat' dir='ltr'>vocibus</span> <span class='ocrx_word' id='word_1_595' title='bbox 2888 3878 3092 3935; x_wconf 89' lang='lat' dir='ltr'>panem</span> <span class='ocrx_word' id='word_1_596' title='bbox 3126 3865 3237 3921; x_wconf 88' lang='lat' dir='ltr'>sibi</span> <span class='ocrx_word' id='word_1_597' title='bbox 3270 3867 3342 3923; x_wconf 91' lang='lat' dir='ltr'>ab</span> <span class='ocrx_word' id='word_1_598' title='bbox 3371 3882 3441 3925; x_wconf 93' lang='lat' dir='ltr'>eo</span> <span class='ocrx_word' id='word_1_599' title='bbox 3471 3869 3752 3927; x_wconf 89' lang='lat' dir='ltr'>obsecrat</span> 
     </span>
    </p>
   </div>
   <div class='ocr_carea' id='block_1_89' title="bbox 2101 3947 3746 4027">
    <p class='ocr_par' dir='ltr' id='par_1_89' title="bbox 2101 3947 3746 4027">
     <span class='ocr_line' id='line_1_89' title="bbox 2101 3947 3746 4027; baseline 0.006 -21"><span class='ocrx_word' id='word_1_600' title='bbox 2101 3947 2389 4006; x_wconf 89' lang='lat' dir='ltr'>benedici.</span> <span class='ocrx_word' id='word_1_601' title='bbox 2425 3947 2534 4015; x_wconf 92' lang='lat' dir='ltr'>Qui</span> <span class='ocrx_word' id='word_1_602' title='bbox 2584 3950 2845 4007; x_wconf 88' lang='lat' dir='ltr'>renitens</span> <span class='ocrx_word' id='word_1_603' title='bbox 2879 3951 3020 4007; x_wconf 92' lang='lat' dir='ltr'>totis</span> <span class='ocrx_word' id='word_1_604' title='bbox 3073 3954 3313 4021; x_wconf 86' lang='lat' dir='ltr'>viribus,</span> <span class='ocrx_word' id='word_1_605' title='bbox 3349 3955 3649 4027; x_wconf 86' lang='lat' dir='ltr'>indignum</span> <span class='ocrx_word' id='word_1_606' title='bbox 3682 3974 3746 4016; x_wconf 88' lang='lat' dir='ltr'>se</span> 
     </span>
    </p>
   </div>
   <div class='ocr_carea' id='block_1_90' title="bbox 2098 4037 3746 4114">
    <p class='ocr_par' dir='ltr' id='par_1_90' title="bbox 2098 4037 3746 4114">
     <span class='ocr_line' id='line_1_90' title="bbox 2098 4037 3746 4114; baseline 0.006 -20"><span class='ocrx_word' id='word_1_607' title='bbox 2098 4037 2418 4111; x_wconf 90' lang='lat' dir='ltr'>proclamat</span> <span class='ocrx_word' id='word_1_608' title='bbox 2469 4038 2801 4096; x_wconf 90' lang='lat' dir='ltr'>ministrum</span> <span class='ocrx_word' id='word_1_609' title='bbox 2858 4041 3054 4112; x_wconf 92' lang='lat' dir='ltr'>operis</span> <span class='ocrx_word' id='word_1_610' title='bbox 3087 4040 3277 4114; x_wconf 90' lang='lat' dir='ltr'>hujus.</span> <span class='ocrx_word' id='word_1_611' title='bbox 3308 4045 3462 4102; x_wconf 89' lang='lat' dir='ltr'>Tunc</span> <span class='ocrx_word' id='word_1_612' title='bbox 3509 4047 3746 4104; x_wconf 88' lang='lat' dir='ltr'>videres</span> 
     </span>
    </p>
   </div>
   <div class='ocr_carea' id='block_1_91' title="bbox 2098 4127 3743 4209">
    <p class='ocr_par' dir='ltr' id='par_1_91' title="bbox 2098 4127 3743 4209">
     <span class='ocr_line' id='line_1_91' title="bbox 2098 4127 3743 4209; baseline 0.005 -24"><span class='ocrx_word' id='word_1_613' title='bbox 2098 4128 2349 4185; x_wconf 92' lang='lat' dir='ltr'>animum</span> <span class='ocrx_word' id='word_1_614' title='bbox 2380 4127 2490 4185; x_wconf 93' lang='lat' dir='ltr'>viri</span> <span class='ocrx_word' id='word_1_615' title='bbox 2520 4127 2619 4183; x_wconf 89' lang='lat' dir='ltr'>Dei</span> <span class='ocrx_word' id='word_1_616' title='bbox 2666 4130 2834 4185; x_wconf 87' lang='lat' dir='ltr'>anxie</span> <span class='ocrx_word' id='word_1_617' title='bbox 2887 4132 3253 4205; x_wconf 83' lang='lat' dir='ltr'>perturbari;</span> <span class='ocrx_word' id='word_1_618' title='bbox 3303 4133 3454 4191; x_wconf 90' lang='lat' dir='ltr'>velle</span> <span class='ocrx_word' id='word_1_619' title='bbox 3510 4135 3743 4209; x_wconf 90' lang='lat' dir='ltr'>quidem</span> 
     </span>
    </p>
   </div>
   <div class='ocr_carea' id='block_1_92' title="bbox 2098 4215 3748 4289">
    <p class='ocr_par' dir='ltr' id='par_1_92' title="bbox 2098 4215 3748 4289">
     <span class='ocr_line' id='line_1_92' title="bbox 2098 4215 3748 4289; baseline 0.006 -17"><span class='ocrx_word' id='word_1_620' title='bbox 2098 4216 2386 4287; x_wconf 90' lang='lat' dir='ltr'>misereri,</span> <span class='ocrx_word' id='word_1_621' title='bbox 2424 4217 2526 4272; x_wconf 87' lang='lat' dir='ltr'>sed</span> <span class='ocrx_word' id='word_1_622' title='bbox 2550 4215 2737 4288; x_wconf 90' lang='lat' dir='ltr'>palam</span> <span class='ocrx_word' id='word_1_623' title='bbox 2756 4217 2808 4272; x_wconf 89' lang='lat' dir='ltr'>id</span> <span class='ocrx_word' id='word_1_624' title='bbox 2836 4222 3078 4289; x_wconf 90' lang='lat' dir='ltr'>propter</span> <span class='ocrx_word' id='word_1_625' title='bbox 3100 4219 3440 4289; x_wconf 86' lang='lat' dir='ltr'>jactantlam</span> <span class='ocrx_word' id='word_1_626' title='bbox 3464 4224 3748 4282; x_wconf 87' lang='lat' dir='ltr'>favorem-</span> 
     </span>
    </p>
   </div>
   <div class='ocr_carea' id='block_1_93' title="bbox 2097 4303 3746 4385">
    <p class='ocr_par' dir='ltr' id='par_1_93' title="bbox 2097 4303 3746 4385">
     <span class='ocr_line' id='line_1_93' title="bbox 2097 4303 3746 4385; baseline 0.007 -26"><span class='ocrx_word' id='word_1_627' title='bbox 2097 4319 2208 4375; x_wconf 92' lang='lat' dir='ltr'>que</span> <span class='ocrx_word' id='word_1_628' title='bbox 2241 4304 2395 4361; x_wconf 92' lang='lat' dir='ltr'>nolle</span> <span class='ocrx_word' id='word_1_629' title='bbox 2428 4303 2573 4359; x_wconf 87' lang='lat' dir='ltr'>ﬂeri.</span> <span class='ocrx_word' id='word_1_630' title='bbox 2620 4307 2887 4361; x_wconf 79' lang='lat' dir='ltr'>Attamen</span> <span class='ocrx_word' id='word_1_631' title='bbox 2920 4321 2989 4362; x_wconf 90' lang='lat' dir='ltr'>ne</span> <span class='ocrx_word' id='word_1_632' title='bbox 3022 4306 3247 4365; x_wconf 80' lang='lat' dir='ltr'>diutius</span> <span class='ocrx_word' id='word_1_633' title='bbox 3276 4310 3579 4369; x_wconf 91' lang='lat' dir='ltr'>videretur</span> <span class='ocrx_word' id='word_1_634' title='bbox 3612 4327 3746 4385; x_wconf 87' lang='lat' dir='ltr'>pro-</span> 
     </span>
    </p>
   </div>
   <div class='ocr_carea' id='block_1_94' title="bbox 2096 4392 3744 4469">
    <p class='ocr_par' dir='ltr' id='par_1_94' title="bbox 2096 4392 3744 4469">
     <span class='ocr_line' id='line_1_94' title="bbox 2096 4392 3744 4469; baseline 0.005 -21"><span class='ocrx_word' id='word_1_635' title='bbox 2096 4393 2329 4450; x_wconf 91' lang='lat' dir='ltr'>trahere</span> <span class='ocrx_word' id='word_1_636' title='bbox 2361 4392 2516 4463; x_wconf 88' lang='lat' dir='ltr'>quod</span> <span class='ocrx_word' id='word_1_637' title='bbox 2546 4393 2822 4450; x_wconf 89' lang='lat' dir='ltr'>divinitas</span> <span class='ocrx_word' id='word_1_638' title='bbox 2856 4410 2960 4467; x_wconf 93' lang='lat' dir='ltr'>per</span> <span class='ocrx_word' id='word_1_639' title='bbox 2994 4410 3125 4452; x_wconf 89' lang='lat' dir='ltr'>eum</span> <span class='ocrx_word' id='word_1_640' title='bbox 3157 4397 3527 4469; x_wconf 88' lang='lat' dir='ltr'>disposuerat</span> <span class='ocrx_word' id='word_1_641' title='bbox 3562 4398 3744 4457; x_wconf 89' lang='lat' dir='ltr'>adim-</span> 
     </span>
    </p>
   </div>
   <div class='ocr_carea' id='block_1_95' title="bbox 340 4481 3740 4561">
    <p class='ocr_par' dir='ltr' id='par_1_95' title="bbox 340 4481 3740 4561">
     <span class='ocr_line' id='line_1_95' title="bbox 340 4481 3740 4561; baseline 0.001 -20"><span class='ocrx_word' id='word_1_642' title='bbox 340 4486 589 4555; x_wconf 88' lang='lat' dir='ltr'>nomine,</span> <span class='ocrx_word' id='word_1_643' title='bbox 621 4490 896 4541; x_wconf 91' lang='lat' dir='ltr'>oraturus</span> <span class='ocrx_word' id='word_1_644' title='bbox 930 4485 1167 4540; x_wconf 88' lang='lat' dir='ltr'>intravit</span> <span class='ocrx_word' id='word_1_645' title='bbox 1194 4504 1206 4539; x_wconf 92' lang='lat'>:</span> <span class='ocrx_word' id='word_1_646' title='bbox 1233 4489 1290 4540; x_wconf 90' lang='lat' dir='ltr'>ot</span> <span class='ocrx_word' id='word_1_647' title='bbox 1321 4498 1457 4540; x_wconf 92' lang='lat' dir='ltr'>ecce</span> <span class='ocrx_word' id='word_1_648' title='bbox 1482 4484 1609 4541; x_wconf 92' lang='lat' dir='ltr'>solo</span> <span class='ocrx_word' id='word_1_649' title='bbox 1628 4488 1978 4558; x_wconf 91' lang='lat' dir='ltr'>prostratus,</span> <span class='ocrx_word' id='word_1_650' title='bbox 2011 4482 2067 4546; x_wconf 95' lang='lat' dir='ltr'>D</span> <span class='ocrx_word' id='word_1_651' title='bbox 2100 4482 2279 4556; x_wconf 92' lang='lat' dir='ltr'>plere,</span> <span class='ocrx_word' id='word_1_652' title='bbox 2311 4481 2548 4539; x_wconf 89' lang='lat' dir='ltr'>allatum</span> <span class='ocrx_word' id='word_1_653' title='bbox 2579 4496 2785 4554; x_wconf 90' lang='lat' dir='ltr'>panem</span> <span class='ocrx_word' id='word_1_654' title='bbox 2834 4483 3150 4556; x_wconf 88' lang='lat' dir='ltr'>benedixit,</span> <span class='ocrx_word' id='word_1_655' title='bbox 3186 4485 3414 4543; x_wconf 92' lang='lat' dir='ltr'>mulieri</span> <span class='ocrx_word' id='word_1_656' title='bbox 3451 4489 3740 4561; x_wconf 85' lang='lat' dir='ltr'>porrexit,</span> 
     </span>
    </p>
   </div>
   <div class='ocr_carea' id='block_1_96' title="bbox 339 4572 1984 4645">
    <p class='ocr_par' dir='ltr' id='par_1_96' title="bbox 339 4572 1984 4645">
     <span class='ocr_line' id='line_1_96' title="bbox 339 4572 1984 4645; baseline 0.001 -16"><span class='ocrx_word' id='word_1_657' title='bbox 339 4588 541 4630; x_wconf 91' lang='lat' dir='ltr'>carere</span> <span class='ocrx_word' id='word_1_658' title='bbox 566 4572 756 4629; x_wconf 91' lang='lat' dir='ltr'>locum</span> <span class='ocrx_word' id='word_1_659' title='bbox 791 4577 1123 4629; x_wconf 91' lang='lat' dir='ltr'>sanctorum</span> <span class='ocrx_word' id='word_1_660' title='bbox 1149 4573 1497 4644; x_wconf 90' lang='lat' dir='ltr'>patrocinio,</span> <span class='ocrx_word' id='word_1_661' title='bbox 1529 4572 1748 4645; x_wconf 92' lang='lat' dir='ltr'>Spiritu</span> <span class='ocrx_word' id='word_1_662' title='bbox 1782 4577 1984 4631; x_wconf 83' lang='lat' dir='ltr'>sancto</span> 
     </span>
    </p>
   </div>
   <div class='ocr_carea' id='block_1_97' title="bbox 339 4658 1984 4734">
    <p class='ocr_par' dir='ltr' id='par_1_97' title="bbox 339 4658 1984 4734">
     <span class='ocr_line' id='line_1_97' title="bbox 339 4658 1984 4734; baseline 0 -14"><span class='ocrx_word' id='word_1_663' title='bbox 339 4660 658 4734; x_wconf 85' lang='lat' dir='ltr'>revelante,</span> <span class='ocrx_word' id='word_1_664' title='bbox 694 4658 918 4718; x_wconf 87' lang='lat' dir='ltr'>didicit.</span> <span class='ocrx_word' id='word_1_665' title='bbox 955 4660 1061 4728; x_wconf 90' lang='lat' dir='ltr'>Qui</span> <span class='ocrx_word' id='word_1_666' title='bbox 1109 4675 1356 4731; x_wconf 88' lang='lat' dir='ltr'>surgens</span> <span class='ocrx_word' id='word_1_667' title='bbox 1389 4661 1460 4717; x_wconf 90' lang='lat' dir='ltr'>ab</span> <span class='ocrx_word' id='word_1_668' title='bbox 1514 4662 1801 4733; x_wconf 87' lang='lat' dir='ltr'>oratione,</span> <span class='ocrx_word' id='word_1_669' title='bbox 1852 4678 1984 4720; x_wconf 89' lang='lat' dir='ltr'>cum</span> 
     </span>
    </p>
   </div>
   <div class='ocr_carea' id='block_1_98' title="bbox 334 4748 1983 4822">
    <p class='ocr_par' dir='ltr' id='par_1_98' title="bbox 334 4748 1983 4822">
     <span class='ocr_line' id='line_1_98' title="bbox 334 4748 1983 4822; baseline -0.001 -13"><span class='ocrx_word' id='word_1_670' title='bbox 334 4765 533 4809; x_wconf 86' lang='lat' dir='ltr'>secum</span> <span class='ocrx_word' id='word_1_671' title='bbox 557 4750 1017 4808; x_wconf 89' lang='lat' dir='ltr'>consistentibus</span> <span class='ocrx_word' id='word_1_672' title='bbox 1036 4748 1283 4807; x_wconf 92' lang='lat' dir='ltr'>accessit</span> <span class='ocrx_word' id='word_1_673' title='bbox 1306 4750 1377 4806; x_wconf 90' lang='lat' dir='ltr'>ad</span> <span class='ocrx_word' id='word_1_674' title='bbox 1396 4750 1602 4822; x_wconf 90' lang='lat' dir='ltr'>altare,</span> <span class='ocrx_word' id='word_1_675' title='bbox 1623 4756 1682 4806; x_wconf 90' lang='lat' dir='ltr'><strong>et</strong></span> <span class='ocrx_word' id='word_1_676' title='bbox 1700 4750 1983 4808; x_wconf 89' lang='lat' dir='ltr'>velamine</span> 
     </span>
    </p>
   </div>
   <div class='ocr_carea' id='block_1_99' title="bbox 332 4838 1979 4912">
    <p class='ocr_par' dir='ltr' id='par_1_99' title="bbox 332 4838 1979 4912">
     <span class='ocr_line' id='line_1_99' title="bbox 332 4838 1979 4912; baseline -0.001 -14"><span class='ocrx_word' id='word_1_677' title='bbox 332 4841 649 4912; x_wconf 86' lang='lat' dir='ltr'>subducto,</span> <span class='ocrx_word' id='word_1_678' title='bbox 665 4854 795 4898; x_wconf 90' lang='lat' dir='ltr'>cum</span> <span class='ocrx_word' id='word_1_679' title='bbox 810 4839 999 4896; x_wconf 87' lang='lat' dir='ltr'>omnia</span> <span class='ocrx_word' id='word_1_680' title='bbox 1023 4838 1289 4909; x_wconf 86' lang='lat' dir='ltr'>diligenti</span> <span class='ocrx_word' id='word_1_681' title='bbox 1308 4839 1520 4896; x_wconf 89' lang='lat' dir='ltr'>intuitu</span> <span class='ocrx_word' id='word_1_682' title='bbox 1535 4838 1979 4912; x_wconf 89' lang='lat' dir='ltr'>perlustrasset,</span> 
     </span>
    </p>
   </div>
   <div class='ocr_carea' id='block_1_100' title="bbox 331 4926 1977 5001">
    <p class='ocr_par' dir='ltr' id='par_1_100' title="bbox 331 4926 1977 5001">
     <span class='ocr_line' id='line_1_100' title="bbox 331 4926 1977 5001; baseline -0.001 -14"><span class='ocrx_word' id='word_1_683' title='bbox 331 4928 476 4987; x_wconf 89' lang='lat' dir='ltr'>nihil</span> <span class='ocrx_word' id='word_1_684' title='bbox 498 4931 730 4987; x_wconf 88' lang='lat' dir='ltr'>omnino</span> <span class='ocrx_word' id='word_1_685' title='bbox 767 4929 861 4987; x_wconf 88' lang='lat' dir='ltr'>vel</span> <span class='ocrx_word' id='word_1_686' title='bbox 901 4930 1010 4987; x_wconf 93' lang='lat' dir='ltr'>sub</span> <span class='ocrx_word' id='word_1_687' title='bbox 1048 4927 1263 4999; x_wconf 90' lang='lat' dir='ltr'>sigillo,</span> <span class='ocrx_word' id='word_1_688' title='bbox 1295 4926 1388 4984; x_wconf 92' lang='lat' dir='ltr'>vel</span> <span class='ocrx_word' id='word_1_689' title='bbox 1419 4928 1694 4985; x_wconf 86' lang='lat' dir='ltr'>rimarum</span> <span class='ocrx_word' id='word_1_690' title='bbox 1728 4928 1977 5001; x_wconf 88' lang='lat' dir='ltr'>ﬂssuris,</span> 
     </span>
    </p>
   </div>
   <div class='ocr_carea' id='block_1_101' title="bbox 260 5016 1982 5093">
    <p class='ocr_par' dir='ltr' id='par_1_101' title="bbox 260 5016 1982 5093">
     <span class='ocr_line' id='line_1_101' title="bbox 260 5016 1982 5093; baseline 0.001 -17"><span class='ocrx_word' id='word_1_691' title='bbox 260 5068 269 5069; x_wconf 36' lang='grc' dir='ltr'><em>κ</em></span> <span class='ocrx_word' id='word_1_692' title='bbox 331 5025 550 5093; x_wconf 62' lang='lat' dir='ltr'>praeter</span> <span class='ocrx_word' id='word_1_693' title='bbox 572 5019 1004 5076; x_wconf 87' lang='lat' dir='ltr'>nidiﬂcationes</span> <span class='ocrx_word' id='word_1_694' title='bbox 1026 5016 1532 5090; x_wconf 89' lang='lat' dir='ltr'>vespertilionum,</span> <span class='ocrx_word' id='word_1_695' title='bbox 1555 5021 1611 5074; x_wconf 92' lang='lat' dir='ltr'>et</span> <span class='ocrx_word' id='word_1_696' title='bbox 1636 5018 1785 5075; x_wconf 91' lang='lat' dir='ltr'>telas</span> <span class='ocrx_word' id='word_1_697' title='bbox 1817 5032 1982 5090; x_wconf 91' lang='lat' dir='ltr'>repe-</span> 
     </span>
    </p>
   </div>
   <div class='ocr_carea' id='block_1_102' title="bbox 330 5105 1980 5180">
    <p class='ocr_par' dir='ltr' id='par_1_102' title="bbox 330 5105 1980 5180">
     <span class='ocr_line' id='line_1_102' title="bbox 330 5105 1980 5180; baseline -0.002 -15"><span class='ocrx_word' id='word_1_698' title='bbox 330 5107 410 5165; x_wconf 93' lang='lat' dir='ltr'>rit</span> <span class='ocrx_word' id='word_1_699' title='bbox 438 5121 800 5166; x_wconf 89' lang='lat' dir='ltr'>aranearum.</span> <span class='ocrx_word' id='word_1_700' title='bbox 836 5106 999 5165; x_wconf 90' lang='lat' dir='ltr'>Unde</span> <span class='ocrx_word' id='word_1_701' title='bbox 1031 5106 1301 5163; x_wconf 92' lang='lat' dir='ltr'>nimirum</span> <span class='ocrx_word' id='word_1_702' title='bbox 1335 5105 1446 5179; x_wconf 80' lang='lat' dir='ltr'>[f.,</span> <span class='ocrx_word' id='word_1_703' title='bbox 1480 5106 1761 5177; x_wconf 90' lang='lat' dir='ltr'>nimium],</span> <span class='ocrx_word' id='word_1_704' title='bbox 1788 5111 1851 5163; x_wconf 92' lang='lat' dir='ltr'>ut</span> <span class='ocrx_word' id='word_1_705' title='bbox 1873 5121 1980 5180; x_wconf 91' lang='lat' dir='ltr'>par</span> 
     </span>
    </p>
   </div>
   <div class='ocr_carea' id='block_1_103' title="bbox 327 5194 1978 5267">
    <p class='ocr_par' dir='ltr' id='par_1_103' title="bbox 327 5194 1978 5267">
     <span class='ocr_line' id='line_1_103' title="bbox 327 5194 1978 5267; baseline -0.001 -14"><span class='ocrx_word' id='word_1_706' title='bbox 327 5199 474 5267; x_wconf 87' lang='lat' dir='ltr'>erat,</span> <span class='ocrx_word' id='word_1_707' title='bbox 500 5200 691 5253; x_wconf 91' lang='lat' dir='ltr'>mente</span> <span class='ocrx_word' id='word_1_708' title='bbox 705 5198 1140 5266; x_wconf 87' lang='lat' dir='ltr'>consternatus,</span> <span class='ocrx_word' id='word_1_709' title='bbox 1158 5194 1380 5265; x_wconf 89' lang='lat' dir='ltr'>absque</span> <span class='ocrx_word' id='word_1_710' title='bbox 1396 5209 1686 5252; x_wconf 90' lang='lat' dir='ltr'>morarum</span> <span class='ocrx_word' id='word_1_711' title='bbox 1698 5194 1978 5253; x_wconf 89' lang='lat' dir='ltr'>dilatione</span> 
     </span>
    </p>
   </div>
   <div class='ocr_carea' id='block_1_104' title="bbox 328 5281 1983 5357">
    <p class='ocr_par' dir='ltr' id='par_1_104' title="bbox 328 5281 1983 5357">
     <span class='ocr_line' id='line_1_104' title="bbox 328 5281 1983 5357; baseline -0.001 -15"><span class='ocrx_word' id='word_1_712' title='bbox 328 5282 686 5342; x_wconf 89' lang='lat' dir='ltr'>Coloniensis</span> <span class='ocrx_word' id='word_1_713' title='bbox 708 5282 985 5342; x_wconf 84' lang='lat' dir='ltr'>Ecclesiae</span> <span class='ocrx_word' id='word_1_714' title='bbox 1007 5281 1316 5357; x_wconf 58' lang='lat' dir='ltr'>praesulem</span> <span class='ocrx_word' id='word_1_715' title='bbox 1338 5282 1503 5354; x_wconf 90' lang='lat' dir='ltr'>adiit,</span> <span class='ocrx_word' id='word_1_716' title='bbox 1524 5281 1629 5355; x_wconf 89' lang='lat' dir='ltr'>illi,</span> <span class='ocrx_word' id='word_1_717' title='bbox 1656 5297 1784 5355; x_wconf 84' lang='lat' dir='ltr'>quae</span> <span class='ocrx_word' id='word_1_718' title='bbox 1805 5286 1983 5354; x_wconf 83' lang='lat' dir='ltr'>gesta</span> 
     </span>
    </p>
   </div>
   <div class='ocr_carea' id='block_1_105' title="bbox 397 5431 1967 5506">
    <p class='ocr_par' dir='ltr' id='par_1_105' title="bbox 397 5431 1967 5506">
     <span class='ocr_line' id='line_1_105' title="bbox 397 5431 1967 5506; baseline 0 -16"><span class='ocrx_word' id='word_1_719' title='bbox 397 5431 516 5506; x_wconf 67' lang='lat'>(21)</span> <span class='ocrx_word' id='word_1_720' title='bbox 544 5431 1002 5506; x_wconf 77' lang='lat' dir='ltr'>Scardouensjs,_</span> <span class='ocrx_word' id='word_1_721' title='bbox 1022 5433 1451 5506; x_wconf 89' lang='lat' dir='ltr'>restituendum</span> <span class='ocrx_word' id='word_1_722' title='bbox 1473 5447 1607 5491; x_wconf 92' lang='lat' dir='ltr'>esse</span> <span class='ocrx_word' id='word_1_723' title='bbox 1629 5437 1797 5506; x_wconf 92' lang='lat' dir='ltr'>putat</span> <span class='ocrx_word' id='word_1_724' title='bbox 1822 5434 1967 5506; x_wconf 84' lang='lat' dir='ltr'>Hen-</span> 
     </span>
    </p>
   </div>
   <div class='ocr_carea' id='block_1_106' title="bbox 318 5502 1968 5577">
    <p class='ocr_par' dir='ltr' id='par_1_106' title="bbox 318 5502 1968 5577">
     <span class='ocr_line' id='line_1_106' title="bbox 318 5502 1968 5577; baseline 0.001 -16"><span class='ocrx_word' id='word_1_725' title='bbox 318 5502 615 5577; x_wconf 81' lang='lat' dir='ltr'>schenius,</span> <span class='ocrx_word' id='word_1_726' title='bbox 654 5515 724 5559; x_wconf 90' lang='lat' dir='ltr'>eo</span> <span class='ocrx_word' id='word_1_727' title='bbox 748 5502 923 5577; x_wconf 81' lang='lat' dir='ltr'>quod</span> <span class='ocrx_word' id='word_1_728' title='bbox 954 5502 1078 5577; x_wconf 80' lang='lat' dir='ltr'>ejus</span> <span class='ocrx_word' id='word_1_729' title='bbox 1124 5504 1373 5577; x_wconf 90' lang='lat' dir='ltr'>nominis</span> <span class='ocrx_word' id='word_1_730' title='bbox 1400 5506 1571 5577; x_wconf 86' lang='lat' dir='ltr'>sedes</span> <span class='ocrx_word' id='word_1_731' title='bbox 1618 5502 1968 5577; x_wconf 76' lang='lat' dir='ltr'>episcopalis</span> 
     </span>
    </p>
   </div>
   <div class='ocr_carea' id='block_1_107' title="bbox 312 5573 1968 5646">
    <p class='ocr_par' dir='ltr' id='par_1_107' title="bbox 312 5573 1968 5646">
     <span class='ocr_line' id='line_1_107' title="bbox 312 5573 1968 5646; baseline 0.003 -13"><span class='ocrx_word' id='word_1_732' title='bbox 312 5573 397 5633; x_wconf 85' lang='lat' dir='ltr'>sit</span> <span class='ocrx_word' id='word_1_733' title='bbox 423 5573 479 5631; x_wconf 91' lang='lat' dir='ltr'>in</span> <span class='ocrx_word' id='word_1_734' title='bbox 508 5573 813 5638; x_wconf 78' lang='lat' dir='ltr'>Dalmatia.</span> <span class='ocrx_word' id='word_1_735' title='bbox 869 5573 1039 5646; x_wconf 88' lang='lat' dir='ltr'>cujus</span> <span class='ocrx_word' id='word_1_736' title='bbox 1070 5579 1219 5636; x_wconf 88' lang='lat' dir='ltr'>forte</span> <span class='ocrx_word' id='word_1_737' title='bbox 1278 5576 1452 5636; x_wconf 91' lang='lat' dir='ltr'>titulo</span> <span class='ocrx_word' id='word_1_738' title='bbox 1483 5573 1733 5635; x_wconf 77' lang='lat' dir='ltr'>donatus</span> <span class='ocrx_word' id='word_1_739' title='bbox 1790 5573 1968 5638; x_wconf 76' lang='lat' dir='ltr'>fuerit</span> 
     </span>
    </p>
   </div>
   <div class='ocr_carea' id='block_1_108' title="bbox 2098 4571 3745 4645">
    <p class='ocr_par' dir='ltr' id='par_1_108' title="bbox 2098 4571 3745 4645">
     <span class='ocr_line' id='line_1_108' title="bbox 2098 4571 3745 4645; baseline 0.005 -18"><span class='ocrx_word' id='word_1_740' title='bbox 2098 4572 2487 4645; x_wconf 81' lang='lat' dir='ltr'>praesentibus</span> <span class='ocrx_word' id='word_1_741' title='bbox 2510 4571 2678 4627; x_wconf 92' lang='lat' dir='ltr'>nobis</span> <span class='ocrx_word' id='word_1_742' title='bbox 2697 4571 2794 4628; x_wconf 90' lang='lat' dir='ltr'>illa</span> <span class='ocrx_word' id='word_1_743' title='bbox 2813 4573 3082 4630; x_wconf 89' lang='lat' dir='ltr'>comedit.</span> <span class='ocrx_word' id='word_1_744' title='bbox 3110 4575 3248 4642; x_wconf 68' lang='lat' dir='ltr'>Qum</span> <span class='ocrx_word' id='word_1_745' title='bbox 3269 4576 3379 4633; x_wconf 92' lang='lat' dir='ltr'>viri</span> <span class='ocrx_word' id='word_1_746' title='bbox 3402 4576 3500 4633; x_wconf 92' lang='lat' dir='ltr'>Dei</span> <span class='ocrx_word' id='word_1_747' title='bbox 3516 4578 3745 4636; x_wconf 91' lang='lat' dir='ltr'>meritis</span> 
     </span>
    </p>
   </div>
   <div class='ocr_carea' id='block_1_109' title="bbox 2095 4660 3730 4739">
    <p class='ocr_par' dir='ltr' id='par_1_109' title="bbox 2095 4660 3730 4739">
     <span class='ocr_line' id='line_1_109' title="bbox 2095 4660 3730 4739; baseline 0.004 -22"><span class='ocrx_word' id='word_1_748' title='bbox 2095 4677 2168 4717; x_wconf 89' lang='lat' dir='ltr'>ex</span> <span class='ocrx_word' id='word_1_749' title='bbox 2198 4661 2426 4731; x_wconf 87' lang='lat' dir='ltr'>integro</span> <span class='ocrx_word' id='word_1_750' title='bbox 2483 4660 2726 4716; x_wconf 89' lang='lat' dir='ltr'>sanitati</span> <span class='ocrx_word' id='word_1_751' title='bbox 2779 4661 3074 4733; x_wconf 90' lang='lat' dir='ltr'>restituta,</span> <span class='ocrx_word' id='word_1_752' title='bbox 3111 4664 3284 4735; x_wconf 89' lang='lat' dir='ltr'>omni,</span> <span class='ocrx_word' id='word_1_753' title='bbox 3319 4666 3507 4736; x_wconf 89' lang='lat' dir='ltr'>quoad</span> <span class='ocrx_word' id='word_1_754' title='bbox 3562 4667 3730 4739; x_wconf 83' lang='lat' dir='ltr'>vixit,</span> 
     </span>
    </p>
   </div>
   <div class='ocr_carea' id='block_1_110' title="bbox 2098 4749 3740 4822">
    <p class='ocr_par' dir='ltr' id='par_1_110' title="bbox 2098 4749 3740 4822">
     <span class='ocr_line' id='line_1_110' title="bbox 2098 4749 3740 4822; baseline 0.004 -17"><span class='ocrx_word' id='word_1_755' title='bbox 2098 4755 2357 4822; x_wconf 89' lang='lat' dir='ltr'>tempore</span> <span class='ocrx_word' id='word_1_756' title='bbox 2388 4749 2598 4806; x_wconf 92' lang='lat' dir='ltr'>ibidem</span> <span class='ocrx_word' id='word_1_757' title='bbox 2640 4749 2905 4809; x_wconf 67' lang='lat' dir='ltr'>ecclesiae</span> <span class='ocrx_word' id='word_1_758' title='bbox 2950 4752 3152 4809; x_wconf 85' lang='lat' dir='ltr'>usibus</span> <span class='ocrx_word' id='word_1_759' title='bbox 3183 4758 3345 4809; x_wconf 89' lang='lat' dir='ltr'>tanto</span> <span class='ocrx_word' id='word_1_760' title='bbox 3374 4755 3740 4813; x_wconf 92' lang='lat' dir='ltr'>commodius</span> 
     </span>
    </p>
   </div>
   <div class='ocr_carea' id='block_1_111' title="bbox 2094 4837 3742 4913">
    <p class='ocr_par' dir='ltr' id='par_1_111' title="bbox 2094 4837 3742 4913">
     <span class='ocr_line' id='line_1_111' title="bbox 2094 4837 3742 4913; baseline 0.001 -16"><span class='ocrx_word' id='word_1_761' title='bbox 2094 4854 2157 4897; x_wconf 91' lang='lat' dir='ltr'>ac</span> <span class='ocrx_word' id='word_1_762' title='bbox 2180 4839 2449 4895; x_wconf 90' lang='lat' dir='ltr'>devotius</span> <span class='ocrx_word' id='word_1_763' title='bbox 2463 4837 2688 4895; x_wconf 87' lang='lat' dir='ltr'>studuit</span> <span class='ocrx_word' id='word_1_764' title='bbox 2714 4839 3032 4911; x_wconf 89' lang='lat' dir='ltr'>deservire,</span> <span class='ocrx_word' id='word_1_765' title='bbox 3058 4844 3277 4912; x_wconf 87' lang='lat' dir='ltr'>quanto</span> <span class='ocrx_word' id='word_1_766' title='bbox 3303 4857 3420 4913; x_wconf 73' lang='lat' dir='ltr'>prze</span> <span class='ocrx_word' id='word_1_767' title='bbox 3444 4841 3573 4899; x_wconf 90' lang='lat' dir='ltr'>aliis</span> <span class='ocrx_word' id='word_1_768' title='bbox 3593 4843 3742 4900; x_wconf 87' lang='lat' dir='ltr'>mul-</span> 
     </span>
    </p>
   </div>
   <div class='ocr_carea' id='block_1_112' title="bbox 2089 4926 3736 4999">
    <p class='ocr_par' dir='ltr' id='par_1_112' title="bbox 2089 4926 3736 4999">
     <span class='ocr_line' id='line_1_112' title="bbox 2089 4926 3736 4999; baseline 0.004 -18"><span class='ocrx_word' id='word_1_769' title='bbox 2089 4927 2353 4999; x_wconf 88' lang='lat' dir='ltr'>tiplicius</span> <span class='ocrx_word' id='word_1_770' title='bbox 2384 4941 2451 4984; x_wconf 89' lang='lat' dir='ltr'>ac</span> <span class='ocrx_word' id='word_1_771' title='bbox 2495 4926 2860 4984; x_wconf 82' lang='lat' dir='ltr'>diﬂ‘erentius</span> <span class='ocrx_word' id='word_1_772' title='bbox 2890 4929 3110 4999; x_wconf 87' lang='lat' dir='ltr'>gratias</span> <span class='ocrx_word' id='word_1_773' title='bbox 3155 4930 3471 4987; x_wconf 87' lang='lat' dir='ltr'>sanitatum</span> <span class='ocrx_word' id='word_1_774' title='bbox 3521 4932 3736 4989; x_wconf 90' lang='lat' dir='ltr'>meruit</span> 
     </span>
    </p>
   </div>
   <div class='ocr_carea' id='block_1_113' title="bbox 2090 5014 3740 5092">
    <p class='ocr_par' dir='ltr' id='par_1_113' title="bbox 2090 5014 3740 5092">
     <span class='ocr_line' id='line_1_113' title="bbox 2090 5014 3740 5092; baseline 0.002 -19"><span class='ocrx_word' id='word_1_775' title='bbox 2090 5016 2377 5073; x_wconf 91' lang='lat' dir='ltr'>obtinere.</span> <span class='ocrx_word' id='word_1_776' title='bbox 2410 5015 2511 5072; x_wconf 88' lang='lat' dir='ltr'>Vir</span> <span class='ocrx_word' id='word_1_777' title='bbox 2544 5020 2735 5073; x_wconf 86' lang='lat' dir='ltr'>autem</span> <span class='ocrx_word' id='word_1_778' title='bbox 2772 5014 3018 5087; x_wconf 90' lang='lat' dir='ltr'>Domini,</span> <span class='ocrx_word' id='word_1_779' title='bbox 3056 5032 3384 5089; x_wconf 86' lang='lat' dir='ltr'>quanquam</span> <span class='ocrx_word' id='word_1_780' title='bbox 3445 5024 3560 5075; x_wconf 91' lang='lat' dir='ltr'>tam</span> <span class='ocrx_word' id='word_1_781' title='bbox 3589 5036 3740 5092; x_wconf 62' lang='lat' dir='ltr'>pra;-</span> 
     </span>
    </p>
   </div>
   <div class='ocr_carea' id='block_1_114' title="bbox 2087 5103 3736 5178">
    <p class='ocr_par' dir='ltr' id='par_1_114' title="bbox 2087 5103 3736 5178">
     <span class='ocr_line' id='line_1_114' title="bbox 2087 5103 3736 5178; baseline 0.002 -16"><span class='ocrx_word' id='word_1_782' title='bbox 2087 5104 2265 5162; x_wconf 90' lang='lat' dir='ltr'>claris</span> <span class='ocrx_word' id='word_1_783' title='bbox 2279 5110 2337 5160; x_wconf 93' lang='lat' dir='ltr'>et</span> <span class='ocrx_word' id='word_1_784' title='bbox 2350 5104 2578 5161; x_wconf 89' lang='lat' dir='ltr'>eximiis</span> <span class='ocrx_word' id='word_1_785' title='bbox 2598 5103 2845 5175; x_wconf 90' lang='lat' dir='ltr'>polleret</span> <span class='ocrx_word' id='word_1_786' title='bbox 2862 5104 3201 5176; x_wconf 91' lang='lat' dir='ltr'>virtutibus,</span> <span class='ocrx_word' id='word_1_787' title='bbox 3228 5122 3519 5178; x_wconf 90' lang='lat' dir='ltr'>nunquam</span> <span class='ocrx_word' id='word_1_788' title='bbox 3540 5112 3736 5166; x_wconf 88' lang='lat' dir='ltr'>tamen</span> 
     </span>
    </p>
   </div>
   <div class='ocr_carea' id='block_1_115' title="bbox 2090 5192 3734 5265">
    <p class='ocr_par' dir='ltr' id='par_1_115' title="bbox 2090 5192 3734 5265">
     <span class='ocr_line' id='line_1_115' title="bbox 2090 5192 3734 5265; baseline 0.004 -16"><span class='ocrx_word' id='word_1_789' title='bbox 2090 5192 2250 5250; x_wconf 90' lang='lat' dir='ltr'>illius</span> <span class='ocrx_word' id='word_1_790' title='bbox 2281 5192 2521 5249; x_wconf 91' lang='lat' dir='ltr'>elationi</span> <span class='ocrx_word' id='word_1_791' title='bbox 2563 5192 2875 5249; x_wconf 88' lang='lat' dir='ltr'>succubuit</span> <span class='ocrx_word' id='word_1_792' title='bbox 2925 5192 3168 5265; x_wconf 89' lang='lat' dir='ltr'>animus,</span> <span class='ocrx_word' id='word_1_793' title='bbox 3202 5208 3313 5251; x_wconf 92' lang='lat' dir='ltr'>non</span> <span class='ocrx_word' id='word_1_794' title='bbox 3361 5194 3734 5265; x_wconf 87' lang='lat' dir='ltr'>gloriandum</span> 
     </span>
    </p>
   </div>
   <div class='ocr_carea' id='block_1_116' title="bbox 2091 5281 3736 5354">
    <p class='ocr_par' dir='ltr' id='par_1_116' title="bbox 2091 5281 3736 5354">
     <span class='ocr_line' id='line_1_116' title="bbox 2091 5281 3736 5354; baseline 0.002 -15"><span class='ocrx_word' id='word_1_795' title='bbox 2091 5281 2355 5340; x_wconf 90' lang='lat' dir='ltr'>recolens</span> <span class='ocrx_word' id='word_1_796' title='bbox 2386 5296 2459 5339; x_wconf 88' lang='lat' dir='ltr'>ex</span> <span class='ocrx_word' id='word_1_797' title='bbox 2485 5281 2707 5340; x_wconf 88' lang='lat' dir='ltr'>virtute</span> <span class='ocrx_word' id='word_1_798' title='bbox 2725 5281 3041 5354; x_wconf 87' lang='lat' dir='ltr'>signorum,</span> <span class='ocrx_word' id='word_1_799' title='bbox 3067 5283 3171 5339; x_wconf 90' lang='lat' dir='ltr'>sed</span> <span class='ocrx_word' id='word_1_800' title='bbox 3198 5296 3272 5340; x_wconf 83' lang='lat' dir='ltr'>ex</span> <span class='ocrx_word' id='word_1_801' title='bbox 3292 5284 3592 5342; x_wconf 90' lang='lat' dir='ltr'>consortio</span> <span class='ocrx_word' id='word_1_802' title='bbox 3613 5286 3736 5342; x_wconf 90' lang='lat' dir='ltr'>col-</span> 
     </span>
    </p>
   </div>
   <div class='ocr_carea' id='block_1_117' title="bbox 2076 5430 3729 5561">
    <p class='ocr_par' dir='ltr' id='par_1_117' title="bbox 2076 5430 3729 5561">
     <span class='ocr_line' id='line_1_117' title="bbox 2076 5430 3729 5561; baseline 0 -71"><span class='ocrx_word' id='word_1_803' title='bbox 2076 5433 2538 5561; x_wconf 49' lang='grc' dir='ltr'>ὲιὲσίεῇῗέῗοορυε,</span> <span class='ocrx_word' id='word_1_804' title='bbox 2573 5445 2744 5505; x_wconf 91' lang='lat' dir='ltr'>quem</span> <span class='ocrx_word' id='word_1_805' title='bbox 2801 5430 3289 5506; x_wconf 86' lang='lat' dir='ltr'>chorepiscopum</span> <span class='ocrx_word' id='word_1_806' title='bbox 3322 5430 3729 5492; x_wconf 87' lang='lat' dir='ltr'>Coloniensem</span> 
     </span>
    </p>
   </div>
   <div class='ocr_carea' id='block_1_118' title="bbox 2075 5520 2353 5579">
    <p class='ocr_par' dir='ltr' id='par_1_118' title="bbox 2075 5520 2353 5579">
     <span class='ocr_line' id='line_1_118' title="bbox 2075 5520 2353 5579; baseline 0.004 -17"><span class='ocrx_word' id='word_1_807' title='bbox 2075 5520 2353 5579; x_wconf 73' lang='lat' dir='ltr'>appellat.</span> 
     </span>
    </p>
   </div>
  </div>
