3964 6044
103 296 215 361 429

1628 289 1847 359 VITA.

3378 310 3507 378 430

103 428 227 501 legii
250 429 600 488 electorum.
634 431 774 500 Quis
802 445 946 490 vero
965 430 1298 503 singulatim
1321 434 1494 503 queat
1522 430 1745 487 referre
1775 429 1831 488 A
1863 428 1998 499 quia
2042 444 2190 501 quos
2224 430 2340 501 jam
2364 433 2737 505 praedicando
2768 443 3096 509 pepererat,
3132 442 3498 503 reformando

103 519 415 577 sanitatum
428 521 735 591 genera,in
751 521 1001 578 diversis
1026 536 1128 594 per
1155 521 1314 578 illum
1335 519 1749 589 languentibus

103 609 359 665 exhibita
386 610 764 668 miseratione
811 610 1039 668 divina?
1066 609 1288 683 Saepius
1331 609 1504 680 enim,
1536 607 1636 663 illo
1668 606 1751 663 vi-

106 696 338 768 sitante,
363 702 457 753 est
481 697 706 756 indulta
730 699 1156 769 aegrotantibus
1178 698 1355 768 salus,
1382 697 1537 767 quod
1555 700 1746 752 tamen

103 794 165 849 ab
187 793 389 864 aliquo
411 794 522 851 sibi
547 795 823 866 imputari
848 804 1092 867 prorSus
1114 810 1227 852 non
1251 794 1603 867 patiebatur.
1629 792 1751 849 Suf-

103 880 339 938 ﬁciante
371 883 637 954 pluribus
669 884 782 940 ista
817 884 1090 941 fidelibus
1121 898 1192 940 ex
1222 883 1383 940 illius
1429 884 1748 938 memorata

100 967 436 1026 virtutibus.
465 971 627 1026 Nunc
658 969 730 1026 ad
756 971 1145 1039 referendum,
1173 969 1365 1040 qualis
1392 970 1445 1024 ei
1480 968 1653 1025 fuerit
1681 968 1750 1023 de

100 1054 199 1112 hac
230 1057 355 1112 vita
391 1057 700 1129 transitus,
734 1059 1031 1128 dirigatur
1062 1057 1364 1115 articulus.

163 1142 251 1199 33.
284 1145 429 1202 Post
460 1145 757 1203 innumera
801 1146 1011 1203 divinae
1058 1161 1163 1217 per
1196 1145 1358 1202 illum
1390 1144 1752 1216 operationis

104 1235 332 1303 patrata
382 1233 684 1305 beneﬁcia,
750 1233 954 1291 volens
1007 1235 1138 1307 pius
1170 1234 1449 1291 Dominus
1477 1233 1630 1291 servi
1659 1234 1750 1290 sui

103 1320 395 1377 consolari
426 1322 679 1392 gemitus
700 1327 756 1380 et
790 1322 1065 1394 suspiria,
1099 1324 1311 1379 crebro
1339 1322 1592 1379 dicentis
1618 1335 1749 1378 cum

103 1408 426 1480 Propheta:
464 1410 711 1476 Quando
729 1412 969 1468 ueniam
991 1417 1045 1467 et
1056 1409 1350 1482 apparebo
1379 1409 1754 1481 antefaciem

103 1496 208 1554 Dei
252 1496 616 1567 mei?(Psal.
660 1513 773 1568 xu,
792 1497 850 1570 3)
876 1497 1166 1568 Satiabor,
1201 1498 1336 1554 dum
1358 1496 1754 1553 manifestabi-

108 1589 194 1640 tur
211 1584 408 1655 gloria
434 1585 560 1655 ejus
584 1586 774 1654 (Psal.
810 1589 1059 1657 xvr,15);
1077 1584 1296 1656 placuit
1318 1585 1371 1664 ei
1394 1584 1501 1642 hoc
1522 1585 1747 1655 ordine,

108 1672 516 1729 dissolutionis
538 1678 906 1746 suaetempus
931 1672 1479 1740 revelare.Quodam
1496 1672 1587 1729 die
1611 1677 1753 1728 tem-

109 1775 240 1832 pore
274 1761 627 1833 meridiano,
658 1778 765 1834 pro
797 1762 1247 1831 consuetudine,
1281 1761 1401 1833 illo,
1432 1761 1753 1830 nonjacen-
1778 1777 1836 1840 Β

108 1849 307 1921 do,sed
325 1849 589 1908 sedendo
605 1850 1433 1923 dormiente,speciosissimus
1447 1866 1549 1923 per
1560 1852 1750 1909 visum

98 1937 328 2008 juvenis
357 1939 413 1995 ei
448 1940 661 2011 astitit,
686 1945 744 1997 et
776 1946 842 1998 ut
864 1954 928 1997 se
951 1940 1300 2011 quantocius
1325 1940 1490 2010 sequi
1516 1940 1784 2006 festinay

105 2028 550 2097 ret,admonuit.
568 2029 676 2096 Qui
699 2030 1014 2087 comitatus
1025 2033 1280 2099 euntem,
1297 2028 1557 2098 angelico
1572 2029 1752 2086 ductu

105 2116 170 2173 ad
191 2115 324 2175 loca
349 2117 701 2189 perducitur
722 2119 1129 2189 amoenissima,
1146 2118 1298 2173 omni
1321 2117 1554 2174 decoris
1567 2119 1755 2175 varie-

104 2208 225 2261 tate
237 2206 1026 2278 vernantia,incomparabili
1050 2204 1524 2278 luciSSplendore
1543 2207 1754 2264 mican-

103 2291 198 2364 tia,
234 2293 432 2351 totius
481 2293 656 2351 etiam
717 2295 1027 2353 suavitatis
1070 2295 1250 2352 odore
1300 2293 1640 2351 redolentia.
1667 2296 1751 2351 Ibi

102 2381 361 2439 ostensis
419 2380 506 2436 illi
565 2381 929 2440 diversarum
958 2383 1312 2441 habitaculis
1366 2383 1747 2453 mansionum,

110 2467 386 2528 fidelibus
413 2470 691 2528 nimirum
718 2487 747 2528 a
779 2472 1018 2528 Domino
1048 2473 1467 2543 promissarum
1518 2471 1751 2528 tandem

109 2558 161 2614 in
184 2558 489 2629 quoddam
506 2557 668 2617 illum
707 2560 1181 2631 angelusmagnze
1211 2559 1538 2617 venustatis
1557 2564 1613 2617 et
1631 2573 1755 2631 pro-

109 2645 382 2704 caritatis
413 2647 741 2705 introduxit
770 2647 1101 2719 aedificium,
1126 2649 1295 2719 cujus
1318 2649 1475 2705 intus
1499 2652 1557 2704 et
1586 2652 1753 2704 extra

108 2733 498 2806 contemplari
524 2734 768 2805 jubetur
795 2736 1109 2806 diligenter
1137 2742 1405 2794 ornatum
1430 2753 1444 2802 ;
1477 2737 1628 2793 hunc
1645 2736 1756 2792 sibi

106 2822 433 2879 mansionis
462 2822 654 2880 locum
685 2823 969 2882 divinitus
997 2839 1127 2882 esse
1160 2825 1558 2896 praenuntians
1581 2825 1759 2881 desti-

106 2914 343 2967 natum:
380 2909 583 2982 Quem,
610 2911 903 2983 inquiens,
937 2916 1156 2983 quanto
1211 2911 1534 2970 studiosius
1567 2927 1635 2969 ac
1663 2925 1758 2968 ve-

106 2998 348 3055 nustius
375 2999 775 3071 exornaveris,
802 3004 965 3057 tanto
1000 2999 1318 3070 jucundius
1338 3014 1405 3055 ac
1438 3000 1669 3057 felicius
1700 3000 1755 3056 in

104 3086 496 3158 perceptione
522 3086 624 3143 illo
656 3087 886 3144 frueris.
918 3087 1133 3145 Taliter
1164 3086 1428 3158 angelico
1476 3086 1655 3144 affatu
1687 3087 1758 3144 de

105 3175 387 3246 perennis
437 3175 640 3245 gloriae
689 3175 967 3234 felicitate
1005 3177 1420 3247 commonitus,
1451 3176 1753 3247 evigilans,

105 3277 373 3320 seorsum
408 3262 758 3335 quibusdam
802 3265 986 3322 visum
1015 3264 1541 3322 indicatfratribus
1587 3265 1760 3321 adne-

101 3357 279 3409 ctens
299 3350 511 3423 procul
552 3351 731 3408 dubio
777 3367 839 3409 se
886 3351 1243 3423 quantocius
1301 3351 1755 3409 dissolvendum.

105 3439 274 3497 Unde
304 3439 455 3496 miro
478 3438 648 3497 modo
677 3440 867 3496 animo
916 3439 1304 3509 consternati,
1336 3444 1561 3512 utpote,
1596 3441 1761 3511 cujus

104 3542 347 3601 semper
375 3528 608 3585 fuerant
641 3528 920 3585 beneficia
950 3529 1192 3600 pietatis
1220 3529 1470 3600 experti,
1501 3529 1573 3585 de
1604 3529 1761 3585 illius

106 3617 326 3675 merito
359 3616 678 3673 amissione
721 3616 1082 3675 intolerabili
1143 3616 1571 3689 torquebantur
1626 3616 1763 3673 ami-

107 3706 333 3762 ctione.
349 3703 564 3762 Verum
577 3706 801 3762 certius
816 3706 969 3762 hunc
992 3703 1272 3774 colligere
1289 3706 1597 3776 cupientes
1610 3705 1761 3762 diem

106 3794 371 3865 signant,
406 3806 540 3850 eum
568 3807 701 3850 cum
733 3793 956 3851 visione
988 3798 1294 3861 notantes;
1327 3808 1497 3864 quam
1525 3793 1658 3850 anni
1681 3807 1764 3849 re-

103 3884 323 3940 voluto
342 3880 569 3938 circulo
589 3882 716 3954 ipsa
745 3883 839 3939 die
852 3882 1047 3939 carnis
1069 3882 1216 3939 solvi
1239 3882 1481 3951 contigit
1498 3885 1765 3953 ergastu-

104 3970 181 4044 lo,
220 3984 341 4043 quo
366 3969 604 4027 caelitus
632 3971 687 4028 ei
721 3972 910 4028 fuerat
935 3970 1085 4028 visio
1117 3968 1332 4027 oblata.
1367 3971 1528 4026 Unde
1550 3971 1760 4041 patuit,

104 4075 223 4117 non
246 4058 678 4131 phantasticam
708 4057 1066 4130 illusionem,
1103 4057 1207 4115 sed
1237 4072 1435 4114 veram
1466 4058 1646 4129 fuisse
1684 4058 1765 4116 vi-

105 4150 363 4218 sionem,
383 4160 515 4217 quae
567 4151 684 4202 tam
725 4145 1032 4204 evidenter
1054 4149 1116 4202 et
1145 4145 1255 4203 viri
1276 4146 1376 4202 Dei
1424 4145 1767 4202 dissolutio-

105 4250 264 4307 nem,
299 4238 366 4291 et
395 4233 703 4292 caelestem
731 4235 785 4291 ei
817 4234 1144 4305 designavit
1177 4234 1559 4291 mansionem.

177 4330 273 4387 34.
309 4326 427 4384 Per
448 4325 788 4384 continuum
813 4325 1014 4396 itaque
1034 4323 1191 4381 illius
1213 4325 1345 4381 anni
1369 4325 1764 4396 spatium,non

108 4415 383 4487 segniter
414 4413 779 4485 dormiendo,
803 4414 908 4472 sed
930 4412 1181 4471 solerter
1204 4413 1372 4470 bonis
1390 4413 1669 4484 operibus
1685 4413 1768 4469 in-

1790 3132 1840 3195 C

1860 533 2100 588 gemens
2124 520 2333 577 iterum
2370 523 2755 593 parturicbat,
2780 526 2920 582 illud
2947 529 3499 600 subjungenszMilti

1862 608 2106 679 quidem
2123 611 2673 682 nonpigram,cobis
2686 615 2883 671 autem
2893 621 3293 675 necessariam
3307 621 3495 691 (Pliil.

1862 710 1946 766 In,
1980 696 2050 767 1).
2086 698 2227 753 Dum
2256 712 2395 754 vero
2428 700 2673 769 quadam
2696 702 2789 758 die
2810 709 3051 773 paterna
3085 692 3358 767 seminus
3380 726 3502 766 cer-

1862 788 2027 840 neret
2050 784 2443 843 admonitione
2466 788 2770 860 proiicere,
2788 792 3067 862 Spiritum
3090 802 3357 856 sanctum
3377 805 3502 859 tota

1862 871 2200 942 concipiens
2222 879 2412 930 mente
2444 875 2499 929 in
2531 874 2653 931 haec
2675 878 2850 933 verba
2875 883 3143 952 prorupit
3165 887 3339 943 Amos
3372 902 3503 959 pro-

1864 959 2087 1031 phetae;
2121 961 2251 1029 imo,
2284 965 2348 1018 ut
2384 963 2576 1033 potius
2615 967 2978 1035 postmodum
3010 985 3203 1027 rerum
3234 977 3503 1045 probavit

1863 1054 2127 1118 eventus,
2154 1049 2279 1119 ipse
2302 1050 2512 1120 spiritu
2535 1054 2730 1108 tactus
2753 1056 3094 1125 prophetiae:
3139 1061 3395 1134 Veniant,
3423 1067 3504 1121 in-

1863 1137 2010 1207 quit,
2029 1136 2175 1207 dies,
2199 1137 2351 1194 dicit
2368 1139 2676 1210 Domimis,
2710 1142 3253 1217 etmittamfamem
3276 1153 3341 1208 in
3358 1169 3460 1213 cos
3482 1180 3501 1215 .-

1860 1238 1977 1280 non
1991 1224 2228 1295 famem
2247 1227 2450 1296 panis,
2478 1242 2667 1298 neque
2685 1229 2854 1286 sitim
2873 1246 3062 1304 aqua,
3087 1238 3193 1293 sed
3210 1241 3503 1302 audiendi

1860 1311 2100 1403 υιενῦιςιφηἸ
2118 1313 2231 1403 Dei
2264 1313 2459 1403 (Amos
2481 1329 2597 1385 Vill,
2634 1317 2741 1388 it).
2777 1319 3044 1392 Noverat,
3072 1327 3277 1394 procul
3303 1328 3498 1403 dubio,

1865 1400 2021 1471 quod
2054 1401 2227 1456 sicuti
2254 1402 2434 1458 fames
2453 1408 2543 1458 est
2565 1404 2759 1460 carnis
2790 1407 3154 1467 subtractum
3176 1400 3501 1477 subsidium

1862 1489 2153 1560 corporis,
2181 1488 2259 1546 ita
2291 1490 2468 1546 fames
2489 1495 2575 1547 est
2601 1494 2811 1549 mentis
2834 1495 3132 1555 silentium
3156 1502 3248 1558 vel
3272 1507 3503 1565 amissio

1865 1577 2075 1633 divinae
2103 1576 2539 1635 collocutionis.
2576 1580 2735 1637 Unde
2786 1584 2979 1642 futura
3026 1587 3110 1643 cis
3169 1594 3334 1661 quasi
3385 1595 3504 1664 jam

1865 1665 2163 1737 praeterita
2180 1680 2444 1722 narrans:
2461 1668 3265 1747 Noveritis,asscrebat,quod
3284 1683 3504 1753 absque

1864 1752 2042 1809 dubio
2094 1753 2150 1808 in
2197 1754 2409 1825 quibus
2440 1770 2591 1812 nunc
2619 1759 2790 1815 vobis
2841 1776 3121 1821 onerosus
3168 1768 3383 1842 existo,
3412 1752 3505 1838 vel

1864 1841 2163 1900 fastidium
2184 1857 2420 1916 genero,
2455 1860 2676 1902 summo
2708 1862 2774 1903 ea
2808 1851 2972 1907 vobis
2994 1854 3359 1930 quandoque,
3392 1875 3505 1918 non

1866 1935 2056 1987 tamen
2104 1930 2371 1988 effectum
2429 1932 2738 2006 habituris,
2775 1936 2968 1994 futura
3030 1939 3345 2002 desiderio.
3378 1948 3509 2019 Ego

1864 2019 2022 2076 enim
2039 2020 2178 2090 jam
2199 2019 2442 2090 delibor,
2459 2021 2518 2077 ei
2535 2028 2757 2093 tempus
2777 2027 3159 2087 resolutionis
3168 2047 3309 2090 mea
3321 2035 3511 2095 instat

1866 2106 1968 2173 (II
1971 2194 1979 2195 ί
1994 2106 2140 2163 Tim.
2168 2121 2242 2195 iv,
2277 2108 2352 2177 6).
2384 2109 2518 2165 [hec
2550 2110 2770 2166 idcirco
2811 2127 2921 2168 non
2969 2120 3380 2185 praetereunda
3407 2140 3511 2195 pu-

1864 2194 2005 2263 tavi,
2048 2209 2119 2250 ne
2169 2194 2460 2252 incassum
2508 2196 2739 2267 prolata
2786 2200 2911 2257 haec
2959 2205 3133 2260 verba
3191 2194 3510 2270 credantur

1863 2282 2248 2371 hominisADei,
2283 2283 2417 2339 dum
2441 2299 2610 2341 omne
2642 2287 2793 2356 quod
2828 2287 3060 2347 locutus
3100 2300 3193 2349 est
3241 2299 3505 2371 verbum,

1864 2372 1962 2426 aut
1995 2369 2318 2441 impletum,
2365 2375 2463 2427 aut
2498 2372 2555 2427 in
2606 2374 2803 2431 futuro
2842 2391 2955 2433 non
3001 2381 3359 2452 ambigamus
3408 2369 3507 2444 im?

1863 2458 2155 2531 plendum.

1899 2552 2021 2619 _35.
2057 2547 2218 2603 Licet
2248 2551 2440 2604 autem
2475 2549 2591 2619 jam
2641 2550 2901 2610 ultimam
2961 2555 3206 2614 duceret
3253 2567 3508 2637 aetatem,

1867 2637 2200 2695 nullatenus
2231 2643 2422 2694 tamen
2441 2641 2725 2711 propositi
2754 2643 2845 2699 sui
2866 2659 3080 2716 passus
3102 2655 3195 2706 est
3218 2651 3511 2712 infirmare

1870 2727 2143 2796 rigorem,
2197 2726 2594 2796 indulgentius
2660 2729 2925 2803 vivendo,
2972 2734 3173 2793 labore
3242 2742 3507 2800 remisso.

1869 2814 2151 2885 Exiguum
2183 2816 2397 2887 quippe
2427 2820 2741 2889 reputabat
2768 2825 3079 2893 praesentis
3108 2831 3391 2900 temporis
3434 2832 3514 2888 la-

1870 2903 2088 2975 borem,
2141 2902 2212 2958 ad
2263 2910 2706 2975 superventurae
2760 2908 2964 2979 gloriae
3020 2920 3514 2987 recompensatio-

1870 3006 2019 3048 nem.
2058 2991 2429 3063 Quapropter
2461 3009 2566 3050 nec
2588 2994 3018 3066 longievitatem
3066 3005 3371 3077 temporis,
3406 3023 3512 3065 nec

1872 3079 2276 3137 difﬁcultatem
2309 3083 2667 3140 causabatur
2714 3084 3085 3153 laboris;scd
3111 3093 3307 3162 potius
3334 3097 3515 3151 omni-

1872 3169 2060 3226 modis
2081 3183 2382 3241 apponens
2407 3170 2593 3226 labori
2626 3171 2905 3246 laborem,
2928 3178 3246 3246 angelicam
3270 3184 3512 3253 exsequi

1870 3259 2147 3315 studebat
2177 3258 2666 3316 exhortationem.
2702 3266 2773 3318 At
2823 3278 2981 3335 vero,
3018 3267 3353 3325 imminente
3394 3271 3511 3341 jam

1872 3346 2000 3417 ejus
2023 3346 2392 3418 migratione,
2410 3348 2507 3405 ubi
2539 3363 2602 3404 se
2624 3351 2806 3406 sensit
2831 3356 3072 3423 repente
3090 3356 3315 3415 viribus
3339 3359 3515 3416 desti-

1872 3436 1981 3507 tui,
2015 3435 2356 3492 infirmitate
2426 3438 2680 3510 gravari,
2734 3448 3062 3515 evocatum,
3100 3447 3517 3505 reverendissi-

1872 3538 2026 3581 mum
2081 3524 2353 3580 abbatem
2407 3526 2659 3582 coenobii
2712 3526 2866 3583 beati
2933 3531 3308 3590 Pantaleonis
3368 3551 3515 3593 mar-

1872 3611 2040 3684 tyris,
2058 3612 2290 3669 nomine
2311 3613 2743 3687 Herimannum,
2762 3618 2949 3674 totius
2962 3618 3204 3677 honesta
3216 3623 3288 3679 tis
3312 3625 3516 3681 etreli-

1872 3701 2063 3771 gionis
2095 3701 2300 3772 virum,
2335 3700 2449 3757 olei
2482 3704 2694 3759 sacrati
2728 3719 2791 3760 se
2825 3706 2959 3762 fecit
2986 3706 3212 3779 liquore
3242 3714 3511 3783 perungi.

1873 3789 2083 3846 Paucis
2098 3789 3173 3865 dehincevolutisdiebus,primolucis
3203 3816 3518 3873 crepuscu-

1876 3877 1952 3951 lo,
1979 3878 2495 3936 decimoKalendas
2523 3880 2832 3951 Maii,viam
2858 3884 3146 3943 universae
3189 3891 3390 3958 carnis
3436 3892 3518 3947 in-

1874 3979 2112 4036 gressus
2138 3965 2285 4021 obiit
2314 3970 2371 4022 et
2385 3966 2661 4035 gaudium
2675 3969 2898 4024 Domini
2913 3972 3001 4028 sui
3018 3974 3155 4029 felix
3172 3975 3418 4033 feliciter
3436 3979 3517 4034 in-

1879 4053 2099 4110 troivit.
2137 4052 2356 4109 Floruit
2387 4059 2580 4110 autem
2611 4059 2976 4127 temporibus
3006 4064 3247 4118 secundi
3286 4067 3515 4123 [lenrici

1878 4140 2271 4212 imperatoris,
2308 4141 2403 4211 qui
2435 4144 2826 4199 monarchiam
2878 4148 3039 4217 regni
3081 4149 3338 4206 obtinuit
3384 4159 3518 4223 post

1879 4229 2182 4285 decessum
2214 4229 2375 4284 tertii
2408 4230 2641 4287 Ottonis
2683 4235 2969 4307 tempore,
3007 4237 3159 4293 beati
3201 4240 3513 4312 Heribcrti,

1879 4320 2097 4374 sanctae
2130 4316 2492 4374 Coloniensis
2532 4319 2810 4377 Ecclesiae
2831 4323 3352 4398 archiepiscopi,et
3373 4330 3517 4385 vixit

1881 4421 2063 4477 usque
2094 4405 2163 4462 ad
2186 4407 2544 4463 tricesimum
2566 4409 2806 4465 tertium
2835 4425 3044 4469 annum
3071 4416 3264 4485 quarti
3287 4418 3517 4476 Henrici

107 4482 441 4577 vigilando,
460 4503 685 4559 Domini
716 4482 807 4560 sai
826 4501 1139 4561 adventum
1162 4482 1565 4573 exspectabat,
1593 4505 1765 4573 atque
1792 4482 1851 4546 D
1881 4496 2273 4568 imperatoris,
2303 4496 2470 4567 cujus
2511 4501 2680 4568 pater
2709 4500 2939 4556 exstitit
2963 4482 3176 4560 tertius
3214 4506 3515 4565 Henricus.

112 4592 433 4651 conservis
482 4592 608 4650 suis
661 4590 943 4648 talentum
976 4589 1090 4647 sibi
1130 4589 1417 4647 creditum
1464 4590 1762 4661 erogabat.

112 4683 302 4740 Tanta
319 4685 515 4739 autem
530 4680 623 4738 vis
645 4680 840 4738 divina
880 4678 1098 4736 amoris
1125 4694 1227 4736 cor
1263 4678 1392 4749 ejus
1431 4683 1770 4751 penetrave-

113 4776 233 4844 rat,
264 4768 538 4828 utetiam
568 4768 617 4824 si
646 4766 830 4824 nollet
853 4767 924 4824 de
953 4767 1070 4823 Deo
1101 4765 1280 4838 loqui,
1305 4766 1479 4823 silere
1510 4780 1624 4822 non
1643 4780 1772 4838 pos-

112 4863 230 4919 set.
267 4860 532 4929 Cumque
563 4856 620 4912 id
649 4854 825 4913 solito
868 4854 1185 4913 instantius
1216 4859 1392 4926 atque
1449 4854 1770 4911 ferventius

112 4951 351 5021 ageret,
377 4944 620 5018 proinde
647 4943 907 5003 nonnulli
940 4947 1248 5017 coeperunt
1270 4943 1535 5001 fastidire
1557 4942 1772 4999 minus-

110 5052 234 5111 que
257 5036 518 5094 libenter
544 5032 766 5107 audire,
802 5034 965 5101 Quod
989 5032 1089 5090 ille
1120 5033 1507 5107 perpendens,
1542 5047 1652 5089 non
1707 5046 1771 5088 se

108 5142 143 5185 a
167 5128 332 5187 bona
363 5125 659 5183 subtraxit
680 5124 1037 5193 intentione;
1058 5123 1161 5182 sed
1192 5122 1397 5181 volens
1425 5136 1527 5180 eos
1564 5120 1773 5193 resipi-

108 5228 314 5286 scere,
350 5211 498 5271 illud
522 5211 788 5286 Apostoli
806 5212 1015 5271 crebra
1037 5210 1368 5270 inculcabat
1396 5210 1768 5283 repetitione;

109 5302 345 5364 ﬁlioli
369 5302 507 5372 mei,
528 5314 676 5374 quos
694 5302 911 5360 iterum
936 5300 1243 5375 par-tario,
1278 5297 1772 5374 donec/armem-

115 5391 414 5454 Clu-ictus
432 5388 678 5449 iuvabis
699 5388 857 5463 (Gal.
884 5404 960 5462 iv,
984 5389 1095 5461 19).
1128 5390 1259 5447 Haec
1281 5387 1496 5461 quippe
1514 5386 1767 5459 dicebat,

1881 4601 2024 4643 avus
2064 4585 2384 4658 imperator
2416 4588 2732 4645 Conradus.
2768 4590 3018 4647 Transiit
3067 4599 3259 4651 autem
3317 4596 3523 4667 plenus

1883 4674 2127 4745 dierum,
2161 4673 2531 4745 omniumque
2553 4676 2916 4748 profectibus
2945 4693 3184 4752 Operum
3215 4682 3518 4756 bonorum,

1884 4777 2031 4820 anno
2066 4760 2373 4818 millesimo
2396 4765 2771 4835 nonagesimo
2793 4767 2980 4837 primo
2999 4771 3311 4828 Dominicae
3334 4774 3524 4829 incar-

1881 4851 2157 4908 nationis.
2212 4850 2388 4921 Cujus
2423 4853 2588 4909 obitu
2635 4860 2933 4926 comperto
2976 4857 3520 4934 Herimannusmi),

1881 4945 2023 4997 tunc
2038 4940 2321 5011 temporis
2335 4940 2814 5013 archiepiscopus
2841 4943 3405 5019 Coloniensis,exseq
3415 4950 3524 5007 uiis

1883 5027 2011 5100 ejus
2032 5042 2396 5100 summopere
2417 5034 2689 5099 satagens
2713 5031 3040 5089 devotionis
3059 5034 3409 5106 obsequium
3425 5039 3530 5096 im-

1885 5118 2239 5190 pendere,ad
2255 5117 2654 5189 sepeliendum
2669 5119 3050 5178 eumdevotus
3064 5125 3529 5198 occurrit.Cujus

1882 5207 2149 5280 exemplo
2166 5205 2573 5275 religiosorum
2605 5207 2866 5265 virorum
2903 5209 3080 5267 etiam
3110 5213 3288 5271 turba
3315 5216 3534 5276 conﬂu-

1880 5296 2149 5365 xit;inter
2162 5310 2311 5366 quos
2325 5295 2680 5367 praecipuiet
2695 5295 3050 5358 illustriores
3061 5301 3429 5362 habebantur
3443 5306 3541 5363 ab-

1884 5393 2052 5449 bates
2067 5430 2084 5457 ,
2105 5384 2490 5444 Herimannus
2502 5381 2990 5463 videlicet,supra
3010 5393 3316 5452 memorati
3348 5408 3543 5459 coeno-

203 5598 322 5672 (22)
355 5596 539 5669 Hujus
569 5595 799 5655 scilicet
825 5594 1074 5652 nominis
1102 5595 1177 5650 III
1210 5593 1308 5667 qui
1337 5593 1566 5650 Sewino
1596 5595 1879 5657 successit
1904 5608 2054 5653 anno
2085 5597 2223 5651 1089
2254 5592 2324 5651 ad
2352 5597 2508 5652 1099.
