3982 6056
429 266 543 332 431

1189 269 1265 333 Β.
1312 265 1826 335 WOLPHELMI
1867 251 2220 328 ABBATIS
2262 257 3063 334 BRUNWILLERENSIS

3711 279 3829 342 482

433 401 722 460 biiSancti
753 400 1145 475 Pantaleonis,
1168 410 1228 462 et
1251 402 1657 475 Reginhardus
1679 403 1842 459 bonae
1866 412 2076 457 memo—
2106 399 2159 458 A
2184 395 2302 467 jam
2336 400 2587 458 reditum
2618 404 2671 460 ei
2698 407 3079 477 persuaderet
3127 407 3374 479 animus,
3409 409 3832 468 comitantibus

433 491 533 547 riae
548 490 1008 560 Sigebergensis;
1025 493 1123 562 qui
1146 492 1380 563 utrique
1399 492 1669 548 famulum
1687 488 1906 545 Domini
1924 502 2077 543 sum-

435 594 525 636 mo
538 594 770 653 semper
783 580 1021 641 coluere
1039 581 1237 638 studio
1253 578 1778 653 pietatis.Expletis
1793 577 1989 647 itaque
2003 576 2076 630 ab

433 671 884 745 archiepiscopo
918 687 1020 744 pro
1042 670 1168 740 ejus
1200 668 1529 726 veneranda
1553 667 1829 723 memoria
1879 665 2077 720 missa-

433 772 560 814 rum
593 761 909 832 solemniis,
945 760 1041 816 ubi
1074 761 1511 815 sacrosanctum
1543 753 1954 827 corpusculum
1981 753 2077 809 de-

433 850 571 923 poni
597 849 801 906 debuit
825 864 878 903 in
906 847 1254 919 sepulcrum,
1273 845 1556 902 accedens
1573 859 1676 916 per
1696 858 1779 913 se,
1801 842 2074 898 amictum

433 939 653 996 amovit
682 952 796 1008 quo
825 950 990 993 sacer
1022 937 1148 1006 ejus
1173 935 1480 991 velabatur
1508 937 1810 1004 aspectus:
1845 937 1900 986 et
1918 944 2073 999 ecce,

435 1027 641 1083 mirum
684 1025 877 1081 dictu!
905 1040 1034 1080 cum
1067 1028 1225 1081 esset
1265 1023 1380 1094 jam
1423 1022 1731 1079 triduanus
1784 1023 2074 1088 mortuus,

436 1114 704 1185 apparuit
721 1127 834 1170 non
865 1112 1123 1169 defuncti
1154 1125 1313 1168 more
1331 1111 1622 1183 pallidus;
1655 1110 1756 1166 sed
1792 1122 1960 1164 roseo
1984 1121 2078 1162 co-

432 1201 557 1258 lore
597 1202 890 1273 perfusus,
923 1201 1112 1271 gratia
1163 1200 1391 1271 plenus,
1428 1204 1488 1255 et
1533 1197 1712 1254 veluti
1766 1194 2076 1253 roscidulis

429 1289 614 1359 guttis
658 1290 871 1346 sudore
923 1303 1260 1360 respersus;
1294 1303 1406 1358 quo
1430 1286 1712 1358 praeclaro
1755 1285 1876 1341 viso
1909 1283 2080 1340 mira-

431 1378 584 1448 culo,
602 1376 871 1448 plerique
895 1377 1107 1433 flevere
1126 1391 1248 1447 prae
1271 1375 1504 1445 gaudio.
1526 1375 1608 1432 Ad
1629 1374 2080 1431 circumstantes

430 1481 572 1523 vero
602 1480 922 1523 conversus
952 1465 1298 1536 episcopus:
1333 1466 1432 1532 En,
1470 1463 1900 1534 inquit,Patres
1936 1461 2080 1516 dile-

427 1554 698 1625 ctissimi,
733 1568 904 1624 quam
939 1555 1190 1610 devotus
1229 1552 1323 1608 hic
1371 1552 1547 1609 fuerit
1575 1551 1794 1608 Domini
1846 1564 2072 1618 servus,

431 1658 601 1715 quem
631 1648 790 1700 tanta
826 1658 891 1699 ac
927 1642 1061 1699 talis
1083 1641 1453 1698 commendat
1480 1640 1669 1710 gratia
1696 1638 2074 1696 vultus.Hisa

2191 503 2386 545 secum
2420 492 2563 548 viris
2588 493 2851 552 honestis
2871 509 2936 552 ac
2961 495 3271 567 religiosis,
3291 497 3402 553 iter
3417 503 3509 554 est
3526 513 3827 569 agressus.

2192 578 2445 650 Cumque
2463 581 2531 637 ad
2548 596 2704 638 mare
2719 584 3143 655 pervenissent,
3161 585 3370 656 piratis
3389 587 3830 658 insidiantibus,

2187 672 2248 720 et
2288 667 2380 722 die
2406 674 2702 739 noctuque
2735 671 2912 727 maris
2944 672 3129 728 sinum
3171 673 3613 744 occupantibus,
3652 675 3834 732 ferme

2190 768 2294 825 per
2335 755 2459 812 dies
2511 772 2714 814 novem
2757 760 3078 828 negabatur
3124 762 3429 818 transitus.
3461 763 3623 819 Unde
3656 764 3832 821 nimia

2188 843 2385 900 cordis
2412 847 2769 903 contritione
2799 862 2998 904 omnes
3034 850 3251 920 pariter
3280 850 3494 920 afflicti,
3531 856 3594 909 ut
3636 854 3836 925 propi-

2188 931 2307 988 tius
2336 932 2542 993 adesse
2567 935 2907 1005 dignaretur
2925 938 3200 994 Dominus
3219 954 3281 994 se
3304 940 3732 1011 invocantibus,
3750 942 3834 996 in-

2187 1019 2348 1076 timis
2377 1023 2768 1092 precabantur
2801 1025 3138 1082 visceribus.
3165 1028 3282 1083 Nec
3301 1027 3530 1084 distulit
3560 1029 3692 1100 pius
3722 1030 3832 1085 Do-

2190 1109 2379 1164 minus
2402 1125 2640 1167 suorum
2661 1117 2797 1168 vota
2824 1112 3099 1183 ﬁdelium,
3117 1115 3348 1172 concite
3370 1115 3672 1185 largiendo
3694 1117 3832 1174 sub-

2188 1197 2419 1254 sidium.
2449 1199 2624 1282 Adest
2659 1215 2904 1271 namque
2937 1203 3216 1273 praedicto
3264 1205 3427 1261 fratri
3480 1206 3587 1263 sub
3635 1207 3830 1262 noctis

2189 1284 2421 1342 silentio
2445 1288 2652 1344 beatus
2677 1289 3077 1360 Wolphelmus
3101 1296 3192 1347 ter
3214 1293 3417 1363 visum,
3437 1293 3493 1350 in
3506 1294 3828 1351 crastinum

2183 1374 2396 1444 jubens
2453 1375 2785 1432 accelerare
2834 1378 3329 1448 transitum,mare
3395 1386 3685 1453 pacatum,
3729 1382 3830 1437 ho-

2189 1463 2364 1518 stium
2381 1463 2728 1520 denuntians
2742 1466 3015 1536 impetum
3034 1469 3476 1525 refrenatum.ln
3490 1472 3826 1526 memoriam

2187 1565 2327 1606 vero
2351 1566 2472 1608 suae
2503 1552 2996 1623 liberationis,ter
3022 1557 3210 1612 ternis
3235 1556 3474 1628 psalmis
3511 1557 3707 1615 cultor
3729 1558 3831 1616 ille

2188 1645 2404 1696 sancta:
2422 1641 2997 1713 Trinitatis,Domino
3012 1649 3145 1700 vota
3173 1645 3421 1716 persolvi
3437 1646 3832 1717 jussitjubila-

433 1739 680 1813 praesule
714 1740 1023 1812 peroratis,
1051 1753 1182 1795 cum
1216 1737 1415 1794 debita
1466 1736 1845 1794 veneratione
1899 1749 2072 1791 secus
2104 1747 2158 1806 Β
2187 1728 2385 1784 tionis.
2411 1729 2631 1785 Taliter
2659 1730 2917 1788 hostium
2952 1731 3182 1790 sublata
3224 1734 3550 1805 formidine,
3577 1750 3688 1791 non
3715 1751 3833 1792 mo-

429 1827 758 1884 beatiPetri
784 1827 1039 1898 apostoli
1072 1826 1257 1882 altare
1283 1825 1562 1881 decenter
1593 1824 1848 1880 traditur
1880 1822 2076 1893 sepul-

432 1921 599 1973 turae.
617 1916 700 1972 Ibi
716 1915 1214 1984 suffrangantibus
1227 1913 1452 1988 meritis
1465 1912 1610 1983 ejus,
1629 1910 2077 1966 fideliumexau-

431 2003 672 2062 diuntur
703 2007 859 2074 vota,
889 2002 1135 2059 infirmis
1165 2000 1579 2074 impenduntur
1603 1998 1903 2069 beneficia,
1931 2012 2078 2069 pra)-

431 2096 624 2149 stante
671 2092 910 2149 Domino
951 2097 1159 2148 nostro
1207 2093 1343 2147 Jesu
1378 2089 1627 2159 Christo,
1669 2087 1760 2144 cui
1801 2102 1912 2143 una
1946 2102 2076 2143 cum

431 2181 606 2238 Patre
632 2184 690 2236 et
717 2180 937 2252 Spiritu
961 2183 1164 2236 sancto
1189 2184 1280 2234 est
1302 2179 1509 2246 honor,
1536 2179 1800 2248 potestas
1824 2173 2078 2246 etgloria

430 2283 536 2342 per
566 2268 789 2325 infinita
822 2268 1035 2326 saecula
1060 2266 1412 2323 seculorum.
1449 2268 1648 2321 Amen.

503 2355 590 2413 36.
625 2359 829 2429 Itaque
859 2356 1044 2414 veluti
1079 2370 1284 2426 magno
1315 2354 1458 2410 mari
1499 2367 1734 2410 emenso
1772 2351 2080 2424 praesentis

431 2445 697 2503 historias
730 2444 954 2519 pelago,
984 2445 1100 2515 jam
1125 2443 1289 2515 quasi
1311 2443 1478 2498 littus
1501 2445 1810 2499 cernentes
1833 2440 2084 2511 respira-

435 2549 583 2604 mus,
622 2535 756 2592 dum
787 2533 1049 2605 quaedam
1084 2532 1272 2589 solum
1305 2533 1377 2588 de
1426 2531 1725 2588 miraculis
1769 2529 1890 2601 ejus
1940 2530 2083 2585 refe-

435 2623 615 2679 renda
641 2636 951 2694 superesse
982 2621 1268 2690 videmus,
1304 2621 1689 2690 Satagendum
1723 2624 1816 2674 est
1835 2633 1976 2688 ergo
2019 2622 2080 2673 ut

431 2716 667 2783 portum
698 2706 2078 2780 teneamus,cursumconsummemus;quoniam,

439 2799 611 2856 sicuti
642 2796 835 2855 solent
867 2796 1047 2852 solem
1072 2796 1364 2852 obducere
1396 2796 1602 2865 nubes,
1630 2794 1712 2850 sic
1736 2793 1905 2864 pigri,
1932 2793 2082 2848 desi-

439 2887 660 2958 desque
688 2886 1033 2958 scriptores,
1057 2883 1289 2941 utilium
1325 2899 1514 2940 rerum
1549 2897 1703 2954 smpe
1727 2882 2079 2938 subtrahunt

438 2974 823 3045 cognitiones.
861 2973 1282 3043 Aggrediamur
1314 2972 1508 3042 itaque
1541 2971 1759 3028 referre
1800 2969 2079 3026 miracula

439 3079 568 3137 quae
602 3065 732 3137 post
765 3062 989 3119 obitum
1022 3061 1150 3160 ejus
1184 3061 1374 3161 divina
1423 3076 1525 3133 per
1571 3075 1701 3164 eum
1751 3064 1888 3158 sunt
1931 3057 2080 3164 celc-
2110 3101 2158 3164 Ο

439 3153 606 3209 brata
634 3151 873 3208 virtute.
907 3151 966 3205 In
1000 3149 1302 3206 territorio
1351 3147 1828 3206 Brunwillerensi
1869 3147 2078 3202 mulier

439 3240 701 3312 quaedam
724 3238 955 3296 Wazela
989 3239 1237 3309 nomine,
1260 3238 1392 3295 dum
1425 3238 1672 3310 quadam
1705 3237 1798 3292 die
1829 3235 1900 3292 ad
1931 3251 2080 3307 opus

437 3327 805 3386 consedisset
837 3326 1064 3397 textile,
1087 3331 1203 3381 tam
1223 3325 1444 3382 crudeli
1476 3340 1548 3381 ex
1579 3325 1895 3397 improviso
1923 3329 2079 3382 utra-

437 3430 684 3488 rumque
713 3429 982 3472 manuum
1014 3415 1276 3486 torqueri
1310 3415 1483 3486 caapit
1512 3414 1845 3482 vexatione,
1871 3418 1935 3470 ut
1965 3415 2079 3470 cla-

437 3519 596 3562 more
627 3504 768 3560 dira:
801 3503 964 3561 vocis
992 3504 1152 3560 cives
1194 3508 1506 3573 cogeretur
1537 3502 1753 3559 excire.
1785 3503 1867 3559 Ex
1910 3502 2080 3573 cujus

438 3593 799 3650 immanitate
830 3591 1072 3662 doloris,
1099 3591 1387 3662 paralysis
1428 3591 1678 3647 obnoxia
1723 3589 2078 3646 credebatur

443 3681 719 3754 passioni.
757 3681 961 3738 Subito
987 3695 1232 3750 namque
1265 3680 1410 3735 adeo
1449 3679 1675 3735 inutilis
1717 3683 1806 3734 est
1850 3678 2077 3735 reddita

439 3771 722 3840 manibus,
758 3774 821 3827 ut
855 3769 926 3825 ad
956 3767 1149 3824 nullos
1179 3782 1278 3824 eas
1309 3767 1560 3824 valuerit
1592 3781 1733 3824 usus
1761 3766 2078 3839 applicare.

442 3859 567 3926 Quo
597 3859 782 3929 magis
815 3857 1114 3928 magisque
1144 3857 1587 3926 ingravescente
1607 3857 1830 3927 morbo,
1858 3870 1975 3927 prae
2002 3856 2086 3910 ni-

441 3948 552 4003 mia
585 3946 804 4004 doloris
834 3945 1185 4003 contritione
1220 3946 1372 4001 inter
1394 3959 1597 4001 manus
1645 3944 1964 4001 tenentium
1987 3945 2088 4000 ob-

427 4035 737 4110 dormivit,
771 4039 830 4090 et
861 4033 1188 4104 hujusmodi
1223 4033 1373 4091 lenis
1406 4033 1569 4090 vocis
1609 4048 1809 4089 sonum
1835 4032 2087 4089 dulciter

443 4123 636 4183 audit:
658 4122 806 4189 Quid
831 4137 1044 4193 sopore
1060 4121 1432 4195 deprimeris?
1450 4122 1506 4176 Si
1524 4121 1801 4193 praesenti
1817 4120 2084 4191 passione

442 4226 645 4270 carere
675 4211 953 4282 volueris,
982 4225 1154 4281 surge
1201 4209 1483 4279 velocius,
1518 4215 1579 4264 et
1610 4224 1739 4266 cum
1791 4208 2086 4265 oblatione

444 4299 599 4357 cerei
619 4297 1194 4371 dominiWolphelmi
1210 4299 1367 4354 adito
1384 4295 1922 4369 sepulcrum.lllius
1935 4299 2085 4354 enim

445 4386 671 4442 meritis
691 4400 755 4442 es
777 4386 990 4455 gaudio
1012 4387 1271 4457 potitura
1298 4384 1524 4443 salutis.
1552 4385 1710 4456 Quaa,
1737 4385 1915 4441 alacri
1950 4385 2082 4456 fide,

2189 1817 2378 1874 dicunt
2401 1818 2676 1888 gaudium
2709 1835 3012 1891 sumpsere
3034 1836 3104 1876 ex
3138 1822 3330 1879 divina
3364 1823 3742 1895 revelatione,
3770 1833 3831 1880 et

2189 1906 2428 1962 marinis
2457 1921 2518 1962 se
2551 1906 2669 1963 laeti
2702 1908 2976 1977 ingerunt
3009 1910 3306 1978 fluctibus,
3342 1911 3546 1982 piratis
3594 1914 3830 1970 minime

2188 2008 2402 2050 nocere
2432 1995 2910 2053 valentibusJIoc
2940 1997 3141 2054 ordine
3164 2013 3268 2070 per
3299 2001 3454 2056 servi
3487 2001 3575 2058 sui
3621 2003 3827 2059 merita

2189 2083 2260 2139 ab
2291 2083 2728 2140 imminentibus
2768 2085 3049 2142 malorum
3100 2087 3374 2158 procellis
3408 2089 3583 2160 eruti,
3618 2089 3828 2148 divinae

2188 2171 2411 2240 gratias
2435 2176 2612 2240 agunt
2637 2171 2989 2229 liberationi.
3018 2173 3180 2240 Quod
3204 2179 3260 2231 et
3281 2177 3353 2232 ab
3377 2176 3502 2250 ipso
3522 2178 3827 2250 fratre,qui

2191 2259 2456 2330 pertulit,
2489 2260 2850 2331 agnovimus,
2888 2262 3041 2318 fideli
3094 2263 3428 2321 narratione
3494 2265 3823 2324 retulimus.

2262 2350 2347 2403 38.
2385 2349 2597 2405 Eodem
2624 2353 2890 2420 tempore
2943 2350 3189 2408 claudus
3220 2352 3473 2423 quidam,
3498 2353 3831 2412 Willeman-

2193 2451 2302 2493 nus
2333 2437 2581 2507 nomine,
2607 2451 2678 2492 ex
2716 2437 2852 2492 villa
2874 2437 3001 2494 loco
3026 2432 3478 2498 Bruntvilerensi
3529 2444 3828 2514 contigua,

2123 2571 2130 2580 .
2192 2525 2454 2581 Polheim
2484 2525 2759 2581 videlicet
2803 2532 3154 2599 nuncupata,
3180 2529 3422 2586 obtentu
3470 2531 3625 2587 beati
3679 2533 3836 2588 Wol-

2193 2612 2429 2686 phelmi,
2459 2614 2554 2670 diu
2583 2619 2791 2684 negata
2807 2616 3192 2674 membrorum
3214 2618 3434 2690 recepit
3456 2618 3661 2677 ofﬁcia.
3677 2623 3834 2678 Tem-

2194 2718 2336 2774 pore
2359 2703 2573 2774 quippe
2597 2704 3106 2776 quadragesimali,
3124 2707 3192 2762 ad
3225 2705 3418 2765 locum
3431 2708 3719 2766 accedens
3744 2723 3836 2768 se-

2194 2790 2408 2862 pulcri,
2425 2807 2538 2861 quo
2565 2791 2773 2848 salutis
2794 2791 3027 2848 arderet
3050 2793 3365 2866 desiderio,
3390 2795 3585 2854 cordis
3608 2811 3834 2869 prome-

2193 2879 2292 2934 bat
2322 2880 2574 2948 gemitu:
2611 2895 2724 2949 quo
2755 2880 2963 2937 salutis
3003 2881 3330 2940 ducebatur
3371 2885 3611 2958 gemitu,
3637 2887 3833 2944 cordis

2193 2967 2350 3024 illius
2379 2967 2715 3024 declarabat
2746 2968 2997 3025 afflictio.
3025 2971 3281 3042 Denique
3313 2973 3382 3028 ad
3406 2974 3581 3030 Deum
3605 2977 3729 3031 tota
3753 2975 3835 3031 in-

2192 3056 2453 3112 tentione
2467 3055 3158 3127 conversus,lacrymosis
3172 3061 3524 3130 precabatur
3537 3062 3830 3135 suspiriis,

2191 3148 2252 3199 ut
2287 3145 2440 3200 servi
2474 3143 2559 3200 sui
2587 3144 2811 3200 meritis
2836 3145 3182 3216 sospitatem
3208 3154 3535 3206 mereretur
3565 3149 3620 3206 in
3660 3166 3838 3208 mem-

2187 3231 2325 3289 bris.
2364 3234 2475 3288 Ncc
2507 3247 2642 3304 spes
2673 3231 2900 3304 fefellit,
2931 3235 3026 3290 cui
3050 3235 3194 3292 fides
3222 3237 3661 3297 incitamentum
3688 3256 3836 3312 prae-

2188 3320 2332 3377 buit.
2370 3319 2553 3376 Citius
2570 3320 2721 3375 enim
2755 3319 2916 3378 dictu
2941 3321 3174 3394 claruit,
3200 3325 3366 3394 cujus
3389 3327 3726 3384 sanctitatis
3745 3330 3845 3385 vel

2189 3409 2381 3466 meriti
2405 3408 2492 3465 vir
2516 3409 2724 3466 beatus
2757 3410 3072 3467 exstiterit.
3100 3412 3360 3485 Repente
3390 3415 3540 3472 enim
3577 3415 3675 3473 diu
3711 3432 3848 3477 con-

2189 3499 2364 3556 tracti
2409 3512 2469 3554 se
2517 3503 2820 3568 coeperunt
2868 3499 3186 3557 extendere
3235 3501 3419 3574 nervi,
3451 3507 3511 3559 et
3557 3519 3843 3563 venarum

2190 3591 2418 3644 meatus
2449 3584 2648 3642 vitalis
2680 3588 2979 3656 sanguinis
3002 3589 3291 3647 infusione
3323 3590 3562 3664 repleri,
3585 3598 3642 3649 et
3667 3609 3848 3651 mem-

2193 3677 2296 3733 bra
2321 3675 2486 3747 prius
2509 3680 2883 3747 praemortua,
2903 3675 2957 3732 in
2983 3677 3294 3748 pristinum
3307 3679 3563 3750 vigorem
3579 3685 3840 3740 restitui.

2195 3765 2343 3831 Quid
2368 3763 2599 3835 longius
2633 3767 2859 3822 morer?
2882 3767 3151 3823 Sentiens
3181 3767 3354 3825 homo
3378 3767 3627 3827 divinam
3680 3771 3737 3829 in
3783 3788 3845 3829 se

2196 3853 2430 3924 operari
2463 3853 2761 3923 virtutem,
2786 3852 2943 3910 lento
2963 3855 3262 3912 conamine
3282 3871 3588 3929 assurgere
3616 3855 3840 3932 nitens,

2198 3955 2529 4013 quanquam
2557 3941 2741 3998 adhuc
2765 3946 3009 3999 nutante
3031 3957 3260 4016 gressu,
3289 3946 3343 4002 in
3365 3946 3546 4018 pedes
3567 3948 3838 4004 constitit

2198 4034 2258 4085 et
2293 4044 2420 4100 quas
2453 4030 2606 4086 circa
2638 4045 2700 4086 se
2731 4035 2859 4086 acta
2895 4032 3122 4088 fuerant
3153 4035 3543 4105 praesentibus
3584 4033 3842 4092 fideliter

2199 4119 2501 4176 disseruit.
2531 4117 2785 4186 Quorum
2802 4120 3067 4176 manibus
3080 4123 3653 4195 sustentatus,ethuc
3674 4122 3845 4182 illuc-

2201 4223 2311 4279 que
2337 4207 2646 4278 deductus,
2681 4212 2742 4264 ut
2785 4223 2880 4264 res
2913 4209 3164 4267 innotuit
3205 4211 3501 4282 fratribus,
3535 4211 3840 4283 magniﬁce

2201 4295 2477 4354 laudatur
2499 4301 2558 4352 et
2579 4294 2944 4366 glorificatur
2965 4298 3138 4369 Deus,
3157 4300 3252 4370 qui
3275 4300 3331 4357 in
3347 4300 3568 4359 sanctis
3589 4301 3714 4360 suis
3738 4304 3844 4358 mi-

2201 4383 2405 4442 rabilis
2425 4390 2517 4441 est
2542 4385 2729 4458 (Psal.
2757 4400 2886 4455 Lvu,
2909 4383 3000 4459 36)
3024 4391 3083 4442 et
3100 4386 3396 4456 gloriosus
3423 4387 3599 4460 (Dan.
3627 4405 3710 4461 ιιι,
3728 4393 3839 4459 5-2),

445 4477 832 4546 promptaque
855 4473 1424 4544 devotionejubenti,
1445 4479 1716 4544 satagens
1735 4474 2089 4541 obedire,ar-
2117 4461 2170 4523 D
2202 4473 2421 4531 faciens
2445 4472 2729 4531 mirabilia
2755 4473 2921 4532 solus
2943 4475 3130 4546 (Psal.
3159 4477 3423 4549 Lxxr,18).
3450 4478 3530 4535 Ad
3563 4477 3838 4537 indicium

445 4563 620 4620 dente
642 4561 976 4634 sepulcrum
1001 4563 1198 4620 invisit
1222 4577 1414 4634 cereo,
1434 4577 1536 4620 nec
1558 4563 1711 4620 beati
1735 4564 1928 4621 Patris
1949 4564 2090 4620 dim-

445 4651 590 4707 dens
621 4651 869 4722 meritis,
886 4665 992 4709 nec
1016 4651 1194 4710 dictis
1215 4652 1458 4708 credere
1480 4655 1749 4708 cunctata
1775 4653 2085 4723 monentis,

447 4738 585 4807 Quae
603 4739 701 4797 ubi
717 4738 785 4796 ad
801 4739 1122 4797 orationem
1149 4740 1624 4812 procubuit,post
1644 4740 1916 4812 pusillum
1950 4755 2087 4797 sana

445 4828 729 4900 surrexit,
763 4833 842 4900 et,
863 4829 1085 4900 gratias
1119 4843 1298 4900 agens
1330 4829 1463 4901 Deo,
1500 4844 1701 4902 sospes
1730 4844 1798 4887 ac
1820 4828 1969 4886 laetae
2003 4843 2090 4886 re-

446 4918 642 4976 cessit.

516 5008 603 5061 37.
635 5003 840 5061 Frater
891 5003 1121 5075 quidam
1165 5018 1238 5061 ex
1291 5004 1559 5061 coenobio
1609 5003 2086 5074 Brunwilerensi,

450 5091 792 5150 Heribertus
815 5092 1064 5163 nomine,
1081 5095 1212 5165 post
1237 5092 1460 5150 obitum
1494 5092 1650 5148 beati
1671 5090 2016 5165 Wolphelmi
2034 5092 2088 5146 in

446 5179 678 5235 Daciam
731 5181 842 5252 (23)
904 5181 1260 5254 provinciam
1293 5181 1481 5237 fuerat
1531 5180 1932 5251 transmissus,
1959 5193 2088 5236 cum

448 5265 582 5324 aliis
606 5268 975 5340 quibusdam,
995 5269 1294 5340 religionis
1313 5269 1647 5326 monasticae
1669 5267 1879 5339 gratia,
1897 5267 2090 5323 fratri-

419 5355 580 5415 --bus.
618 5355 727 5414 Ubi
755 5371 886 5415 cum
926 5357 1354 5432 aliquantisper
1395 5362 1790 5418 commoratus
1821 5359 1994 5426 esset,
2029 5359 2086 5412 et

517 5564 630 5640 (23)
661 5564 896 5626 Daniam
930 5563 1356 5639 interpretatur
1384 5564 1804 5628 Henschenius.

2199 4575 2340 4620 vero
2362 4562 2512 4618 tanti
2535 4562 3235 4632 miraculi,sustentatorii
3265 4563 3424 4622 illius
3448 4565 3636 4624 baculi
3661 4580 3840 4638 super

2203 4649 2534 4722 sepulcrum
2571 4649 2890 4708 beatissimi
2922 4650 3221 4708 virimulto
3272 4657 3530 4726 tempore
3574 4668 3840 4712 mansere

2201 4738 2491 4810 suspensL

2275 4831 2360 4884 39.
2389 4824 2521 4882 Alio
2570 4826 2749 4883 ferme
2787 4831 3049 4900 tempore
3095 4827 3230 4885 huic
3288 4829 3567 4886 miraculo
3625 4831 3840 4888 accidit

2198 4914 2522 4987 consimile,
2550 4914 2704 4986 quod
2739 4916 2969 4986 quando
3002 4916 3327 4987 qualiterve
3357 4917 3846 4989 sitfactum,libet

2200 5005 2440 5061 referre.
2473 5004 2553 5059 De
2582 5002 2718 5060 villa
2751 5004 3239 5075 Geroldesboven,
3268 5005 3473 5065 mulier
3495 5007 3844 5064 omnimodis

2199 5097 2499 5150 contracta
2523 5090 2595 5147 ad
2621 5106 2778 5165 saepe
2801 5099 3185 5151 memoratum
3209 5094 3398 5151 locum
3431 5095 3502 5152 ab
3533 5095 3846 5152 amicisest

2200 5181 2471 5239 deducta.
2489 5181 2619 5237 Haec
2635 5181 2840 5238 sedulo
2857 5181 3069 5239 ibidem
3094 5182 3374 5239 incubans
3386 5184 3544 5255 preci
3553 5184 3681 5255 bus,
3701 5187 3847 5240 tem-

2201 5267 2277 5341 pli
2300 5267 2497 5326 limina
2543 5269 2949 5342 frequentabat
2996 5270 3299 5328 attentius:
3327 5271 3621 5328 existente
3644 5275 3843 5328 autem

2199 5357 2599 5417 sacratissima
2622 5358 2777 5418 beati
2815 5358 2972 5418 Petri
3007 5358 3408 5432 apostolorum
3440 5359 3724 5432 principis
3749 5375 3847 5416 so-
