3964 6044
169 153 315 220 488
1055 152 1537 223 EKKEHARDI
1578 155 2156 224 URAUGIENSIS.
2189 194 2270 210 -
2300 156 2741 228 PREFATIO
3479 160 3600 229 εει

171 288 517 362 lemnitate,
541 293 600 348 et
623 287 773 349 hanc
791 304 924 349 cum
943 290 1168 365 reliquo
1189 293 1363 367 vulgo
1383 295 1568 354 tantis
1587 292 1835 366 contigit
1865 289 1922 349 A
1951 293 2122 366 ravit,
2146 294 2418 354 eli'ectum
2444 295 2676 354 meruit.
2706 297 2918 353 Erecta
2943 296 3156 368 quippe
3178 294 3479 368 divinitus,
3501 309 3602 354 ex-

170 379 480 438 interesse
511 377 824 437 solemniis.
861 381 998 448 Quae
1050 381 1288 454 largiter
1337 385 1504 456 nens,
1557 389 1616 441 et
1664 383 1835 455 longa
1950 383 2243 455 clamavit,
2273 386 2649 457 omniumque
2683 385 2980 442 silentium
3009 383 3365 442 clamoribus
3414 385 3593 459 rupit.

171 468 445 542 suspiria
470 467 728 540 trahens,
748 473 880 527 ante
909 470 1248 543 sepulcrum
1267 472 1420 531 beati
1446 472 1556 530 viri
1581 478 1840 546 proster-
1947 470 2056 527 Ubi
2067 471 2218 528 enim
2230 473 2463 530 ossibus
2477 487 2608 530 ossa
2623 487 2687 530 se
2700 473 3057 542 conjunxere
3071 471 3382 543 disiuncta,
3397 477 3458 529 et
3470 486 3600 530 ner-

175 557 377 629 nitur,
408 557 678 614 miseram
707 572 772 614 se
799 572 866 615 ac
907 557 1196 617 infelicem
1251 561 1488 618 nimium
1530 561 1840 632 conqueri-
1949 573 2149 616 vorum
2173 561 2502 618 contractio
2529 561 2939 632 juncturarum
2965 560 3138 617 [iebat
3161 560 3466 631 connexio,
3484 576 3594 619 non

177 650 292 702 tur
312 663 329 714 ;
347 645 518 717 cujus
539 660 645 704 nec
671 660 875 718 preces
899 653 1263 706 mererentur
1297 648 1546 719 admitti,
1572 663 1680 706 nec
1713 665 1840 706 cor-
1949 653 2041 704 est
2064 648 2388 706 mirandum
2409 651 2560 720 quod
2589 649 2852 720 fragilior
2872 647 3137 704 mulieris
3157 662 3334 706 sexus
3357 647 3600 721 expavit

175 733 358 805 poris
389 733 752 792 incommoda
786 733 953 792 solvi.
986 735 1096 792 Sed
1127 737 1224 808 qui
1257 736 1546 808 quondam
1577 736 1840 795 mulieris
1950 735 2194 794 animus.
2229 739 2562 807 Exsurgens
2587 737 2786 808 itaque
2809 752 2840 794 a
2864 736 3219 808 pavimento,
3248 740 3492 808 recepto
3518 737 3598 792 vi-

177 822 554 894 Chananaaze,
587 823 650 878 et
677 822 850 894 hujus
879 823 1067 881 voluit
1097 837 1304 896 preces
1335 824 1592 896 dill‘erre,
1629 830 1690 882 ut
1739 825 1843 880 im-
1948 839 2111 895 gore,
2147 824 2456 884 incolumis
2486 825 2798 898 praevaluit
2829 826 2900 882 ad
2933 825 3171 896 propria
3197 839 3478 882 remeare.
3499 827 3600 882 Ta-

180 913 513 982 portunum
541 907 700 966 illius
729 908 1110 983 desiderium,
1131 911 1264 970 fidei
1287 917 1447 970 esset
1477 913 1844 986 experimen-
1951 912 2106 969 libus
2126 913 2541 971 miraculorum
2564 913 2871 970 effectibus
2893 913 3184 970 veraciter
3203 928 3334 971 cum
3367 913 3599 972 Christo

175 1001 342 1056 tuin.
377 999 448 1054 At
476 1012 615 1055 vero
665 999 936 1070 quoniam
987 999 1143 1056 beati
1193 1001 1300 1058 viri
1351 1001 1577 1058 meritis
1625 999 1838 1058 salvari
1952 1013 2015 1057 se
2047 1001 2245 1058 vivere
2275 1002 2490 1059 mundo
2527 1005 2782 1059 testatur
2829 1001 2918 1058 vir
2967 1001 3080 1059 iste
3131 1002 3357 1061 beatus.
3395 1004 3594 1060 Amen.
3689 1053 3699 1062 .

179 1099 373 1157 posse
401 1100 515 1144 non
545 1086 856 1184 haesitavit,
881 1086 985 1145 sed
1016 1087 1074 1145 in
1107 1088 1219 1146 fide
1239 1088 1551 1163 postulans
1572 1102 1842 1162 perseve-

171 1251 3594 1282 Ἠ

827 1462 834 1476 .
934 1379 1512 1491 ΒΕΑΤΙ
1647 1381 2861 1490 WOLPHELMI

520 1619 1342 1732 OPUSCULUM
1451 1621 1616 1728 DE
1711 1619 2594 1730 SACRAMENTO
2693 1619 3288 1730 ALTABIS.

1122 1816 1388 1888 (Exstat,
1419 1830 1607 1889 supra
1656 1817 1801 1875 Vites
1825 1817 1899 1874 Β.
1945 1815 2294 1888 Wolplielmi
2345 1830 2506 1874 num.
2561 1818 2675 1888 to.)

821 2131 1252 2221 VERSUS
1345 2131 1490 2220 DE
1595 2069 2120 2235 UTROQUE
2215 2130 2977 2221 TESTAMENTO.

181 2334 372 2407 (Illos
400 2347 636 2407 guogue
674 2333 818 2392 Vita
845 2335 1110 2394 inseruit
1133 2333 1466 2418 Conradus,
1498 2349 1663 2418 quos,
1687 2337 1760 2393 ut
1781 2321 2127 2418 opusculum
2153 2338 2631 2418 pe‘sacramento
2654 2339 2896 2418 altaris,
2909 2339 3157 2412 propter
3177 2338 3599 2398 connexionem

1119 2419 1241 2476 qua
1275 2406 1467 2464 textui
1495 2406 1826 2478 adicerent,
1844 2409 2091 2466 seorsim
2128 2409 2298 2467 edere
2323 2410 2673 2481 noluimus.)

1100 2735 1338 2779 ϐάζουιο
1383 2736 1674 2779 υΝυΕΟΙΜΟ
1719 2737 2002 2792 ΕΚΕΗΝἸἙ,
2051 2737 2379 2780 DUODECIMO
2422 2737 2668 2780 INEUNTF

707 2927 913 3057 ΕΚ
948 2926 1752 3061 KEHARDI
1904 2923 3104 3061 UHAUGIENSIS

1495 3200 2286 3331 CHRONICA.

330 3465 808 3556 EDENTE
901 3469 1017 3558 V.
1115 3470 1298 3558 CL.
1402 3471 1517 3560 G.
1620 3471 2012 3560 WAITZ
2106 3471 2474 3559 PROF.
2574 3470 2933 3560 PUBL.
3036 3467 3458 3561 KILON.

1240 3829 1496 3939 PER
1511 3829 1769 3938 TZII
1847 3826 2549 3938 PR/EFATIO

691 4013 1273 4072 MONUMENTORUM
1330 4015 1710 4072 GERMAleE
1771 4013 2291 4071 HISTORICORUM
2331 4011 2522 4069 TOMO
2572 4010 2719 4067 Vlll'
2753 4009 3098 4067 PRIEFIXA.

255 4193 603 4267 Scriptores
633 4195 782 4251 tomo
798 4193 1098 4266 superiori
1123 4192 1330 4263 editos,
1372 4204 1521 4264 gnos
1555 4191 1766 4250 saeculo
1805 4191 2114 4248 undecimo
2155 4187 2470 4246 historiam
2504 4184 2906 4243 uniuersalem
2946 4183 3276 4242 tradidisse
3317 4182 3599 4251 vidimus,

170 4285 322 4356 jam
341 4283 454 4355 qui
474 4283 730 4340 eamdem
747 4295 936 4355 usque
960 4282 1042 4339 ad
1063 4281 1330 4339 C'onradi
1349 4281 1464 4338 III
1474 4293 1722 4352 regnum
1733 4277 2154 4352 produxerunt
2172 4275 2594 4346 Ekkelzardus,
2614 4272 2980 4345 Sigebertus,
3007 4270 3329 4328 annatistce
3347 4270 3604 4342 Erpltes-

185 4371 490 4432 furtcnsis
519 4371 578 4428 et
600 4372 772 4430 Saxo
800 4371 1125 4442 excipiunt.
1167 4369 1425 4436 Quorum
1460 4369 1651 4440 primo
1700 4369 1818 4424 loco
1861 4369 2178 4439 primaque
2218 4367 2344 4422 rice
2387 4361 2644 4420 tenebris
2691 4361 2923 4433 ereptus
2968 4358 3365 4416 EMehardus
3415 4359 3605 4416 Urau-

177 4460 423 4531 giensis
441 4459 670 4531 prodit.
707 4459 897 4532 Cujus
925 4459 1136 4516 edendi
1165 4472 1298 4516 cum
1315 4459 1452 4529 jam
1479 4456 1619 4514 ante
1637 4457 1859 4527 riginti
1877 4469 2065 4512 annos
2087 4457 2247 4513 ciam
2269 4466 2612 4526 quaererem,
2631 4450 2816 4524 felici
2847 4463 2953 4507 ave
2981 4447 3252 4521 contigit,
3285 4448 3355 4505 ut
3379 4447 3604 4506 codices

183 4549 744 4620 praestantissimos,
778 4561 1033 4620 quorum
1061 4561 1163 4618 ope
1191 4545 1452 4604 Annales
1484 4545 1760 4604 Heinrici
1799 4545 1894 4602 IV
1926 4545 1986 4600 et
2036 4544 2082 4598 V
2117 4543 2546 4614 imperatorum
2584 4539 2932 4612 integritati
2967 4537 3444 4607 restituerentur,
3481 4536 3606 4593 tum

187 4651 328 4695 vero
359 4636 422 4694 et
447 4636 704 4694 codicem
731 4635 1169 4708 autographum
1190 4635 1388 4706 priori
1420 4633 1704 4691 Chronici
1721 4635 1896 4705 parti
1924 4633 2308 4691 restituenda
2335 4631 2754 4700 necessarium,
2791 4628 2849 4686 et
2864 4627 3123 4685 alterum
3141 4625 3602 4698 autographum,

193 4741 314 4800 quo
346 4725 685 4784 C’ltronicon
711 4725 851 4783 ante
877 4738 1040 4795 reque
1068 4724 1336 4796 ignotum
1363 4723 1788 4794 imperatorum
1818 4721 2168 4790 habebatur,
2200 4719 2452 4778 editioni
2479 4719 2696 4776 nostra
2713 4717 3109 4783 vindicarem,
3131 4716 3188 4772 et
3207 4714 3298 4771 ita
3317 4713 3606 4771 subsidiis

194 4813 526 4874 ditissimis
552 4813 835 4879 collectis,
853 4811 1134 4885 fontibus
1162 4825 1396 4883 quoque
1427 4811 1578 4867 unde
1609 4809 2008 4866 Elite/tardus
2047 4808 2356 4875 hauserat,
2386 4809 2624 4879 passim
2665 4805 2973 4870 indicatis,
3015 4801 3243 4860 codices
3280 4801 3348 4857 in
3385 4800 3607 4858 classes

191 4916 340 4962 suas
369 4915 687 4973 secernere,
718 4914 994 4972 nonaque
1023 4899 1307 4958 editionis
1337 4899 1654 4956 consilium
1681 4897 1740 4954 et
1762 4899 2059 4955 rationem
2099 4899 2166 4956 in
2198 4895 2534 4954 Annal-ibus
2573 4894 2796 4952 nostris
2846 4893 2886 4949 t.
2948 4893 3082 4962 VII,
3116 4905 3306 4964 pagg.
3349 4894 3603 4956 409-509,

179 5004 521 5066 proponere
552 5004 807 5064 possem.
865 4989 973 5048 Via
1010 4988 1205 5060 igitur
1231 4987 1571 5060 patefacta,
1617 4986 1934 5042 editionem
1981 4984 2276 5057 inceptam
2327 4983 2576 5042 Waitzio
2613 4983 2830 5048 nostro,
2872 4993 3047 5052 quem
3075 4981 3222 5052 post
3255 4977 3608 5036 seuennium

193 5080 602 5138 Monumentis
649 5077 1028 5138 Germanum
1080 5090 1303 5134 summo
1342 5089 1471 5134 cum
1502 5075 1726 5150 fructu
1765 5075 2032 5133 dicatum
2055 5075 2187 5146 jam
2217 5071 2578 5146 professoris
2616 5070 3013 5128 historiarum
3035 5068 3272 5142 publici
3299 5081 3514 5126 munus
3540 5069 3610 5127 in

194 5167 597 5228 universitate
643 5167 990 5226 Kiloniensi
1029 5178 1246 5224 ornare
1277 5165 1610 5236 gaudemus
1649 5163 2070 5221 absolvenda»:
2105 5162 2400 5221 commissi
2439 5161 2498 5218 et
2537 5159 2838 5232 indefessa
2881 5159 3012 5229 ejus
3057 5169 3236 5228 opera
3273 5155 3609 5216 absolutam

199 5256 520 5316 lectoribus
575 5259 795 5314 nostris
849 5255 1024 5312 hodie
1065 5267 1357 5326 propono.
1423 5256 1605 5324 Opere
1662 5251 1823 5324 typis
1879 5252 2171 5322 cupresio,
2231 5264 2365 5307 cum
2417 5261 2621 5304 mense
2681 5244 3019 5316 Septembri
3067 5247 3218 5303 anni
3281 5245 3611 5318 superioris

196 5347 478 5419 Pragam
533 5345 783 5411 adirem,
843 5345 911 5402 in
965 5341 1168 5401 Musca
1221 5340 1533 5398 Bohemico
1583 5343 1819 5412 primus
1875 5341 2102 5398 υοιίίσὶδ
2147 5338 2464 5409 cujusdam
2529 5333 2828 5407 incogniti
2882 5333 2943 5390 et
2991 5331 3198 5390 suculo
3255 5347 3333 5388 xu
3397 5332 3613 5419 scripti

199 5417 526 5508 quaternio
583 5433 650 5490 in
693 5445 909 5492 manus
955 5430 1135 5498 venit,
1185 5443 1301 5501 guo
1345 5429 1723 5512 principium
1781 5427 2063 5486 Ultroniei
2123 5424 2592 5483 Ekkehardiani
2650 5435 2836 5494 usque
2891 5422 2972 5479 ad
3025 5421 3320 5478 Plioronei
3375 5417 3613 5478 circiter
