  <div class='ocr_page' id='page_1' title='image "/cluster/home/n/w/nwhite01/storage/ocr_20150623/154/hvd.32044054760129/225.png"; bbox 0 0 3964 6044; ppageno 0'>
   <div class='ocr_carea' id='block_1_1' title="bbox 378 199 498 265">
    <p class='ocr_par' dir='ltr' id='par_1_1' title="bbox 378 199 498 265">
     <span class='ocr_line' id='line_1_1' title="bbox 378 199 498 265; baseline 0.008 -1"><span class='ocrx_word' id='word_1_1' title='bbox 378 199 498 265; x_wconf 71' lang='grc'><em>439</em></span> 
     </span>
    </p>
   </div>
   <div class='ocr_carea' id='block_1_2' title="bbox 1553 203 2634 272">
    <p class='ocr_par' dir='ltr' id='par_1_2' title="bbox 1553 203 2634 272">
     <span class='ocr_line' id='line_1_2' title="bbox 1553 203 2634 272; baseline 0.004 -5"><span class='ocrx_word' id='word_1_2' title='bbox 1553 205 2037 268; x_wconf 83' lang='lat' dir='ltr'><em>EKKEHARDI</em></span> <span class='ocrx_word' id='word_1_3' title='bbox 2077 203 2501 272; x_wconf 56' lang='lat' dir='ltr'><em>URAUGIER</em></span> <span class='ocrx_word' id='word_1_4' title='bbox 2511 205 2634 272; x_wconf 91' lang='lat' dir='ltr'><em>SIS</em></span> 
     </span>
    </p>
   </div>
   <div class='ocr_carea' id='block_1_3' title="bbox 3673 206 3799 272">
    <p class='ocr_par' dir='ltr' id='par_1_3' title="bbox 3673 206 3799 272">
     <span class='ocr_line' id='line_1_3' title="bbox 3673 206 3799 272; baseline 0 0"><span class='ocrx_word' id='word_1_5' title='bbox 3673 206 3799 272; x_wconf 74' lang='grc'><em>440</em></span> 
     </span>
    </p>
   </div>
   <div class='ocr_carea' id='block_1_4' title="bbox 454 333 3798 414">
    <p class='ocr_par' dir='ltr' id='par_1_4' title="bbox 454 333 3798 414">
     <span class='ocr_line' id='line_1_4' title="bbox 454 333 3798 414; baseline 0.002 -21"><span class='ocrx_word' id='word_1_6' title='bbox 454 334 856 396; x_wconf 83' lang='lat' dir='ltr'><em>Ekkehardum</em></span> <span class='ocrx_word' id='word_1_7' title='bbox 885 333 1216 397; x_wconf 88' lang='lat' dir='ltr'><em>litterarum</em></span> <span class='ocrx_word' id='word_1_8' title='bbox 1247 336 1444 398; x_wconf 87' lang='lat' dir='ltr'><em>studio</em></span> <span class='ocrx_word' id='word_1_9' title='bbox 1467 339 1818 400; x_wconf 84' lang='lat' dir='ltr'><em>excelluisse</em></span> <span class='ocrx_word' id='word_1_10' title='bbox 1840 341 1898 396; x_wconf 90' lang='lat' dir='ltr'><em>et</em></span> <span class='ocrx_word' id='word_1_11' title='bbox 1924 351 2038 395; x_wconf 90' lang='lat' dir='ltr'><em>non</em></span> <span class='ocrx_word' id='word_1_12' title='bbox 2071 341 2125 402; x_wconf 89' lang='lat' dir='ltr'><strong>A</strong></span> <span class='ocrx_word' id='word_1_13' title='bbox 2156 337 2270 397; x_wconf 91' lang='lat' dir='ltr'><em>mio</em></span> <span class='ocrx_word' id='word_1_14' title='bbox 2299 339 2484 398; x_wconf 88' lang='lat' dir='ltr'><em>visum</em></span> <span class='ocrx_word' id='word_1_15' title='bbox 2507 343 2566 398; x_wconf 91' lang='lat' dir='ltr'><em>et</em></span> <span class='ocrx_word' id='word_1_16' title='bbox 2589 338 2926 399; x_wconf 82' lang='lat' dir='ltr'><em>accuratius</em></span> <span class='ocrx_word' id='word_1_17' title='bbox 2953 337 3336 414; x_wconf 88' lang='lat' dir='ltr'><em>descriptum,</em></span> <span class='ocrx_word' id='word_1_18' title='bbox 3369 337 3522 414; x_wconf 90' lang='lat' dir='ltr'><em>quod</em></span> <span class='ocrx_word' id='word_1_19' title='bbox 3551 339 3798 401; x_wconf 82' lang='lat' dir='ltr'><em>Laterna</em></span> 
     </span>
    </p>
   </div>
   <div class='ocr_carea' id='block_1_5' title="bbox 387 424 2048 500">
    <p class='ocr_par' dir='ltr' id='par_1_5' title="bbox 387 424 2048 500">
     <span class='ocr_line' id='line_1_5' title="bbox 387 424 2048 500; baseline 0 -18"><span class='ocrx_word' id='word_1_20' title='bbox 387 424 445 482; x_wconf 93' lang='lat' dir='ltr'><em>in</em></span> <span class='ocrx_word' id='word_1_21' title='bbox 479 440 593 484; x_wconf 90' lang='lat' dir='ltr'><em>uno</em></span> <span class='ocrx_word' id='word_1_22' title='bbox 613 425 764 483; x_wconf 90' lang='lat' dir='ltr'><em>libro</em></span> <span class='ocrx_word' id='word_1_23' title='bbox 797 441 1034 500; x_wconf 91' lang='lat' dir='ltr'><em>operam</em></span> <span class='ocrx_word' id='word_1_24' title='bbox 1067 444 1228 486; x_wconf 91' lang='lat' dir='ltr'><em>suam</em></span> <span class='ocrx_word' id='word_1_25' title='bbox 1261 429 1603 500; x_wconf 74' lang='lat' dir='ltr'><em>collocasse,</em></span> <span class='ocrx_word' id='word_1_26' title='bbox 1637 427 1952 486; x_wconf 87' lang='lat' dir='ltr'><em>Trithemio</em></span> <span class='ocrx_word' id='word_1_27' title='bbox 1976 426 2048 482; x_wconf 89' lang='lat' dir='ltr'><em>li-</em></span> 
     </span>
    </p>
   </div>
   <div class='ocr_carea' id='block_1_6' title="bbox 389 514 2046 590">
    <p class='ocr_par' dir='ltr' id='par_1_6' title="bbox 389 514 2046 590">
     <span class='ocr_line' id='line_1_6' title="bbox 389 514 2046 590; baseline 0.003 -19"><span class='ocrx_word' id='word_1_28' title='bbox 389 514 597 571; x_wconf 88' lang='lat' dir='ltr'><em>benter</em></span> <span class='ocrx_word' id='word_1_29' title='bbox 615 515 938 587; x_wconf 90' lang='lat' dir='ltr'><em>credamus,</em></span> <span class='ocrx_word' id='word_1_30' title='bbox 962 517 1298 588; x_wconf 68' lang='lat' dir='ltr'><em>Eclardus,</em></span> <span class='ocrx_word' id='word_1_31' title='bbox 1327 518 1513 590; x_wconf 82' lang='lat' dir='ltr'><em>inquit</em></span> <span class='ocrx_word' id='word_1_32' title='bbox 1533 517 1670 590; x_wconf 89' lang='grc'>(25),</span> <span class='ocrx_word' id='word_1_33' title='bbox 1677 519 1918 590; x_wconf 87' lang='lat' dir='ltr'><em>primus</em></span> <span class='ocrx_word' id='word_1_34' title='bbox 1943 518 2046 576; x_wconf 84' lang='lat' dir='ltr'><em>ab&#39;</em></span> 
     </span>
    </p>
   </div>
   <div class='ocr_carea' id='block_1_7' title="bbox 391 603 2044 678">
    <p class='ocr_par' dir='ltr' id='par_1_7' title="bbox 391 603 2044 678">
     <span class='ocr_line' id='line_1_7' title="bbox 391 603 2044 678; baseline 0.004 -20"><span class='ocrx_word' id='word_1_35' title='bbox 391 603 494 660; x_wconf 89' lang='lat' dir='ltr'><em>bas</em></span> <span class='ocrx_word' id='word_1_36' title='bbox 520 604 872 662; x_wconf 73' lang='lat' dir='ltr'><em>monasterii</em></span> <span class='ocrx_word' id='word_1_37' title='bbox 899 606 1098 663; x_wconf 87' lang='lat' dir='ltr'><em>sancti</em></span> <span class='ocrx_word' id='word_1_38' title='bbox 1128 607 1442 665; x_wconf 76' lang='lat' dir='ltr'><em>Laurentii</em></span> <span class='ocrx_word' id='word_1_39' title='bbox 1471 607 1631 678; x_wconf 82' lang='lat' dir='ltr'><em>quod</em></span> <span class='ocrx_word' id='word_1_40' title='bbox 1655 607 1931 678; x_wconf 87' lang='lat' dir='ltr'><em>Uraugia</em></span> <span class='ocrx_word' id='word_1_41' title='bbox 1953 608 2044 665; x_wconf 92' lang='lat' dir='ltr'><em>di-</em></span> 
     </span>
    </p>
   </div>
   <div class='ocr_carea' id='block_1_8' title="bbox 389 693 2035 767">
    <p class='ocr_par' dir='ltr' id='par_1_8' title="bbox 389 693 2035 767">
     <span class='ocr_line' id='line_1_8' title="bbox 389 693 2035 767; baseline 0.003 -18"><span class='ocrx_word' id='word_1_42' title='bbox 389 694 568 763; x_wconf 84' lang='lat' dir='ltr'><em>citur,</em></span> <span class='ocrx_word' id='word_1_43' title='bbox 602 693 668 750; x_wconf 88' lang='lat' dir='ltr'><em>in</em></span> <span class='ocrx_word' id='word_1_44' title='bbox 697 694 931 752; x_wconf 66' lang='lat' dir='ltr'><em>dioecesi</em></span> <span class='ocrx_word' id='word_1_45' title='bbox 964 693 1385 766; x_wconf 81' lang='lat' dir='ltr'><em>Herbipolensi</em></span> <span class='ocrx_word' id='word_1_46' title='bbox 1423 694 1490 751; x_wconf 90' lang='lat' dir='ltr'><em>in</em></span> <span class='ocrx_word' id='word_1_47' title='bbox 1527 695 1818 754; x_wconf 82' lang='lat' dir='ltr'><em>Hircinia</em></span> <span class='ocrx_word' id='word_1_48' title='bbox 1855 697 2035 767; x_wconf 89' lang='lat' dir='ltr'><em>silva,</em></span> 
     </span>
    </p>
   </div>
   <div class='ocr_carea' id='block_1_9' title="bbox 389 780 2040 854">
    <p class='ocr_par' dir='ltr' id='par_1_9' title="bbox 389 780 2040 854">
     <span class='ocr_line' id='line_1_9' title="bbox 389 780 2040 854; baseline 0.004 -18"><span class='ocrx_word' id='word_1_49' title='bbox 389 780 623 840; x_wconf 89' lang='lat' dir='ltr'><em>ordinis</em></span> <span class='ocrx_word' id='word_1_50' title='bbox 640 783 837 839; x_wconf 77' lang='lat' dir='ltr'><strong><em>sancti</em></strong></span> <span class='ocrx_word' id='word_1_51' title='bbox 853 783 1177 852; x_wconf 76' lang='lat' dir='ltr'><em>Benedicti,</em></span> <span class='ocrx_word' id='word_1_52' title='bbox 1197 784 1442 840; x_wconf 89' lang='lat' dir='ltr'><em>natione</em></span> <span class='ocrx_word' id='word_1_53' title='bbox 1466 783 1833 854; x_wconf 77' lang='lat' dir='ltr'><em>Teutonicas,</em></span> <span class='ocrx_word' id='word_1_54' title='bbox 1853 787 1953 842; x_wconf 88' lang='lat' dir='ltr'><em>vir</em></span> <span class='ocrx_word' id='word_1_55' title='bbox 1971 787 2040 843; x_wconf 91' lang='lat' dir='ltr'><em>in</em></span> 
     </span>
    </p>
   </div>
   <div class='ocr_carea' id='block_1_10' title="bbox 389 871 2038 942">
    <p class='ocr_par' dir='ltr' id='par_1_10' title="bbox 389 871 2038 942">
     <span class='ocr_line' id='line_1_10' title="bbox 389 871 2038 942; baseline 0.004 -16"><span class='ocrx_word' id='word_1_56' title='bbox 389 871 614 928; x_wconf 77' lang='lat' dir='ltr'><em>divinis</em></span> <span class='ocrx_word' id='word_1_57' title='bbox 638 871 980 942; x_wconf 86' lang='lat' dir='ltr'><em>Scripturis</em></span> <span class='ocrx_word' id='word_1_58' title='bbox 1008 871 1455 930; x_wconf 71' lang='lat' dir='ltr'><em>eruditissimus</em></span> <span class='ocrx_word' id='word_1_59' title='bbox 1474 874 1532 930; x_wconf 89' lang='lat' dir='ltr'><em>et</em></span> <span class='ocrx_word' id='word_1_60' title='bbox 1557 873 1625 930; x_wconf 89' lang='lat' dir='ltr'><em>in</em></span> <span class='ocrx_word' id='word_1_61' title='bbox 1642 873 2038 933; x_wconf 64' lang='lat' dir='ltr'><em>saecularibus</em></span> 
     </span>
    </p>
   </div>
   <div class='ocr_carea' id='block_1_11' title="bbox 393 957 2040 1034">
    <p class='ocr_par' dir='ltr' id='par_1_11' title="bbox 393 957 2040 1034">
     <span class='ocr_line' id='line_1_11' title="bbox 393 957 2040 1034; baseline 0.004 -20"><span class='ocrx_word' id='word_1_62' title='bbox 393 959 610 1015; x_wconf 77' lang='lat' dir='ltr'><em>litteris</em></span> <span class='ocrx_word' id='word_1_63' title='bbox 631 957 790 1014; x_wconf 90' lang='lat' dir='ltr'><em>nulli</em></span> <span class='ocrx_word' id='word_1_64' title='bbox 808 960 966 1016; x_wconf 87' lang='lat' dir='ltr'><em>inter</em></span> <span class='ocrx_word' id='word_1_65' title='bbox 987 957 1311 1018; x_wconf 83' lang='lat' dir='ltr'><em>Germanos</em></span> <span class='ocrx_word' id='word_1_66' title='bbox 1330 975 1436 1019; x_wconf 85' lang='lat' dir='ltr'><em>suo</em></span> <span class='ocrx_word' id='word_1_67' title='bbox 1459 962 1714 1034; x_wconf 89' lang='lat' dir='ltr'><em>tempore</em></span> <span class='ocrx_word' id='word_1_68' title='bbox 1741 963 2040 1021; x_wconf 88' lang='lat' dir='ltr'><em>doctorum</em></span> 
     </span>
    </p>
   </div>
   <div class='ocr_carea' id='block_1_12' title="bbox 387 1046 2039 1124">
    <p class='ocr_par' dir='ltr' id='par_1_12' title="bbox 387 1046 2039 1124">
     <span class='ocr_line' id='line_1_12' title="bbox 387 1046 2039 1124; baseline 0.004 -22"><span class='ocrx_word' id='word_1_69' title='bbox 387 1046 665 1119; x_wconf 79' lang='lat' dir='ltr'><em>inferior,</em></span> <span class='ocrx_word' id='word_1_70' title='bbox 681 1048 863 1104; x_wconf 87' lang='lat' dir='ltr'><em>metro</em></span> <span class='ocrx_word' id='word_1_71' title='bbox 880 1048 1167 1106; x_wconf 70' lang='lat' dir='ltr'><em>excellens</em></span> <span class='ocrx_word' id='word_1_72' title='bbox 1183 1050 1242 1105; x_wconf 90' lang='lat' dir='ltr'><em>et</em></span> <span class='ocrx_word' id='word_1_73' title='bbox 1246 1063 1452 1120; x_wconf 80' lang='lat' dir='ltr'><em>prosa.</em></span> <span class='ocrx_word' id='word_1_74' title='bbox 1471 1051 1740 1123; x_wconf 88' lang='lat' dir='ltr'><em>Scripsit</em></span> <span class='ocrx_word' id='word_1_75' title='bbox 1752 1066 1866 1109; x_wconf 88' lang='lat' dir='ltr'><em>non</em></span> <span class='ocrx_word' id='word_1_76' title='bbox 1879 1065 2039 1124; x_wconf 87' lang='lat' dir='ltr'><em>sper-</em></span> 
     </span>
    </p>
   </div>
   <div class='ocr_carea' id='block_1_13' title="bbox 388 1133 2041 1212">
    <p class='ocr_par' dir='ltr' id='par_1_13' title="bbox 388 1133 2041 1212">
     <span class='ocr_line' id='line_1_13' title="bbox 388 1133 2041 1212; baseline 0.006 -24"><span class='ocrx_word' id='word_1_77' title='bbox 388 1133 592 1190; x_wconf 73' lang='lat' dir='ltr'><em>nenda</em></span> <span class='ocrx_word' id='word_1_78' title='bbox 610 1135 878 1194; x_wconf 76' lang='lat' dir='ltr'><em>lectionis</em></span> <span class='ocrx_word' id='word_1_79' title='bbox 894 1137 1199 1209; x_wconf 87' lang='lat' dir='ltr'><em>opuscula,</em></span> <span class='ocrx_word' id='word_1_80' title='bbox 1222 1138 1440 1210; x_wconf 77' lang='lat' dir='ltr'><em>quibus</em></span> <span class='ocrx_word' id='word_1_81' title='bbox 1458 1141 1688 1212; x_wconf 79' lang='lat' dir='ltr'><em>ingenii</em></span> <span class='ocrx_word' id='word_1_82' title='bbox 1703 1141 1802 1198; x_wconf 89' lang='lat' dir='ltr'><em>sui</em></span> <span class='ocrx_word' id='word_1_83' title='bbox 1817 1139 2041 1198; x_wconf 87' lang='lat' dir='ltr'><em>vivaci-</em></span> 
     </span>
    </p>
   </div>
   <div class='ocr_carea' id='block_1_14' title="bbox 391 1225 2043 1306">
    <p class='ocr_par' dir='ltr' id='par_1_14' title="bbox 391 1225 2043 1306">
     <span class='ocr_line' id='line_1_14' title="bbox 391 1225 2043 1306; baseline 0.007 -25"><span class='ocrx_word' id='word_1_84' title='bbox 391 1225 569 1281; x_wconf 85' lang='lat' dir='ltr'><em>tatem</em></span> <span class='ocrx_word' id='word_1_85' title='bbox 601 1226 954 1286; x_wconf 87' lang='lat' dir='ltr'><em>declaravit.</em></span> <span class='ocrx_word' id='word_1_86' title='bbox 987 1231 1075 1288; x_wconf 82' lang='lat' dir='ltr'><em>De</em></span> <span class='ocrx_word' id='word_1_87' title='bbox 1100 1231 1322 1303; x_wconf 88' lang='lat' dir='ltr'><em>quibus</em></span> <span class='ocrx_word' id='word_1_88' title='bbox 1351 1245 1455 1304; x_wconf 91' lang='lat' dir='ltr'><em>ego</em></span> <span class='ocrx_word' id='word_1_89' title='bbox 1488 1233 1720 1289; x_wconf 87' lang='lat' dir='ltr'><em>tantum</em></span> <span class='ocrx_word' id='word_1_90' title='bbox 1745 1233 1877 1291; x_wconf 90' lang='lat' dir='ltr'><em>vidi</em></span> <span class='ocrx_word' id='word_1_91' title='bbox 1899 1247 2043 1306; x_wconf 90' lang='lat' dir='ltr'><em>opus</em></span> 
     </span>
    </p>
   </div>
   <div class='ocr_carea' id='block_1_15' title="bbox 385 1315 2045 1396">
    <p class='ocr_par' dir='ltr' id='par_1_15' title="bbox 385 1315 2045 1396">
     <span class='ocr_line' id='line_1_15' title="bbox 385 1315 2045 1396; baseline 0.006 -25"><span class='ocrx_word' id='word_1_92' title='bbox 385 1315 622 1385; x_wconf 75' lang='lat' dir='ltr'><em>insigne</em></span> <span class='ocrx_word' id='word_1_93' title='bbox 643 1317 727 1374; x_wconf 91' lang='lat' dir='ltr'><em>ad</em></span> <span class='ocrx_word' id='word_1_94' title='bbox 746 1318 1143 1377; x_wconf 77' lang='lat' dir='ltr'><em>imitationem</em></span> <span class='ocrx_word' id='word_1_95' title='bbox 1160 1321 1359 1378; x_wconf 83' lang='lat' dir='ltr'><em>Boetii</em></span> <span class='ocrx_word' id='word_1_96' title='bbox 1375 1323 1611 1392; x_wconf 90' lang='lat' dir='ltr'><em>gemino</em></span> <span class='ocrx_word' id='word_1_97' title='bbox 1631 1323 1727 1394; x_wconf 79' lang='lat' dir='ltr'><em>stg</em></span> <span class='ocrx_word' id='word_1_98' title='bbox 1736 1322 1789 1378; x_wconf 91' lang='lat' dir='ltr'><em>lo</em></span> <span class='ocrx_word' id='word_1_99' title='bbox 1815 1335 2045 1396; x_wconf 66' lang='lat' dir='ltr'><em>compa“</em></span> 
     </span>
    </p>
   </div>
   <div class='ocr_carea' id='block_1_16' title="bbox 386 1403 2046 1482">
    <p class='ocr_par' dir='ltr' id='par_1_16' title="bbox 386 1403 2046 1482">
     <span class='ocr_line' id='line_1_16' title="bbox 386 1403 2046 1482; baseline 0.007 -24"><span class='ocrx_word' id='word_1_100' title='bbox 386 1404 564 1475; x_wconf 86' lang='lat' dir='ltr'><em>ctum,</em></span> <span class='ocrx_word' id='word_1_101' title='bbox 595 1403 678 1462; x_wconf 91' lang='lat' dir='ltr'><em>ad</em></span> <span class='ocrx_word' id='word_1_102' title='bbox 705 1406 1161 1464; x_wconf 79' lang='lat' dir='ltr'><em>instructionem</em></span> <span class='ocrx_word' id='word_1_103' title='bbox 1182 1408 1242 1465; x_wconf 88' lang='lat' dir='ltr'><em>et</em></span> <span class='ocrx_word' id='word_1_104' title='bbox 1257 1409 1716 1482; x_wconf 81' lang='lat' dir='ltr'><em>consolationem</em></span> <span class='ocrx_word' id='word_1_105' title='bbox 1735 1412 2046 1469; x_wconf 74' lang='lat' dir='ltr'><em>monacho-</em></span> 
     </span>
    </p>
   </div>
   <div class='ocr_carea' id='block_1_17' title="bbox 383 1495 2046 1568">
    <p class='ocr_par' dir='ltr' id='par_1_17' title="bbox 383 1495 2046 1568">
     <span class='ocr_line' id='line_1_17' title="bbox 383 1495 2046 1568; baseline 0.007 -21"><span class='ocrx_word' id='word_1_106' title='bbox 383 1507 520 1549; x_wconf 83' lang='lat' dir='ltr'><em>rum</em></span> <span class='ocrx_word' id='word_1_107' title='bbox 531 1495 860 1552; x_wconf 88' lang='lat' dir='ltr'><em>etomnium</em></span> <span class='ocrx_word' id='word_1_108' title='bbox 864 1495 1148 1568; x_wconf 72' lang='lat' dir='ltr'><em>ﬁdelium</em></span> <span class='ocrx_word' id='word_1_109' title='bbox 1159 1498 1344 1554; x_wconf 87' lang='lat' dir='ltr'><em>Deum</em></span> <span class='ocrx_word' id='word_1_110' title='bbox 1363 1498 1700 1556; x_wconf 83' lang='lat' dir='ltr'><em>timentium</em></span> <span class='ocrx_word' id='word_1_111' title='bbox 1712 1498 1885 1558; x_wconf 89' lang='lat' dir='ltr'><em>valde</em></span> <span class='ocrx_word' id='word_1_112' title='bbox 1896 1502 2046 1560; x_wconf 90' lang='lat' dir='ltr'><em>utile</em></span> 
     </span>
    </p>
   </div>
   <div class='ocr_carea' id='block_1_18' title="bbox 386 1581 2044 1656">
    <p class='ocr_par' dir='ltr' id='par_1_18' title="bbox 386 1581 2044 1656">
     <span class='ocr_line' id='line_1_18' title="bbox 386 1581 2044 1656; baseline 0.007 -20"><span class='ocrx_word' id='word_1_113' title='bbox 386 1581 446 1636; x_wconf 84' lang='lat' dir='ltr'><em>et</em></span> <span class='ocrx_word' id='word_1_114' title='bbox 469 1585 891 1654; x_wconf 89' lang='lat' dir='ltr'><em>necessarium,</em></span> <span class='ocrx_word' id='word_1_115' title='bbox 922 1584 1084 1655; x_wconf 87' lang='lat' dir='ltr'><em>quod</em></span> <span class='ocrx_word' id='word_1_116' title='bbox 1107 1586 1474 1656; x_wconf 75' lang='lat' dir='ltr'><em>pranotavit</em></span> <span class='ocrx_word' id='word_1_117' title='bbox 1498 1589 1820 1646; x_wconf 75' lang='lat' dir='ltr'><em>Laternam</em></span> <span class='ocrx_word' id='word_1_118' title='bbox 1843 1602 2044 1647; x_wconf 78' lang='lat' dir='ltr'><em>mona&#39;</em></span> 
     </span>
    </p>
   </div>
   <div class='ocr_carea' id='block_1_19' title="bbox 2156 428 3801 503">
    <p class='ocr_par' dir='ltr' id='par_1_19' title="bbox 2156 428 3801 503">
     <span class='ocr_line' id='line_1_19' title="bbox 2156 428 3801 503; baseline 0.002 -19"><span class='ocrx_word' id='word_1_119' title='bbox 2156 428 2282 485; x_wconf 86' lang='lat' dir='ltr'><em>sive</em></span> <span class='ocrx_word' id='word_1_120' title='bbox 2303 430 2544 487; x_wconf 84' lang='lat' dir='ltr'><em>Mathias</em></span> <span class='ocrx_word' id='word_1_121' title='bbox 2569 431 2908 503; x_wconf 91' lang='lat' dir='ltr'><em>inscriptum</em></span> <span class='ocrx_word' id='word_1_122' title='bbox 2935 430 3060 501; x_wconf 61' lang='lat' dir='ltr'><em>fuit,</em></span> <span class='ocrx_word' id='word_1_123' title='bbox 3096 430 3395 501; x_wconf 87' lang='lat' dir='ltr'><em>hucusque</em></span> <span class='ocrx_word' id='word_1_124' title='bbox 3419 430 3694 502; x_wconf 91' lang='lat' dir='ltr'><em>innotuit,</em></span> <span class='ocrx_word' id='word_1_125' title='bbox 3721 431 3801 488; x_wconf 87' lang='lat' dir='ltr'><em>ita</em></span> 
     </span>
    </p>
   </div>
   <div class='ocr_carea' id='block_1_20' title="bbox 2155 518 3806 590">
    <p class='ocr_par' dir='ltr' id='par_1_20' title="bbox 2155 518 3806 590">
     <span class='ocr_line' id='line_1_20' title="bbox 2155 518 3806 590; baseline 0.004 -19"><span class='ocrx_word' id='word_1_126' title='bbox 2155 521 2218 572; x_wconf 94' lang='lat' dir='ltr'><em>ut</em></span> <span class='ocrx_word' id='word_1_127' title='bbox 2243 518 2466 575; x_wconf 90' lang='lat' dir='ltr'><em>nonnisi</em></span> <span class='ocrx_word' id='word_1_128' title='bbox 2493 519 2626 574; x_wconf 81' lang='lat' dir='ltr'><em>libri</em></span> <span class='ocrx_word' id='word_1_129' title='bbox 2648 519 2911 576; x_wconf 78' lang='lat' dir='ltr'><em>historici</em></span> <span class='ocrx_word' id='word_1_130' title='bbox 2934 522 3263 590; x_wconf 89' lang='lat' dir='ltr'><em>temporum</em></span> <span class='ocrx_word' id='word_1_131' title='bbox 3286 518 3556 589; x_wconf 90' lang='lat' dir='ltr'><em>injuriam</em></span> <span class='ocrx_word' id='word_1_132' title='bbox 3583 519 3806 590; x_wconf 82' lang='lat' dir='ltr'><em>fugisse</em></span> 
     </span>
    </p>
   </div>
   <div class='ocr_carea' id='block_1_21' title="bbox 2151 604 3806 678">
    <p class='ocr_par' dir='ltr' id='par_1_21' title="bbox 2151 604 3806 678">
     <span class='ocr_line' id='line_1_21' title="bbox 2151 604 3806 678; baseline 0.003 -19"><span class='ocrx_word' id='word_1_133' title='bbox 2151 604 2483 663; x_wconf 89' lang='lat' dir='ltr'><em>videantur.</em></span> <span class='ocrx_word' id='word_1_134' title='bbox 2517 609 2741 664; x_wconf 81' lang='lat' dir='ltr'><em>Praeter</em></span> <span class='ocrx_word' id='word_1_135' title='bbox 2763 607 3087 663; x_wconf 88' lang='lat' dir='ltr'><em>Chronicon</em></span> <span class='ocrx_word' id='word_1_136' title='bbox 3111 622 3250 663; x_wconf 88' lang='lat' dir='ltr'><em>vero</em></span> <span class='ocrx_word' id='word_1_137' title='bbox 3276 621 3460 678; x_wconf 89' lang='lat' dir='ltr'><em>usque</em></span> <span class='ocrx_word' id='word_1_138' title='bbox 3491 607 3562 664; x_wconf 90' lang='lat' dir='ltr'><em>ad</em></span> <span class='ocrx_word' id='word_1_139' title='bbox 3583 622 3637 663; x_wconf 91' lang='lat' dir='ltr'><em>a.</em></span> <span class='ocrx_word' id='word_1_140' title='bbox 3663 611 3806 665; x_wconf 69' lang='grc'>1124</span> 
     </span>
    </p>
   </div>
   <div class='ocr_carea' id='block_1_22' title="bbox 2151 691 3801 766">
    <p class='ocr_par' dir='ltr' id='par_1_22' title="bbox 2151 691 3801 766">
     <span class='ocr_line' id='line_1_22' title="bbox 2151 691 3801 766; baseline 0.004 -20"><span class='ocrx_word' id='word_1_141' title='bbox 2151 691 2484 765; x_wconf 90' lang='lat' dir='ltr'><em>deductum,</em></span> <span class='ocrx_word' id='word_1_142' title='bbox 2545 697 2892 752; x_wconf 89' lang='lat' dir='ltr'><em>Trithemius</em></span> <span class='ocrx_word' id='word_1_143' title='bbox 2950 696 3126 752; x_wconf 91' lang='lat' dir='ltr'><em>etiam</em></span> <span class='ocrx_word' id='word_1_144' title='bbox 3185 696 3419 752; x_wconf 83' lang='lat' dir='ltr'><em>brevem</em></span> <span class='ocrx_word' id='word_1_145' title='bbox 3465 696 3637 753; x_wconf 78' lang='lat' dir='ltr'><em>affert</em></span> <span class='ocrx_word' id='word_1_146' title='bbox 3687 696 3801 766; x_wconf 77' lang='grc'>(26)</span> 
     </span>
    </p>
   </div>
   <div class='ocr_carea' id='block_1_23' title="bbox 2149 781 3800 856">
    <p class='ocr_par' dir='ltr' id='par_1_23' title="bbox 2149 781 3800 856">
     <span class='ocr_line' id='line_1_23' title="bbox 2149 781 3800 856; baseline 0.004 -21"><span class='ocrx_word' id='word_1_147' title='bbox 2149 781 2474 853; x_wconf 82' lang='lat' dir='ltr'><em>historiam,</em></span> <span class='ocrx_word' id='word_1_148' title='bbox 2511 799 2622 854; x_wconf 88' lang='lat' dir='ltr'><em>qua</em></span> <span class='ocrx_word' id='word_1_149' title='bbox 2655 783 3029 840; x_wconf 85' lang='lat' dir='ltr'><em>Ekkehardus</em></span> <span class='ocrx_word' id='word_1_150' title='bbox 3054 799 3149 840; x_wconf 91' lang='lat' dir='ltr'><em>res</em></span> <span class='ocrx_word' id='word_1_151' title='bbox 3173 799 3280 841; x_wconf 91' lang='lat' dir='ltr'><em>suo</em></span> <span class='ocrx_word' id='word_1_152' title='bbox 3300 787 3568 856; x_wconf 89' lang='lat' dir='ltr'><em>tempore</em></span> <span class='ocrx_word' id='word_1_153' title='bbox 3598 788 3800 856; x_wconf 83' lang='lat' dir='ltr'><em>gestas</em></span> 
     </span>
    </p>
   </div>
   <div class='ocr_carea' id='block_1_24' title="bbox 2148 867 3800 944">
    <p class='ocr_par' dir='ltr' id='par_1_24' title="bbox 2148 867 3800 944">
     <span class='ocr_line' id='line_1_24' title="bbox 2148 867 3800 944; baseline 0.004 -22"><span class='ocrx_word' id='word_1_154' title='bbox 2148 867 2547 942; x_wconf 84' lang='lat' dir='ltr'><em>descripserit.</em></span> <span class='ocrx_word' id='word_1_155' title='bbox 2583 872 2932 929; x_wconf 85' lang='lat' dir='ltr'><em>Accuratius</em></span> <span class='ocrx_word' id='word_1_156' title='bbox 2969 887 3129 940; x_wconf 86' lang='lat' dir='ltr'><em>vero,</em></span> <span class='ocrx_word' id='word_1_157' title='bbox 3169 873 3473 928; x_wconf 90' lang='lat' dir='ltr'><em>codicibus</em></span> <span class='ocrx_word' id='word_1_158' title='bbox 3504 877 3800 944; x_wconf 87' lang='lat' dir='ltr'><em>quotquot</em></span> 
     </span>
    </p>
   </div>
   <div class='ocr_carea' id='block_1_25' title="bbox 2148 959 3798 1032">
    <p class='ocr_par' dir='ltr' id='par_1_25' title="bbox 2148 959 3798 1032">
     <span class='ocr_line' id='line_1_25' title="bbox 2148 959 3798 1032; baseline 0.003 -19"><span class='ocrx_word' id='word_1_159' title='bbox 2148 959 2394 1030; x_wconf 89' lang='lat' dir='ltr'><em>reperiri</em></span> <span class='ocrx_word' id='word_1_160' title='bbox 2427 965 2698 1030; x_wconf 83' lang='lat' dir='ltr'><em>poterant</em></span> <span class='ocrx_word' id='word_1_161' title='bbox 2747 959 3022 1030; x_wconf 87' lang='lat' dir='ltr'><em>evolutis,</em></span> <span class='ocrx_word' id='word_1_162' title='bbox 3067 961 3297 1032; x_wconf 85' lang='lat' dir='ltr'><em>singula</em></span> <span class='ocrx_word' id='word_1_163' title='bbox 3331 975 3578 1032; x_wconf 65' lang='lat' dir='ltr'><em>quaeque</em></span> <span class='ocrx_word' id='word_1_164' title='bbox 3610 960 3798 1032; x_wconf 88' lang='lat' dir='ltr'><em>ipsius</em></span> 
     </span>
    </p>
   </div>
   <div class='ocr_carea' id='block_1_26' title="bbox 2147 1047 3793 1120">
    <p class='ocr_par' dir='ltr' id='par_1_26' title="bbox 2147 1047 3793 1120">
     <span class='ocr_line' id='line_1_26' title="bbox 2147 1047 3793 1120; baseline 0.002 -19"><span class='ocrx_word' id='word_1_165' title='bbox 2147 1061 2324 1116; x_wconf 87' lang='lat' dir='ltr'><em>opera</em></span> <span class='ocrx_word' id='word_1_166' title='bbox 2373 1063 2682 1104; x_wconf 78' lang='lat' dir='ltr'><em>recensere</em></span> <span class='ocrx_word' id='word_1_167' title='bbox 2732 1063 3049 1119; x_wconf 89' lang='lat' dir='ltr'><em>eorumque</em></span> <span class='ocrx_word' id='word_1_168' title='bbox 3093 1053 3326 1120; x_wconf 89' lang='lat' dir='ltr'><em>tempus</em></span> <span class='ocrx_word' id='word_1_169' title='bbox 3356 1049 3602 1105; x_wconf 81' lang='lat' dir='ltr'><em>definire</em></span> <span class='ocrx_word' id='word_1_170' title='bbox 3635 1047 3793 1106; x_wconf 88' lang='lat' dir='ltr'><em>licet.</em></span> 
     </span>
    </p>
   </div>
   <div class='ocr_carea' id='block_1_27' title="bbox 2222 1224 3800 1295">
    <p class='ocr_par' dir='ltr' id='par_1_27' title="bbox 2222 1224 3800 1295">
     <span class='ocr_line' id='line_1_27' title="bbox 2222 1224 3800 1295; baseline 0.002 -14"><span class='ocrx_word' id='word_1_171' title='bbox 2222 1224 2450 1282; x_wconf 90' lang='lat' dir='ltr'><em>Ultimis</em></span> <span class='ocrx_word' id='word_1_172' title='bbox 2489 1225 2690 1282; x_wconf 61' lang='lat' dir='ltr'><em>saeculi</em></span> <span class='ocrx_word' id='word_1_173' title='bbox 2732 1240 2788 1281; x_wconf 71' lang='grc' dir='ltr'><strong>χι</strong></span> <span class='ocrx_word' id='word_1_174' title='bbox 2828 1225 2994 1282; x_wconf 89' lang='lat' dir='ltr'><em>annis</em></span> <span class='ocrx_word' id='word_1_175' title='bbox 3037 1225 3432 1295; x_wconf 81' lang='lat' dir='ltr'><em>Ekkehardus,</em></span> <span class='ocrx_word' id='word_1_176' title='bbox 3476 1227 3800 1284; x_wconf 86' lang='lat' dir='ltr'><em>monachus</em></span> 
     </span>
    </p>
   </div>
   <div class='ocr_carea' id='block_1_28' title="bbox 2153 1313 3804 1384">
    <p class='ocr_par' dir='ltr' id='par_1_28' title="bbox 2153 1313 3804 1384">
     <span class='ocr_line' id='line_1_28' title="bbox 2153 1313 3804 1384; baseline 0.001 -16"><span class='ocrx_word' id='word_1_177' title='bbox 2153 1317 2289 1368; x_wconf 91' lang='lat' dir='ltr'><em>tunc</em></span> <span class='ocrx_word' id='word_1_178' title='bbox 2320 1314 2784 1384; x_wconf 83' lang='lat' dir='ltr'><em>Bambergensis,</em></span> <span class='ocrx_word' id='word_1_179' title='bbox 2819 1313 3140 1370; x_wconf 88' lang='lat' dir='ltr'><em>Chronicon</em></span> <span class='ocrx_word' id='word_1_180' title='bbox 3191 1327 3506 1384; x_wconf 81' lang='lat' dir='ltr'><em>aggressus</em></span> <span class='ocrx_word' id='word_1_181' title='bbox 3533 1319 3627 1371; x_wconf 88' lang='lat' dir='ltr'><em>est</em></span> <span class='ocrx_word' id='word_1_182' title='bbox 3660 1315 3804 1372; x_wconf 89' lang='lat' dir='ltr'><em>scri-</em></span> 
     </span>
    </p>
   </div>
   <div class='ocr_carea' id='block_1_29' title="bbox 2154 1400 3804 1474">
    <p class='ocr_par' dir='ltr' id='par_1_29' title="bbox 2154 1400 3804 1474">
     <span class='ocr_line' id='line_1_29' title="bbox 2154 1400 3804 1474; baseline 0.002 -18"><span class='ocrx_word' id='word_1_183' title='bbox 2154 1401 2424 1470; x_wconf 82' lang='lat' dir='ltr'><em>bendum,</em></span> <span class='ocrx_word' id='word_1_184' title='bbox 2453 1401 2606 1472; x_wconf 93' lang='lat' dir='ltr'><em>quod</em></span> <span class='ocrx_word' id='word_1_185' title='bbox 2634 1401 2766 1456; x_wconf 89' lang='lat' dir='ltr'><em>inde</em></span> <span class='ocrx_word' id='word_1_186' title='bbox 2791 1401 2862 1456; x_wconf 93' lang='lat' dir='ltr'><em>ab</em></span> <span class='ocrx_word' id='word_1_187' title='bbox 2885 1403 3028 1457; x_wconf 90' lang='lat' dir='ltr'><em>orbe</em></span> <span class='ocrx_word' id='word_1_188' title='bbox 3051 1400 3286 1457; x_wconf 92' lang='lat' dir='ltr'><em>condito</em></span> <span class='ocrx_word' id='word_1_189' title='bbox 3313 1415 3491 1472; x_wconf 91' lang='lat' dir='ltr'><em>usque</em></span> <span class='ocrx_word' id='word_1_190' title='bbox 3516 1401 3589 1459; x_wconf 89' lang='lat' dir='ltr'><em>ad</em></span> <span class='ocrx_word' id='word_1_191' title='bbox 3614 1401 3804 1474; x_wconf 84' lang='lat' dir='ltr'><em>ipsius</em></span> 
     </span>
    </p>
   </div>
   <div class='ocr_carea' id='block_1_30' title="bbox 2151 1489 3806 1563">
    <p class='ocr_par' dir='ltr' id='par_1_30' title="bbox 2151 1489 3806 1563">
     <span class='ocr_line' id='line_1_30' title="bbox 2151 1489 3806 1563; baseline 0.001 -18"><span class='ocrx_word' id='word_1_192' title='bbox 2151 1496 2416 1563; x_wconf 89' lang='lat' dir='ltr'><em>tempora</em></span> <span class='ocrx_word' id='word_1_193' title='bbox 2442 1505 2610 1562; x_wconf 90' lang='lat' dir='ltr'><em>quam</em></span> <span class='ocrx_word' id='word_1_194' title='bbox 2643 1489 3060 1562; x_wconf 87' lang='lat' dir='ltr'><em>amplissimam</em></span> <span class='ocrx_word' id='word_1_195' title='bbox 3093 1505 3288 1548; x_wconf 89' lang='lat' dir='ltr'><em>rerum</em></span> <span class='ocrx_word' id='word_1_196' title='bbox 3318 1497 3618 1562; x_wconf 84' lang='lat' dir='ltr'><em>gestarum</em></span> <span class='ocrx_word' id='word_1_197' title='bbox 3654 1491 3806 1548; x_wconf 89' lang='lat' dir='ltr'><em>noti-</em></span> 
     </span>
    </p>
   </div>
   <div class='ocr_carea' id='block_1_31' title="bbox 2155 1579 3806 1651">
    <p class='ocr_par' dir='ltr' id='par_1_31' title="bbox 2155 1579 3806 1651">
     <span class='ocr_line' id='line_1_31' title="bbox 2155 1579 3806 1651; baseline 0.001 -18"><span class='ocrx_word' id='word_1_198' title='bbox 2155 1579 2290 1636; x_wconf 87' lang='lat' dir='ltr'><em>tiam</em></span> <span class='ocrx_word' id='word_1_199' title='bbox 2322 1579 2646 1650; x_wconf 83' lang='lat' dir='ltr'><em>exhiberet,</em></span> <span class='ocrx_word' id='word_1_200' title='bbox 2673 1579 2729 1635; x_wconf 91' lang='lat' dir='ltr'><em>in</em></span> <span class='ocrx_word' id='word_1_201' title='bbox 2761 1595 2876 1650; x_wconf 92' lang='lat' dir='ltr'><em>quo</em></span> <span class='ocrx_word' id='word_1_202' title='bbox 2911 1579 3217 1650; x_wconf 83' lang='lat' dir='ltr'><em>colligeret</em></span> <span class='ocrx_word' id='word_1_203' title='bbox 3249 1593 3615 1651; x_wconf 68' lang='lat' dir='ltr'><em>quaecunque</em></span> <span class='ocrx_word' id='word_1_204' title='bbox 3640 1595 3718 1637; x_wconf 83' lang='lat' dir='ltr'><em>ex</em></span> <span class='ocrx_word' id='word_1_205' title='bbox 3739 1580 3806 1636; x_wconf 85' lang='lat' dir='ltr'><em>li-</em></span> 
     </span>
    </p>
   </div>
   <div class='ocr_carea' id='block_1_32' title="bbox 387 1667 3801 1760">
    <p class='ocr_par' dir='ltr' id='par_1_32' title="bbox 387 1667 3801 1760">
     <span class='ocr_line' id='line_1_32' title="bbox 387 1667 3801 1760; baseline 0.004 -34"><span class='ocrx_word' id='word_1_206' title='bbox 387 1670 629 1726; x_wconf 74' lang='lat' dir='ltr'><em>oliorum</em></span> <span class='ocrx_word' id='word_1_207' title='bbox 654 1670 757 1728; x_wconf 89' lang='lat' dir='ltr'><em>lib.</em></span> <span class='ocrx_word' id='word_1_208' title='bbox 784 1688 834 1727; x_wconf 85' lang='grc' dir='ltr'>ν.</span> <span class='ocrx_word' id='word_1_209' title='bbox 857 1673 1172 1730; x_wconf 77' lang='lat' dir='ltr'><em>Semnones</em></span> <span class='ocrx_word' id='word_1_210' title='bbox 1200 1675 1490 1746; x_wconf 88' lang='lat' dir='ltr'><em>quosdam</em></span> <span class='ocrx_word' id='word_1_211' title='bbox 1511 1675 1810 1750; x_wconf 89' lang='lat' dir='ltr'><em>elegantes</em></span> <span class='ocrx_word' id='word_1_212' title='bbox 1835 1678 2042 1736; x_wconf 89' lang='lat' dir='ltr'><em>varia-</em></span> <span class='ocrx_word' id='word_1_213' title='bbox 2068 1700 2122 1760; x_wconf 80' lang='grc' dir='ltr'>Β</span> <span class='ocrx_word' id='word_1_214' title='bbox 2154 1667 2276 1760; x_wconf 50' lang='lat' dir='ltr'><em>bris</em></span> <span class='ocrx_word' id='word_1_215' title='bbox 2301 1673 2415 1724; x_wconf 62' lang='lat' dir='ltr'><em>tam</em></span> <span class='ocrx_word' id='word_1_216' title='bbox 2442 1667 2741 1760; x_wconf 68' lang='lat' dir='ltr'><em>hiS_l0&#39;_‘iCiS</em></span> <span class='ocrx_word' id='word_1_217' title='bbox 2764 1682 2934 1739; x_wconf 72' lang='lat' dir='ltr'><em>quam</em></span> <span class='ocrx_word' id='word_1_218' title='bbox 2959 1667 3190 1725; x_wconf 67' lang='lat' dir='ltr'><em>bibliois</em></span> <span class='ocrx_word' id='word_1_219' title='bbox 3220 1667 3686 1760; x_wconf 60' lang='lat' dir='ltr'><em>th00198i¢i3que</em></span> <span class='ocrx_word' id='word_1_220' title='bbox 3708 1668 3801 1760; x_wconf 66' lang='grc' dir='ltr'><em>Ῠθι</em></span> 
     </span>
    </p>
   </div>
   <div class='ocr_carea' id='block_1_33' title="bbox 386 1755 3801 1834">
    <p class='ocr_par' dir='ltr' id='par_1_33' title="bbox 386 1755 3801 1834">
     <span class='ocr_line' id='line_1_33' title="bbox 386 1755 3801 1834; baseline 0.004 -20"><span class='ocrx_word' id='word_1_221' title='bbox 386 1771 532 1828; x_wconf 88' lang='lat' dir='ltr'><em>sque</em></span> <span class='ocrx_word' id='word_1_222' title='bbox 561 1760 844 1830; x_wconf 71' lang='lat' dir='ltr'><em>epistolas</em></span> <span class='ocrx_word' id='word_1_223' title='bbox 873 1761 956 1817; x_wconf 88' lang='lat' dir='ltr'><em>ad</em></span> <span class='ocrx_word' id='word_1_224' title='bbox 985 1761 1245 1820; x_wconf 89' lang='lat' dir='ltr'><em>diversos</em></span> <span class='ocrx_word' id='word_1_225' title='bbox 1281 1763 1621 1834; x_wconf 79' lang='lat' dir='ltr'><em>composuit.</em></span> <span class='ocrx_word' id='word_1_226' title='bbox 1663 1765 1908 1824; x_wconf 84' lang='lat' dir='ltr'><em>Claruit</em></span> <span class='ocrx_word' id='word_1_227' title='bbox 1931 1765 2039 1824; x_wconf 88' lang='lat' dir='ltr'><em>sub</em></span> <span class='ocrx_word' id='word_1_228' title='bbox 2068 1755 2114 1760; x_wconf 30' lang='lat' dir='ltr'><strong><em>ﬁ</em></strong></span> <span class='ocrx_word' id='word_1_229' title='bbox 2151 1757 2394 1813; x_wconf 69' lang='lat' dir='ltr'><em>aliorum</em></span> <span class='ocrx_word' id='word_1_230' title='bbox 2413 1756 2656 1827; x_wconf 57' lang='lat' dir='ltr'><em>scriptis</em></span> <span class='ocrx_word' id='word_1_231' title='bbox 2674 1759 3045 1828; x_wconf 62' lang='lat' dir='ltr'><em>comportare</em></span> <span class='ocrx_word' id='word_1_232' title='bbox 3063 1761 3296 1828; x_wconf 69' lang='lat' dir='ltr'><em>Posset;</em></span> <span class='ocrx_word' id='word_1_233' title='bbox 3317 1757 3409 1813; x_wconf 78' lang='grc' dir='ltr'><em>ουί</em></span> <span class='ocrx_word' id='word_1_234' title='bbox 3429 1756 3583 1813; x_wconf 62' lang='lat' dir='ltr'><em>inter</em></span> <span class='ocrx_word' id='word_1_235' title='bbox 3599 1755 3801 1814; x_wconf 70' lang='lat' dir='ltr'><em>varias</em></span> 
     </span>
    </p>
   </div>
   <div class='ocr_carea' id='block_1_34' title="bbox 392 1847 2042 1926">
    <p class='ocr_par' dir='ltr' id='par_1_34' title="bbox 392 1847 2042 1926">
     <span class='ocr_line' id='line_1_34' title="bbox 392 1847 2042 1926; baseline 0.006 -23"><span class='ocrx_word' id='word_1_236' title='bbox 392 1847 664 1903; x_wconf 81' lang='lat' dir='ltr'><em>Conrado</em></span> <span class='ocrx_word' id='word_1_237' title='bbox 695 1847 869 1905; x_wconf 87' lang='lat' dir='ltr'><em>tertio</em></span> <span class='ocrx_word' id='word_1_238' title='bbox 899 1851 1276 1921; x_wconf 74' lang='lat' dir='ltr'><em>imperatore.</em></span> <span class='ocrx_word' id='word_1_239' title='bbox 1308 1853 1478 1910; x_wconf 86' lang='lat' dir='ltr'><em>Anno</em></span> <span class='ocrx_word' id='word_1_240' title='bbox 1507 1853 1752 1910; x_wconf 84' lang='lat' dir='ltr'><em>Domini</em></span> <span class='ocrx_word' id='word_1_241' title='bbox 1782 1857 1939 1926; x_wconf 90' lang='grc'>1130,</span> <span class='ocrx_word' id='word_1_242' title='bbox 1972 1857 2042 1913; x_wconf 89' lang='lat' dir='ltr'><em>in</em></span> 
     </span>
    </p>
   </div>
   <div class='ocr_carea' id='block_1_35' title="bbox 387 1933 2039 2014">
    <p class='ocr_par' dir='ltr' id='par_1_35' title="bbox 387 1933 2039 2014">
     <span class='ocr_line' id='line_1_35' title="bbox 387 1933 2039 2014; baseline 0.008 -27"><span class='ocrx_word' id='word_1_243' title='bbox 387 1950 440 1988; x_wconf 74' lang='grc' dir='ltr'><em>νη</em></span> <span class='ocrx_word' id='word_1_244' title='bbox 453 1933 578 1990; x_wconf 85' lang='lat' dir='ltr'><em>edio</em></span> <span class='ocrx_word' id='word_1_245' title='bbox 596 1936 855 1994; x_wconf 74' lang='lat' dir='ltr'><em>ecclesia</em></span> <span class='ocrx_word' id='word_1_246' title='bbox 860 1937 1116 2010; x_wconf 75' lang='lat' dir='ltr'><em>prafati</em></span> <span class='ocrx_word' id='word_1_247' title='bbox 1136 1940 1488 1998; x_wconf 79' lang='lat' dir='ltr'><em>monasterii</em></span> <span class='ocrx_word' id='word_1_248' title='bbox 1501 1941 1786 2012; x_wconf 88' lang='lat' dir='ltr'><em>sepultus.</em></span> <span class='ocrx_word' id='word_1_249' title='bbox 1809 1943 1887 1998; x_wconf 91' lang='lat' dir='ltr'><em>De</em></span> <span class='ocrx_word' id='word_1_250' title='bbox 1905 1957 2039 2014; x_wconf 88' lang='lat' dir='ltr'><em>cpe-</em></span> 
     </span>
    </p>
   </div>
   <div class='ocr_carea' id='block_1_36' title="bbox 390 2023 2038 2099">
    <p class='ocr_par' dir='ltr' id='par_1_36' title="bbox 390 2023 2038 2099">
     <span class='ocr_line' id='line_1_36' title="bbox 390 2023 2038 2099; baseline 0.007 -22"><span class='ocrx_word' id='word_1_251' title='bbox 390 2023 553 2079; x_wconf 83' lang='lat' dir='ltr'><em>ribus</em></span> <span class='ocrx_word' id='word_1_252' title='bbox 574 2039 712 2080; x_wconf 89' lang='lat' dir='ltr'><em>vero</em></span> <span class='ocrx_word' id='word_1_253' title='bbox 731 2026 802 2081; x_wconf 92' lang='lat' dir='ltr'><em>ab</em></span> <span class='ocrx_word' id='word_1_254' title='bbox 816 2026 1155 2083; x_wconf 78' lang='lat' dir='ltr'><em>Ekkehardo</em></span> <span class='ocrx_word' id='word_1_255' title='bbox 1175 2028 1538 2099; x_wconf 88' lang='lat' dir='ltr'><em>scriptisalio</em></span> <span class='ocrx_word' id='word_1_256' title='bbox 1553 2027 1683 2086; x_wconf 94' lang='lat' dir='ltr'><em>loco</em></span> <span class='ocrx_word' id='word_1_257' title='bbox 1702 2031 2038 2088; x_wconf 86' lang='lat' dir='ltr'><em>accuratius</em></span> 
     </span>
    </p>
   </div>
   <div class='ocr_carea' id='block_1_37' title="bbox 391 2115 2040 2186">
    <p class='ocr_par' dir='ltr' id='par_1_37' title="bbox 391 2115 2040 2186">
     <span class='ocr_line' id='line_1_37' title="bbox 391 2115 2040 2186; baseline 0.01 -24"><span class='ocrx_word' id='word_1_258' title='bbox 391 2118 737 2182; x_wconf 83' lang='lat' dir='ltr'><em>prosecutus</em></span> <span class='ocrx_word' id='word_1_259' title='bbox 768 2117 856 2169; x_wconf 88' lang='lat' dir='ltr'><em>est</em></span> <span class='ocrx_word' id='word_1_260' title='bbox 891 2133 904 2168; x_wconf 88' lang='lat'><strong>:</strong></span> <span class='ocrx_word' id='word_1_261' title='bbox 936 2115 1200 2186; x_wconf 75' lang='lat' dir='ltr'><em>Scripsit</em></span> <span class='ocrx_word' id='word_1_262' title='bbox 1221 2117 1421 2172; x_wconf 87' lang='lat' dir='ltr'><em>autem</em></span> <span class='ocrx_word' id='word_1_263' title='bbox 1456 2131 1576 2174; x_wconf 89' lang='lat' dir='ltr'><em>non</em></span> <span class='ocrx_word' id='word_1_264' title='bbox 1611 2118 2040 2178; x_wconf 63' lang='lat' dir='ltr'><em>contemnenda</em></span> 
     </span>
    </p>
   </div>
   <div class='ocr_carea' id='block_1_38' title="bbox 388 2200 2040 2276">
    <p class='ocr_par' dir='ltr' id='par_1_38' title="bbox 388 2200 2040 2276">
     <span class='ocr_line' id='line_1_38' title="bbox 388 2200 2040 2276; baseline 0.007 -22"><span class='ocrx_word' id='word_1_265' title='bbox 388 2200 772 2256; x_wconf 83' lang='lat' dir='ltr'><em>auctoritatis</em></span> <span class='ocrx_word' id='word_1_266' title='bbox 802 2202 1105 2271; x_wconf 87' lang='lat' dir='ltr'><em>opuscula,</em></span> <span class='ocrx_word' id='word_1_267' title='bbox 1139 2201 1359 2274; x_wconf 88' lang='lat' dir='ltr'><em>quibus</em></span> <span class='ocrx_word' id='word_1_268' title='bbox 1390 2203 1450 2260; x_wconf 90' lang='lat' dir='ltr'><em>et</em></span> <span class='ocrx_word' id='word_1_269' title='bbox 1475 2205 1616 2262; x_wconf 73' lang='lat' dir='ltr'><em>time</em></span> <span class='ocrx_word' id='word_1_270' title='bbox 1648 2205 2040 2276; x_wconf 63' lang='lat' dir='ltr'><em>praesentibus</em></span> 
     </span>
    </p>
   </div>
   <div class='ocr_carea' id='block_1_39' title="bbox 385 2288 2040 2364">
    <p class='ocr_par' dir='ltr' id='par_1_39' title="bbox 385 2288 2040 2364">
     <span class='ocr_line' id='line_1_39' title="bbox 385 2288 2040 2364; baseline 0.005 -21"><span class='ocrx_word' id='word_1_271' title='bbox 385 2302 448 2344; x_wconf 85' lang='lat' dir='ltr'><em>se</em></span> <span class='ocrx_word' id='word_1_272' title='bbox 463 2288 670 2343; x_wconf 86' lang='lat' dir='ltr'><em>utilem</em></span> <span class='ocrx_word' id='word_1_273' title='bbox 683 2289 956 2345; x_wconf 88' lang='lat' dir='ltr'><em>reddidit</em></span> <span class='ocrx_word' id='word_1_274' title='bbox 967 2290 1473 2348; x_wconf 88' lang='lat' dir='ltr'><em>etmemorabilem</em></span> <span class='ocrx_word' id='word_1_275' title='bbox 1482 2291 1744 2364; x_wconf 86' lang='lat' dir='ltr'><em>posteris</em></span> <span class='ocrx_word' id='word_1_276' title='bbox 1759 2307 2040 2351; x_wconf 84' lang='lat' dir='ltr'><em>commen-</em></span> 
     </span>
    </p>
   </div>
   <div class='ocr_carea' id='block_1_40' title="bbox 386 2375 2040 2450">
    <p class='ocr_par' dir='ltr' id='par_1_40' title="bbox 386 2375 2040 2450">
     <span class='ocr_line' id='line_1_40' title="bbox 386 2375 2040 2450; baseline 0.005 -20"><span class='ocrx_word' id='word_1_277' title='bbox 386 2376 588 2442; x_wconf 83' lang='lat' dir='ltr'><em>davit;</em></span> <span class='ocrx_word' id='word_1_278' title='bbox 615 2389 645 2432; x_wconf 90' lang='lat' dir='ltr'><em>e</em></span> <span class='ocrx_word' id='word_1_279' title='bbox 673 2375 891 2448; x_wconf 88' lang='lat' dir='ltr'><em>quibus</em></span> <span class='ocrx_word' id='word_1_280' title='bbox 913 2377 1212 2450; x_wconf 81' lang='lat' dir='ltr'><em>feruntur</em></span> <span class='ocrx_word' id='word_1_281' title='bbox 1249 2379 1532 2448; x_wconf 87' lang='lat' dir='ltr'><em>subjecta.</em></span> <span class='ocrx_word' id='word_1_282' title='bbox 1586 2379 1920 2440; x_wconf 71' lang='lat' dir='ltr'><em>Chronicon</em></span> <span class='ocrx_word' id='word_1_283' title='bbox 1965 2381 2040 2439; x_wconf 88' lang='lat' dir='ltr'><em>ab</em></span> 
     </span>
    </p>
   </div>
   <div class='ocr_carea' id='block_1_41' title="bbox 386 2465 2042 2538">
    <p class='ocr_par' dir='ltr' id='par_1_41' title="bbox 386 2465 2042 2538">
     <span class='ocr_line' id='line_1_41' title="bbox 386 2465 2042 2538; baseline 0.006 -19"><span class='ocrx_word' id='word_1_284' title='bbox 386 2465 619 2536; x_wconf 83' lang='lat' dir='ltr'><em>origine</em></span> <span class='ocrx_word' id='word_1_285' title='bbox 638 2465 848 2523; x_wconf 87' lang='lat' dir='ltr'><em>mundi</em></span> <span class='ocrx_word' id='word_1_286' title='bbox 864 2479 1052 2538; x_wconf 90' lang='lat' dir='ltr'><em>usque</em></span> <span class='ocrx_word' id='word_1_287' title='bbox 1069 2466 1150 2524; x_wconf 91' lang='lat' dir='ltr'><em>ad</em></span> <span class='ocrx_word' id='word_1_288' title='bbox 1167 2481 1394 2524; x_wconf 86' lang='lat' dir='ltr'><em>annum</em></span> <span class='ocrx_word' id='word_1_289' title='bbox 1409 2469 1736 2528; x_wconf 69' lang='lat' dir='ltr'><em>Dominicee</em></span> <span class='ocrx_word' id='word_1_290' title='bbox 1751 2470 2042 2528; x_wconf 88' lang='lat' dir='ltr'><em>Incarna-</em></span> 
     </span>
    </p>
   </div>
   <div class='ocr_carea' id='block_1_42' title="bbox 387 2554 2043 2629">
    <p class='ocr_par' dir='ltr' id='par_1_42' title="bbox 387 2554 2043 2629">
     <span class='ocr_line' id='line_1_42' title="bbox 387 2554 2043 2629; baseline 0.006 -21"><span class='ocrx_word' id='word_1_291' title='bbox 387 2555 434 2608; x_wconf 84' lang='lat' dir='ltr'><em>ti</em></span> <span class='ocrx_word' id='word_1_292' title='bbox 454 2554 570 2609; x_wconf 85' lang='lat' dir='ltr'><em>mis</em></span> <span class='ocrx_word' id='word_1_293' title='bbox 595 2558 727 2608; x_wconf 74' lang='grc'>1124</span> <span class='ocrx_word' id='word_1_294' title='bbox 750 2554 1041 2611; x_wconf 84' lang='lat' dir='ltr'><em>inclusive</em></span> <span class='ocrx_word' id='word_1_295' title='bbox 1060 2556 1333 2612; x_wconf 81' lang='lat' dir='ltr'><em>columen</em></span> <span class='ocrx_word' id='word_1_296' title='bbox 1352 2555 1592 2627; x_wconf 88' lang='lat' dir='ltr'><em>insigne</em></span> <span class='ocrx_word' id='word_1_297' title='bbox 1612 2559 1954 2629; x_wconf 87' lang='lat' dir='ltr'><em>composuit,</em></span> <span class='ocrx_word' id='word_1_298' title='bbox 1975 2561 2043 2617; x_wconf 91' lang='lat' dir='ltr'><em>in</em></span> 
     </span>
    </p>
   </div>
   <div class='ocr_carea' id='block_1_43' title="bbox 389 2639 2046 2713">
    <p class='ocr_par' dir='ltr' id='par_1_43' title="bbox 389 2639 2046 2713">
     <span class='ocr_line' id='line_1_43' title="bbox 389 2639 2046 2713; baseline 0.006 -18"><span class='ocrx_word' id='word_1_299' title='bbox 389 2653 504 2709; x_wconf 87' lang='lat' dir='ltr'><em>quo</em></span> <span class='ocrx_word' id='word_1_300' title='bbox 539 2639 719 2697; x_wconf 83' lang='lat' dir='ltr'><em>Gesta</em></span> <span class='ocrx_word' id='word_1_301' title='bbox 755 2655 964 2709; x_wconf 88' lang='lat' dir='ltr'><em>regum</em></span> <span class='ocrx_word' id='word_1_302' title='bbox 993 2643 1054 2698; x_wconf 88' lang='lat' dir='ltr'><em>et</em></span> <span class='ocrx_word' id='word_1_303' title='bbox 1078 2643 1504 2713; x_wconf 80' lang='lat' dir='ltr'><em>imperatorum</em></span> <span class='ocrx_word' id='word_1_304' title='bbox 1530 2645 1600 2702; x_wconf 89' lang='lat' dir='ltr'><em>in</em></span> <span class='ocrx_word' id='word_1_305' title='bbox 1630 2643 1957 2705; x_wconf 78' lang='lat' dir='ltr'><em>Germania</em></span> <span class='ocrx_word' id='word_1_306' title='bbox 1987 2649 2046 2705; x_wconf 92' lang='lat' dir='ltr'><em>et</em></span> 
     </span>
    </p>
   </div>
   <div class='ocr_carea' id='block_1_44' title="bbox 389 2729 2045 2802">
    <p class='ocr_par' dir='ltr' id='par_1_44' title="bbox 389 2729 2045 2802">
     <span class='ocr_line' id='line_1_44' title="bbox 389 2729 2045 2802; baseline 0.007 -20"><span class='ocrx_word' id='word_1_307' title='bbox 389 2729 565 2786; x_wconf 60' lang='lat' dir='ltr'><em>caetra</em></span> <span class='ocrx_word' id='word_1_308' title='bbox 583 2729 792 2784; x_wconf 87' lang='lat' dir='ltr'><em>ordine</em></span> <span class='ocrx_word' id='word_1_309' title='bbox 813 2729 967 2785; x_wconf 87' lang='lat' dir='ltr'><em>satis</em></span> <span class='ocrx_word' id='word_1_310' title='bbox 988 2743 1244 2798; x_wconf 88' lang='lat' dir='ltr'><em>congruo</em></span> <span class='ocrx_word' id='word_1_311' title='bbox 1258 2731 1527 2802; x_wconf 86' lang='lat' dir='ltr'><em>digessit.</em></span> <span class='ocrx_word' id='word_1_312' title='bbox 1543 2732 2045 2794; x_wconf 77' lang='lat' dir='ltr'><em>Adimitationem</em></span> 
     </span>
    </p>
   </div>
   <div class='ocr_carea' id='block_1_45' title="bbox 385 2816 2050 2893">
    <p class='ocr_par' dir='ltr' id='par_1_45' title="bbox 385 2816 2050 2893">
     <span class='ocr_line' id='line_1_45' title="bbox 385 2816 2050 2893; baseline 0.009 -26"><span class='ocrx_word' id='word_1_313' title='bbox 385 2829 619 2886; x_wconf 75' lang='lat' dir='ltr'><em>quoque</em></span> <span class='ocrx_word' id='word_1_314' title='bbox 628 2816 934 2873; x_wconf 76' lang='lat' dir='ltr'><em>Marciani</em></span> <span class='ocrx_word' id='word_1_315' title='bbox 950 2816 1208 2888; x_wconf 71' lang='lat' dir='ltr'><em>Capella</em></span> <span class='ocrx_word' id='word_1_316' title='bbox 1218 2819 1494 2875; x_wconf 86' lang='lat' dir='ltr'><em>acBoetii</em></span> <span class='ocrx_word' id='word_1_317' title='bbox 1505 2819 1782 2877; x_wconf 90' lang='lat' dir='ltr'><em>Severini</em></span> <span class='ocrx_word' id='word_1_318' title='bbox 1793 2823 2050 2893; x_wconf 83' lang='lat' dir='ltr'><em>scripsit</em></span> 
     </span>
    </p>
   </div>
   <div class='ocr_carea' id='block_1_46' title="bbox 379 2903 2044 2980">
    <p class='ocr_par' dir='ltr' id='par_1_46' title="bbox 379 2903 2044 2980">
     <span class='ocr_line' id='line_1_46' title="bbox 379 2903 2044 2980; baseline 0.008 -23"><span class='ocrx_word' id='word_1_319' title='bbox 379 2903 618 2973; x_wconf 84' lang='lat' dir='ltr'><em>gemino</em></span> <span class='ocrx_word' id='word_1_320' title='bbox 639 2904 815 2974; x_wconf 77' lang='lat' dir='ltr'><em>style,</em></span> <span class='ocrx_word' id='word_1_321' title='bbox 833 2904 940 2960; x_wconf 75' lang='lat' dir='ltr'><em>hoc</em></span> <span class='ocrx_word' id='word_1_322' title='bbox 959 2905 1051 2962; x_wconf 90' lang='lat' dir='ltr'><em>est</em></span> <span class='ocrx_word' id='word_1_323' title='bbox 1068 2906 1332 2962; x_wconf 85' lang='lat' dir='ltr'><em>carmine</em></span> <span class='ocrx_word' id='word_1_324' title='bbox 1352 2907 1413 2961; x_wconf 89' lang='lat' dir='ltr'><em>et</em></span> <span class='ocrx_word' id='word_1_325' title='bbox 1425 2906 1624 2964; x_wconf 89' lang='lat' dir='ltr'><em>soluta</em></span> <span class='ocrx_word' id='word_1_326' title='bbox 1646 2907 1931 2980; x_wconf 89' lang='lat' dir='ltr'><em>oratione,</em></span> <span class='ocrx_word' id='word_1_327' title='bbox 1947 2923 2044 2970; x_wconf 90' lang='lat' dir='ltr'><em>sa-</em></span> 
     </span>
    </p>
   </div>
   <div class='ocr_carea' id='block_1_47' title="bbox 388 2992 2044 3066">
    <p class='ocr_par' dir='ltr' id='par_1_47' title="bbox 388 2992 2044 3066">
     <span class='ocr_line' id='line_1_47' title="bbox 388 2992 2044 3066; baseline 0.004 -18"><span class='ocrx_word' id='word_1_328' title='bbox 388 2994 466 3049; x_wconf 86' lang='lat' dir='ltr'><em>lis</em></span> <span class='ocrx_word' id='word_1_329' title='bbox 486 2992 848 3050; x_wconf 78' lang='lat' dir='ltr'><em>instructum</em></span> <span class='ocrx_word' id='word_1_330' title='bbox 867 3007 1031 3066; x_wconf 88' lang='lat' dir='ltr'><em>opus,</em></span> <span class='ocrx_word' id='word_1_331' title='bbox 1047 2993 1284 3064; x_wconf 84' lang='lat' dir='ltr'><em>quodin</em></span> <span class='ocrx_word' id='word_1_332' title='bbox 1297 2993 1417 3052; x_wconf 90' lang='lat' dir='ltr'><em>tres</em></span> <span class='ocrx_word' id='word_1_333' title='bbox 1443 2994 1625 3054; x_wconf 87' lang='lat' dir='ltr'><em>libros</em></span> <span class='ocrx_word' id='word_1_334' title='bbox 1647 2995 1912 3055; x_wconf 89' lang='lat' dir='ltr'><em>divisum</em></span> <span class='ocrx_word' id='word_1_335' title='bbox 1931 2999 2044 3056; x_wconf 73' lang='lat' dir='ltr'><em>La-</em></span> 
     </span>
    </p>
   </div>
   <div class='ocr_carea' id='block_1_48' title="bbox 387 3080 2044 3156">
    <p class='ocr_par' dir='ltr' id='par_1_48' title="bbox 387 3080 2044 3156">
     <span class='ocr_line' id='line_1_48' title="bbox 387 3080 2044 3156; baseline 0.005 -19"><span class='ocrx_word' id='word_1_336' title='bbox 387 3083 618 3138; x_wconf 85' lang='lat' dir='ltr'><em>ternam</em></span> <span class='ocrx_word' id='word_1_337' title='bbox 635 3081 761 3138; x_wconf 88' lang='lat' dir='ltr'><em>sive</em></span> <span class='ocrx_word' id='word_1_338' title='bbox 779 3080 1476 3154; x_wconf 59' lang='lat' dir='ltr'><em>Mattiampranotavit,</em></span> <span class='ocrx_word' id='word_1_339' title='bbox 1501 3085 1569 3140; x_wconf 90' lang='lat' dir='ltr'><em>in</em></span> <span class='ocrx_word' id='word_1_340' title='bbox 1589 3097 1704 3154; x_wconf 90' lang='lat' dir='ltr'><em>quo</em></span> <span class='ocrx_word' id='word_1_341' title='bbox 1727 3084 2044 3156; x_wconf 82' lang='lat' dir='ltr'><em>cujusdam</em></span> 
     </span>
    </p>
   </div>
   <div class='ocr_carea' id='block_1_49' title="bbox 383 3169 2040 3242">
    <p class='ocr_par' dir='ltr' id='par_1_49' title="bbox 383 3169 2040 3242">
     <span class='ocr_line' id='line_1_49' title="bbox 383 3169 2040 3242; baseline 0.004 -17"><span class='ocrx_word' id='word_1_342' title='bbox 383 3169 634 3227; x_wconf 71' lang='lat' dir='ltr'><em>Malitia</em></span> <span class='ocrx_word' id='word_1_343' title='bbox 662 3170 871 3240; x_wconf 62' lang='lat' dir='ltr'><em>aegroti</em></span> <span class='ocrx_word' id='word_1_344' title='bbox 895 3171 1214 3242; x_wconf 86' lang='lat' dir='ltr'><em>planctum</em></span> <span class='ocrx_word' id='word_1_345' title='bbox 1246 3171 1502 3240; x_wconf 85' lang='lat' dir='ltr'><em>Paulus,</em></span> <span class='ocrx_word' id='word_1_346' title='bbox 1536 3173 1668 3242; x_wconf 86' lang='lat' dir='ltr'><em>ejus</em></span> <span class='ocrx_word' id='word_1_347' title='bbox 1694 3173 1764 3230; x_wconf 91' lang='lat' dir='ltr'><em>in</em></span> <span class='ocrx_word' id='word_1_348' title='bbox 1790 3174 2040 3231; x_wconf 87' lang='lat' dir='ltr'><em>Domino</em></span> 
     </span>
    </p>
   </div>
   <div class='ocr_carea' id='block_1_50' title="bbox 381 3257 2042 3330">
    <p class='ocr_par' dir='ltr' id='par_1_50' title="bbox 381 3257 2042 3330">
     <span class='ocr_line' id='line_1_50' title="bbox 381 3257 2042 3330; baseline 0.005 -19"><span class='ocrx_word' id='word_1_349' title='bbox 381 3257 697 3328; x_wconf 85' lang='lat' dir='ltr'><em>adoptivus</em></span> <span class='ocrx_word' id='word_1_350' title='bbox 722 3257 924 3328; x_wconf 74' lang='lat' dir='ltr'><em>filius,</em></span> <span class='ocrx_word' id='word_1_351' title='bbox 965 3258 1291 3330; x_wconf 74' lang='lat' dir='ltr'><em>artiﬁciali</em></span> <span class='ocrx_word' id='word_1_352' title='bbox 1333 3259 1600 3329; x_wconf 87' lang='lat' dir='ltr'><em>quadam</em></span> <span class='ocrx_word' id='word_1_353' title='bbox 1637 3261 2042 3319; x_wconf 84' lang='lat' dir='ltr'><em>consolatione</em></span> 
     </span>
    </p>
   </div>
   <div class='ocr_carea' id='block_1_51' title="bbox 383 3344 2041 3420">
    <p class='ocr_par' dir='ltr' id='par_1_51' title="bbox 383 3344 2041 3420">
     <span class='ocr_line' id='line_1_51' title="bbox 383 3344 2041 3420; baseline 0.005 -20"><span class='ocrx_word' id='word_1_354' title='bbox 383 3344 680 3402; x_wconf 80' lang='lat' dir='ltr'><em>delinivit.</em></span> <span class='ocrx_word' id='word_1_355' title='bbox 714 3345 986 3416; x_wconf 86' lang='lat' dir='ltr'><em>Scripsit</em></span> <span class='ocrx_word' id='word_1_356' title='bbox 1003 3345 1188 3402; x_wconf 90' lang='lat' dir='ltr'><em>etiam</em></span> <span class='ocrx_word' id='word_1_357' title='bbox 1208 3346 1291 3403; x_wconf 87' lang='lat' dir='ltr'><em>ad</em></span> <span class='ocrx_word' id='word_1_358' title='bbox 1306 3347 1580 3404; x_wconf 89' lang='lat' dir='ltr'><em>sanctam</em></span> <span class='ocrx_word' id='word_1_359' title='bbox 1605 3348 2041 3420; x_wconf 85' lang='lat' dir='ltr'><em>Hildegardem</em></span> 
     </span>
    </p>
   </div>
   <div class='ocr_carea' id='block_1_52' title="bbox 380 3432 2041 3506">
    <p class='ocr_par' dir='ltr' id='par_1_52' title="bbox 380 3432 2041 3506">
     <span class='ocr_line' id='line_1_52' title="bbox 380 3432 2041 3506; baseline 0.004 -17"><span class='ocrx_word' id='word_1_360' title='bbox 380 3432 749 3490; x_wconf 88' lang='lat' dir='ltr'><em>abbatissam</em></span> <span class='ocrx_word' id='word_1_361' title='bbox 768 3433 932 3504; x_wconf 87' lang='lat' dir='ltr'><em>apud</em></span> <span class='ocrx_word' id='word_1_362' title='bbox 949 3434 1204 3505; x_wconf 82' lang='lat' dir='ltr'><em>Bingios</em></span> <span class='ocrx_word' id='word_1_363' title='bbox 1234 3434 1547 3504; x_wconf 87' lang='lat' dir='ltr'><em>epistolam</em></span> <span class='ocrx_word' id='word_1_364' title='bbox 1574 3449 1776 3506; x_wconf 90' lang='lat' dir='ltr'><em>unam,</em></span> <span class='ocrx_word' id='word_1_365' title='bbox 1803 3435 1886 3494; x_wconf 90' lang='lat' dir='ltr'><em>ad</em></span> <span class='ocrx_word' id='word_1_366' title='bbox 1903 3451 2041 3495; x_wconf 88' lang='lat' dir='ltr'><em>san-</em></span> 
     </span>
    </p>
   </div>
   <div class='ocr_carea' id='block_1_53' title="bbox 381 3520 2040 3596">
    <p class='ocr_par' dir='ltr' id='par_1_53' title="bbox 381 3520 2040 3596">
     <span class='ocr_line' id='line_1_53' title="bbox 381 3520 2040 3596; baseline 0.004 -19"><span class='ocrx_word' id='word_1_367' title='bbox 381 3522 539 3577; x_wconf 84' lang='lat' dir='ltr'><em>ctum</em></span> <span class='ocrx_word' id='word_1_368' title='bbox 569 3520 835 3578; x_wconf 87' lang='lat' dir='ltr'><em>Ottonem</em></span> <span class='ocrx_word' id='word_1_369' title='bbox 863 3521 1198 3594; x_wconf 83' lang='lat' dir='ltr'><em>episcopum</em></span> <span class='ocrx_word' id='word_1_370' title='bbox 1234 3522 1726 3595; x_wconf 84' lang='lat' dir='ltr'><em>Bambergensem</em></span> <span class='ocrx_word' id='word_1_371' title='bbox 1755 3524 2040 3596; x_wconf 80' lang='lat' dir='ltr'><em>epistolas</em></span> 
     </span>
    </p>
   </div>
   <div class='ocr_carea' id='block_1_54' title="bbox 374 3609 2039 3683">
    <p class='ocr_par' dir='ltr' id='par_1_54' title="bbox 374 3609 2039 3683">
     <span class='ocr_line' id='line_1_54' title="bbox 374 3609 2039 3683; baseline 0.003 -15"><span class='ocrx_word' id='word_1_372' title='bbox 374 3613 599 3683; x_wconf 85' lang='lat' dir='ltr'><em>plures,</em></span> <span class='ocrx_word' id='word_1_373' title='bbox 634 3611 717 3668; x_wconf 89' lang='lat' dir='ltr'><em>ad</em></span> <span class='ocrx_word' id='word_1_374' title='bbox 759 3611 1099 3668; x_wconf 82' lang='lat' dir='ltr'><em>Volmarum</em></span> <span class='ocrx_word' id='word_1_375' title='bbox 1138 3609 1410 3668; x_wconf 90' lang='lat' dir='ltr'><em>abbatem</em></span> <span class='ocrx_word' id='word_1_376' title='bbox 1455 3610 1639 3682; x_wconf 52' lang='lat' dir='ltr'><em>Itilius</em></span> <span class='ocrx_word' id='word_1_377' title='bbox 1683 3612 2039 3674; x_wconf 85' lang='lat' dir='ltr'><em>monasterii</em></span> 
     </span>
    </p>
   </div>
   <div class='ocr_carea' id='block_1_55' title="bbox 379 3699 2038 3772">
    <p class='ocr_par' dir='ltr' id='par_1_55' title="bbox 379 3699 2038 3772">
     <span class='ocr_line' id='line_1_55' title="bbox 379 3699 2038 3772; baseline 0.003 -17"><span class='ocrx_word' id='word_1_378' title='bbox 379 3702 442 3755; x_wconf 86' lang='grc' dir='ltr'><em>Η</em></span> <span class='ocrx_word' id='word_1_379' title='bbox 445 3700 847 3770; x_wconf 89' lang='lat' dir='ltr'><em>irsaugiensis</em></span> <span class='ocrx_word' id='word_1_380' title='bbox 869 3699 1152 3772; x_wconf 88' lang='lat' dir='ltr'><em>epistolas</em></span> <span class='ocrx_word' id='word_1_381' title='bbox 1161 3699 1392 3771; x_wconf 85' lang='lat' dir='ltr'><em>plures,</em></span> <span class='ocrx_word' id='word_1_382' title='bbox 1417 3699 1502 3756; x_wconf 88' lang='lat' dir='ltr'><em>ad</em></span> <span class='ocrx_word' id='word_1_383' title='bbox 1519 3699 1676 3759; x_wconf 89' lang='lat' dir='ltr'><em>alios</em></span> <span class='ocrx_word' id='word_1_384' title='bbox 1696 3713 1930 3772; x_wconf 81' lang='lat' dir='ltr'><em>quoque</em></span> <span class='ocrx_word' id='word_1_385' title='bbox 1951 3702 2038 3760; x_wconf 89' lang='lat' dir='ltr'><em>di-</em></span> 
     </span>
    </p>
   </div>
   <div class='ocr_carea' id='block_1_56' title="bbox 378 3787 2041 3860">
    <p class='ocr_par' dir='ltr' id='par_1_56' title="bbox 378 3787 2041 3860">
     <span class='ocr_line' id='line_1_56' title="bbox 378 3787 2041 3860; baseline 0.003 -15"><span class='ocrx_word' id='word_1_386' title='bbox 378 3802 576 3846; x_wconf 88' lang='lat' dir='ltr'><em>versos</em></span> <span class='ocrx_word' id='word_1_387' title='bbox 587 3787 876 3858; x_wconf 84' lang='lat' dir='ltr'><em>epistolas</em></span> <span class='ocrx_word' id='word_1_388' title='bbox 892 3788 1036 3848; x_wconf 86' lang='lat' dir='ltr'><em>simi</em></span> <span class='ocrx_word' id='word_1_389' title='bbox 1043 3789 1180 3846; x_wconf 89' lang='lat' dir='ltr'><em>liter</em></span> <span class='ocrx_word' id='word_1_390' title='bbox 1187 3789 1414 3860; x_wconf 74' lang='lat' dir='ltr'><em>plin-es.</em></span> <span class='ocrx_word' id='word_1_391' title='bbox 1431 3789 1748 3847; x_wconf 84' lang='lat' dir='ltr'><em>Sermones</em></span> <span class='ocrx_word' id='word_1_392' title='bbox 1765 3789 1948 3849; x_wconf 91' lang='lat' dir='ltr'><em>etiam</em></span> <span class='ocrx_word' id='word_1_393' title='bbox 1958 3791 2041 3850; x_wconf 89' lang='lat' dir='ltr'><em>ad</em></span> 
     </span>
    </p>
   </div>
   <div class='ocr_carea' id='block_1_57' title="bbox 377 3877 2033 3948">
    <p class='ocr_par' dir='ltr' id='par_1_57' title="bbox 377 3877 2033 3948">
     <span class='ocr_line' id='line_1_57' title="bbox 377 3877 2033 3948; baseline 0.003 -16"><span class='ocrx_word' id='word_1_394' title='bbox 377 3877 694 3934; x_wconf 77' lang='lat' dir='ltr'><em>monac/tos</em></span> <span class='ocrx_word' id='word_1_395' title='bbox 721 3890 859 3935; x_wconf 90' lang='lat' dir='ltr'><em>suos</em></span> <span class='ocrx_word' id='word_1_396' title='bbox 890 3877 951 3934; x_wconf 90' lang='lat' dir='ltr'><em>et</em></span> <span class='ocrx_word' id='word_1_397' title='bbox 974 3877 1258 3935; x_wconf 77' lang='lat' dir='ltr'><em>bomilias</em></span> <span class='ocrx_word' id='word_1_398' title='bbox 1284 3891 1403 3934; x_wconf 91' lang='lat' dir='ltr'><em>non</em></span> <span class='ocrx_word' id='word_1_399' title='bbox 1426 3877 1790 3948; x_wconf 77' lang='lat' dir='ltr'><em>spernendos</em></span> <span class='ocrx_word' id='word_1_400' title='bbox 1823 3879 2033 3937; x_wconf 87' lang='lat' dir='ltr'><em>edidit.</em></span> 
     </span>
    </p>
   </div>
   <div class='ocr_carea' id='block_1_58' title="bbox 383 3965 2039 4038">
    <p class='ocr_par' dir='ltr' id='par_1_58' title="bbox 383 3965 2039 4038">
     <span class='ocr_line' id='line_1_58' title="bbox 383 3965 2039 4038; baseline 0.002 -16"><span class='ocrx_word' id='word_1_401' title='bbox 383 3965 611 4023; x_wconf 63' lang='lat' dir='ltr'><em>Caetera</em></span> <span class='ocrx_word' id='word_1_402' title='bbox 628 3979 762 4037; x_wconf 75' lang='lat' dir='ltr'><em>qua</em></span> <span class='ocrx_word' id='word_1_403' title='bbox 782 3965 1109 4038; x_wconf 88' lang='lat' dir='ltr'><em>composuit</em></span> <span class='ocrx_word' id='word_1_404' title='bbox 1125 3965 1208 4022; x_wconf 88' lang='lat' dir='ltr'><em>ad</em></span> <span class='ocrx_word' id='word_1_405' title='bbox 1225 3965 1440 4023; x_wconf 76' lang='lat' dir='ltr'><em>nostra</em></span> <span class='ocrx_word' id='word_1_406' title='bbox 1463 3966 1734 4025; x_wconf 87' lang='lat' dir='ltr'><em>lectionis</em></span> <span class='ocrx_word' id='word_1_407' title='bbox 1757 3968 2039 4028; x_wconf 88' lang='lat' dir='ltr'><em>notitiam</em></span> 
     </span>
    </p>
   </div>
   <div class='ocr_carea' id='block_1_59' title="bbox 375 4053 964 4112">
    <p class='ocr_par' dir='ltr' id='par_1_59' title="bbox 375 4053 964 4112">
     <span class='ocr_line' id='line_1_59' title="bbox 375 4053 964 4112; baseline 0.003 -4"><span class='ocrx_word' id='word_1_408' title='bbox 375 4055 624 4112; x_wconf 88' lang='lat' dir='ltr'><em>minime</em></span> <span class='ocrx_word' id='word_1_409' title='bbox 659 4053 964 4111; x_wconf 87' lang='lat' dir='ltr'><em>venerunt.</em></span> 
     </span>
    </p>
   </div>
   <div class='ocr_carea' id='block_1_60' title="bbox 449 4141 2040 4213">
    <p class='ocr_par' dir='ltr' id='par_1_60' title="bbox 449 4141 2040 4213">
     <span class='ocr_line' id='line_1_60' title="bbox 449 4141 2040 4213; baseline 0.001 -15"><span class='ocrx_word' id='word_1_410' title='bbox 449 4141 715 4213; x_wconf 88' lang='lat' dir='ltr'><em>Epistola</em></span> <span class='ocrx_word' id='word_1_411' title='bbox 749 4157 860 4199; x_wconf 88' lang='lat' dir='ltr'><em>una</em></span> <span class='ocrx_word' id='word_1_412' title='bbox 894 4145 1120 4198; x_wconf 90' lang='lat' dir='ltr'><em>tantum</em></span> <span class='ocrx_word' id='word_1_413' title='bbox 1151 4145 1367 4213; x_wconf 87' lang='lat' dir='ltr'><em>exstat,</em></span> <span class='ocrx_word' id='word_1_414' title='bbox 1404 4157 1737 4199; x_wconf 89' lang='lat' dir='ltr'><em>sermonum</em></span> <span class='ocrx_word' id='word_1_415' title='bbox 1768 4146 1826 4199; x_wconf 89' lang='lat' dir='ltr'><em>et</em></span> <span class='ocrx_word' id='word_1_416' title='bbox 1860 4143 2040 4201; x_wconf 88' lang='lat' dir='ltr'><em>homi-</em></span> 
     </span>
    </p>
   </div>
   <div class='ocr_carea' id='block_1_61' title="bbox 379 4228 2042 4302">
    <p class='ocr_par' dir='ltr' id='par_1_61' title="bbox 379 4228 2042 4302">
     <span class='ocr_line' id='line_1_61' title="bbox 379 4228 2042 4302; baseline 0.004 -19"><span class='ocrx_word' id='word_1_417' title='bbox 379 4229 588 4286; x_wconf 90' lang='lat' dir='ltr'><em>liarum</em></span> <span class='ocrx_word' id='word_1_418' title='bbox 609 4228 830 4286; x_wconf 89' lang='lat' dir='ltr'><em>nullum</em></span> <span class='ocrx_word' id='word_1_419' title='bbox 855 4230 1198 4300; x_wconf 80' lang='lat' dir='ltr'><em>vestigium;</em></span> <span class='ocrx_word' id='word_1_420' title='bbox 1232 4245 1302 4286; x_wconf 89' lang='lat' dir='ltr'><em>ne</em></span> <span class='ocrx_word' id='word_1_421' title='bbox 1327 4246 1476 4302; x_wconf 93' lang='lat' dir='ltr'><em>opus</em></span> <span class='ocrx_word' id='word_1_422' title='bbox 1507 4230 1741 4302; x_wconf 89' lang='lat' dir='ltr'><em>quidem</em></span> <span class='ocrx_word' id='word_1_423' title='bbox 1765 4247 1794 4287; x_wconf 86' lang='lat' dir='ltr'><em>a</em></span> <span class='ocrx_word' id='word_1_424' title='bbox 1817 4231 2042 4290; x_wconf 86' lang='lat' dir='ltr'><em>Tritbe-</em></span> 
     </span>
    </p>
   </div>
   <div class='ocr_carea' id='block_1_62' title="bbox 2148 1845 3799 1919">
    <p class='ocr_par' dir='ltr' id='par_1_62' title="bbox 2148 1845 3799 1919">
     <span class='ocr_line' id='line_1_62' title="bbox 2148 1845 3799 1919; baseline 0.001 -17"><span class='ocrx_word' id='word_1_425' title='bbox 2148 1845 2346 1904; x_wconf 61' lang='lat' dir='ltr'><em>saeculi</em></span> <span class='ocrx_word' id='word_1_426' title='bbox 2371 1862 2424 1902; x_wconf 80' lang='lat' dir='ltr'><em>xi</em></span> <span class='ocrx_word' id='word_1_427' title='bbox 2449 1850 2506 1902; x_wconf 91' lang='lat' dir='ltr'><em>et</em></span> <span class='ocrx_word' id='word_1_428' title='bbox 2532 1861 2610 1902; x_wconf 84' lang='lat' dir='ltr'><em>xu</em></span> <span class='ocrx_word' id='word_1_429' title='bbox 2631 1845 2909 1902; x_wconf 89' lang='lat' dir='ltr'><em>historias</em></span> <span class='ocrx_word' id='word_1_430' title='bbox 2934 1845 3295 1904; x_wconf 90' lang='lat' dir='ltr'><em>universales</em></span> <span class='ocrx_word' id='word_1_431' title='bbox 3325 1845 3572 1919; x_wconf 89' lang='lat' dir='ltr'><em>primum</em></span> <span class='ocrx_word' id='word_1_432' title='bbox 3600 1845 3799 1904; x_wconf 90' lang='lat' dir='ltr'><em>locum</em></span> 
     </span>
    </p>
   </div>
   <div class='ocr_carea' id='block_1_63' title="bbox 2147 1933 3799 2008">
    <p class='ocr_par' dir='ltr' id='par_1_63' title="bbox 2147 1933 3799 2008">
     <span class='ocr_line' id='line_1_63' title="bbox 2147 1933 3799 2008; baseline 0.001 -17"><span class='ocrx_word' id='word_1_433' title='bbox 2147 1950 2370 1991; x_wconf 89' lang='lat' dir='ltr'><em>summo</em></span> <span class='ocrx_word' id='word_1_434' title='bbox 2394 1935 2526 2005; x_wconf 88' lang='lat' dir='ltr'><em>jure</em></span> <span class='ocrx_word' id='word_1_435' title='bbox 2554 1935 2816 1990; x_wconf 91' lang='lat' dir='ltr'><em>tribuere</em></span> <span class='ocrx_word' id='word_1_436' title='bbox 2840 1933 2976 1989; x_wconf 90' lang='lat' dir='ltr'><em>mihi</em></span> <span class='ocrx_word' id='word_1_437' title='bbox 2999 1934 3223 1991; x_wconf 91' lang='lat' dir='ltr'><em>videor.</em></span> <span class='ocrx_word' id='word_1_438' title='bbox 3251 1936 3312 1991; x_wconf 85' lang='lat' dir='ltr'><em>In</em></span> <span class='ocrx_word' id='word_1_439' title='bbox 3333 1936 3442 1992; x_wconf 87' lang='lat' dir='ltr'><em>hoc</em></span> <span class='ocrx_word' id='word_1_440' title='bbox 3469 1939 3799 2008; x_wconf 88' lang='lat' dir='ltr'><em>occupatus</em></span> 
     </span>
    </p>
   </div>
   <div class='ocr_carea' id='block_1_64' title="bbox 2151 2022 3800 2096">
    <p class='ocr_par' dir='ltr' id='par_1_64' title="bbox 2151 2022 3800 2096">
     <span class='ocr_line' id='line_1_64' title="bbox 2151 2022 3800 2096; baseline 0.002 -18"><span class='ocrx_word' id='word_1_441' title='bbox 2151 2023 2255 2080; x_wconf 83' lang='lat' dir='ltr'><em>fuit</em></span> <span class='ocrx_word' id='word_1_442' title='bbox 2277 2038 2474 2096; x_wconf 87' lang='lat' dir='ltr'><em>opere,</em></span> <span class='ocrx_word' id='word_1_443' title='bbox 2498 2027 2558 2080; x_wconf 90' lang='lat' dir='ltr'><em>ut</em></span> <span class='ocrx_word' id='word_1_444' title='bbox 2584 2023 2709 2095; x_wconf 91' lang='lat' dir='ltr'><em>ipse</em></span> <span class='ocrx_word' id='word_1_445' title='bbox 2733 2022 3044 2094; x_wconf 83' lang='lat' dir='ltr'><em>profitetur</em></span> <span class='ocrx_word' id='word_1_446' title='bbox 3067 2025 3201 2095; x_wconf 92' lang='grc'>(27),</span> <span class='ocrx_word' id='word_1_447' title='bbox 3228 2039 3279 2080; x_wconf 90' lang='lat' dir='ltr'><em>a.</em></span> <span class='ocrx_word' id='word_1_448' title='bbox 3306 2027 3474 2091; x_wconf 72' lang='lat'><em>1099;</em></span> <span class='ocrx_word' id='word_1_449' title='bbox 3497 2038 3689 2095; x_wconf 89' lang='lat' dir='ltr'><em>neque</em></span> <span class='ocrx_word' id='word_1_450' title='bbox 3715 2028 3800 2081; x_wconf 83' lang='lat' dir='ltr'><em>ta-</em></span> 
     </span>
    </p>
   </div>
   <div class='ocr_carea' id='block_1_65' title="bbox 2149 2111 3793 2184">
    <p class='ocr_par' dir='ltr' id='par_1_65' title="bbox 2149 2111 3793 2184">
     <span class='ocr_line' id='line_1_65' title="bbox 2149 2111 3793 2184; baseline 0.001 -16"><span class='ocrx_word' id='word_1_451' title='bbox 2149 2127 2274 2168; x_wconf 90' lang='lat' dir='ltr'><em>men</em></span> <span class='ocrx_word' id='word_1_452' title='bbox 2300 2117 2414 2167; x_wconf 87' lang='lat' dir='ltr'><em>tam</em></span> <span class='ocrx_word' id='word_1_453' title='bbox 2439 2111 2600 2168; x_wconf 89' lang='lat' dir='ltr'><em>brevi</em></span> <span class='ocrx_word' id='word_1_454' title='bbox 2634 2115 2895 2182; x_wconf 90' lang='lat' dir='ltr'><em>tempore</em></span> <span class='ocrx_word' id='word_1_455' title='bbox 2920 2111 2977 2167; x_wconf 91' lang='lat' dir='ltr'><em>id</em></span> <span class='ocrx_word' id='word_1_456' title='bbox 3001 2111 3327 2169; x_wconf 89' lang='lat' dir='ltr'><em>absolvisse</em></span> <span class='ocrx_word' id='word_1_457' title='bbox 3356 2111 3659 2184; x_wconf 86' lang='lat' dir='ltr'><em>putandus</em></span> <span class='ocrx_word' id='word_1_458' title='bbox 3678 2116 3793 2169; x_wconf 89' lang='lat' dir='ltr'><em>est.</em></span> 
     </span>
    </p>
   </div>
   <div class='ocr_carea' id='block_1_66' title="bbox 2147 2199 3802 2274">
    <p class='ocr_par' dir='ltr' id='par_1_66' title="bbox 2147 2199 3802 2274">
     <span class='ocr_line' id='line_1_66' title="bbox 2147 2199 3802 2274; baseline 0.002 -18"><span class='ocrx_word' id='word_1_459' title='bbox 2147 2201 2283 2258; x_wconf 83' lang='lat' dir='ltr'><em>Nam</em></span> <span class='ocrx_word' id='word_1_460' title='bbox 2307 2204 2506 2257; x_wconf 88' lang='lat' dir='ltr'><em>textus</em></span> <span class='ocrx_word' id='word_1_461' title='bbox 2527 2201 2634 2256; x_wconf 90' lang='lat' dir='ltr'><em>hac</em></span> <span class='ocrx_word' id='word_1_462' title='bbox 2657 2199 2916 2256; x_wconf 89' lang='lat' dir='ltr'><em>editione</em></span> <span class='ocrx_word' id='word_1_463' title='bbox 2940 2200 3204 2270; x_wconf 89' lang='lat' dir='ltr'><em>quamvis</em></span> <span class='ocrx_word' id='word_1_464' title='bbox 3229 2199 3656 2258; x_wconf 89' lang='lat' dir='ltr'><em>minutissimus</em></span> <span class='ocrx_word' id='word_1_465' title='bbox 3678 2201 3802 2274; x_wconf 87' lang='lat' dir='ltr'><em>ple-</em></span> 
     </span>
    </p>
   </div>
   <div class='ocr_carea' id='block_1_67' title="bbox 2149 2287 3801 2360">
    <p class='ocr_par' dir='ltr' id='par_1_67' title="bbox 2149 2287 3801 2360">
     <span class='ocr_line' id='line_1_67' title="bbox 2149 2287 3801 2360; baseline 0.001 -16"><span class='ocrx_word' id='word_1_466' title='bbox 2149 2303 2390 2360; x_wconf 90' lang='lat' dir='ltr'><em>rumque</em></span> <span class='ocrx_word' id='word_1_467' title='bbox 2425 2287 2576 2360; x_wconf 80' lang='lat' dir='ltr'><em>typis</em></span> <span class='ocrx_word' id='word_1_468' title='bbox 2605 2302 2927 2360; x_wconf 90' lang='lat' dir='ltr'><em>expressus</em></span> <span class='ocrx_word' id='word_1_469' title='bbox 2955 2292 3058 2344; x_wconf 81' lang='grc'>180</span> <span class='ocrx_word' id='word_1_470' title='bbox 3085 2287 3284 2360; x_wconf 82' lang='lat' dir='ltr'><em>explet</em></span> <span class='ocrx_word' id='word_1_471' title='bbox 3309 2288 3582 2360; x_wconf 82' lang='lat' dir='ltr'><em>paginas;</em></span> <span class='ocrx_word' id='word_1_472' title='bbox 3614 2289 3801 2346; x_wconf 80' lang='lat' dir='ltr'><em>Ekke-</em></span> 
     </span>
    </p>
   </div>
   <div class='ocr_carea' id='block_1_68' title="bbox 2149 2375 3800 2450">
    <p class='ocr_par' dir='ltr' id='par_1_68' title="bbox 2149 2375 3800 2450">
     <span class='ocr_line' id='line_1_68' title="bbox 2149 2375 3800 2450; baseline 0.001 -18"><span class='ocrx_word' id='word_1_473' title='bbox 2149 2377 2314 2433; x_wconf 88' lang='lat' dir='ltr'><em>hardi</em></span> <span class='ocrx_word' id='word_1_474' title='bbox 2346 2391 2486 2433; x_wconf 88' lang='lat' dir='ltr'><em>vero</em></span> <span class='ocrx_word' id='word_1_475' title='bbox 2519 2375 2705 2432; x_wconf 87' lang='lat' dir='ltr'><em>codex</em></span> <span class='ocrx_word' id='word_1_476' title='bbox 2730 2375 3132 2448; x_wconf 89' lang='lat' dir='ltr'><em>autographus</em></span> <span class='ocrx_word' id='word_1_477' title='bbox 3153 2375 3266 2448; x_wconf 85' lang='lat'><strong>(28)</strong></span> <span class='ocrx_word' id='word_1_478' title='bbox 3292 2375 3430 2432; x_wconf 81' lang='lat' dir='ltr'><em>folia</em></span> <span class='ocrx_word' id='word_1_479' title='bbox 3461 2377 3593 2450; x_wconf 91' lang='lat' dir='ltr'><em>plus</em></span> <span class='ocrx_word' id='word_1_480' title='bbox 3626 2392 3800 2449; x_wconf 86' lang='lat' dir='ltr'><em>quam</em></span> 
     </span>
    </p>
   </div>
   <div class='ocr_carea' id='block_1_69' title="bbox 2151 2463 3800 2537">
    <p class='ocr_par' dir='ltr' id='par_1_69' title="bbox 2151 2463 3800 2537">
     <span class='ocr_line' id='line_1_69' title="bbox 2151 2463 3800 2537; baseline 0.001 -17"><span class='ocrx_word' id='word_1_481' title='bbox 2151 2465 2398 2522; x_wconf 88' lang='lat' dir='ltr'><em>ducenta</em></span> <span class='ocrx_word' id='word_1_482' title='bbox 2447 2463 2758 2520; x_wconf 91' lang='lat' dir='ltr'><em>continuit.</em></span> <span class='ocrx_word' id='word_1_483' title='bbox 2812 2463 2937 2534; x_wconf 84' lang='lat' dir='ltr'><em>Hic,</em></span> <span class='ocrx_word' id='word_1_484' title='bbox 2991 2479 3160 2534; x_wconf 89' lang='lat' dir='ltr'><em>quem</em></span> <span class='ocrx_word' id='word_1_485' title='bbox 3201 2479 3440 2522; x_wconf 88' lang='lat' dir='ltr'><em>numero</em></span> <span class='ocrx_word' id='word_1_486' title='bbox 3469 2466 3490 2521; x_wconf 83' lang='grc' dir='ltr'>Ι</span> <span class='ocrx_word' id='word_1_487' title='bbox 3523 2464 3800 2537; x_wconf 87' lang='lat' dir='ltr'><em>iudicavi,</em></span> 
     </span>
    </p>
   </div>
   <div class='ocr_carea' id='block_1_70' title="bbox 2152 2551 3802 2625">
    <p class='ocr_par' dir='ltr' id='par_1_70' title="bbox 2152 2551 3802 2625">
     <span class='ocr_line' id='line_1_70' title="bbox 2152 2551 3802 2625; baseline 0.001 -17"><span class='ocrx_word' id='word_1_488' title='bbox 2152 2569 2303 2611; x_wconf 90' lang='lat' dir='ltr'><em>nunc</em></span> <span class='ocrx_word' id='word_1_489' title='bbox 2342 2553 2399 2610; x_wconf 92' lang='lat' dir='ltr'><em>in</em></span> <span class='ocrx_word' id='word_1_490' title='bbox 2445 2551 2800 2609; x_wconf 87' lang='lat' dir='ltr'><em>bibliotheca</em></span> <span class='ocrx_word' id='word_1_491' title='bbox 2841 2552 3246 2610; x_wconf 87' lang='lat' dir='ltr'><em>universitatis</em></span> <span class='ocrx_word' id='word_1_492' title='bbox 3282 2553 3550 2611; x_wconf 84' lang='lat' dir='ltr'><em>Jenensis</em></span> <span class='ocrx_word' id='word_1_493' title='bbox 3584 2557 3802 2625; x_wconf 82' lang='lat' dir='ltr'><em>exstat,</em></span> 
     </span>
    </p>
   </div>
   <div class='ocr_carea' id='block_1_71' title="bbox 2151 2639 3806 2700">
    <p class='ocr_par' dir='ltr' id='par_1_71' title="bbox 2151 2639 3806 2700">
     <span class='ocr_line' id='line_1_71' title="bbox 2151 2639 3806 2700; baseline 0.001 -2"><span class='ocrx_word' id='word_1_494' title='bbox 2151 2641 2288 2698; x_wconf 86' lang='lat' dir='ltr'><em>olim</em></span> <span class='ocrx_word' id='word_1_495' title='bbox 2315 2655 2456 2698; x_wconf 91' lang='lat' dir='ltr'><em>vero</em></span> <span class='ocrx_word' id='word_1_496' title='bbox 2483 2640 2587 2696; x_wconf 81' lang='lat' dir='ltr'><em>fuit</em></span> <span class='ocrx_word' id='word_1_497' title='bbox 2617 2640 3005 2696; x_wconf 83' lang='lat' dir='ltr'><em>«monasterii</em></span> <span class='ocrx_word' id='word_1_498' title='bbox 3029 2640 3224 2696; x_wconf 90' lang='lat' dir='ltr'><em>Sancti</em></span> <span class='ocrx_word' id='word_1_499' title='bbox 3248 2639 3540 2698; x_wconf 83' lang='lat' dir='ltr'><em>Michaelis</em></span> <span class='ocrx_word' id='word_1_500' title='bbox 3566 2641 3620 2698; x_wconf 90' lang='lat' dir='ltr'><em>in</em></span> <span class='ocrx_word' id='word_1_501' title='bbox 3646 2659 3806 2700; x_wconf 90' lang='lat' dir='ltr'><em>mon-</em></span> 
     </span>
    </p>
   </div>
   <div class='ocr_carea' id='block_1_72' title="bbox 2151 2727 3808 2801">
    <p class='ocr_par' dir='ltr' id='par_1_72' title="bbox 2151 2727 3808 2801">
     <span class='ocr_line' id='line_1_72' title="bbox 2151 2727 3808 2801; baseline 0.004 -18"><span class='ocrx_word' id='word_1_502' title='bbox 2151 2734 2210 2784; x_wconf 88' lang='lat' dir='ltr'><em>te</em></span> <span class='ocrx_word' id='word_1_503' title='bbox 2233 2744 2414 2801; x_wconf 89' lang='lat' dir='ltr'><em>prope</em></span> <span class='ocrx_word' id='word_1_504' title='bbox 2434 2728 2790 2799; x_wconf 84' lang='lat' dir='ltr'><em>Babcnberg.</em></span> <span class='ocrx_word' id='word_1_505' title='bbox 2815 2749 2842 2781; x_wconf 84' lang='grc'><strong>››</strong></span> <span class='ocrx_word' id='word_1_506' title='bbox 2868 2727 3024 2784; x_wconf 88' lang='lat' dir='ltr'><em>Folia</em></span> <span class='ocrx_word' id='word_1_507' title='bbox 3051 2730 3313 2800; x_wconf 59' lang='lat' dir='ltr'><em>quadam</em></span> <span class='ocrx_word' id='word_1_508' title='bbox 3333 2729 3531 2786; x_wconf 89' lang='lat' dir='ltr'><em>excisa</em></span> <span class='ocrx_word' id='word_1_509' title='bbox 3553 2745 3686 2789; x_wconf 89' lang='lat' dir='ltr'><em>esse</em></span> <span class='ocrx_word' id='word_1_510' title='bbox 3703 2732 3808 2788; x_wconf 91' lang='lat' dir='ltr'><em>do-</em></span> 
     </span>
    </p>
   </div>
   <div class='ocr_carea' id='block_1_73' title="bbox 2153 2816 3807 2888">
    <p class='ocr_par' dir='ltr' id='par_1_73' title="bbox 2153 2816 3807 2888">
     <span class='ocr_line' id='line_1_73' title="bbox 2153 2816 3807 2888; baseline 0.003 -16"><span class='ocrx_word' id='word_1_511' title='bbox 2153 2817 2370 2883; x_wconf 91' lang='lat' dir='ltr'><em>lemus;</em></span> <span class='ocrx_word' id='word_1_512' title='bbox 2393 2823 2670 2873; x_wconf 66' lang='lat' dir='ltr'><em>cmterum</em></span> <span class='ocrx_word' id='word_1_513' title='bbox 2693 2816 3007 2886; x_wconf 83' lang='lat' dir='ltr'><em>genuinum</em></span> <span class='ocrx_word' id='word_1_514' title='bbox 3024 2822 3080 2873; x_wconf 90' lang='lat' dir='ltr'><em>et</em></span> <span class='ocrx_word' id='word_1_515' title='bbox 3102 2817 3331 2872; x_wconf 89' lang='lat' dir='ltr'><em>nonnisi</em></span> <span class='ocrx_word' id='word_1_516' title='bbox 3355 2816 3558 2888; x_wconf 90' lang='lat' dir='ltr'><em>paucis</em></span> <span class='ocrx_word' id='word_1_517' title='bbox 3577 2819 3807 2877; x_wconf 89' lang='lat' dir='ltr'><em>mendis</em></span> 
     </span>
    </p>
   </div>
   <div class='ocr_carea' id='block_1_74' title="bbox 2153 2905 3807 2980">
    <p class='ocr_par' dir='ltr' id='par_1_74' title="bbox 2153 2905 3807 2980">
     <span class='ocr_line' id='line_1_74' title="bbox 2153 2905 3807 2980; baseline 0.003 -19"><span class='ocrx_word' id='word_1_518' title='bbox 2153 2920 2452 2978; x_wconf 87' lang='lat' dir='ltr'><em>aspersum</em></span> <span class='ocrx_word' id='word_1_519' title='bbox 2481 2906 2707 2977; x_wconf 70' lang='lat' dir='ltr'><em>praebet</em></span> <span class='ocrx_word' id='word_1_520' title='bbox 2729 2910 2971 2976; x_wconf 88' lang='lat' dir='ltr'><em>textum,</em></span> <span class='ocrx_word' id='word_1_521' title='bbox 3005 2905 3234 2976; x_wconf 89' lang='lat' dir='ltr'><em>qualem</em></span> <span class='ocrx_word' id='word_1_522' title='bbox 3265 2905 3643 2964; x_wconf 84' lang='lat' dir='ltr'><em>Ekkehardus</em></span> <span class='ocrx_word' id='word_1_523' title='bbox 3671 2923 3807 2980; x_wconf 88' lang='lat' dir='ltr'><em>pro-</em></span> 
     </span>
    </p>
   </div>
   <div class='ocr_carea' id='block_1_75' title="bbox 2155 2993 3806 3066">
    <p class='ocr_par' dir='ltr' id='par_1_75' title="bbox 2155 2993 3806 3066">
     <span class='ocr_line' id='line_1_75' title="bbox 2155 2993 3806 3066; baseline 0.002 -16"><span class='ocrx_word' id='word_1_524' title='bbox 2155 2995 2277 3066; x_wconf 90' lang='lat' dir='ltr'><em>pria</em></span> <span class='ocrx_word' id='word_1_525' title='bbox 2308 3010 2475 3052; x_wconf 91' lang='lat' dir='ltr'><em>manu</em></span> <span class='ocrx_word' id='word_1_526' title='bbox 2507 2993 2788 3064; x_wconf 87' lang='lat' dir='ltr'><em>exaravit,</em></span> <span class='ocrx_word' id='word_1_527' title='bbox 2815 2994 2949 3051; x_wconf 90' lang='lat' dir='ltr'><em>hinc</em></span> <span class='ocrx_word' id='word_1_528' title='bbox 2975 2995 3105 3050; x_wconf 90' lang='lat' dir='ltr'><em>inde</em></span> <span class='ocrx_word' id='word_1_529' title='bbox 3130 2994 3339 3051; x_wconf 90' lang='lat' dir='ltr'><em>leviter</em></span> <span class='ocrx_word' id='word_1_530' title='bbox 3371 2996 3630 3053; x_wconf 81' lang='lat' dir='ltr'><em>correxit</em></span> <span class='ocrx_word' id='word_1_531' title='bbox 3662 3012 3806 3054; x_wconf 89' lang='lat' dir='ltr'><em>non-</em></span> 
     </span>
    </p>
   </div>
   <div class='ocr_carea' id='block_1_76' title="bbox 2152 3082 3802 3154">
    <p class='ocr_par' dir='ltr' id='par_1_76' title="bbox 2152 3082 3802 3154">
     <span class='ocr_line' id='line_1_76' title="bbox 2152 3082 3802 3154; baseline 0.003 -17"><span class='ocrx_word' id='word_1_532' title='bbox 2152 3083 2440 3154; x_wconf 89' lang='lat' dir='ltr'><em>nullisque</em></span> <span class='ocrx_word' id='word_1_533' title='bbox 2463 3082 2878 3139; x_wconf 89' lang='lat' dir='ltr'><em>additamentis</em></span> <span class='ocrx_word' id='word_1_534' title='bbox 2902 3082 3080 3139; x_wconf 85' lang='lat' dir='ltr'><em>auxit.</em></span> <span class='ocrx_word' id='word_1_535' title='bbox 3101 3082 3332 3140; x_wconf 90' lang='lat' dir='ltr'><em>Librum</em></span> <span class='ocrx_word' id='word_1_536' title='bbox 3351 3084 3640 3154; x_wconf 80' lang='lat' dir='ltr'><em>integrum</em></span> <span class='ocrx_word' id='word_1_537' title='bbox 3666 3101 3802 3142; x_wconf 89' lang='lat' dir='ltr'><em>cum</em></span> 
     </span>
    </p>
   </div>
   <div class='ocr_carea' id='block_1_77' title="bbox 2151 3169 3803 3243">
    <p class='ocr_par' dir='ltr' id='par_1_77' title="bbox 2151 3169 3803 3243">
     <span class='ocr_line' id='line_1_77' title="bbox 2151 3169 3803 3243; baseline 0.004 -19"><span class='ocrx_word' id='word_1_538' title='bbox 2151 3170 2298 3227; x_wconf 84' lang='lat' dir='ltr'><em>infra</em></span> <span class='ocrx_word' id='word_1_539' title='bbox 2331 3171 2590 3242; x_wconf 88' lang='lat' dir='ltr'><em>edamus,</em></span> <span class='ocrx_word' id='word_1_540' title='bbox 2616 3171 2989 3227; x_wconf 89' lang='lat' dir='ltr'><em>materiarum</em></span> <span class='ocrx_word' id='word_1_541' title='bbox 3014 3169 3478 3243; x_wconf 88' lang='lat' dir='ltr'><em>dispositionem,</em></span> <span class='ocrx_word' id='word_1_542' title='bbox 3512 3187 3803 3230; x_wconf 88' lang='lat' dir='ltr'><em>annorum</em></span> 
     </span>
    </p>
   </div>
   <div class='ocr_carea' id='block_1_78' title="bbox 2149 3258 3808 3331">
    <p class='ocr_par' dir='ltr' id='par_1_78' title="bbox 2149 3258 3808 3331">
     <span class='ocr_line' id='line_1_78' title="bbox 2149 3258 3808 3331; baseline 0.002 -17"><span class='ocrx_word' id='word_1_543' title='bbox 2149 3259 2674 3331; x_wconf 91' lang='lat' dir='ltr'><em>computandorum</em></span> <span class='ocrx_word' id='word_1_544' title='bbox 2715 3259 3021 3330; x_wconf 88' lang='lat' dir='ltr'><em>rationem,</em></span> <span class='ocrx_word' id='word_1_545' title='bbox 3069 3260 3298 3330; x_wconf 89' lang='lat' dir='ltr'><em>aliaque</em></span> <span class='ocrx_word' id='word_1_546' title='bbox 3342 3258 3555 3331; x_wconf 89' lang='lat' dir='ltr'><em>quibus</em></span> <span class='ocrx_word' id='word_1_547' title='bbox 3592 3266 3808 3319; x_wconf 89' lang='lat' dir='ltr'><em>auctor</em></span> 
     </span>
    </p>
   </div>
   <div class='ocr_carea' id='block_1_79' title="bbox 2149 3345 3808 3421">
    <p class='ocr_par' dir='ltr' id='par_1_79' title="bbox 2149 3345 3808 3421">
     <span class='ocr_line' id='line_1_79' title="bbox 2149 3345 3808 3421; baseline 0.004 -20"><span class='ocrx_word' id='word_1_548' title='bbox 2149 3346 2511 3417; x_wconf 85' lang='lat' dir='ltr'><em>diligentiam</em></span> <span class='ocrx_word' id='word_1_549' title='bbox 2537 3345 2954 3418; x_wconf 88' lang='lat' dir='ltr'><em>solertiamque</em></span> <span class='ocrx_word' id='word_1_550' title='bbox 2977 3347 3265 3418; x_wconf 87' lang='lat' dir='ltr'><em>probavit,</em></span> <span class='ocrx_word' id='word_1_551' title='bbox 3293 3347 3548 3404; x_wconf 88' lang='lat' dir='ltr'><em>lectores</em></span> <span class='ocrx_word' id='word_1_552' title='bbox 3573 3347 3684 3421; x_wconf 90' lang='lat' dir='ltr'><em>ipsi</em></span> <span class='ocrx_word' id='word_1_553' title='bbox 3713 3349 3808 3421; x_wconf 86' lang='lat' dir='ltr'><em>ju-</em></span> 
     </span>
    </p>
   </div>
   <div class='ocr_carea' id='block_1_80' title="bbox 2149 3434 3802 3506">
    <p class='ocr_par' dir='ltr' id='par_1_80' title="bbox 2149 3434 3802 3506">
     <span class='ocr_line' id='line_1_80' title="bbox 2149 3434 3802 3506; baseline 0.001 -14"><span class='ocrx_word' id='word_1_554' title='bbox 2149 3435 2362 3492; x_wconf 88' lang='lat' dir='ltr'><em>dicent.</em></span> <span class='ocrx_word' id='word_1_555' title='bbox 2391 3434 2793 3492; x_wconf 86' lang='lat' dir='ltr'><em>Subsidiorum</em></span> <span class='ocrx_word' id='word_1_556' title='bbox 2816 3439 2873 3492; x_wconf 91' lang='lat' dir='ltr'><em>et</em></span> <span class='ocrx_word' id='word_1_557' title='bbox 2903 3450 3144 3492; x_wconf 90' lang='lat' dir='ltr'><em>numero</em></span> <span class='ocrx_word' id='word_1_558' title='bbox 3165 3440 3222 3492; x_wconf 81' lang='lat' dir='ltr'><em>ct</em></span> <span class='ocrx_word' id='word_1_559' title='bbox 3246 3436 3537 3506; x_wconf 81' lang='lat' dir='ltr'><em>gravitate</em></span> <span class='ocrx_word' id='word_1_560' title='bbox 3570 3441 3802 3494; x_wconf 89' lang='lat' dir='ltr'><em>tantum</em></span> 
     </span>
    </p>
   </div>
   <div class='ocr_carea' id='block_1_81' title="bbox 2149 3523 3802 3596">
    <p class='ocr_par' dir='ltr' id='par_1_81' title="bbox 2149 3523 3802 3596">
     <span class='ocr_line' id='line_1_81' title="bbox 2149 3523 3802 3596; baseline 0.002 -18"><span class='ocrx_word' id='word_1_561' title='bbox 2149 3540 2259 3579; x_wconf 91' lang='lat' dir='ltr'><em>non</em></span> <span class='ocrx_word' id='word_1_562' title='bbox 2292 3538 2494 3580; x_wconf 89' lang='lat' dir='ltr'><em>omnes</em></span> <span class='ocrx_word' id='word_1_563' title='bbox 2527 3523 2616 3580; x_wconf 91' lang='lat' dir='ltr'><em>sui</em></span> <span class='ocrx_word' id='word_1_564' title='bbox 2659 3524 2956 3594; x_wconf 90' lang='lat' dir='ltr'><em>temporis,</em></span> <span class='ocrx_word' id='word_1_565' title='bbox 2994 3525 3107 3580; x_wconf 89' lang='lat' dir='ltr'><em>imo</em></span> <span class='ocrx_word' id='word_1_566' title='bbox 3138 3523 3451 3596; x_wconf 88' lang='lat' dir='ltr'><em>plerosque</em></span> <span class='ocrx_word' id='word_1_567' title='bbox 3483 3525 3658 3582; x_wconf 88' lang='lat' dir='ltr'><em>medii</em></span> <span class='ocrx_word' id='word_1_568' title='bbox 3690 3528 3802 3584; x_wconf 64' lang='lat' dir='ltr'><em>avi</em></span> 
     </span>
    </p>
   </div>
   <div class='ocr_carea' id='block_1_82' title="bbox 2146 3611 3804 3685">
    <p class='ocr_par' dir='ltr' id='par_1_82' title="bbox 2146 3611 3804 3685">
     <span class='ocr_line' id='line_1_82' title="bbox 2146 3611 3804 3685; baseline 0.001 -17"><span class='ocrx_word' id='word_1_569' title='bbox 2146 3613 2486 3685; x_wconf 88' lang='lat' dir='ltr'><em>scriptores,</em></span> <span class='ocrx_word' id='word_1_570' title='bbox 2513 3612 2560 3668; x_wconf 93' lang='lat' dir='ltr'><em>si</em></span> <span class='ocrx_word' id='word_1_571' title='bbox 2583 3611 2948 3682; x_wconf 82' lang='lat' dir='ltr'><em>Sigebertum</em></span> <span class='ocrx_word' id='word_1_572' title='bbox 2974 3612 3136 3668; x_wconf 90' lang='lat' dir='ltr'><em>illum</em></span> <span class='ocrx_word' id='word_1_573' title='bbox 3159 3612 3620 3670; x_wconf 87' lang='lat' dir='ltr'><em>eruditissimum</em></span> <span class='ocrx_word' id='word_1_574' title='bbox 3643 3615 3804 3672; x_wconf 82' lang='lat' dir='ltr'><em>exci-</em></span> 
     </span>
    </p>
   </div>
   <div class='ocr_carea' id='block_1_83' title="bbox 2146 3699 3800 3773">
    <p class='ocr_par' dir='ltr' id='par_1_83' title="bbox 2146 3699 3800 3773">
     <span class='ocr_line' id='line_1_83' title="bbox 2146 3699 3800 3773; baseline 0.001 -17"><span class='ocrx_word' id='word_1_575' title='bbox 2146 3701 2291 3772; x_wconf 87' lang='lat' dir='ltr'><em>pias,</em></span> <span class='ocrx_word' id='word_1_576' title='bbox 2327 3699 2646 3758; x_wconf 89' lang='lat' dir='ltr'><em>antecellit.</em></span> <span class='ocrx_word' id='word_1_577' title='bbox 2678 3701 2814 3756; x_wconf 91' lang='lat' dir='ltr'><em>Nam</em></span> <span class='ocrx_word' id='word_1_578' title='bbox 2839 3699 2973 3772; x_wconf 87' lang='grc'>(29),</span> <span class='ocrx_word' id='word_1_579' title='bbox 3001 3705 3064 3756; x_wconf 88' lang='lat' dir='ltr'><em>ut</em></span> <span class='ocrx_word' id='word_1_580' title='bbox 3092 3701 3460 3773; x_wconf 90' lang='lat' dir='ltr'><em>antiquitatis</em></span> <span class='ocrx_word' id='word_1_581' title='bbox 3489 3701 3800 3759; x_wconf 88' lang='lat' dir='ltr'><em>historiam</em></span> 
     </span>
    </p>
   </div>
   <div class='ocr_carea' id='block_1_84' title="bbox 2146 3788 3802 3862">
    <p class='ocr_par' dir='ltr' id='par_1_84' title="bbox 2146 3788 3802 3862">
     <span class='ocr_line' id='line_1_84' title="bbox 2146 3788 3802 3862; baseline 0.002 -18"><span class='ocrx_word' id='word_1_582' title='bbox 2146 3789 2492 3856; x_wconf 86' lang='lat' dir='ltr'><em>illustraret,</em></span> <span class='ocrx_word' id='word_1_583' title='bbox 2537 3793 2754 3859; x_wconf 66' lang='lat' dir='ltr'><em>praeter</em></span> <span class='ocrx_word' id='word_1_584' title='bbox 2794 3788 3074 3844; x_wconf 88' lang='lat' dir='ltr'><em>Chronica</em></span> <span class='ocrx_word' id='word_1_585' title='bbox 3115 3788 3448 3860; x_wconf 87' lang='lat' dir='ltr'><em>Hieronymi</em></span> <span class='ocrx_word' id='word_1_586' title='bbox 3488 3788 3622 3862; x_wconf 89' lang='lat'><strong>(30),</strong></span> <span class='ocrx_word' id='word_1_587' title='bbox 3658 3791 3802 3847; x_wconf 87' lang='lat' dir='ltr'><em>Pro-</em></span> 
     </span>
    </p>
   </div>
   <div class='ocr_carea' id='block_1_85' title="bbox 2147 3875 3801 3950">
    <p class='ocr_par' dir='ltr' id='par_1_85' title="bbox 2147 3875 3801 3950">
     <span class='ocr_line' id='line_1_85' title="bbox 2147 3875 3801 3950; baseline 0.001 -16"><span class='ocrx_word' id='word_1_588' title='bbox 2147 3878 2302 3949; x_wconf 90' lang='lat' dir='ltr'><em>speri</em></span> <span class='ocrx_word' id='word_1_589' title='bbox 2329 3875 2463 3950; x_wconf 88' lang='grc'><em>(31),</em></span> <span class='ocrx_word' id='word_1_590' title='bbox 2485 3876 2776 3944; x_wconf 68' lang='lat' dir='ltr'><em>Iordanis,</em></span> <span class='ocrx_word' id='word_1_591' title='bbox 2801 3876 3010 3932; x_wconf 89' lang='lat' dir='ltr'><em>Isidori</em></span> <span class='ocrx_word' id='word_1_592' title='bbox 3034 3882 3094 3933; x_wconf 89' lang='lat' dir='ltr'><em>et</em></span> <span class='ocrx_word' id='word_1_593' title='bbox 3117 3876 3304 3948; x_wconf 71' lang='lat' dir='ltr'><em>Bedae,</em></span> <span class='ocrx_word' id='word_1_594' title='bbox 3329 3877 3505 3934; x_wconf 88' lang='lat' dir='ltr'><em>etiam</em></span> <span class='ocrx_word' id='word_1_595' title='bbox 3533 3878 3801 3950; x_wconf 90' lang='lat' dir='ltr'><em>Scriptu-</em></span> 
     </span>
    </p>
   </div>
   <div class='ocr_carea' id='block_1_86' title="bbox 2150 3964 3800 4037">
    <p class='ocr_par' dir='ltr' id='par_1_86' title="bbox 2150 3964 3800 4037">
     <span class='ocr_line' id='line_1_86' title="bbox 2150 3964 3800 4037; baseline 0.001 -15"><span class='ocrx_word' id='word_1_596' title='bbox 2150 3981 2268 4022; x_wconf 92' lang='lat' dir='ltr'><em>ram</em></span> <span class='ocrx_word' id='word_1_597' title='bbox 2310 3979 2535 4022; x_wconf 89' lang='lat' dir='ltr'><em>sacram</em></span> <span class='ocrx_word' id='word_1_598' title='bbox 2570 3964 2702 4036; x_wconf 89' lang='grc'>(32),</span> <span class='ocrx_word' id='word_1_599' title='bbox 2735 3965 3048 4036; x_wconf 82' lang='lat' dir='ltr'><em>Josephum</em></span> <span class='ocrx_word' id='word_1_600' title='bbox 3086 3967 3165 4022; x_wconf 89' lang='lat' dir='ltr'><em>De</em></span> <span class='ocrx_word' id='word_1_601' title='bbox 3206 3965 3660 4037; x_wconf 87' lang='lat' dir='ltr'><em>antiquitatibus</em></span> <span class='ocrx_word' id='word_1_602' title='bbox 3700 3970 3800 4024; x_wconf 83' lang='lat' dir='ltr'><em>Ju-</em></span> 
     </span>
    </p>
   </div>
   <div class='ocr_carea' id='block_1_87' title="bbox 2148 4052 3800 4125">
    <p class='ocr_par' dir='ltr' id='par_1_87' title="bbox 2148 4052 3800 4125">
     <span class='ocr_line' id='line_1_87' title="bbox 2148 4052 3800 4125; baseline 0.001 -14"><span class='ocrx_word' id='word_1_603' title='bbox 2148 4054 2331 4111; x_wconf 90' lang='lat' dir='ltr'><em>daicis</em></span> <span class='ocrx_word' id='word_1_604' title='bbox 2352 4058 2408 4109; x_wconf 91' lang='lat' dir='ltr'><em>et</em></span> <span class='ocrx_word' id='word_1_605' title='bbox 2434 4053 2505 4110; x_wconf 91' lang='lat' dir='ltr'><em>de</em></span> <span class='ocrx_word' id='word_1_606' title='bbox 2530 4052 2683 4110; x_wconf 90' lang='lat' dir='ltr'><em>bello</em></span> <span class='ocrx_word' id='word_1_607' title='bbox 2709 4052 2970 4125; x_wconf 78' lang='lat' dir='ltr'><em>Iudaico,</em></span> <span class='ocrx_word' id='word_1_608' title='bbox 3005 4053 3238 4110; x_wconf 86' lang='lat' dir='ltr'><em>Eusebii</em></span> <span class='ocrx_word' id='word_1_609' title='bbox 3270 4055 3582 4112; x_wconf 80' lang='lat' dir='ltr'><em>Historiam</em></span> <span class='ocrx_word' id='word_1_610' title='bbox 3611 4054 3800 4112; x_wconf 88' lang='lat' dir='ltr'><em>eccle-</em></span> 
     </span>
    </p>
   </div>
   <div class='ocr_carea' id='block_1_88' title="bbox 2149 4141 3794 4200">
    <p class='ocr_par' dir='ltr' id='par_1_88' title="bbox 2149 4141 3794 4200">
     <span class='ocr_line' id='line_1_88' title="bbox 2149 4141 3794 4200; baseline 0 0"><span class='ocrx_word' id='word_1_611' title='bbox 2149 4143 2442 4200; x_wconf 88' lang='lat' dir='ltr'><em>siasticam</em></span> <span class='ocrx_word' id='word_1_612' title='bbox 2465 4157 2536 4198; x_wconf 88' lang='lat' dir='ltr'><em>ex</em></span> <span class='ocrx_word' id='word_1_613' title='bbox 2561 4141 2949 4198; x_wconf 88' lang='lat' dir='ltr'><em>translatione</em></span> <span class='ocrx_word' id='word_1_614' title='bbox 2970 4146 3180 4198; x_wconf 91' lang='lat' dir='ltr'><em>etcum</em></span> <span class='ocrx_word' id='word_1_615' title='bbox 3210 4142 3651 4200; x_wconf 88' lang='lat' dir='ltr'><em>continuatione</em></span> <span class='ocrx_word' id='word_1_616' title='bbox 3681 4144 3794 4200; x_wconf 81' lang='lat' dir='ltr'><em>Ru-</em></span> 
     </span>
    </p>
   </div>
   <div class='ocr_carea' id='block_1_89' title="bbox 2153 4229 3796 4320">
    <p class='ocr_par' dir='ltr' id='par_1_89' title="bbox 2153 4229 3796 4320">
     <span class='ocr_line' id='line_1_89' title="bbox 2153 4229 3796 4320; baseline 0.002 -34"><span class='ocrx_word' id='word_1_617' title='bbox 2153 4231 2269 4301; x_wconf 83' lang='lat' dir='ltr'><em>ﬁni,</em></span> <span class='ocrx_word' id='word_1_618' title='bbox 2293 4229 2632 4286; x_wconf 89' lang='lat' dir='ltr'><em>Tertulliani</em></span> <span class='ocrx_word' id='word_1_619' title='bbox 2657 4230 2792 4301; x_wconf 90' lang='lat'>(33),</span> <span class='ocrx_word' id='word_1_620' title='bbox 2819 4229 3148 4302; x_wconf 80' lang='lat' dir='ltr'><em>Hieronymi</em></span> <span class='ocrx_word' id='word_1_621' title='bbox 3173 4229 3308 4302; x_wconf 83' lang='grc'>(34),</span> <span class='ocrx_word' id='word_1_622' title='bbox 3335 4231 3646 4302; x_wconf 83' lang='lat' dir='ltr'><em>Augustini</em></span> <span class='ocrx_word' id='word_1_623' title='bbox 3677 4231 3796 4320; x_wconf 80' lang='grc'>(35)</span> 
     </span>
    </p>
   </div>
   <div class='ocr_carea' id='block_1_90' title="bbox 1967 4327 2197 4388">
    <p class='ocr_par' dir='ltr' id='par_1_90' title="bbox 1967 4327 2197 4388">
     <span class='ocr_line' id='line_1_90' title="bbox 1967 4327 2197 4388; baseline -0.004 -4"><span class='ocrx_word' id='word_1_624' title='bbox 1967 4327 2170 4388; x_wconf 63' lang='lat' dir='ltr'><strong>NOTAE</strong></span> <span class='ocrx_word' id='word_1_625' title='bbox 2187 4371 2197 4383; x_wconf 94' lang='lat'><em>.</em></span> 
     </span>
    </p>
   </div>
   <div class='ocr_carea' id='block_1_91' title="bbox 376 4395 1390 4468">
    <p class='ocr_par' dir='ltr' id='par_1_91' title="bbox 376 4395 1390 4468">
     <span class='ocr_line' id='line_1_91' title="bbox 376 4395 1390 4468; baseline 0.001 -16"><span class='ocrx_word' id='word_1_626' title='bbox 376 4397 642 4454; x_wconf 86' lang='lat' dir='ltr'><em>monium</em></span> <span class='ocrx_word' id='word_1_627' title='bbox 676 4396 780 4468; x_wconf 84' lang='lat' dir='ltr'><em>illi</em></span> <span class='ocrx_word' id='word_1_628' title='bbox 813 4395 1189 4468; x_wconf 71' lang='lat' dir='ltr'><em>perhibentes</em></span> <span class='ocrx_word' id='word_1_629' title='bbox 1227 4396 1390 4468; x_wconf 88' lang='lat' dir='ltr'><em>quod</em></span> 
     </span>
    </p>
   </div>
   <div class='ocr_carea' id='block_1_92' title="bbox 379 4409 2026 4538">
    <p class='ocr_par' dir='ltr' id='par_1_92' title="bbox 379 4409 2026 4538">
     <span class='ocr_line' id='line_1_92' title="bbox 379 4409 2026 4520; baseline 0.004 -68"><span class='ocrx_word' id='word_1_630' title='bbox 379 4409 642 4454; x_wconf 79' lang='lat' dir='ltr'><em>monium</em></span> <span class='ocrx_word' id='word_1_631' title='bbox 676 4409 780 4453; x_wconf 79' lang='lat' dir='ltr'><em>illi</em></span> <span class='ocrx_word' id='word_1_632' title='bbox 797 4409 1189 4520; x_wconf 57' lang='lat' dir='ltr'><em>tpernioentes</em></span> <span class='ocrx_word' id='word_1_633' title='bbox 1227 4409 1388 4468; x_wconf 88' lang='lat' dir='ltr'><em>quoa</em></span> <span class='ocrx_word' id='word_1_634' title='bbox 1409 4409 1679 4468; x_wconf 70' lang='lat' dir='ltr'><em>ﬁdeliter</em></span> <span class='ocrx_word' id='word_1_635' title='bbox 1726 4409 2026 4457; x_wconf 76' lang='lat' dir='ltr'><em>nobiscum</em></span> 
     </span>
     <span class='ocr_line' id='line_1_93' title="bbox 379 4467 2026 4538; baseline 0.004 -16"><span class='ocrx_word' id='word_1_636' title='bbox 379 4467 756 4538; x_wconf 82' lang='lat' dir='ltr'><em>conversatus</em></span> <span class='ocrx_word' id='word_1_637' title='bbox 822 4479 920 4522; x_wconf 90' lang='lat' dir='ltr'><em>am</em></span> <span class='ocrx_word' id='word_1_638' title='bbox 947 4467 1166 4538; x_wconf 63' lang='lat' dir='ltr'><em>honori</em></span> <span class='ocrx_word' id='word_1_639' title='bbox 1203 4467 1396 4525; x_wconf 89' lang='lat' dir='ltr'><em>vestro</em></span> <span class='ocrx_word' id='word_1_640' title='bbox 1433 4483 1618 4538; x_wconf 83' lang='lat' dir='ltr'><em>quam</em></span> <span class='ocrx_word' id='word_1_641' title='bbox 1651 4469 2026 4529; x_wconf 84' lang='lat' dir='ltr'><em>utilitatibus</em></span> 
     </span>
    </p>
   </div>
   <div class='ocr_carea' id='block_1_93' title="bbox 377 4535 2026 4610">
    <p class='ocr_par' dir='ltr' id='par_1_93' title="bbox 377 4535 2026 4610">
     <span class='ocr_line' id='line_1_94' title="bbox 377 4535 2026 4610; baseline 0.006 -20"><span class='ocrx_word' id='word_1_642' title='bbox 377 4535 602 4610; x_wconf 73' lang='lat' dir='ltr'><em>nostris</em></span> <span class='ocrx_word' id='word_1_643' title='bbox 620 4549 736 4592; x_wconf 91' lang='lat' dir='ltr'><em>non</em></span> <span class='ocrx_word' id='word_1_644' title='bbox 753 4537 1016 4610; x_wconf 81' lang='lat' dir='ltr'><em>segniter</em></span> <span class='ocrx_word' id='word_1_645' title='bbox 1037 4537 1326 4610; x_wconf 71' lang='lat' dir='ltr'><em>hactenus</em></span> <span class='ocrx_word' id='word_1_646' title='bbox 1340 4535 1457 4610; x_wconf 71' lang='lat' dir='ltr'><em>per</em></span> <span class='ocrx_word' id='word_1_647' title='bbox 1482 4535 1685 4596; x_wconf 86' lang='lat' dir='ltr'><em>omnia</em></span> <span class='ocrx_word' id='word_1_648' title='bbox 1712 4540 2026 4610; x_wconf 83' lang='lat' dir='ltr'><em>insudave-</em></span> 
     </span>
    </p>
   </div>
   <div class='ocr_carea' id='block_1_94' title="bbox 374 4607 2028 4688">
    <p class='ocr_par' dir='ltr' id='par_1_94' title="bbox 374 4607 2028 4688">
     <span class='ocr_line' id='line_1_95' title="bbox 374 4607 2028 4688; baseline 0.005 -25"><span class='ocrx_word' id='word_1_649' title='bbox 374 4607 678 4688; x_wconf 34' lang='lat' dir='ltr'><em>ritsltfunc</em></span> <span class='ocrx_word' id='word_1_650' title='bbox 705 4607 925 4688; x_wconf 75' lang='lat' dir='ltr'><em>autem,</em></span> <span class='ocrx_word' id='word_1_651' title='bbox 947 4608 1018 4664; x_wconf 90' lang='lat' dir='ltr'><em>ut</em></span> <span class='ocrx_word' id='word_1_652' title='bbox 1033 4607 1385 4688; x_wconf 79' lang='lat' dir='ltr'><em>omnimodis</em></span> <span class='ocrx_word' id='word_1_653' title='bbox 1387 4610 1685 4688; x_wconf 55' lang='lat' dir='ltr'><em>agis-mat,</em></span> <span class='ocrx_word' id='word_1_654' title='bbox 1699 4609 1905 4688; x_wconf 76' lang='lat' dir='ltr'><em>_obitus</em></span> <span class='ocrx_word' id='word_1_655' title='bbox 1925 4615 2028 4688; x_wconf 75' lang='lat' dir='ltr'><em>sui</em></span> 
     </span>
    </p>
   </div>
   <div class='ocr_carea' id='block_1_95' title="bbox 374 4677 2026 4748">
    <p class='ocr_par' dir='ltr' id='par_1_95' title="bbox 374 4677 2026 4748">
     <span class='ocr_line' id='line_1_96' title="bbox 374 4677 2026 4748; baseline 0.005 -15"><span class='ocrx_word' id='word_1_656' title='bbox 374 4677 751 4748; x_wconf 80' lang='lat' dir='ltr'><em>vicinitatem</em></span> <span class='ocrx_word' id='word_1_657' title='bbox 760 4679 1205 4748; x_wconf 85' lang='lat' dir='ltr'><em>pertimescens,</em></span> <span class='ocrx_word' id='word_1_658' title='bbox 1217 4681 1284 4736; x_wconf 89' lang='lat' dir='ltr'><em>in</em></span> <span class='ocrx_word' id='word_1_659' title='bbox 1301 4677 1492 4737; x_wconf 66' lang='lat' dir='ltr'><em>ves&#39;tfo</em></span> <span class='ocrx_word' id='word_1_660' title='bbox 1511 4677 1890 4738; x_wconf 88' lang='lat' dir='ltr'><em>sanctissimo</em></span> <span class='ocrx_word' id='word_1_661' title='bbox 1913 4685 2026 4742; x_wconf 91' lang='lat' dir='ltr'><em>col-</em></span> 
     </span>
    </p>
   </div>
   <div class='ocr_carea' id='block_1_96' title="bbox 378 4747 2026 4874">
    <p class='ocr_par' dir='ltr' id='par_1_96' title="bbox 378 4747 2026 4874">
     <span class='ocr_line' id='line_1_97' title="bbox 378 4747 2026 4820; baseline 0.005 -16"><span class='ocrx_word' id='word_1_662' title='bbox 378 4748 530 4820; x_wconf 91' lang='lat' dir='ltr'><em>legio</em></span> <span class='ocrx_word' id='word_1_663' title='bbox 544 4747 937 4820; x_wconf 66' lang='lat' dir='ltr'><em>potissimeac</em></span> <span class='ocrx_word' id='word_1_664' title='bbox 946 4747 1263 4807; x_wconf 86' lang='lat' dir='ltr'><em>novissime</em></span> <span class='ocrx_word' id='word_1_665' title='bbox 1281 4752 1547 4810; x_wconf 86' lang='lat' dir='ltr'><em>inveniri</em></span> <span class='ocrx_word' id='word_1_666' title='bbox 1567 4750 1890 4810; x_wconf 88' lang='lat' dir='ltr'><em>desiderat.</em></span> <span class='ocrx_word' id='word_1_667' title='bbox 1921 4755 2026 4812; x_wconf 81' lang='lat' dir='ltr'><em>Va-</em></span> 
     </span>
     <span class='ocr_line' id='line_1_98' title="bbox 447 4817 1134 4874; baseline 0 0"><span class='ocrx_word' id='word_1_668' title='bbox 447 4817 563 4874; x_wconf 74' lang='grc'>(25)</span> <span class='ocrx_word' id='word_1_669' title='bbox 597 4819 676 4874; x_wconf 87' lang='lat' dir='ltr'><em>De</em></span> <span class='ocrx_word' id='word_1_670' title='bbox 716 4819 810 4874; x_wconf 93' lang='lat' dir='ltr'><em>SS.</em></span> <span class='ocrx_word' id='word_1_671' title='bbox 844 4819 988 4874; x_wconf 92' lang='lat' dir='ltr'><em>eccl.</em></span> <span class='ocrx_word' id='word_1_672' title='bbox 1022 4818 1060 4874; x_wconf 94' lang='lat' dir='ltr'><em>l.</em></span> <span class='ocrx_word' id='word_1_673' title='bbox 1095 4820 1134 4874; x_wconf 92' lang='lat' dir='ltr'><em>l.</em></span> 
     </span>
    </p>
   </div>
   <div class='ocr_carea' id='block_1_97' title="bbox 645 4833 1134 4876">
    <p class='ocr_par' dir='ltr' id='par_1_97' title="bbox 645 4833 1134 4876">
     <span class='ocr_line' id='line_1_99' title="bbox 645 4833 1134 4876; baseline 0 -2"><span class='ocrx_word' id='word_1_674' title='bbox 645 4835 676 4874; x_wconf 83' lang='lat' dir='ltr'><em>e</em></span> <span class='ocrx_word' id='word_1_675' title='bbox 716 4833 810 4874; x_wconf 77' lang='grc' dir='ltr'><em>δδ.</em></span> <span class='ocrx_word' id='word_1_676' title='bbox 844 4833 988 4876; x_wconf 79' lang='lat' dir='ltr'><em>eCCl.</em></span> <span class='ocrx_word' id='word_1_677' title='bbox 1022 4833 1060 4875; x_wconf 86' lang='grc' dir='ltr'>Ι.</span> <span class='ocrx_word' id='word_1_678' title='bbox 1095 4833 1134 4874; x_wconf 89' lang='lat' dir='ltr'><em>l.</em></span> 
     </span>
    </p>
   </div>
   <div class='ocr_carea' id='block_1_98' title="bbox 469 4827 1664 4964">
    <p class='ocr_par' dir='ltr' id='par_1_98' title="bbox 469 4827 1664 4964">
     <span class='ocr_line' id='line_1_100' title="bbox 469 4827 1134 4891; baseline 0 -17"><span class='ocrx_word' id='word_1_679' title='bbox 469 4827 563 4891; x_wconf 76' lang='lat'><strong>25)</strong></span> <span class='ocrx_word' id='word_1_680' title='bbox 597 4827 676 4874; x_wconf 83' lang='lat' dir='ltr'><em>De</em></span> <span class='ocrx_word' id='word_1_681' title='bbox 716 4827 810 4874; x_wconf 82' lang='lat' dir='ltr'><em>ss.</em></span> <span class='ocrx_word' id='word_1_682' title='bbox 844 4827 988 4876; x_wconf 86' lang='lat' dir='ltr'><em>ecct.</em></span> <span class='ocrx_word' id='word_1_683' title='bbox 1022 4827 1060 4875; x_wconf 82' lang='lat'><em>1.</em></span> <span class='ocrx_word' id='word_1_684' title='bbox 1095 4827 1134 4874; x_wconf 83' lang='lat'><em>1.</em></span> 
     </span>
     <span class='ocr_line' id='line_1_101' title="bbox 469 4889 1664 4964; baseline 0 -18"><span class='ocrx_word' id='word_1_685' title='bbox 469 4892 562 4964; x_wconf 74' lang='grc'>26)</span> <span class='ocrx_word' id='word_1_686' title='bbox 595 4889 802 4964; x_wconf 70' lang='lat' dir='ltr'><em>ghron.</em></span> <span class='ocrx_word' id='word_1_687' title='bbox 835 4890 1100 4964; x_wconf 83' lang='lat' dir='ltr'><em>Hirsaug.</em></span> <span class='ocrx_word' id='word_1_688' title='bbox 1135 4890 1209 4960; x_wconf 88' lang='lat' dir='ltr'><em>(a.</em></span> <span class='ocrx_word' id='word_1_689' title='bbox 1239 4893 1418 4964; x_wconf 86' lang='grc'>1559),</span> <span class='ocrx_word' id='word_1_690' title='bbox 1451 4906 1518 4964; x_wconf 63' lang='lat' dir='ltr'><em>p.</em></span> <span class='ocrx_word' id='word_1_691' title='bbox 1545 4895 1664 4964; x_wconf 76' lang='grc'>129.</span> 
     </span>
    </p>
   </div>
   <div class='ocr_carea' id='block_1_99' title="bbox 468 4959 2024 5034">
    <p class='ocr_par' dir='ltr' id='par_1_99' title="bbox 468 4959 2024 5034">
     <span class='ocr_line' id='line_1_102' title="bbox 468 4959 2024 5034; baseline 0.006 -20"><span class='ocrx_word' id='word_1_692' title='bbox 468 4959 562 5030; x_wconf 88' lang='grc'><em>27)</em></span> <span class='ocrx_word' id='word_1_693' title='bbox 596 4959 716 5034; x_wconf 75' lang='lat' dir='ltr'><em>Col.</em></span> <span class='ocrx_word' id='word_1_694' title='bbox 750 4964 846 5034; x_wconf 68' lang='lat'><em>971</em></span> <span class='ocrx_word' id='word_1_695' title='bbox 887 4979 900 5018; x_wconf 90' lang='lat'><strong>:</strong></span> <span class='ocrx_word' id='word_1_696' title='bbox 945 4959 1323 5034; x_wconf 78' lang='lat' dir='ltr'><em>temporaque</em></span> <span class='ocrx_word' id='word_1_697' title='bbox 1348 4959 1700 5034; x_wconf 73' lang='lat' dir='ltr'><em>pontiﬁcum</em></span> <span class='ocrx_word' id='word_1_698' title='bbox 1737 4963 2024 5024; x_wconf 84' lang='lat' dir='ltr'><em>Romano—</em></span> 
     </span>
    </p>
   </div>
   <div class='ocr_carea' id='block_1_100' title="bbox 373 5029 2023 5104">
    <p class='ocr_par' dir='ltr' id='par_1_100' title="bbox 373 5029 2023 5104">
     <span class='ocr_line' id='line_1_103' title="bbox 373 5029 2023 5104; baseline 0.007 -21"><span class='ocrx_word' id='word_1_699' title='bbox 373 5041 608 5085; x_wconf 60' lang='lat' dir='ltr'><em>rum’-—</em></span> <span class='ocrx_word' id='word_1_700' title='bbox 635 5029 710 5088; x_wconf 87' lang='lat' dir='ltr'><em>ab</em></span> <span class='ocrx_word' id='word_1_701' title='bbox 749 5030 858 5104; x_wconf 71' lang='lat' dir='ltr'><em>hoc</em></span> <span class='ocrx_word' id='word_1_702' title='bbox 885 5045 1042 5088; x_wconf 90' lang='lat' dir='ltr'><em>anno</em></span> <span class='ocrx_word' id='word_1_703' title='bbox 1057 5029 1128 5089; x_wconf 56' lang='lat' dir='ltr'><em>&#39;d.</em></span> <span class='ocrx_word' id='word_1_704' title='bbox 1163 5029 1650 5104; x_wconf 64' lang='lat' dir='ltr'><em>i.&#39;46°&#39;—_usque</em></span> <span class='ocrx_word' id='word_1_705' title='bbox 1678 5035 1747 5091; x_wconf 90' lang='lat' dir='ltr'><em>in</em></span> <span class='ocrx_word' id='word_1_706' title='bbox 1771 5037 2023 5094; x_wconf 89' lang='lat' dir='ltr'><em>millesi-</em></span> 
     </span>
    </p>
   </div>
   <div class='ocr_carea' id='block_1_101' title="bbox 373 5101 2024 5175">
    <p class='ocr_par' dir='ltr' id='par_1_101' title="bbox 373 5101 2024 5175">
     <span class='ocr_line' id='line_1_104' title="bbox 373 5101 2024 5175; baseline 0.006 -21"><span class='ocrx_word' id='word_1_707' title='bbox 373 5112 536 5156; x_wconf 88' lang='lat' dir='ltr'><em>mum</em></span> <span class='ocrx_word' id='word_1_708' title='bbox 565 5102 1008 5175; x_wconf 84' lang='lat' dir='ltr'><em>nonagesimum</em></span> <span class='ocrx_word' id='word_1_709' title='bbox 1031 5115 1251 5175; x_wconf 79' lang='lat' dir='ltr'><em>nonum</em></span> <span class='ocrx_word' id='word_1_710' title='bbox 1285 5101 1563 5175; x_wconf 68' lang='lat' dir='ltr'><em>ejusdem</em></span> <span class='ocrx_word' id='word_1_711' title='bbox 1581 5104 2024 5164; x_wconf 84' lang='lat' dir='ltr'><em>incarnationis</em></span> 
     </span>
    </p>
   </div>
   <div class='ocr_carea' id='block_1_102' title="bbox 374 5172 2024 5247">
    <p class='ocr_par' dir='ltr' id='par_1_102' title="bbox 374 5172 2024 5247">
     <span class='ocr_line' id='line_1_105' title="bbox 374 5172 2024 5247; baseline 0.006 -23"><span class='ocrx_word' id='word_1_712' title='bbox 374 5182 602 5247; x_wconf 73' lang='lat' dir='ltr'><em>annum</em></span> <span class='ocrx_word' id='word_1_713' title='bbox 628 5172 906 5228; x_wconf 88' lang='lat' dir='ltr'><em>seriatim</em></span> <span class='ocrx_word' id='word_1_714' title='bbox 919 5172 1210 5247; x_wconf 66' lang='lat' dir='ltr'><em>perduxi,</em></span> <span class='ocrx_word' id='word_1_715' title='bbox 1239 5172 1391 5232; x_wconf 61' lang='lat' dir='ltr'><em>Aid.</em></span> <span class='ocrx_word' id='word_1_716' title='bbox 1413 5175 1459 5247; x_wconf 79' lang='lat' dir='ltr'><em>i.</em></span> <span class='ocrx_word' id='word_1_717' title='bbox 1487 5178 1644 5247; x_wconf 76' lang='lat'><em>1957.</em></span> <span class='ocrx_word' id='word_1_718' title='bbox 1681 5205 1746 5215; x_wconf 93' lang='lat'>—</span> <span class='ocrx_word' id='word_1_719' title='bbox 1774 5177 2024 5234; x_wconf 80' lang='lat' dir='ltr'><em>Heinri-</em></span> 
     </span>
    </p>
   </div>
   <div class='ocr_carea' id='block_1_103' title="bbox 373 5243 2022 5319">
    <p class='ocr_par' dir='ltr' id='par_1_103' title="bbox 373 5243 2022 5319">
     <span class='ocr_line' id='line_1_106' title="bbox 373 5243 2022 5319; baseline 0.005 -24"><span class='ocrx_word' id='word_1_720' title='bbox 373 5243 577 5319; x_wconf 43' lang='lat' dir='ltr'><em>c_us.—&#39;</em></span> <span class='ocrx_word' id='word_1_721' title='bbox 602 5253 858 5319; x_wconf 77' lang='lat' dir='ltr'><em>regnare</em></span> <span class='ocrx_word' id='word_1_722' title='bbox 903 5243 1094 5319; x_wconf 65' lang='lat' dir='ltr'><em>capit,</em></span> <span class='ocrx_word' id='word_1_723' title='bbox 1128 5244 1191 5300; x_wconf 92' lang='lat' dir='ltr'><em>et</em></span> <span class='ocrx_word' id='word_1_724' title='bbox 1219 5244 1462 5319; x_wconf 79' lang='lat' dir='ltr'><em>quando</em></span> <span class='ocrx_word' id='word_1_725' title='bbox 1505 5244 1628 5302; x_wconf 77' lang='grc' dir='ltr'><em>Ιιωσ</em></span> <span class='ocrx_word' id='word_1_726' title='bbox 1667 5247 2022 5319; x_wconf 86' lang='lat' dir='ltr'><em>conscriptio</em></span> 
     </span>
    </p>
   </div>
   <div class='ocr_carea' id='block_1_104' title="bbox 358 5308 1310 5384">
    <p class='ocr_par' dir='ltr' id='par_1_104' title="bbox 358 5308 1310 5384">
     <span class='ocr_line' id='line_1_107' title="bbox 358 5308 1310 5384; baseline 0.003 -19"><span class='ocrx_word' id='word_1_727' title='bbox 358 5308 552 5384; x_wconf 77' lang='lat' dir='ltr'><em>facta</em></span> <span class='ocrx_word' id='word_1_728' title='bbox 571 5308 683 5384; x_wconf 70' lang='lat' dir='ltr'><em>est;</em></span> <span class='ocrx_word' id='word_1_729' title='bbox 709 5323 866 5384; x_wconf 76' lang='lat' dir='ltr'><em>anno</em></span> <span class='ocrx_word' id='word_1_730' title='bbox 896 5308 999 5384; x_wconf 67' lang='grc' dir='ltr'><em>42τῖ</em></span> <span class='ocrx_word' id='word_1_731' title='bbox 1017 5308 1310 5384; x_wconf 72' lang='lat' dir='ltr'><em>regnavit.</em></span> 
     </span>
    </p>
   </div>
   <div class='ocr_carea' id='block_1_105' title="bbox 470 5378 2015 5458">
    <p class='ocr_par' dir='ltr' id='par_1_105' title="bbox 470 5378 2015 5458">
     <span class='ocr_line' id='line_1_108' title="bbox 470 5378 2015 5458; baseline 0.003 -23"><span class='ocrx_word' id='word_1_732' title='bbox 470 5381 562 5458; x_wconf 66' lang='lat' dir='ltr'><em>gs)</em></span> <span class='ocrx_word' id='word_1_733' title='bbox 592 5378 755 5458; x_wconf 60' lang='lat' dir='ltr'><em>quod</em></span> <span class='ocrx_word' id='word_1_734' title='bbox 776 5381 896 5458; x_wconf 77' lang='lat' dir='ltr'><em>jam</em></span> <span class='ocrx_word' id='word_1_735' title='bbox 916 5378 1106 5458; x_wconf 76' lang='lat' dir='ltr'><em>Perti,</em></span> <span class='ocrx_word' id='word_1_736' title='bbox 1134 5385 1362 5458; x_wconf 72' lang='lat' dir='ltr'><em>Archiv.</em></span> <span class='ocrx_word' id='word_1_737' title='bbox 1376 5386 1497 5458; x_wconf 22' lang='lat' dir='ltr'><em>AVII,</em></span> <span class='ocrx_word' id='word_1_738' title='bbox 1507 5400 1570 5458; x_wconf 82' lang='lat' dir='ltr'><em>p.</em></span> <span class='ocrx_word' id='word_1_739' title='bbox 1588 5387 1710 5455; x_wconf 79' lang='grc'>472,</span> <span class='ocrx_word' id='word_1_740' title='bbox 1728 5385 2015 5458; x_wconf 81' lang='lat' dir='ltr'><em>probavit.</em></span> 
     </span>
    </p>
   </div>
   <div class='ocr_carea' id='block_1_106' title="bbox 470 5448 2022 5526">
    <p class='ocr_par' dir='ltr' id='par_1_106' title="bbox 470 5448 2022 5526">
     <span class='ocr_line' id='line_1_109' title="bbox 470 5448 2022 5526; baseline 0.005 -21"><span class='ocrx_word' id='word_1_741' title='bbox 470 5448 560 5526; x_wconf 79' lang='grc'><em>29)</em></span> <span class='ocrx_word' id='word_1_742' title='bbox 595 5448 836 5526; x_wconf 73' lang='lat' dir='ltr'><em>Quzc_de</em></span> <span class='ocrx_word' id='word_1_743' title='bbox 870 5448 1124 5526; x_wconf 74' lang='lat' dir='ltr'><em>fontibus</em></span> <span class='ocrx_word' id='word_1_744' title='bbox 1169 5455 1445 5526; x_wconf 63' lang='lat' dir='ltr'><em>Qhronici</em></span> <span class='ocrx_word' id='word_1_745' title='bbox 1483 5448 1887 5526; x_wconf 66' lang='lat' dir='ltr'><em>&#39;Usper&#39;gensis</em></span> <span class='ocrx_word' id='word_1_746' title='bbox 1939 5455 2022 5512; x_wconf 90' lang='lat' dir='ltr'><em>di-</em></span> 
     </span>
    </p>
   </div>
   <div class='ocr_carea' id='block_1_107' title="bbox 369 5521 2020 5670">
    <p class='ocr_par' dir='ltr' id='par_1_107' title="bbox 369 5521 2020 5670">
     <span class='ocr_line' id='line_1_110' title="bbox 370 5521 2020 5606; baseline 0.005 -32"><span class='ocrx_word' id='word_1_747' title='bbox 370 5523 684 5586; x_wconf 89' lang='lat' dir='ltr'><em>sputarunt</em></span> <span class='ocrx_word' id='word_1_748' title='bbox 727 5521 965 5579; x_wconf 88' lang='lat' dir='ltr'><em>Gretser</em></span> <span class='ocrx_word' id='word_1_749' title='bbox 1006 5521 1134 5596; x_wconf 91' lang='lat' dir='ltr'><em>(0p.</em></span> <span class='ocrx_word' id='word_1_750' title='bbox 1167 5525 1331 5594; x_wconf 80' lang='lat' dir='ltr'><em>XVII,</em></span> <span class='ocrx_word' id='word_1_751' title='bbox 1409 5567 1422 5581; x_wconf 95' lang='lat'><em>.</em></span> <span class='ocrx_word' id='word_1_752' title='bbox 1454 5521 1832 5606; x_wconf 60' lang='lat' dir='ltr'><em>75),&#39;Se1&#39;nler</em></span> <span class='ocrx_word' id='word_1_753' title='bbox 1859 5526 2020 5596; x_wconf 87' lang='lat' dir='ltr'><em>(Ver-</em></span> 
     </span>
     <span class='ocr_line' id='line_1_111' title="bbox 369 5542 2016 5670; baseline 0.009 -31"><span class='ocrx_word' id='word_1_754' title='bbox 369 5587 533 5670; x_wconf 63' lang='lat' dir='ltr'><em>sueh,</em></span> <span class='ocrx_word' id='word_1_755' title='bbox 564 5593 800 5670; x_wconf 32' lang='lat' dir='ltr'><em>p.129),</em></span> <span class='ocrx_word' id='word_1_756' title='bbox 831 5597 895 5650; x_wconf 91' lang='lat' dir='ltr'><em>et</em></span> <span class='ocrx_word' id='word_1_757' title='bbox 927 5591 1333 5670; x_wconf 67' lang='lat' dir='ltr'><em>Schumacber</em></span> <span class='ocrx_word' id='word_1_758' title='bbox 1355 5542 1682 5670; x_wconf 50' lang='grc' dir='ltr'><em>ἄρηι-περ,</em></span> <span class='ocrx_word' id='word_1_759' title='bbox 1717 5612 1774 5667; x_wconf 82' lang='grc' dir='ltr'>ρ.</span> <span class='ocrx_word' id='word_1_760' title='bbox 1805 5599 1894 5666; x_wconf 76' lang='grc'>43,</span> <span class='ocrx_word' id='word_1_761' title='bbox 1928 5599 2016 5670; x_wconf 76' lang='grc'><em>44)</em></span> 
     </span>
    </p>
   </div>
   <div class='ocr_carea' id='block_1_108' title="bbox 363 5631 2016 5739">
    <p class='ocr_par' dir='ltr' id='par_1_108' title="bbox 363 5631 2016 5739">
     <span class='ocr_line' id='line_1_112' title="bbox 369 5631 2016 5670; baseline 0.009 -16"><span class='ocrx_word' id='word_1_762' title='bbox 369 5631 533 5656; x_wconf 69' lang='grc' dir='ltr'>ν-νη,</span> <span class='ocrx_word' id='word_1_763' title='bbox 564 5631 619 5662; x_wconf 69' lang='grc' dir='ltr'><strong><em>νο</em></strong></span> <span class='ocrx_word' id='word_1_764' title='bbox 655 5631 798 5670; x_wconf 57' lang='grc' dir='ltr'><em>μιν),</em></span> <span class='ocrx_word' id='word_1_765' title='bbox 831 5631 895 5650; x_wconf 78' lang='grc' dir='ltr'><em>ω’</em></span> <span class='ocrx_word' id='word_1_766' title='bbox 927 5631 1300 5651; x_wconf 53' lang='lat' dir='ltr'><em>&quot;meummeum</em></span> <span class='ocrx_word' id='word_1_767' title='bbox 1355 5631 1682 5664; x_wconf 61' lang='lat' dir='ltr'><em>\UWV‘WSW</em></span> <span class='ocrx_word' id='word_1_768' title='bbox 1717 5631 1774 5667; x_wconf 74' lang='grc' dir='ltr'><strong>νο</strong></span> <span class='ocrx_word' id='word_1_769' title='bbox 1805 5631 1894 5666; x_wconf 66' lang='lat' dir='ltr'><em>&quot;Vs</em></span> <span class='ocrx_word' id='word_1_770' title='bbox 1928 5631 2016 5670; x_wconf 74' lang='grc'><strong><em>⁸⁸⁵³]</em></strong></span> 
     </span>
     <span class='ocr_line' id='line_1_113' title="bbox 363 5655 2016 5739; baseline 0.011 -33"><span class='ocrx_word' id='word_1_771' title='bbox 363 5655 482 5709; x_wconf 90' lang='lat' dir='ltr'><em>huc</em></span> <span class='ocrx_word' id='word_1_772' title='bbox 510 5663 835 5734; x_wconf 81' lang='lat' dir='ltr'><em>pertinent;</em></span> <span class='ocrx_word' id='word_1_773' title='bbox 870 5661 983 5720; x_wconf 86' lang='lat' dir='ltr'><em>sed</em></span> <span class='ocrx_word' id='word_1_774' title='bbox 1024 5680 1144 5724; x_wconf 92' lang='lat' dir='ltr'><em>rem</em></span> <span class='ocrx_word' id='word_1_775' title='bbox 1185 5665 1369 5735; x_wconf 81' lang='lat' dir='ltr'><em>magis</em></span> <span class='ocrx_word' id='word_1_776' title='bbox 1398 5668 1817 5739; x_wconf 88' lang='lat' dir='ltr'><em>perturbarunt</em></span> <span class='ocrx_word' id='word_1_777' title='bbox 1846 5682 2016 5739; x_wconf 90' lang='lat' dir='ltr'><em>quam</em></span> 
     </span>
    </p>
   </div>
   <div class='ocr_carea' id='block_1_109' title="bbox 1409 4397 3798 4469">
    <p class='ocr_par' dir='ltr' id='par_1_109' title="bbox 1409 4397 3798 4469">
     <span class='ocr_line' id='line_1_114' title="bbox 1409 4397 3798 4469; baseline 0.001 -15"><span class='ocrx_word' id='word_1_778' title='bbox 1409 4398 1679 4468; x_wconf 72' lang='lat' dir='ltr'><em>ﬁdeliter</em></span> <span class='ocrx_word' id='word_1_779' title='bbox 1726 4397 2028 4457; x_wconf 84' lang='lat' dir='ltr'><em>nobiscum</em></span> <span class='ocrx_word' id='word_1_780' title='bbox 2055 4405 2107 4464; x_wconf 78' lang='grc' dir='ltr'>Ι)</span> <span class='ocrx_word' id='word_1_781' title='bbox 2141 4399 2277 4468; x_wconf 82' lang='lat' dir='ltr'><em>teat,</em></span> <span class='ocrx_word' id='word_1_782' title='bbox 2329 4397 2535 4469; x_wconf 86' lang='lat' dir='ltr'><em>vigeat</em></span> <span class='ocrx_word' id='word_1_783' title='bbox 2573 4397 2634 4454; x_wconf 90' lang='lat' dir='ltr'><em>et</em></span> <span class='ocrx_word' id='word_1_784' title='bbox 2660 4399 2728 4456; x_wconf 90' lang='lat' dir='ltr'><em>in</em></span> <span class='ocrx_word' id='word_1_785' title='bbox 2755 4397 3038 4469; x_wconf 71' lang='lat' dir='ltr'><em>aeternum</em></span> <span class='ocrx_word' id='word_1_786' title='bbox 3083 4412 3284 4456; x_wconf 88' lang='lat' dir='ltr'><em>coram</em></span> <span class='ocrx_word' id='word_1_787' title='bbox 3335 4398 3576 4456; x_wconf 68' lang='lat' dir='ltr'><em>Christo</em></span> <span class='ocrx_word' id='word_1_788' title='bbox 3620 4399 3798 4457; x_wconf 83' lang='lat' dir='ltr'><em>vivat</em></span> 
     </span>
    </p>
   </div>
   <div class='ocr_carea' id='block_1_110' title="bbox 2135 4468 3796 4541">
    <p class='ocr_par' dir='ltr' id='par_1_110' title="bbox 2135 4468 3796 4541">
     <span class='ocr_line' id='line_1_115' title="bbox 2135 4468 3796 4541; baseline 0.001 -15"><span class='ocrx_word' id='word_1_789' title='bbox 2135 4468 2432 4526; x_wconf 88' lang='lat' dir='ltr'><em>sanctitas</em></span> <span class='ocrx_word' id='word_1_790' title='bbox 2460 4470 2680 4538; x_wconf 77' lang='lat' dir='ltr'><em>vestra,</em></span> <span class='ocrx_word' id='word_1_791' title='bbox 2714 4468 2989 4541; x_wconf 86' lang='lat' dir='ltr'><em>inveniat</em></span> <span class='ocrx_word' id='word_1_792' title='bbox 3013 4470 3194 4541; x_wconf 85' lang='lat' dir='ltr'><em>etiam</em></span> <span class='ocrx_word' id='word_1_793' title='bbox 3214 4483 3372 4527; x_wconf 87' lang='lat' dir='ltr'><em>nunc</em></span> <span class='ocrx_word' id='word_1_794' title='bbox 3391 4469 3452 4526; x_wconf 88' lang='lat' dir='ltr'><em>et</em></span> <span class='ocrx_word' id='word_1_795' title='bbox 3465 4483 3696 4541; x_wconf 84' lang='lat' dir='ltr'><em>semper</em></span> <span class='ocrx_word' id='word_1_796' title='bbox 3726 4470 3796 4528; x_wconf 81' lang='lat' dir='ltr'><em>in</em></span> 
     </span>
    </p>
   </div>
   <div class='ocr_carea' id='block_1_111' title="bbox 2135 4540 3790 4610">
    <p class='ocr_par' dir='ltr' id='par_1_111' title="bbox 2135 4540 3790 4610">
     <span class='ocr_line' id='line_1_116' title="bbox 2135 4540 3790 4610; baseline -0.001 -13"><span class='ocrx_word' id='word_1_797' title='bbox 2135 4541 2444 4610; x_wconf 88' lang='lat' dir='ltr'><em>conspectu</em></span> <span class='ocrx_word' id='word_1_798' title='bbox 2479 4541 2670 4610; x_wconf 89' lang='lat' dir='ltr'><em>vestro</em></span> <span class='ocrx_word' id='word_1_799' title='bbox 2703 4540 2976 4610; x_wconf 85' lang='lat' dir='ltr'><em>gratiam</em></span> <span class='ocrx_word' id='word_1_800' title='bbox 3014 4540 3331 4598; x_wconf 74' lang='lat' dir='ltr'><em>humilitas</em></span> <span class='ocrx_word' id='word_1_801' title='bbox 3369 4540 3602 4598; x_wconf 75' lang='lat' dir='ltr'><em>nostra.</em></span> <span class='ocrx_word' id='word_1_802' title='bbox 3639 4541 3790 4596; x_wconf 86' lang='lat' dir='ltr'><em>Nota</em></span> 
     </span>
    </p>
   </div>
   <div class='ocr_carea' id='block_1_112' title="bbox 2137 4609 3794 4689">
    <p class='ocr_par' dir='ltr' id='par_1_112' title="bbox 2137 4609 3794 4689">
     <span class='ocr_line' id='line_1_117' title="bbox 2137 4609 3794 4689; baseline 0 -21"><span class='ocrx_word' id='word_1_803' title='bbox 2137 4609 2289 4689; x_wconf 82' lang='lat' dir='ltr'><em>quod</em></span> <span class='ocrx_word' id='word_1_804' title='bbox 2309 4609 2685 4689; x_wconf 58' lang='lat' dir='ltr'><em>Eltkehardus</em></span> <span class='ocrx_word' id='word_1_805' title='bbox 2708 4609 3323 4689; x_wconf 72' lang='lat' dir='ltr'><em>neutiquamseipsum</em></span> <span class='ocrx_word' id='word_1_806' title='bbox 3343 4610 3668 4689; x_wconf 63' lang='lat' dir='ltr'><em>Ilirsaugim</em></span> <span class='ocrx_word' id='word_1_807' title='bbox 3694 4610 3794 4668; x_wconf 87' lang='lat' dir='ltr'><em>de-</em></span> 
     </span>
    </p>
   </div>
   <div class='ocr_carea' id='block_1_113' title="bbox 2133 4679 3568 4751">
    <p class='ocr_par' dir='ltr' id='par_1_113' title="bbox 2133 4679 3568 4751">
     <span class='ocr_line' id='line_1_118' title="bbox 2133 4679 3568 4751; baseline -0.002 -13"><span class='ocrx_word' id='word_1_808' title='bbox 2133 4679 2332 4751; x_wconf 72' lang='lat' dir='ltr'><em>guisse</em></span> <span class='ocrx_word' id='word_1_809' title='bbox 2365 4681 2613 4751; x_wconf 90' lang='lat' dir='ltr'><em>indeque</em></span> <span class='ocrx_word' id='word_1_810' title='bbox 2642 4679 2950 4749; x_wconf 83' lang='lat' dir='ltr'><em>Uraugiain</em></span> <span class='ocrx_word' id='word_1_811' title='bbox 2980 4679 3222 4738; x_wconf 81' lang='lat' dir='ltr'><em>missum</em></span> <span class='ocrx_word' id='word_1_812' title='bbox 3245 4695 3375 4738; x_wconf 89' lang='lat' dir='ltr'><em>esse</em></span> <span class='ocrx_word' id='word_1_813' title='bbox 3406 4679 3568 4737; x_wconf 86' lang='lat' dir='ltr'><em>dicit.</em></span> 
     </span>
    </p>
   </div>
   <div class='ocr_carea' id='block_1_114' title="bbox 2132 4822 2525 4878">
    <p class='ocr_par' dir='ltr' id='par_1_114' title="bbox 2132 4822 2525 4878">
     <span class='ocr_line' id='line_1_119' title="bbox 2132 4822 2525 4878; baseline -0.005 0"><span class='ocrx_word' id='word_1_814' title='bbox 2132 4822 2525 4878; x_wconf 84' lang='lat' dir='ltr'><em>explicarunt.</em></span> 
     </span>
    </p>
   </div>
   <div class='ocr_carea' id='block_1_115' title="bbox 2228 4891 3784 4966">
    <p class='ocr_par' dir='ltr' id='par_1_115' title="bbox 2228 4891 3784 4966">
     <span class='ocr_line' id='line_1_120' title="bbox 2228 4891 3784 4966; baseline -0.003 -16"><span class='ocrx_word' id='word_1_815' title='bbox 2228 4897 2316 4966; x_wconf 89' lang='lat'><strong>30)</strong></span> <span class='ocrx_word' id='word_1_816' title='bbox 2349 4894 2638 4966; x_wconf 76' lang='lat' dir='ltr'><em>Integram</em></span> <span class='ocrx_word' id='word_1_817' title='bbox 2654 4892 3192 4966; x_wconf 69' lang='lat' dir='ltr'><em>fereprzefationem</em></span> <span class='ocrx_word' id='word_1_818' title='bbox 3215 4893 3417 4966; x_wconf 76' lang='lat' dir='ltr'><em>exlioc</em></span> <span class='ocrx_word' id='word_1_819' title='bbox 3441 4891 3784 4963; x_wconf 88' lang='lat' dir='ltr'><em>descripsit.</em></span> 
     </span>
    </p>
   </div>
   <div class='ocr_carea' id='block_1_116' title="bbox 2227 4907 3788 5036">
    <p class='ocr_par' dir='ltr' id='par_1_116' title="bbox 2227 4907 3788 5036">
     <span class='ocr_line' id='line_1_121' title="bbox 2228 4907 3784 5020; baseline -0.003 -70"><span class='ocrx_word' id='word_1_820' title='bbox 2228 4907 2316 4966; x_wconf 72' lang='grc' dir='ltr'><em>δυ)</em></span> <span class='ocrx_word' id='word_1_821' title='bbox 2349 4907 2638 4962; x_wconf 80' lang='lat' dir='ltr'><em>integram</em></span> <span class='ocrx_word' id='word_1_822' title='bbox 2654 4907 2773 4949; x_wconf 80' lang='lat' dir='ltr'><em>iere</em></span> <span class='ocrx_word' id='word_1_823' title='bbox 2792 4907 3192 5020; x_wconf 56' lang='lat' dir='ltr'><em>graenauonem</em></span> <span class='ocrx_word' id='word_1_824' title='bbox 3215 4907 3288 4948; x_wconf 87' lang='lat' dir='ltr'><em>ex</em></span> <span class='ocrx_word' id='word_1_825' title='bbox 3309 4907 3417 4949; x_wconf 82' lang='lat' dir='ltr'><em>uoc</em></span> <span class='ocrx_word' id='word_1_826' title='bbox 3441 4907 3784 4963; x_wconf 77' lang='lat' dir='ltr'><em>descripsit.</em></span> 
     </span>
     <span class='ocr_line' id='line_1_122' title="bbox 2227 4963 3788 5036; baseline 0 -16"><span class='ocrx_word' id='word_1_827' title='bbox 2227 4969 2316 5036; x_wconf 89' lang='grc'><em>31)</em></span> <span class='ocrx_word' id='word_1_828' title='bbox 2352 4963 2674 5036; x_wconf 88' lang='lat' dir='ltr'><em>Chronicon</em></span> <span class='ocrx_word' id='word_1_829' title='bbox 2696 4965 2786 5036; x_wconf 81' lang='lat' dir='ltr'><em>ad</em></span> <span class='ocrx_word' id='word_1_830' title='bbox 2833 4963 2981 5020; x_wconf 92' lang='lat' dir='ltr'><em>ibuit</em></span> <span class='ocrx_word' id='word_1_831' title='bbox 3011 4968 3128 5020; x_wconf 90' lang='lat' dir='ltr'><em>tam</em></span> <span class='ocrx_word' id='word_1_832' title='bbox 3161 4963 3314 5034; x_wconf 89' lang='lat' dir='ltr'><em>quod</em></span> <span class='ocrx_word' id='word_1_833' title='bbox 3346 4963 3548 5020; x_wconf 88' lang='lat' dir='ltr'><em>dicunt</em></span> <span class='ocrx_word' id='word_1_834' title='bbox 3578 4978 3788 5020; x_wconf 88' lang='lat' dir='ltr'><em>consu-</em></span> 
     </span>
    </p>
   </div>
   <div class='ocr_carea' id='block_1_117' title="bbox 2133 5033 2821 5104">
    <p class='ocr_par' dir='ltr' id='par_1_117' title="bbox 2133 5033 2821 5104">
     <span class='ocr_line' id='line_1_123' title="bbox 2133 5033 2821 5104; baseline 0 -15"><span class='ocrx_word' id='word_1_835' title='bbox 2133 5033 2254 5092; x_wconf 89' lang='lat' dir='ltr'><em>lare</em></span> <span class='ocrx_word' id='word_1_836' title='bbox 2288 5033 2458 5104; x_wconf 69' lang='lat' dir='ltr'><em>Quam</em></span> <span class='ocrx_word' id='word_1_837' title='bbox 2500 5033 2821 5104; x_wconf 86' lang='lat' dir='ltr'><em>imperiale.</em></span> 
     </span>
    </p>
   </div>
   <div class='ocr_carea' id='block_1_118' title="bbox 2203 5101 3785 5177">
    <p class='ocr_par' dir='ltr' id='par_1_118' title="bbox 2203 5101 3785 5177">
     <span class='ocr_line' id='line_1_124' title="bbox 2203 5101 3785 5177; baseline -0.001 -17"><span class='ocrx_word' id='word_1_838' title='bbox 2203 5101 2452 5177; x_wconf 77' lang='lat' dir='ltr'><em>(32)_Cui</em></span> <span class='ocrx_word' id='word_1_839' title='bbox 2478 5101 2626 5177; x_wconf 79' lang='lat' dir='ltr'><em>adde</em></span> <span class='ocrx_word' id='word_1_840' title='bbox 2656 5104 2869 5162; x_wconf 89' lang='lat' dir='ltr'><em>librum</em></span> <span class='ocrx_word' id='word_1_841' title='bbox 2901 5103 3318 5177; x_wconf 85' lang='lat' dir='ltr'><em>apocryphum,</em></span> <span class='ocrx_word' id='word_1_842' title='bbox 3339 5101 3502 5160; x_wconf 69' lang='lat' dir='ltr'><em>Judaa</em></span> <span class='ocrx_word' id='word_1_843' title='bbox 3524 5103 3785 5174; x_wconf 89' lang='lat' dir='ltr'><em>apostoli</em></span> 
     </span>
    </p>
   </div>
   <div class='ocr_carea' id='block_1_119' title="bbox 2129 5173 2790 5247">
    <p class='ocr_par' dir='ltr' id='par_1_119' title="bbox 2129 5173 2790 5247">
     <span class='ocr_line' id='line_1_125' title="bbox 2129 5173 2790 5247; baseline -0.002 -15"><span class='ocrx_word' id='word_1_844' title='bbox 2129 5173 2437 5247; x_wconf 85' lang='lat' dir='ltr'><em>epistolam</em></span> <span class='ocrx_word' id='word_1_845' title='bbox 2475 5173 2606 5244; x_wconf 90' lang='lat' dir='ltr'><em>(col.</em></span> <span class='ocrx_word' id='word_1_846' title='bbox 2633 5177 2790 5247; x_wconf 84' lang='grc'>502).</span> 
     </span>
    </p>
   </div>
   <div class='ocr_carea' id='block_1_120' title="bbox 2225 5245 3756 5326">
    <p class='ocr_par' dir='ltr' id='par_1_120' title="bbox 2225 5245 3756 5326">
     <span class='ocr_line' id='line_1_126' title="bbox 2225 5245 3756 5326; baseline 0 0"><span class='ocrx_word' id='word_1_847' title='bbox 2225 5245 2818 5326; x_wconf 53' lang='grc' dir='ltr'><em>ἓῗνὶὶηίτθνίὲίμοδίδο</em></span> <span class='ocrx_word' id='word_1_848' title='bbox 2988 5321 2996 5326; x_wconf 84' lang='grc'><em>,</em></span> <span class='ocrx_word' id='word_1_849' title='bbox 3081 5316 3092 5326; x_wconf 94' lang='grc'><em>.</em></span> <span class='ocrx_word' id='word_1_850' title='bbox 3228 5315 3238 5326; x_wconf 96' lang='grc'><em>.</em></span> <span class='ocrx_word' id='word_1_851' title='bbox 3311 5316 3347 5326; x_wconf 79' lang='lat'><em>..</em></span> <span class='ocrx_word' id='word_1_852' title='bbox 3436 5313 3506 5326; x_wconf 90' lang='lat'><em>..</em></span> 
     </span>
    </p>
   </div>
   <div class='ocr_carea' id='block_1_121' title="bbox 2224 5313 3786 5388">
    <p class='ocr_par' dir='ltr' id='par_1_121' title="bbox 2224 5313 3786 5388">
     <span class='ocr_line' id='line_1_127' title="bbox 2224 5313 3786 5388; baseline -0.001 -16"><span class='ocrx_word' id='word_1_853' title='bbox 2224 5313 2313 5388; x_wconf 81' lang='grc'><em>34)</em></span> <span class='ocrx_word' id='word_1_854' title='bbox 2344 5313 3194 5388; x_wconf 27' lang='grc' dir='ltr'><em>Ρνωξιθςῑὶωλοοωωθηιειιὶυω</em></span> <span class='ocrx_word' id='word_1_855' title='bbox 3225 5315 3287 5388; x_wconf 85' lang='lat' dir='ltr'><em>in</em></span> <span class='ocrx_word' id='word_1_856' title='bbox 3310 5313 3605 5388; x_wconf 81' lang='lat' dir='ltr'><em>Danielem</em></span> <span class='ocrx_word' id='word_1_857' title='bbox 3651 5313 3786 5371; x_wconf 81' lang='lat' dir='ltr'><em>dili-</em></span> 
     </span>
    </p>
   </div>
   <div class='ocr_carea' id='block_1_122' title="bbox 2127 5385 3784 5459">
    <p class='ocr_par' dir='ltr' id='par_1_122' title="bbox 2127 5385 3784 5459">
     <span class='ocr_line' id='line_1_128' title="bbox 2127 5385 3784 5459; baseline -0.001 -16"><span class='ocrx_word' id='word_1_858' title='bbox 2127 5385 2344 5459; x_wconf 77' lang='lat' dir='ltr'><em>genter</em></span> <span class='ocrx_word' id='word_1_859' title='bbox 2365 5386 2583 5443; x_wconf 89' lang='lat' dir='ltr'><em>evolvit</em></span> <span class='ocrx_word' id='word_1_860' title='bbox 2613 5385 2721 5459; x_wconf 67' lang='lat' dir='ltr'><em>(cf.</em></span> <span class='ocrx_word' id='word_1_861' title='bbox 2745 5386 2854 5459; x_wconf 87' lang='lat' dir='ltr'><em>col.</em></span> <span class='ocrx_word' id='word_1_862' title='bbox 2882 5391 2984 5459; x_wconf 79' lang='grc'>545</span> <span class='ocrx_word' id='word_1_863' title='bbox 3014 5391 3202 5459; x_wconf 90' lang='lat' dir='ltr'><em>sqq.);</em></span> <span class='ocrx_word' id='word_1_864' title='bbox 3235 5386 3326 5443; x_wconf 89' lang='lat' dir='ltr'><em>bis</em></span> <span class='ocrx_word' id='word_1_865' title='bbox 3356 5386 3532 5442; x_wconf 88' lang='lat' dir='ltr'><em>etiam</em></span> <span class='ocrx_word' id='word_1_866' title='bbox 3565 5390 3784 5459; x_wconf 71' lang='lat' dir='ltr'><em>commt</em></span> 
     </span>
    </p>
   </div>
   <div class='ocr_carea' id='block_1_123' title="bbox 2130 5455 3782 5536">
    <p class='ocr_par' dir='ltr' id='par_1_123' title="bbox 2130 5455 3782 5536">
     <span class='ocr_line' id='line_1_129' title="bbox 2130 5455 3782 5536; baseline 0 -26"><span class='ocrx_word' id='word_1_867' title='bbox 2130 5455 2186 5513; x_wconf 89' lang='lat' dir='ltr'><em>in</em></span> <span class='ocrx_word' id='word_1_868' title='bbox 2237 5457 2441 5536; x_wconf 77' lang='lat' dir='ltr'><em>Isaiam</em></span> <span class='ocrx_word' id='word_1_869' title='bbox 2493 5455 2934 5536; x_wconf 41' lang='lat' dir='ltr'><em>respexi_t.(col_.</em></span> <span class='ocrx_word' id='word_1_870' title='bbox 2986 5455 3298 5536; x_wconf 31' lang='lat'><em>509,15“),</em></span> <span class='ocrx_word' id='word_1_871' title='bbox 3352 5459 3578 5536; x_wconf 43' lang='lat' dir='ltr'><em>postea.</em></span> <span class='ocrx_word' id='word_1_872' title='bbox 3608 5455 3782 5536; x_wconf 63' lang='lat' dir='ltr'><em>affert</em></span> 
     </span>
    </p>
   </div>
   <div class='ocr_carea' id='block_1_124' title="bbox 2127 5525 3780 5586">
    <p class='ocr_par' dir='ltr' id='par_1_124' title="bbox 2127 5525 3780 5586">
     <span class='ocr_line' id='line_1_130' title="bbox 2127 5525 3780 5586; baseline 0.001 -4"><span class='ocrx_word' id='word_1_873' title='bbox 2127 5541 2333 5583; x_wconf 87' lang='lat' dir='ltr'><em>comm.</em></span> <span class='ocrx_word' id='word_1_874' title='bbox 2364 5525 2638 5586; x_wconf 83' lang='lat' dir='ltr'><em>Marcum.</em></span> <span class='ocrx_word' id='word_1_875' title='bbox 2681 5526 2778 5583; x_wconf 89' lang='lat' dir='ltr'><em>ubi</em></span> <span class='ocrx_word' id='word_1_876' title='bbox 2813 5525 3070 5586; x_wconf 72' lang='lat' dir='ltr'><em>fortasse</em></span> <span class='ocrx_word' id='word_1_877' title='bbox 3094 5525 3518 5585; x_wconf 59' lang='lat' dir='ltr'><em>&#39;Matth&#39;aianum</em></span> <span class='ocrx_word' id='word_1_878' title='bbox 3564 5525 3780 5584; x_wconf 87' lang='lat' dir='ltr'><em>intelli.</em></span> 
     </span>
    </p>
   </div>
   <div class='ocr_carea' id='block_1_125' title="bbox 2125 5569 3095 5726">
    <p class='ocr_par' dir='ltr' id='par_1_125' title="bbox 2125 5569 3095 5726">
     <span class='ocr_line' id='line_1_131' title="bbox 2125 5569 3095 5726; baseline 0.001 -73"><span class='ocrx_word' id='word_1_879' title='bbox 2125 5569 2901 5726; x_wconf 53' lang='grc' dir='ltr'><em>ᾇέἦὶιᾟὶιῗέὲέἒ³³ἱίίχῗέηόἱζ</em></span> <span class='ocrx_word' id='word_1_880' title='bbox 2917 5569 3095 5680; x_wconf 46' lang='lat' dir='ltr'><em>iis”).</em></span> 
     </span>
     <span class='ocr_line' id='line_1_132' title="bbox 2199 5668 3085 5726; baseline 0 0"><span class='ocrx_word' id='word_1_881' title='bbox 2199 5668 2311 5726; x_wconf 81' lang='grc'>(35)</span> <span class='ocrx_word' id='word_1_882' title='bbox 2343 5669 2565 5726; x_wconf 64' lang='lat' dir='ltr'><em>Praeter</em></span> <span class='ocrx_word' id='word_1_883' title='bbox 2587 5684 2733 5726; x_wconf 89' lang='lat' dir='ltr'><em>onus</em></span> <span class='ocrx_word' id='word_1_884' title='bbox 2793 5684 2824 5726; x_wconf 92' lang='lat' dir='ltr'><em>e</em></span> <span class='ocrx_word' id='word_1_885' title='bbox 2844 5674 3085 5726; x_wconf 72' lang='lat' dir='ltr'><em>eivntate</em></span> 
     </span>
    </p>
   </div>
   <div class='ocr_carea' id='block_1_126' title="bbox 2199 5668 3779 5744">
    <p class='ocr_par' dir='ltr' id='par_1_126' title="bbox 2199 5668 3779 5744">
     <span class='ocr_line' id='line_1_133' title="bbox 2199 5668 3779 5744; baseline 0.001 -20"><span class='ocrx_word' id='word_1_886' title='bbox 2199 5668 2311 5740; x_wconf 84' lang='grc'>(35)</span> <span class='ocrx_word' id='word_1_887' title='bbox 2343 5669 2565 5726; x_wconf 63' lang='lat' dir='ltr'><em>Praeter</em></span> <span class='ocrx_word' id='word_1_888' title='bbox 2587 5684 2733 5740; x_wconf 90' lang='lat' dir='ltr'><em>opus</em></span> <span class='ocrx_word' id='word_1_889' title='bbox 2753 5668 2824 5726; x_wconf 91' lang='lat' dir='ltr'><em>de</em></span> <span class='ocrx_word' id='word_1_890' title='bbox 2844 5668 3085 5729; x_wconf 85' lang='lat' dir='ltr'><em>civitate</em></span> <span class='ocrx_word' id='word_1_891' title='bbox 3107 5669 3228 5744; x_wconf 88' lang='lat' dir='ltr'><em>Dei,</em></span> <span class='ocrx_word' id='word_1_892' title='bbox 3253 5671 3420 5743; x_wconf 86' lang='lat' dir='ltr'><em>cujus</em></span> <span class='ocrx_word' id='word_1_893' title='bbox 3446 5669 3779 5742; x_wconf 65' lang='lat' dir='ltr'><em>prasertim</em></span> 
     </span>
    </p>
   </div>
  </div>
