3982 6056
220 154 355 223 445

1413 160 1855 231 CHRONICA.
1887 196 1966 212 —
1995 159 2479 230 PROCEMIUM.

3521 149 3643 223 446

228 291 573 367 bergensis,
597 292 695 369 qui
730 308 883 356 nunc
914 308 1053 355 vero
1084 294 1455 358 bibliothecae
1488 297 1887 359 Carlsruhante
1913 298 1971 360 A
2004 296 2135 357 nico
2160 295 2620 371 Wirziburgensi
2651 293 2924 370 leguntur
2954 293 3035 354 ita
3076 297 3355 369 provocat
3402 291 3538 367 (82),
3572 294 3638 351 ut

229 379 445 440 illatus
475 387 569 441 est
603 384 740 457 (77),
775 384 978 443 ultima
1028 385 1201 457 hujus
1243 387 1513 446 Chronici
1559 404 1716 461 pars,
1751 390 1823 446 ab
1855 403 1885 445 a

228 468 376 526 inde
409 474 547 528 1057
594 472 948 543 continetur,
981 488 1163 545 eaque
1196 475 1396 543 forma,
1433 490 1602 546 quam
1633 476 1887 534 omnium

228 571 371 614 esse
403 560 869 632 antiquissimam
922 562 1089 619 facile
1139 567 1229 619 est
1274 563 1595 621 intellectu.
1626 566 1764 621 Nam
1793 565 1887 621 hic

232 650 464 717 textus,
499 663 669 719 quem
697 652 767 707 Α.
803 649 1112 721 nominavi,
1148 650 1218 707 iis
1267 655 1426 708 caret
1461 652 1886 711 mutationibus

226 733 762 809 additionibusque
792 753 935 810 quas
964 739 1340 798 Ekkehardus
1386 740 1441 797 in
1490 742 1692 799 codice
1725 746 1888 799 auto-

224 825 465 897 grapho
514 825 614 897 (1.)
664 831 869 897 postea
918 827 1213 885 faciendas
1252 828 1534 899 judicavit
1579 832 1712 903 (78).
1744 832 1884 888 Post

229 926 289 967 a.
332 915 470 971 1099
504 914 697 972 brevis
726 915 952 985 adjecta
984 921 1074 973 est
1109 931 1158 974 a.
1195 922 1335 975 1100
1377 921 1434 974 et
1484 923 1613 976 1101
1652 920 1882 990 notitia,

230 1002 364 1059 sive
398 1003 470 1059 ab
500 1003 864 1074 Ekkehardo,
890 1005 1013 1061 sive
1032 1020 1063 1061 a
1086 1006 1308 1063 codicrs
1333 1007 1620 1079 scriptore
1654 1009 1728 1066 sit
1754 1024 1889 1067 con-

232 1091 414 1147 fecta.
444 1122 515 1132 —-
545 1093 606 1148 in
640 1092 846 1150 eodem
878 1108 1018 1150 vero
1049 1093 1341 1152 volumine
1382 1097 1514 1154 huic
1560 1098 1885 1169 fragmento

232 1179 639 1250 praemittitur,
668 1179 778 1237 alia
803 1181 905 1237 sed
928 1196 1120 1239 coaeva
1166 1198 1335 1240 manu
1359 1185 1541 1241 nitide
1575 1187 1883 1258 scriptum,

234 1266 421 1322 breve
453 1281 645 1323 rerum
677 1267 810 1323 inde
843 1269 915 1324 ab
947 1269 1088 1325 orbe
1119 1270 1357 1328 condito
1386 1277 1686 1341 gestarum
1712 1273 1887 1329 Chro-

233 1355 433 1424 nicon,
465 1355 535 1411 ad
565 1370 774 1413 annum
830 1371 1011 1428 usque
1042 1361 1177 1415 1057
1211 1357 1544 1431 deductum,
1579 1361 1659 1417 ita
1693 1365 1753 1418 ut
1786 1360 1885 1417 illa

231 1443 666 1500 Ekkebardiani
691 1442 826 1499 libri
852 1445 1140 1517 particula
1161 1446 1270 1504 hoc
1291 1448 1714 1519 quodammodo
1733 1450 1886 1507 exci-

232 1546 379 1603 pere
411 1531 699 1591 videatur.
737 1534 907 1590 Certe
947 1548 1061 1591 non
1109 1535 1349 1593 fortuito
1394 1540 1707 1610 utrumque
1752 1553 1887 1596 con-

226 1619 502 1712 junctum
549 1635 701 1692 esse,
736 1622 1010 1694 putarim,
1063 1625 1326 1694 quamvis
1370 1640 1481 1683 non
1534 1627 1705 1683 unius
1754 1643 1883 1685 esse
1911 1651 1965 1712 Β

233 1707 440 1778 Operis
489 1712 690 1779 partes
738 1708 870 1766 inde
917 1715 1137 1782 pateat,
1194 1712 1346 1783 quod
1398 1729 1527 1770 cum
1577 1713 1719 1771 illud
1766 1717 1882 1786 jam

233 1795 495 1852 Heinrici
526 1797 597 1853 IV
626 1797 789 1853 initia
819 1798 1057 1869 referat,
1092 1800 1199 1856 hoc
1246 1801 1318 1856 ab
1364 1801 1568 1858 iisdem
1622 1803 1879 1876 incipiat,

233 1884 441 1955 sicque
468 1884 619 1941 idem
644 1885 732 1942 bis
753 1886 1045 1945 similibus
1068 1888 1265 1945 verbis
1284 1887 1531 1960 legatur.
1560 1892 1882 1950 Chronicon

235 1972 383 2029 illud
439 1972 559 2029 dixi
607 1974 1104 2048 Wirziburgense,
1152 1992 1221 2034 e0
1270 1979 1427 2049 quod
1473 1981 1883 2053 episcoporum

231 2060 803 2132 Wirziburgensium
821 2064 1085 2121 ordinem
1112 2066 1326 2138 ubique
1348 2074 1621 2126 accurate
1644 2069 1887 2140 diligen-

232 2152 450 2221 terque
466 2150 781 2208 indicatum
798 2154 1311 2224 reperi.Praaterea
1324 2161 1549 2214 tantum
1566 2173 1678 2214 non
1694 2160 1882 2216 omnia

230 2253 307 2294 ex
332 2239 594 2295 fontibus
617 2240 826 2297 hausta
851 2246 986 2298 sunt
1010 2244 1636 2318 n0tissimis,Josepbo,
1657 2247 1880 2317 Orosio,

232 2326 486 2397 Isidoro,
524 2328 694 2399 Beda,
741 2330 903 2386 Pauli
950 2330 1187 2387 Diaconi
1226 2333 1478 2389 Historia
1531 2336 1781 2392 Romana
1827 2342 1882 2392 et

235 2416 780 2488 Langobardorum,
817 2418 1186 2490 Fredegario,
1241 2421 1514 2477 Einhardi
1567 2424 1885 2481 Annalibus

232 2504 454 2575 quibus
488 2505 731 2562 fortasse
766 2504 897 2562 addi
932 2513 1181 2577 possunt
1212 2510 1400 2565 Ruﬁni
1425 2512 1677 2568 Historia
1701 2513 1886 2571 eccle-

231 2593 480 2649 siastica
514 2594 627 2664 (79)
660 2598 721 2649 et
748 2595 918 2651 Gesta
950 2596 1338 2654 Romanorum
1373 2600 1712 2669 pontificum
1738 2603 1883 2673 (80),

233 2696 359 2753 prae
410 2681 644 2737 caeteris
678 2697 815 2739 vero
848 2684 1130 2755 Epitome,
1158 2684 1383 2756 qualem
1434 2702 1504 2742 ex
1552 2689 1882 2746 Herimanni

231 2768 547 2838 Augiensis
576 2769 863 2827 Chronico
896 2772 1105 2827 factam
1149 2774 1413 2830 novimus
1446 2773 1579 2846 (81),
1614 2776 1684 2831 ab
1722 2777 1886 2834 initio

233 2872 421 2928 usque
472 2858 543 2914 ad
592 2858 759 2915 finem
814 2859 1111 2931 descripta
1163 2866 1270 2917 est.
1318 2864 1396 2917 Ex
1446 2863 1554 2919 hoc
1605 2879 1779 2934 opere
1828 2866 1885 2921 in

2000 386 2255 445 alienum
2288 402 2436 460 opus
2466 387 2607 445 satis
2628 391 2831 459 aperte
2858 384 3115 442 indicare
3138 384 3423 443 videatur.
3449 382 3640 450 Quare

2003 476 2329 534 Chronicon
2351 476 2846 545 Wirziburgense,
2872 474 3025 546 quod
3055 474 3229 530 etiam
3260 470 3488 543 longius
3520 485 3643 544 per-

2000 564 2239 622 ductum
2274 564 2452 622 fuisse
2484 564 2621 620 alibi
2652 562 2985 635 suspicatus
3016 577 3143 618 sum
3169 560 3281 632 (83)
3306 561 3576 632 quodque
3610 572 3639 614 a

1997 651 2269 724 pluribus
2301 653 2473 709 medii
2522 652 2630 710 aavi
2682 650 3074 723 scriptoribus
3129 650 3241 721 (84)
3290 649 3503 706 lectum
3552 654 3640 706 est

1997 745 2173 812 atque
2222 740 2603 812 exscriptum.
2641 754 2751 797 non
2783 740 2936 796 inter
2967 752 3155 810 opera-
3175 737 3278 795 sed
3312 736 3466 793 inter
3497 752 3643 809 prte-

1997 829 2204 903 cipuos
2260 828 2585 886 Ekkehardi
2647 829 2836 886 fontes
2892 825 3262 883 referendum
3318 829 3461 898 puto
3506 825 3639 897 (85).

1999 918 2188 985 Quare
2236 932 2444 976 nomen
2493 917 2680 989 ipsius
2711 933 2764 989 p.
2798 919 3043 974 17-32
3090 914 3366 971 editionis
3421 917 3641 971 nostra;

1998 1007 2254 1064 lectores
2285 1006 2517 1064 deleant
2556 1006 2747 1062 velim.

2065 1096 2188 1150 Jam
2222 1110 2361 1151 vero
2403 1094 2473 1150 ad
2503 1092 2906 1150 Ekkebardum
2940 1097 3321 1149 revertamur.
3369 1092 3492 1147 Non
3543 1088 3641 1146 diu

1997 1183 2148 1239 enim
2179 1182 2234 1237 in
2266 1197 2440 1254 opere
2487 1182 2588 1238 illo
2647 1180 2962 1252 acquievit,
2996 1179 3098 1237 sed
3155 1194 3289 1235 mox
3345 1178 3404 1234 id
3455 1181 3644 1233 retra-

1994 1269 2268 1327 ctandum
2291 1274 2348 1326 et
2374 1270 2831 1328 continuandum
2864 1268 3145 1340 suscepit.
3174 1270 3338 1323 Anno
3368 1269 3497 1321 1101
3528 1265 3643 1320 iter

1996 1357 2055 1415 in
2104 1363 2320 1415 terram
2385 1363 2642 1414 sanctam
2711 1356 2989 1429 suscepit,
3044 1354 3315 1427 sequenti
3368 1368 3641 1410 reversus

1994 1448 2231 1504 Romam
2276 1446 2439 1516 adiit,
2489 1445 2565 1502 ibi
2612 1446 2939 1517 paschalem
2999 1445 3248 1501 bannum
3296 1456 3437 1512 erga
3471 1441 3639 1498 Hein-

1996 1535 2179 1592 ricum
2200 1535 2610 1607 imperatorem
2635 1533 3099 1606 promulgantem
3122 1529 3364 1599 audivit,
3388 1528 3637 1600 indeque

1997 1624 2054 1679 in
2088 1622 2334 1695 patriam
2367 1636 2676 1691 regressus
2708 1624 2819 1678 est.
2855 1622 3011 1677 Tunc
3044 1618 3223 1676 multa
3255 1618 3487 1674 viderat
3511 1616 3637 1689 ipse

1994 1710 2087 1768 vel
2120 1711 2191 1766 ab
2220 1710 2350 1767 aliis
2372 1714 2679 1782 acceperat
2705 1709 2893 1765 relatu
2917 1708 3109 1778 digna,
3137 1712 3277 1763 tunc
3300 1704 3627 1777 praesertim

1997 1798 2067 1856 de
2079 1798 2449 1871 expeditione
2473 1798 2656 1870 prima
2679 1797 3101 1853 cruciferorum
3130 1794 3309 1851 multa
3332 1798 3503 1849 antea
3525 1791 3636 1865 ipsi

1996 1888 2190 1959 ignota
2240 1886 2580 1956 collegerat.
2634 1887 2766 1943 Hinc
2812 1884 3018 1958 procul
3079 1883 3258 1941 dubio
3308 1881 3417 1939 fuit
3465 1894 3640 1939 causa

1997 1975 2148 2048 quod
2182 1975 2240 2032 in
2270 1974 2471 2032 codice
2502 1990 2671 2046 quem
2702 1975 2983 2032 habemus
3013 1971 3379 2044 autographa
3412 1985 3462 2028 a.
3499 1973 3639 2029 1098

1994 2069 2053 2120 et
2087 2069 2223 2122 1099
2249 2062 2565 2121 Historiam
2598 2062 2814 2121 delevit
2848 2076 3172 2133 novamque
3193 2074 3436 2132 eamque
3461 2057 3644 2116 fusio-

1996 2167 2117 2210 rem
2166 2168 2359 2210 rerum
2405 2157 2547 2227 tunc
2596 2156 2892 2223 gestarum
2944 2150 3338 2207 narrationem
3387 2160 3638 2205 exorsus

1996 2246 2082 2299 est
2118 2242 2251 2314 (86),
2286 2256 2456 2313 quam
2490 2242 2614 2299 sive
2644 2240 2867 2299 calamo
2898 2240 3174 2297 continuo
3202 2238 3325 2295 sive
3356 2235 3641 2309 temporis

1998 2330 2253 2388 decursu
2284 2331 2353 2387 ad
2401 2345 2451 2387 a.
2489 2345 2671 2401 usque
2719 2330 2859 2387 1106
2908 2326 3293 2386 continuavit.
3347 2327 3463 2382 Hac
3512 2324 3646 2381 libri

1998 2424 2164 2492 parte
2194 2420 2377 2489 magis
2412 2418 2689 2476 Ecclesiae
2715 2419 2889 2488 favet,
2917 2431 3028 2473 non
3051 2414 3305 2472 Heinrici
3341 2413 3650 2485 imperato-

1998 2506 2100 2577 ris,
2120 2507 2225 2565 sed
2250 2506 2501 2565 ﬁliorum
2526 2506 2830 2563 rebellium
2870 2509 3069 2577 partes
3096 2502 3212 2573 agit
3235 2501 3368 2573 (87),
3397 2514 3647 2573 prieser'

1998 2596 2099 2652 tim
2126 2596 2391 2668 quintum
2414 2596 2770 2662 Heinricum,
2791 2593 2960 2664 cujus
2990 2593 3193 2665 primae
3227 2590 3407 2648 curiae
3440 2605 3471 2646 a
3507 2592 3646 2646 1105

1996 2685 2308 2742 Nortbusae
2334 2685 2533 2742 aderat
2556 2683 2692 2756 (88),
2715 2683 2992 2740 laudibus
3016 2681 3203 2739 effert.
3231 2677 3446 2736 Eodem
3471 2692 3646 2735 sensu

1999 2779 2137 2831 tunc
2171 2774 2348 2831 etiam
2384 2774 2438 2830 in
2472 2774 2655 2846 prima
2681 2772 2814 2828 libri
2836 2774 3004 2844 parte
3027 2769 3291 2842 quadam
3316 2767 3409 2824 vel
3432 2766 3649 2824 delevit

1997 2862 2090 2919 vel
2137 2863 2382 2920 mutavit
2436 2863 2570 2934 (89),
2622 2861 2757 2918 hinc
2802 2859 2935 2917 inde
2982 2858 3158 2917 etiam
3203 2870 3466 2914 errorem
3517 2870 3645 2912 cor-

233 2946 902 3019 ElikehardiCbronicon
919 2948 1248 3005 universale
1264 2951 1686 3022 quamplurima
1703 2956 1888 3011 trans-
1923 3006 1965 3023 Α
2000 2951 2148 3009 rexit
2178 2951 2321 3023 (90).

232 3011 373 3092 iisse
409 3041 568 3108 patet
602 3041 864 3108 aspectu.
904 3038 1040 3093 Cum
1093 3052 1228 3094 vero
1280 3006 1512 3095 eosdem
1544 3040 1886 3111 plerumque
1919 3006 1968 3068 δ
2071 3006 2505 3112 Νθίξιιθίειηθη
2556 3040 2609 3096 in
2660 3039 2751 3095 his
2799 3037 3069 3095 substitit
3116 3040 3342 3093 auctor.
3378 3034 3648 3092 Heinrico

234 3125 431 3180 fontes
459 3124 512 3180 in
544 3130 793 3196 utroque
812 3140 989 3196 opere
1013 3126 1309 3182 adhibitos
1331 3127 1609 3197 viderem,
1628 3128 1887 3186 eamdem

231 3212 356 3267 fere
390 3227 587 3268 rerum
618 3212 1112 3285 disponendarum
1157 3216 1442 3270 rationem
1491 3214 1888 3287 deprchende-

230 3316 380 3369 rcm,
408 3300 659 3371 denique
693 3306 1005 3372 utrumque
1041 3317 1152 3357 uno
1187 3303 1476 3359 volumine
1509 3304 1882 3375 conjunctum

230 3388 578 3458 invenirem,
610 3403 817 3460 parum
848 3390 1053 3446 aberat
1084 3390 1220 3461 quin
1271 3392 1445 3447 etiam
1480 3394 1625 3449 hanc
1662 3394 1887 3450 brevio-

230 3491 356 3532 rem
402 3476 708 3532 historiam
758 3476 1099 3533 Ekkehardo
1150 3479 1518 3535 tribuendam
1570 3494 1698 3537 esse
1748 3481 1883 3537 mihi

234 3566 676 3637 persuaderem.
708 3565 916 3621 Obstat
937 3570 1126 3622 tamen
1147 3566 1301 3637 quod
1332 3582 1519 3638 neque
1550 3569 1885 3641 Fredegarii

228 3653 735 3710 continuationem
752 3668 939 3724 neque
956 3655 1128 3711 Gesta
1146 3655 1482 3726 pontificum
1496 3658 1883 3716 Romanorum

232 3742 290 3797 in
317 3755 527 3812 magno
550 3741 834 3798 Chronico
857 3741 1195 3799 adornando
1219 3743 1596 3801 Ekkehardus
1619 3745 1883 3811 adhibet;

230 3845 366 3901 quae
399 3830 496 3885 vix
531 3828 914 3900 neglexisset,
948 3831 994 3886 si
1029 3830 1100 3887 ad
1130 3845 1333 3887 manus
1367 3832 1696 3899 habuisset;
1731 3836 1883 3905 quod

230 3934 347 3974 non
400 3932 628 3991 semper
677 3917 829 3975 idem
881 3918 1026 3974 ordo
1075 3918 1346 3991 idemque
1380 3934 1573 3977 sermo
1604 3924 1881 3994 occurrit,

229 4006 487 4079 denique
510 4005 663 4079 quod
683 4006 1064 4064 Ekkebardus
1086 4007 1267 4065 semel
1290 4008 1361 4064 ad
1382 4023 1448 4064 ea
1472 4023 1600 4080 quae
1624 4010 1679 4066 in
1711 4010 1886 4067 Chro-

2000 3133 2212 3199 quarto
2244 3128 2368 3185 seni
2400 3142 2577 3185 exoso
2608 3130 2937 3184 sucesserat
2974 3124 3208 3195 juvenis
3246 3122 3548 3181 Heinricus
3579 3123 3644 3179 V.

2001 3215 2118 3287 qui,
2157 3222 2341 3289 patre,
2377 3220 2629 3286 mortuo,
2666 3213 2941 3272 Ecclesia
2975 3219 3034 3270 et
3088 3212 3316 3283 imperii
3364 3209 3646 3268 unitatem

1998 3304 2311 3361 restituere
2335 3304 2666 3374 videbatur,
2688 3303 2935 3373 ideoque
2957 3315 3183 3358 summo
3204 3299 3412 3371 plausu
3439 3298 3508 3354 ab
3530 3313 3648 3354 om-

1998 3392 2171 3450 nibus
2200 3396 2292 3449 est
2325 3396 2631 3464 exceptus.
2662 3393 2780 3449 Hoc
2811 3390 2986 3447 etiam
3018 3386 3419 3446 Ekkehardum
3447 3385 3643 3456 movit,

2000 3485 2059 3537 ut
2078 3480 2230 3552 stylo
2244 3480 2499 3552 quietem
2514 3481 2829 3550 denegaret
2844 3493 3092 3550 eumque
3106 3474 3361 3535 Heinrici
3376 3473 3648 3532 laudibus

1999 3568 2400 3627 describendis
2431 3568 2820 3626 libentissime
2848 3571 3108 3624 voveret.
3138 3567 3254 3622 Hoc
3292 3564 3419 3636 ipse
3452 3562 3650 3635 praela-

1997 3658 2158 3716 tione
2191 3658 2523 3731 profitetur,
2551 3673 2721 3730 quam
2755 3656 3027 3714 Heinrico
3060 3653 3312 3711 nondum
3337 3653 3646 3724 imperato-

1998 3760 2082 3817 re,
2107 3747 2221 3802 imo
2251 3760 2388 3817 rege
2423 3745 2517 3802 vix
2551 3745 2896 3815 constituto,
2933 3745 2991 3801 id
3020 3746 3110 3801 est
3142 3757 3197 3799 a.
3227 3745 3364 3799 1106
3386 3739 3482 3798 vel
3506 3742 3645 3797 1107

1999 3834 2282 3907 scriptam
2310 3848 2442 3893 esse
2475 3838 2633 3907 patet
2676 3833 2809 3906 (91).
2843 3835 3000 3891 Hanc
3044 3831 3311 3903 sequitur
3342 3828 3475 3886 anni
3510 3832 3647 3885 1106

2001 3925 2260 3983 Historia
2300 3923 2487 3997 ampla
2518 3928 2597 3994 et,
2624 3923 2735 3979 nisi
2760 3922 2930 3981 valde
2951 3921 3140 3992 fallor,
3166 3921 3223 3977 in
3247 3919 3456 3977 mediis
3480 3917 3648 3975 moti-

2002 4013 2110 4071 bus
2141 4013 2384 4085 scripta.
2412 4012 2553 4068 Nam
2577 4010 2907 4068 Heinricum
2926 4010 2995 4066 IV
3018 4009 3216 4066 verbis
3238 4004 3643 4066 acerbissimis

1807 4117 2008 4175 NOTAE
2023 4158 2038 4176 .

327 4234 420 4298 77)
452 4231 516 4287 V.
554 4230 723 4298 infra,
757 4230 874 4286 col.
907 4231 1029 4287 455.

327 4301 419 4372 78)
452 4304 514 4359 v.
556 4316 607 4358 a.
645 4302 1186 4372 1072,1085,1096,
1222 4302 1378 4371 1097,
1414 4301 1570 4359 1098.
1621 4306 1771 4360 1099.

326 4374 419 4439 79)
453 4374 573 4439 Col.
609 4375 730 4428 L72.

305 4444 423 4511 (80)
456 4444 574 4501 Col.
618 4445 740 4500 482.

328 4512 419 4585 81)
453 4515 701 4585 V.M0n.
732 4514 825 4568 SS.
859 4512 925 4585 V,
962 4517 1133 4585 p.73.

328 4520 390 4571 81
453 4520 516 4570 V.
554 4520 701 4570 Mon.
732 4520 825 4568 SS.
863 4520 903 4568 V
962 4520 1133 4585 p.73.

327 4520 421 4713 81%
455 4584 571 4641 Col.
595 4588 704 4664 ’756
727 4602 739 4638 :
766 4556 1064 4664 quod—ia.
1080 4581 1442 4664 quibusdam
1463 4583 1763 4642 chronicis
1783 4598 1886 4643 αη-

327 4659 375 4713 ‘a
406 4671 499 4713 ur.
533 4656 811 4713 Sequitur
842 4654 998 4713 quod
1030 4656 1131 4713 lbl.
1155 4654 1265 4711 col.
1302 4657 1405 4710 473
1439 4657 1561 4713 475.
1588 4660 1883 4713 narratur.

226 4654 499 4717 notatur.
533 4654 811 4726 Sequitur
842 4654 998 4725 quod
1030 4654 1131 4724 ibi,
1155 4654 1265 4711 col.
1302 4657 1405 4726 473
1439 4657 1561 4726 475,
1588 4660 1883 4723 narratur,

230 4731 327 4787 hic
360 4742 497 4783 vero
518 4725 636 4782 tam
668 4739 798 4781 cum
831 4726 1173 4795 vulgaribus
1206 4725 1518 4782 cantilenis
1550 4740 1720 4796 quam
1753 4740 1883 4783 cum

227 4798 507 4859 Iordanis
538 4796 821 4852 relatione
850 4801 1245 4867 comparatur.

304 4870 516 4996 (8321⁸17ἶ
551 4882 679 4939 quae
709 4868 765 4923 in
806 4865 1150 4937 praefatione
1197 4865 1269 4923 ad
1318 4865 1661 4925 annalistam
1714 4868 1888 4927 Saxo-

304 4957 364 4996 :m
440 4956 539 4995 1x1.

232 4957 364 5000 nem
396 4956 539 4996 (lle.

306 5012 422 5083 (84)
457 5011 541 5083 Α1)
563 5007 861 5083 annalista
894 5009 1121 5083 Saxone
1164 5010 1222 5064 et
1253 5008 1334 5083 _ip
1365 5008 1691 5083 annalibus
1741 5024 1889 5080 quos

235 5078 442 5159 dicunt
487 5078 1338 5159 Wirziburgenses_(M0n._§S.
1364 5079 1522 5159 Il,‘p.
1557 5082 1709 5159 239)ζ
1741 5078 1887 5159 quos

238 5154 459 5211 rectius
496 5150 806 5207 vocaveris
856 5150 909 5204 S.
965 5149 1171 5205 Albani
1223 5149 1614 5219 Moguntinos.
1662 5149 1779 5207 Hos
1830 5152 1885 5207 in

235 5223 560 5281 Annalibus
592 5219 1215 5289 Hildesheimensibus,
1251 5220 1693 5278 Erfortensibus
1738 5227 1798 5278 et
1829 5223 1881 5279 S.

233 5293 525 5367 Dysibodi
544 5291 874 5367 descriptos
903 5305 1075 5367 esse,_
1094 5290 1233 5367 alibi
1273 5291 1601 5367 ostendam.

305 5365 421 5434 (85)
480 5360 812 5434 Herimanni
860 5376 1001 5420 vero
1045 5360 1358 5434 Augiensis
1402 5361 1732 5434 Chronicon
1770 5361 1886 5434 jam

235 5430 745 5493 inter'Ekkehardi
780 5434 971 5490 fontes
1001 5431 1206 5489 referri
1240 5431 1444 5503 nequit
1475 5430 1571 5561 gf.
1607 5430 1882 5514 1100⁷88.

236 5507 303 5561 11.
339 5524 392 5561 n.
429 5509 572 5561 238:
604 5505 698 5561 Ill.
731 5519 788 5561 n.
835 5505 939 5561 20:
986 5503 1051 5560 V.
1103 5519 1157 5561 n.
1199 5501 1312 5561 73).
1361 5532 1430 5545 —
1519 5518 1557 5561 χ
1605 5503 1882 5561 Chronico

236 5507 303 5566 11.
338 5524 392 5582 p.
429 5509 572 5572 238;
604 5505 698 5576 111,
731 5519 788 5578 p.
835 5505 939 5572 20;
986 5503 1051 5560 V.
1103 5519 1157 5576 p.
1199 5501 1430 5574 73).‘—
1476 5501 1557 5564 Ex
1605 5503 1888 5564 Chronico

1916 4239 1967 4298 D
1999 4233 2331 4304 Wirziburg
2362 4234 2538 4291 etiam
2570 4247 2771 4305 regum
2795 4235 2851 4289 et
2877 4233 3294 4305 imperatorum
3329 4233 3447 4305 tam
3478 4232 3653 4288 Caro.

2000 4305 2287 4375 lingorum
2302 4302 2472 4376 quam
2495 4302 2783 4376 Saxonum
2806 4302 3177 4375 genealogias
3194 4304 3462 4373 sumptas
3484 4314 3619 4359 esse

1992 4366 2113 4445 jam
2144 4366 2407 4445 supra'n.
2444 4380 2512 4433 59
2542 4375 2684 4431 dixi.
2806 4366 2837 4375 ⁷
3022 4366 3082 4445 γ’
3121 4442 3134 4445 _
3166 4442 3175 4445 _
3274 4366 3370 4445 ,ς-
3627 4366 3643 4392 ’

2070 4447 2182 4529 (86)
2216 4441 2279 4503 ν.
2335 4446 2507 4529 intra,
2554 4446 2688 4527 001..
2720 4450 2845 4529 912,
2895 4447 2955 4528 et
3004 4441 3488 4529 “1,12.
3521 4447 3643 4529 £72.

1999 4484 2515 4598 Longioremublefli
2540 4484 2690 4598 £93111
2723 4484 3049 4598 $39331};
3059 4484 3644 4598 'rBFiésse'Eie‘éisEéi;

1997 4588 2107 4643 nisi
2132 4589 2551 4659 Hierosolymis
2577 4588 2790 4645 librum
2812 4588 2943 4659 ejus
2959 4588 3286 4659 argumenti
3304 4588 3645 4657 invenisset,

1998 4673 2169 4731 quem
2201 4657 2539 4717 exscribere
2568 4660 2803 4716 nolebat
2835 4657 2969 4731 (col.
3005 4657 3152 4727 972).

2067 4729 2181 4801 (87)
2243 4731 2565 4801 Conradus,
2625 4730 2696 4786 de
2765 4726 2878 4801 quo
2943 4744 2995 4801 a.
3060 4726 3195 4785 1093
3229 4726 3571 4801 scripserat
3631 4746 3643 4780 :

2000 4796 2396 4877 Chyo’m'cdua
2429 4796 2603 4877 ﬁlms
2644 4796 3025 4877 imperatoris
3043 4829 3111 4838 —
3129 4798 3297 4869 patri
3326 4796 3647 4877 rebettasse

1995 4871 2361 4950 infamatur,
2376 4867 2611 4950 ,εξ-,1099
2643 4867 2917 4950 laudatur
2949 4870 3034 4950 vir
3064 4867 3377 4950 peremnia
3398 4867 3649 4925 catholi-

1998 4941 2106 5013 cus
2133 4945 2193 4998 et
2224 4942 2562 5013 apostolicae
2593 4941 2716 5013 sedi
2750 4941 3242 5012 subjectissimus,
3275 4942 3391 4995 etc.

2092 5015 2182 5076 88)
2215 5011 2278 5067 νζ
2315 5011 2484 5082 infra,
2520 5011 2632 5068 col.
2667 5017 2799 5069 991.

2092 5084 2182 5155 89)
2212 5084 2275 5140 V.
2311 5097 2487 5155 supra
2536 5097 2591 5155 η.
2626 5087 2716 5141 83.

2093 5154 2182 5220 90)
2217 5156 2279 5209 Α.
2316 5154 2493 5220 1085;
2523 5154 2595 5211 cf.
2628 5168 2680 5209 a.
2710 5157 2864 5209 1072.

2093 5220 2183 5295 91)
2208 5225 2380 5295 Infra,
2395 5223 2506 5280 col.
2523 5228 2645 5281 999.
2662 5226 2800 5295 Tota
2820 5220 3468 5295 praefatioidgostendit.
3486 5223 3639 5280 Nota

2001 5293 2327 5366 praesertim
2343 5293 2519 5351 Verba
2537 5312 2549 5350 :
2574 5293 2961 5366 Tag-tandm
2971 5293 3144 5352 etaim
3154 5293 3539 5366 impetratum
3550 5308 3647 5352 ca-

1992 5364 2492 5436 put—Romanus
2516 5378 2546 5437 a
2570 5364 2793 5437 pulveri
2813 5364 3380 5437 jam_expergi808ns
3402 5364 3642 5437 orbis—

2006 5434 2388 5507 Tempusjam
2406 5434 2633 5507 venisse
2650 5434 2973 5494 miserandi
2994 5434 3093 5494 siti
3116 5434 3435 5507 testantur,
3452 5435 3523 5493 de
3539 5436 3648 5493 tua

1997 5506 2533 5579 indo’lc,etc.Beata
2546 5506 2663 5566 erit
2672 5507 2835 5580 ct—g
2844 5506 3485 5579 loricatorpraducctur
3496 5508 3644 5566 tota:
