3964 6044
372 132 490 200 447

1517 135 2000 208 EKKEHARDI
2042 135 2596 211 URAUGIENSIS

3651 140 3774 210 448

376 270 726 346 insectatur,
760 268 948 348 ipsum
981 278 1255 348 tanquam
1285 274 1754 350 hmresiarcham,
1788 283 2018 352 aposta-
2045 276 2102 341 A
2131 275 3088 355 labe/actam,etqualiterdeinde
3109 276 3775 351 Romanumimperium

380 365 519 431 tam,
556 363 879 420 animarum
901 371 1336 435 persecutorem
1360 367 1625 425 omnibus
1648 366 2020 424 contumeliis

379 448 615 519 dignum
661 451 860 521 habet,
892 453 1135 524 ejusque
1182 456 1441 512 fautores
1481 456 1709 512 ardenti
1754 469 2018 511 sermone

379 538 752 608 perstringit.
780 540 1154 598 Ekkehardus
1187 546 1323 599 tunc
1356 544 1550 600 Ottoni
1582 542 2015 614 Bambergensi,

381 626 478 697 qui
514 627 635 697 regi
661 627 879 698 juniori
913 644 975 687 se
1005 630 1332 703 addixerat,
1366 631 1628 690 adhaesit.
1665 632 1844 698 Quem
1870 648 2018 689 anno

380 716 519 771 1106
550 729 681 773 cum
714 715 843 775 aliis
888 718 1044 788 regis
1089 718 1300 790 legatis
1347 721 1583 777 Romam
1630 722 1872 778 missum
1905 720 2014 793 (92)

378 807 696 860 comitatus
745 818 877 862 esse
921 806 1178 877 videtur,
1229 812 1392 864 certe
1443 809 1575 865 anni
1618 809 1729 865 line
1770 808 2018 866 concilio

380 890 697 949 Guastaliis
742 893 943 951 habito
988 894 1174 952 adfuit
1221 897 1354 969 (93).
1392 897 1491 954 His
1535 898 1918 971 temporibus,
1953 902 2018 954 ut

378 994 556 1051 supra
592 979 862 1053 vidimus,
896 982 1076 1041 abbas
1106 985 1464 1044 constitutus
1494 991 1587 1043 est
1616 986 2012 1057 Uraugiensis,

378 1068 436 1123 et
469 1068 746 1141 deinceps
796 1084 909 1127 non
958 1071 1146 1130 solum
1195 1074 1471 1146 episcopo
1521 1076 1623 1132 sed
1666 1076 1841 1132 etiam
1892 1076 2015 1145 regi

370 1155 650 1213 Heinrico
675 1158 719 1211 V
742 1158 1140 1219 familiaritate
1170 1163 1519 1233 conjunctus
1551 1164 1730 1221 fuisse
1757 1163 2011 1220 videtur.

446 1243 672 1301 Etenim
729 1260 833 1303 rex
883 1262 953 1306 eo
1009 1253 1270 1323 tempore
1326 1266 1439 1323 quo
1471 1252 1706 1324 nuptias
1735 1267 1863 1309 cum
1899 1250 2014 1307 ﬁlia

376 1333 535 1402 regis
565 1332 793 1406 Anglici
824 1336 1236 1397 celebraturus
1267 1344 1396 1396 erat
1428 1340 1768 1398 Ekkehardo
1800 1354 2018 1414 praece-

376 1420 459 1491 pit
492 1427 553 1478 ut
586 1421 1004 1494 imperatorum
1026 1428 1339 1486 Historiam
1373 1429 1497 1485 sive
1530 1430 1850 1487 Cbronicou
1883 1430 2016 1487 inde

376 1524 405 1565 a
439 1508 630 1566 Caroli
661 1510 845 1582 Magni
880 1516 1241 1587 temporibus
1275 1531 1459 1588 usque
1489 1517 1560 1573 ad
1590 1532 1751 1576 suam
1783 1523 2015 1575 aetatem

2118 383 2232 441 per
2257 373 2653 430 successiones
2689 386 2898 443 regum
2925 371 3106 429 istius
3121 368 3322 441 gentis
3343 368 3776 441 excellentissi-

2125 460 2677 531 megubernaretur,
2694 462 2907 519 ceteris
2927 459 3224 518 chronicis
3246 455 3649 515 relationibus
3678 472 3777 514 ec-

2127 546 2330 618 clusis,
2346 550 2691 622 competenti
2713 549 3001 607 brecitate
3020 560 3209 619 usque
3240 544 3324 602 ad
3355 545 3479 603 hac
3512 546 3776 617 tempora

2129 635 2412 706 digerere.
2460 638 2707 696 Primus
2747 638 2942 709 igitur
2991 635 3144 693 liber
3186 634 3259 692 ab
3306 633 3543 706 origine
3581 632 3778 691 Fran-

2126 738 2326 782 corum
2348 739 2457 797 per
2488 740 2737 797 regnum
2758 724 3021 796 ejusdem
3036 723 3238 796 gentis
3262 723 3522 794 tempora
3543 722 3774 780 discur-

2120 813 2227 869 rit.
2243 814 2555 873 Secundus
2572 814 2721 872 liber
2732 813 2806 873 ab
2818 814 3067 886 imperio
3080 812 3241 869 Κανο
3249 812 3293 869 li
3306 810 3519 883 Magni
3540 811 3772 869 cmtcto-

2123 914 2261 960 rum
2287 916 2687 962 successorum
2714 904 2845 974 ejus
2873 902 3170 975 regimina
3198 901 3486 972 actusque
3514 897 3773 957 breviter

2125 991 2307 1063 atque
2332 1005 2518 1050 annos
2546 991 2824 1051 includit.
2856 991 3098 1049 Tercius
3128 990 3327 1047 autem
3358 986 3511 1046 liber
3538 986 3773 1046 orditur

2127 1079 2266 1138 acta
2290 1081 2471 1152 atque
2501 1080 2725 1153 agenda
2750 1081 2932 1152 hujus
2962 1077 3166 1150 quinti
3191 1075 3506 1145 Heinrici;
3521 1089 3639 1148 que
3654 1076 3772 1134 uti-

2123 1182 2263 1225 nam
2292 1182 2410 1226 non
2421 1170 2668 1241 possent
2686 1168 3003 1225 terminari
3024 1166 3232 1240 aliquo
3242 1166 3389 1237 ﬁne,
3415 1166 3528 1222 aut
3552 1165 3773 1222 saltem

2126 1256 2519 1315 terminentur
2514 1256 2856 1331 postmulta
2879 1253 3185 1313 curricula
3206 1266 3516 1325 annorum,
3536 1252 3603 1310 in
3617 1252 3773 1310 bona

2126 1344 2319 1402 etDeo
2352 1344 2490 1404 bene
2518 1345 2871 1418 complacita
2900 1342 3234 1401 senectute!

2198 1434 2404 1505 Incipit
2440 1433 2659 1506 primus
2690 1433 2857 1503 liber,
2885 1436 2948 1488 ut
2972 1445 3148 1502 supra
3172 1428 3485 1498 indicatur,
3509 1426 3774 1499 capitulo

2127 1522 2214 1579 De
2238 1522 2473 1594 origine
2499 1522 2884 1591 Francormn,
2910 1519 3108 1577 verbis
3140 1537 3153 1573 :
3182 1517 3551 1577 Francorum
3570 1516 3777 1589 gentis

375 1605 771 1695 componeret.
817 1602 895 1657 De
947 1618 1071 1695 quo
1107 1604 1294 1695 ipsum
1321 1606 1650 1695 audiamus
1694 1611 2013 1678 auctorem,
2045 1632 2100 1695 Β
2129 1612 2381 1671 eam-dia
2400 1613 2757 1682 Deantiqua
2777 1606 3771 1695 Trojanorumprodiereprosapia.

379 1686 478 1756 qui
510 1685 661 1746 libro
694 1687 841 1747 hanc
872 1691 1157 1763 prmmisit
1185 1693 1604 1766 praefationem.

450 1844 660 1887 INCIPIT
687 1844 978 1891 PROLOGUS
1020 1849 1324 1900 SEQUENTIS
1374 1851 1644 1895 CHRONICI
1675 1838 1694 1871 ¹
1722 1852 1941 1896 OPERIS.

458 1954 929 2019 Quamlibetrem
928 1957 1243 2030 publicam
1256 1961 1508 2018 testatur
1526 1963 1611 2021 Tu
1619 1963 1763 2022 llius
1770 1963 2022 2037 felicem

384 2041 525 2113 fore,
550 2044 607 2100 si
633 2045 735 2101 cel
758 2058 797 2103 a
822 2047 1195 2118 sapientibus
1221 2049 1490 2121 regatur,
1516 2064 1609 2109 eos
1638 2052 1748 2123 qui
1776 2064 1906 2108 eam
1931 2065 2021 2108 re-

376 2131 588 2188 xerint
603 2131 841 2190 studere
856 2135 1170 2207 contingat
1183 2139 1513 2210 sapientia,
1535 2141 1666 2197 sine
1685 2153 1808 2211 qua
1827 2141 2022 2212 ipsam

375 2219 800 2287 fortitudinem
811 2225 1238 2296 constatusque
1248 2228 1330 2283 ad
1339 2241 1547 2284 nomen
1560 2229 1915 2286 temeritatis
1926 2228 2021 2284 de-

372 2323 681 2380 generare.
698 2312 819 2371 Nos
836 2314 1028 2386 igitur
1040 2317 1367 2387 impensius
1384 2319 1612 2377 caeteris
1625 2332 1741 2391 gen
1749 2318 1905 2377 tibus
1928 2318 2021 2375 de-

380 2396 577 2456 bemus
592 2400 835 2470 gratias
845 2404 965 2460 Deo
976 2404 1225 2476 referre,
1242 2408 1548 2477 quoniam,
1562 2408 1791 2465 sedatis
1799 2407 2020 2479 procel-

381 2485 457 2544 lis
477 2487 697 2559 quibus
727 2489 1013 2550 hactenus
1033 2494 1472 2563 quatiebamur,
1491 2497 1770 2567 princeps
1793 2508 2022 2566 magna

378 2576 687 2646 sapientia
702 2593 1042 2652 magnaque
1062 2581 1294 2653 pollens
1322 2584 1684 2642 strenuitate
1712 2584 1795 2641 ad
1807 2583 2021 2657 guber-

382 2664 647 2721 nandum
658 2666 989 2725 Romanum
999 2668 1315 2740 imperium
1327 2671 1695 2742 emicuit,cui
1707 2673 1819 2729 Dei
1835 2672 2020 2743 dispo-

377 2751 484 2807 siti
489 2766 594 2808 one
604 2755 916 2812 universus
928 2756 1087 2813 orbis
1102 2758 1224 2813 tam
1235 2760 1536 2816 Romanus
1548 2773 1733 2829 quam
1750 2760 2020 2817 Teutoni-

378 2851 482 2896 cus
508 2842 740 2910 gaudet
756 2843 913 2900 omni
934 2843 1075 2903 nisu
1095 2846 1479 2918 applaudere,
1493 2847 1772 2906 videlicet
1799 2849 2020 2906 Henri-

2128 1703 2306 1770 Nam,
2338 1705 2451 1757 etc.
2487 1699 2617 1772 (94).
2651 1701 2785 1755 Tam
2818 1698 2939 1754 haec
2971 1710 3140 1767 quam
3184 1694 3487 1766 sequentia
3521 1692 3779 1765 plerum-

2132 1803 2243 1861 que
2282 1804 2413 1846 cum
2453 1787 2776 1844 Ekkebardi
2825 1785 3109 1842 Chronico
3168 1783 3247 1840 ita
3298 1782 3673 1852 conveniunt,
3712 1785 3774 1838 ut

2130 1876 2395 1935 eumdem
2416 1880 2737 1946 auctorem,
2764 1873 2903 1930 licet
2928 1886 3085 1929 more
3119 1886 3225 1928 suo
3258 1885 3462 1927 nomen
3495 1870 3774 1940 tacuerit,

2130 1966 2330 2023 statim
2363 1969 2662 2036 agnoscat.
2698 1962 2938 2021 Accedit
2971 1959 3123 2031 quod
3156 1959 3340 2016 codex
3370 1957 3577 2016 unicus
3606 1957 3780 2015 char-

2131 2058 2247 2111 tam
2280 2069 2508 2126 quoque
2538 2053 2801 2110 continet
2832 2051 2902 2108 ad
2952 2049 3368 2106 monasterium
3414 2046 3778 2117 Uraugieuse

2133 2146 2516 2214 spectantem,
2535 2140 2687 2212 quod
2711 2140 2961 2211 denique
2982 2142 3189 2195 auctor
3202 2136 3274 2192 ad
3290 2135 3617 2192 Cnronieon
3631 2137 3773 2191 ante

2132 2232 2419 2303 scriptum
2434 2229 2945 2301 diserteprovocat
2964 2226 3096 2297 (95).
3113 2257 3182 2265 -
3196 2224 3379 2295 Hujus
3395 2223 3528 2278 libri
3547 2226 3775 2295 textus,

2133 2334 2300 2390 quem
2332 2321 2390 2375 C.
2426 2318 2734 2387 nominavi,
2764 2315 3027 2388 quamvis
3057 2330 3129 2371 ex
3162 2312 3342 2386 priori
3376 2311 3661 2369 Chronico
3679 2312 3782 2369 de-

2133 2414 2421 2480 sumptus,
2449 2423 2521 2463 ex
2544 2405 2790 2476 singulis
2822 2406 2948 2475 ejus
2980 2402 3275 2475 capitibus
3305 2400 3780 2470 consarcinatus,

2132 2496 2422 2553 interdum
2454 2500 2647 2552 tamen
2677 2495 2748 2550 ab
2780 2493 2880 2549 illo
2913 2491 3157 2550 recedit.
3192 2489 3445 2545 Primum
3491 2488 3646 2545 enim
3706 2504 3784 2546 ex

2132 2583 2419 2653 Sigeberti
2456 2580 2887 2638 Gemblacensis
2926 2578 3207 2635 Chronica
3240 2575 3586 2648 quamplura
3618 2590 3785 2632 rece-

2130 2671 2235 2739 dit,
2266 2671 2478 2743 quibus
2513 2686 2676 2728 suam
2709 2667 3006 2741 ampliavit
3039 2666 3455 2735 narrationem,
3481 2668 3624 2722 tunc
3646 2663 3787 2721 inde

2130 2775 2157 2816 a
2194 2759 2383 2817 medio
2416 2758 2635 2818 saeculo
2671 2774 2745 2828 χι,
2771 2762 2995 2813 mutato
3028 2770 3223 2812 rerum
3256 2757 3438 2823 statu,
3469 2752 3783 2810 historiam

2128 2848 2305 2905 etiam
2337 2846 2671 2905 mutandam
2725 2844 2911 2902 duxit.
2948 2843 3255 2899 Heinricus
3300 2842 3539 2912 quintus
3587 2840 3784 2912 patris

380 2941 479 2984 cus
493 2930 2018 3010 quintusrewetquartusimperator,circompositus
2050 2987 2093 3010 η
2126 2951 2324 2995 manes
2357 2936 2694 3009 placaverat
2724 2946 3042 3007 pacemque
3076 2931 3228 2986 inter
3257 2928 3573 2987 Ecclesiam
3598 2933 3660 2985 et
3682 2929 3786 2986 im-

376 2987 702 3091 multiplici
2048 2987 2096 3050 C
2398 2987 3056 3097 imitamina
3081 3018 3260 3089 ﬁnita,
3289 3017 3631 3075 felicissime
3655 3020 3709 3074 st
3720 3032 3785 3074 a-

378 3104 441 3159 in
442 3121 613 3177 pace.
634 3110 783 3167 Cum
797 3110 993 3183 igitur
1011 3113 1137 3184 ipse
1145 3126 1279 3184 resp
1287 3113 2018 3173 lendeatcelutcoruscans

378 3195 595 3269 lucifer
604 3200 915 3269 splendore
924 3202 1220 3272 sapientie
1237 3203 1435 3259 elredo
1443 3204 1730 3260 leatomni
1742 3203 1876 3261 boni
1887 3204 2019 3261 odo-

372 3286 464 3343 ris
474 3288 794 3359 suaoitate,
817 3288 1103 3361 dignatus
1125 3292 1214 3348 est
1233 3291 2013 3365 nostraparoitatiprecipe-

374 3388 441 3430 re
452 3382 513 3431 ut
529 3376 781 3448 colligat
796 3377 917 3435 sibi
937 3379 1281 3436 chronicum
1302 3394 1444 3453 opus
1461 3394 1501 3437 a
1521 3380 1878 3453 temporibus
1897 3383 2019 3438 Ka-

373 3464 493 3519 roli
511 3462 726 3536 Magni
746 3479 934 3538 usque
953 3467 1036 3524 ad
1053 3481 1167 3525 sua
1191 3468 1469 3541 tempora,
1486 3468 1776 3527 servando
1796 3469 2019 3543 ubique

374 3552 940 3613 oeritatemistorice.
962 3555 1128 3622 Quod
1136 3570 1280 3627 opus
1289 3558 1552 3629 recipere
1563 3571 1696 3614 cum
1714 3559 1919 3615 nostra
1929 3573 2018 3617 re-

375 3641 618 3697 cusaret
643 3642 971 3714 imperitia,
995 3658 1100 3701 nos
1123 3646 1318 3702 tamen
1337 3647 1622 3717 compulit
1640 3646 1923 3705 deducere
1940 3646 2021 3706 ad

378 3727 645 3799 aliquem
656 3730 927 3803 ejectum
937 3746 1048 3790 sua
1061 3733 1392 3792 auctoritas
1403 3734 1463 3790 et
1471 3733 1673 3791 benioo
1681 3734 1885 3793 lentia.
1897 3737 1998 3793 Ha
2013 3764 2021 3770 -

380 3815 475 3875 bes
518 3818 731 3890 igitur,
764 3821 1142 3879 serenissime
1168 3821 1509 3893 imperator,
1536 3823 2022 3883 amministrante

2128 3114 2329 3172 bilisse
2362 3113 2474 3171 sibi
2506 3114 2670 3170 visus
2698 3115 2809 3168 est.
2837 3109 2972 3166 Ideo
3004 3107 3178 3165 etiam
3211 3106 3587 3163 Ekkehardus
3616 3122 3778 3164 nunc

2127 3204 2319 3261 omnia
2350 3202 2557 3259 vitavit
2593 3215 2721 3274 quae
2754 3199 3008 3271 antiquae
3031 3196 3339 3253 discordiae
3366 3209 3650 3252 renovare
3671 3210 3780 3267 po-

2130 3295 2320 3349 terant
2354 3291 2709 3360 memoriam,
2733 3302 2916 3359 eaque
2950 3285 3236 3356 mitigavit
3261 3298 3388 3355 quas
3410 3282 3593 3355 primo
3617 3282 3778 3341 libro

2128 3383 2334 3437 contra
2365 3377 2702 3448 Ecclesiam,
2737 3380 2940 3448 postea
2974 3378 3193 3431 mutata
3232 3370 3521 3429 sententia
3563 3376 3779 3430 contra

2128 3469 2461 3526 Ileinrieum
2494 3468 2564 3523 IV
2595 3466 3004 3537 imperatorem
3036 3464 3275 3534 ejusque
3314 3460 3570 3518 asseclas
3600 3460 3783 3519 nimis

2128 3559 2335 3615 acerbe
2369 3555 2687 3627 scripserat
2722 3554 2856 3626 (96).
2893 3552 2953 3609 Id
2985 3552 3135 3608 enim
3186 3550 3434 3619 studuit,
3468 3554 3535 3606 ut
3572 3563 3779 3606 rerum

2127 3649 2427 3718 gestarum
2460 3643 2763 3714 imaginem
2815 3641 2990 3697 talem
3039 3639 3308 3696 Heinrico
3333 3636 3554 3707 juniori
3585 3637 3781 3709 porri-

2128 3739 2315 3806 geret,
2336 3748 2465 3806 quaa
2484 3732 2626 3790 nulli
2652 3729 2803 3805 parti
2829 3730 3049 3786 faveret
3072 3741 3257 3800 neque
3282 3726 3629 3798 cujusquam
3653 3725 3780 3781 ani-

2131 3837 2283 3880 mum
2316 3820 2609 3878 offendere
2643 3822 2857 3891 posset.
2893 3816 3017 3883 Quo
3046 3815 3337 3872 adductus
3369 3818 3481 3884 est,
3508 3819 3572 3869 ut
3593 3826 3780 3869 anno-

383 3907 641 3964 caritate
660 3907 1002 3965 clzronicum
1022 3911 1538 3982 opus,e:ccerptum
1556 3924 1674 3969 non
1695 3911 1920 3982 nostra,
1935 3912 2031 3971 set
2132 3926 2258 3969 rum
2293 3914 2429 3967 1105
2459 3913 2516 3965 et
2548 3911 2686 3964 1106
2715 3906 3028 3964 Historiam
3060 3917 3267 3960 novam
3298 3901 3604 3972 scriberet,
3637 3915 3780 3959 con-

377 4001 636 4053 ceterum
655 3997 1273 4070 cbronographorum'
1287 3998 1357 4038 δι·
1378 3999 1758 4069 auctoritate,
1784 4001 2024 4058 utinam

379 4097 497 4139 non
510 4083 844 4156 indignum,
862 4100 935 4142 ne
945 4086 1145 4144 dicam
1156 4086 1344 4145 oculis
1354 4087 1781 4159 imperatoriis,
1797 4089 1893 4146 set
1901 4088 2022 4146 sal-

380 4171 488 4228 tim
517 4174 787 4231 minimis
813 4173 1131 4232 lectoribus
1153 4176 1268 4233 ture
1285 4175 1484 4233 curia.
1505 4176 1653 4233 Cum
1670 4176 2022 4248 igiturLtota

378 4262 631 4320 intentio
645 4258 828 4333 bujus
844 4262 987 4321 libri
1001 4262 1123 4320 tam
1134 4263 1390 4321 Romani
1409 4264 1650 4335 imperii
1669 4278 1854 4335 quam
1879 4266 2019 4323 Teu-

2132 3997 2633 4068 tinuationemque
2693 3993 2933 4051 adderet
2985 3991 3187 4049 eodem
3241 3990 3431 4047 animo
3488 4004 3658 4062 aequo
3710 3994 3778 4045 et

2132 4087 2433 4144 moderato
2462 4086 2807 4143 confectam.

2201 4178 2445 4233 Exstant
2469 4173 2961 4245 .veroflpraaterea
3011 4170 3141 4228 duae
3186 4167 3454 4226 Chronici
3484 4166 3779 4225 Ekkehar-

2131 4264 2285 4320 diani
2311 4262 2854 4331 recensiones,jquze
2874 4273 3003 4316 cum
3021 4258 3084 4316 0.
3103 4258 3160 4314 in
3177 4255 3375 4313 multis
3387 4255 3773 4326 conveniunt,

382 4350 2018 4425 toniciregnideseroiatbonoriguorumregnormncon-
2046 4346 2099 4406 D
2131 4352 2392 4425 quamvis
2425 4353 2481 4408 in
2514 4350 2644 4407 aliis
2674 4354 2792 4407 tam
2825 4350 2897 4405 ab
2929 4348 3037 4405 hoc
3070 4361 3238 4417 quam
3289 4361 3319 4402 a
3368 4344 3553 4419 priori
3600 4348 3776 4402 textu

370 4437 604 4506 functio
618 4436 1057 4507 cepitaKarolo
1077 4438 1476 4511 Francigena,
1493 4442 1895 4500 necessarium
1915 4441 2019 4499 du-

381 4528 605 4593 ximus,
624 4524 747 4580 tam
766 4524 1152 4584 nobilissima
1160 4528 1383 4598 gentis,
1396 4543 1512 4600 que
1532 4528 1758 4587 habilis
1780 4529 2021 4587 inventa

379 4612 558 4668 estad
565 4614 959 4683 procreandos
971 4616 1233 4674 dominos
1245 4617 2021 4689 Romanapotentiie,altius

378 4702 673 4774 originem
682 4704 960 4776 repetere,
977 4704 1037 4761 et
1046 4705 1135 4762 sic
1141 4718 1255 4778 per
1274 4706 1714 4777 antiquissima
1738 4705 2021 4765 nobilita-

380 4796 459 4848 tis
485 4792 903 4863 generationes
931 4807 1118 4865 usque
1132 4794 1215 4851 ad
1231 4794 1479 4851 eundem
1496 4795 1787 4852 Karolum
1805 4808 2020 4853 narra-

380 4881 536 4940 tione
548 4880 821 4953 deducta,
834 4882 1104 4954 qualiter
1113 4884 1241 4954 ipse
1251 4884 1709 4954 capesseretrem
1709 4883 2021 4956 publicam

2130 4440 2424 4499 recedant.
2478 4441 2735 4511 Utraque
2781 4436 3202 4509 praefationem,
3246 4449 3395 4491 anno
3446 4436 3580 4491 1106
3621 4447 3778 4505 prae-

2129 4530 2381 4599 missam,
2419 4527 2690 4586 Heinrico
2715 4525 2934 4595 juniori
2983 4524 3286 4593 directam,
3317 4523 3575 4591 exhibet,
3613 4527 3778 4578 utra-

2130 4632 2241 4688 que
2293 4621 2515 4673 textum
2564 4614 2688 4671 sine
2738 4627 3017 4669 annorum
3066 4610 3287 4669 tabulis
3330 4610 3615 4682 scriptum
3666 4609 3778 4666 sed

2130 4705 2329 4762 multis
2343 4702 2742 4761 additionibus
2754 4716 2826 4758 ex
2842 4700 3144 4773 Sigeberto
3167 4698 3490 4771 desumptis
3510 4701 3773 4768 auctum,

2128 4793 2378 4865 denique
2408 4790 2801 4850 narrationem
2852 4803 3135 4845 annorum
3193 4791 3331 4844 1070
3382 4800 3509 4858 sqq.
3544 4785 3774 4858 prebet

2131 4881 2421 4938 interdum
2450 4878 2655 4937 eodem
2689 4875 2857 4934 modo
2888 4880 3167 4933 mutatam
3200 4890 3313 4946 quo
3365 4873 3429 4932 σ.
3466 4874 3605 4930 Cum
3657 4872 3776 4932 hoc

1746 4970 1980 5027 VARUE
2022 4969 2419 5027 LECTIONES.

445 5039 464 5074 ¹
491 5041 657 5098 chon.
693 5041 815 5100 cod.
848 5039 870 5073 ¹
901 5041 1075 5098 Cbon.
1106 5040 1232 5099 cod.

1951 5110 2152 5169 NOTAE
2167 5152 2181 5168 .

372 5207 497 5269 tua,
531 5199 606 5269 si,
639 5205 754 5256 etc.

442 5268 557 5342 (92)
590 5268 765 5342 Infra,
799 5268 915 5327 col.
950 5275 1103 5327 1001.

470 5340 559 5397 93)
594 5340 711 5396 Col.
751 5346 907 5397 1015.

470 5344 559 5413 93)
594 5344 711 5396 Col.
751 5346 870 5397 101:

443 5344 558 5551 ἕως
590 5411 710 5467 Col.
746 5415 870 5466 713.

466 5486 533 5538 95
587 5484 650 5539 A.
687 5483 844 5547 1096,

466 5480 555 5551 95)
587 5484 650 5539 A.
687 5483 844 5547 1096,
880 5480 1075 5549 n.””,
1114 5495 1163 5537 a.
1200 5485 1356 5550 1101,
1393 5494 1447 5551 p.
1490 5484 1551 5537 et
1595 5480 1736 5546 “";
1772 5493 1820 5535 a.
1858 5484 2015 5550 1086,

369 5564 425 5607 η.
464 5554 523 5619 ';
552 5566 602 5609 a.
640 5554 796 5623 1093,
830 5565 882 5609 n.
922 5554 949 5576 ‘
978 5565 993 5614 ;
1027 5563 1077 5607 a.
1116 5556 1362 5623 1102,_n.
1398 5552 1419 5574 ‘
1454 5569 1470 5621 ;
1502 5554 1627 5621 220,
1658 5566 1712 5607 n.
1749 5552 1874 5606 "“.

2198 5197 2313 5269 (96)
2347 5196 2428 5254 Cf.
2464 5210 2513 5253 a.
2551 5197 2708 5263 1072,
2752 5209 2805 5249 η.
2841 5191 2906 5264 ‘l;
2935 5207 3007 5269 _a_.
3059 5196 3214 5269 1080,
3267 5209 3320 5269 u.
3365 5194 3393 5269 _‘
3424 5190 3775 5269 priesertim

2127 5261 2267 5326 vero
2294 5261 2349 5323 a.
2389 5271 2523 5323 1105
2554 5270 2609 5321 et
2648 5261 2801 5321 1106.
2830 5261 2899 5304 —‘
2932 5264 3073 5319 Hinc
3105 5261 3237 5320 inde
3266 5261 3565 5385 (col-.953),
3603 5275 3658 5341 n.
3683 5265 3774 5329 “;

2128 5354 2178 5385 st-
2214 5342 2369 5385 mna-
2403 5351 2458 5385 η-
2496 5338 2556 5385 ἐ
2591 5351 2639 5385 a.
2682 5338 2833 5385 1084-
2862 5349 2909 5385 a.
2948 5339 3104 5385 1083i-
3141 5350 3193 5385 n.
3230 5338 3279 5360 "
3309 5341 3484 5385 etiam
3540 5343 3774 5385 evnores

2128 5354 2178 5396 a.
2214 5342 2371 5409 1083,
2403 5351 2458 5392 n.
2496 5338 2519 5361 '
2542 5354 2557 5403 ;
2582 5351 2639 5409 _a_.
2682 5338 2909 5409 1084,4a.
2948 5339 3105 5409 1083i,
3141 5350 3193 5389 n.
3230 5335 3283 5360 "
3309 5335 3484 5392 etiam
3518 5335 3777 5389 leviores

2130 5406 2365 5466 errores
2407 5407 2651 5464 sustulit
2692 5407 2766 5477 (a.
2806 5406 2961 5474 1076,
3000 5408 3176 5474 1089).
