3964 6044
352 182 472 250 459

1519 175 2000 246 EKKEHARDI
2043 173 2596 245 URAUGIENSIS

3643 182 3764 246 460

354 321 616 380 nensium
647 336 676 379 a
710 319 959 378 Cratone
989 315 1158 391 Mylio
1189 334 1239 375 a.
1276 319 1414 375 1537
1461 316 1680 390 collati,
1733 315 1882 375 alius
1926 322 2006 372 in-
2034 317 2088 379 A
2123 315 2477 375 tinuationes
2506 317 2748 390 subjeci,
2782 317 2984 390 quales
3015 315 3071 374 in
3103 315 3406 375 codicibus
3437 317 3523 389 0.,
3559 319 3652 390 D.,
3687 321 3759 378 E.

352 412 610 469 editione
642 427 692 467 a.
729 413 866 465 1569
894 408 1229 466 adornanda
1258 408 1573 466 adhibitus.

422 500 638 557 Ultimo
668 499 797 556 loco
829 498 1062 555 codices
1097 497 1428 554 nominandi
1460 501 1613 567 sunt,
1663 496 1873 566 quibus
1923 498 2006 552 hi-

353 589 555 646 storiae
587 589 700 646 illae
732 587 1064 657 Alexandri,
1099 587 1437 656 Gothorum,
1469 586 2000 654 Langobardorum,

354 680 643 736 Saxonum
678 678 862 748 iisque
887 675 1194 745 conjuncta
1247 677 1375 731 Vita
1409 673 1742 730 Mahthildis
1788 675 2002 745 reginae

355 767 630 837 leguntur
705 764 1579 834 :Vaticanus-Guelferbytanus,
1629 764 2002 819 Monacenses

355 855 492 926 duo,
525 854 996 924 Wirzburgensis
1027 852 1196 924 (178).
1257 851 1479 918 Quibus
1521 851 1751 908 accedit
1803 852 2000 922 regius

352 943 708 1000 Parisiensis
739 958 792 997 n.
825 945 956 998 6181
995 941 1177 1012 (Colb.
1213 941 1374 1010 3999)
1405 941 1615 1010 chart.,
1662 955 1710 995 s.
1743 955 1836 1008 xv,
1887 955 2000 1010 quo

355 1032 618 1090 historiae
669 1033 1040 1099 Francorum,
1096 1030 1434 1098 Gothorum,
1489 1029 2000 1098 Langobardorum

352 1121 743 1178 continentur.
779 1121 838 1175 In
871 1118 1000 1175 aliis
1031 1119 1278 1189 denique
1312 1118 1479 1174 libris
1512 1133 1649 1174 mss.
1703 1118 1823 1174 sola
1876 1117 2003 1173 Ale-

353 1209 556 1265 xandri
591 1208 775 1278 Magni
808 1206 1055 1264 historia
1089 1207 1419 1262 invenitur:
1453 1221 1502 1262 e.
1528 1221 1614 1275 gr.
1647 1207 1997 1275 Monacensi,

352 1300 771 1355 llannoverano
797 1295 1377 1368 (179),Weimariensi
1399 1297 1564 1366 (180),
1581 1295 1806 1351 Ienensi
1831 1295 1994 1367 (181).

423 1387 522 1442 Hir
538 1385 819 1443 subsidiis
838 1385 1148 1441 ubersimis
1173 1399 1313 1440 usus
1337 1384 1391 1439 id
1415 1384 1527 1453 egi,
1556 1388 1618 1440 ut
1655 1383 1841 1454 primo
1866 1383 1998 1439 loco

353 1475 674 1532 Chronicou
707 1488 755 1529 a.
795 1476 930 1528 1106
953 1473 1279 1529 absolutum
1301 1488 1372 1528 ex
1396 1472 1598 1528 codice
1638 1473 2000 1543 autographo

353 1579 523 1636 quam
556 1562 891 1618 ﬁdelissime
915 1561 1167 1630 ederem,
1193 1575 1393 1616 omnes
1417 1574 1556 1616 vero
1577 1562 1996 1630 correctiones,

2120 406 2198 477 (et
2221 407 2586 477 B')exstant,
2613 408 2992 478 (liversosque
3015 412 3232 475 textus,
3260 406 3356 463 ubi
3380 407 3576 478 'potui,
3621 408 3767 464 inte-

2117 509 2256 565 gros
2287 496 2521 564 retinui,
2557 497 2774 552 leviora
2803 497 3184 568 quibusinter
3205 511 3266 552 se
3289 495 3563 552 differunt
3589 501 3685 553 aut
3706 498 3762 552 in

2118 584 2377 653 margine
2407 589 2508 640 aut
2540 584 2594 639 in
2627 586 2781 641 notis
2812 584 3003 642 attuli.
3038 585 3254 641 Ultimo
3285 583 3415 640 loco
3437 584 3765 655 Hierosoly-

2115 673 2338 742 mitam,
2368 671 2482 741 jam
2518 689 2548 728 a
2580 674 2860 730 Martenio
2909 673 3150 743 editum,
3204 672 3486 730 recudere
3529 674 3763 745 quidem

2114 761 2294 831 nolui,
2332 761 2547 832 quippe
2578 761 2826 832 quicum
2853 763 3136 820 Chronico
3161 763 3505 833 plerumque
3545 763 3616 818 ad
3638 779 3767 820 ver-

2116 849 2249 907 bum
2283 851 2616 920 conveniat,
2645 851 3042 921 przefationem
3065 866 3203 909 vero
3223 851 3510 921 ﬁnemque
3533 867 3662 907 cum
3687 851 3766 908 le—

2111 940 2377 996 ctoribus
2408 938 2885 995 communicanda
2908 939 3108 994 curavi
3134 938 3383 1010 librique
3409 940 3649 995 formam
3673 955 3766 995 or-

2114 1029 2421 1098 dinemque
2453 1033 2726 1084 accurate
2755 1028 3002 1083 indicavi
3039 1028 3207 1099 (182).
3243 1059 3309 1068 -
3331 1028 3485 1085 Hanc
3504 1043 3644 1085 vero
3660 1030 3767 1084 Ek-

2113 1117 2349 1173 kehardi
2383 1116 2720 1187 editionem,
2756 1116 2826 1171 ad
2859 1131 3027 1186 quam
3053 1117 3172 1187 jam
3198 1122 3329 1172 ante
3351 1131 3554 1173 novem
3579 1132 3765 1174 annos

2112 1206 2369 1276 Haunim,
2406 1209 2610 1276 postea
2665 1204 2915 1260 Beroliui
2964 1221 3053 1261 me
3107 1205 3352 1275 accinxi,
3407 1208 3766 1263 Hannoveraa

2115 1311 2216 1366 per
2250 1293 2447 1365 plures
2475 1309 2658 1350 annos
2681 1293 3100 1364 continuatam,
3129 1295 3440 1366 prweipuis
3459 1295 3766 1352 codicibus

2111 1383 2321 1454 partim
2345 1383 2792 1439 eotransmissis
2807 1383 3763 1456 partimiuitineribusexscriptis,

2113 1486 2263 1529 nunc
2297 1471 2351 1526 in
2387 1471 2569 1542 patria
2606 1471 2859 1528 feliciter
2889 1487 2975 1527 me
3009 1471 3353 1543 absolvisse,
3390 1489 3498 1529 non
3523 1487 3765 1544 possum

2114 1560 2249 1631 quin
2282 1559 2450 1615 valde
2479 1560 2781 1629 gaudeam.

353 1652 707 1709 mutationes
729 1655 787 1707 et
818 1650 1162 1719 additiones,
1197 1665 1341 1720 quas
1372 1647 1749 1704 Ekkehardus
1795 1654 1996 1719 postea
2031 1677 2083 1735 Β
2186 1649 2398 1704 Dabam
2431 1647 2593 1706 Kilize
2627 1649 2719 1704 die
2751 1649 3050 1706 Pascliatis
3082 1663 3132 1704 a.
3169 1651 3323 1704 1843.

355 1740 562 1797 fecisse
595 1739 978 1810 dignoscitur,
1011 1744 1281 1794 accurate
1314 1738 1651 1794 indicarem.
1683 1739 1836 1794 Tun‘c
1867 1753 2000 1793 con-

3275 1739 3335 1794 G.
3373 1739 3582 1796 WAITz.

1937 1834 2158 1891 NOT/E.

362 1953 633 2010 memoria
664 1955 705 2018 Ι,
742 1951 1037 2021 Dalburgii
1087 1954 1242 2020 1840,
1295 1955 1372 2016 4ο,
1428 1967 1481 2021 p.
1531 1950 1587 2020 7)
1644 1956 1702 2006 et
1756 1951 2003 2006 fortasse

353 2030 562 2098 postea
593 2026 646 2098 in
680 2021 1236 2098 Hiedelbergenseni
1263 2022 1520 2098 de_v_e_nit.

448 2096 574 2164 178)
604 2097 682 2150 De
712 2093 924 2164 quibus
956 2095 1027 2148 cf.
1067 2093 1295 2148 Archiv.
1333 2093 1448 2161 Vll,
1483 2107 1538 2162 p.
1573 2093 1823 2148 486-489.

451 2170 573 2234 179)
609 2165 838 2221 Archiv.
874 2167 989 2233 Vll,
1027 2180 1080 2234 p.
1112 2167 1232 2220 490.
1259 2166 1379 2219 491.

452 2237 572 2304 180)
605 2238 686 2292 lb.
721 2237 862 2304 VIII,
895 2251 948 2304 p.
983 2238 1104 2291 692.

424 2171 552 2235 (179
609 2171 838 2221 Archiv.
875 2171 934 2221 Vl

424 2171 573 2380 £180;
605 2238 686 2292 lb.
721 2237 862 2304 VIII,
885 2251 928 2357 ἑ)

449 2312 542 2364 181
604 2308 686 2362 Ib.
724 2323 776 2378 p.
812 2309 880 2360 69
922 2347 934 2359 .

2187 1948 2333 2033 (182)
2367 1949 2585 2033 Scripsi
2621 1965 2669 2004 a.
2705 1953 2843 2006 1836
2871 1950 3765 2033 dissertationeiiiinauguralem

2113 2021 2200 2104 De
2223 2021 2506 2104 ςέζινοφιζσὶ
2523 2021 3341 2104 [λ’γξρεγρεηιςὶεργῇφηᾳρᾳνιρ,
3360 2025 3489 2104 ejus
3501 2024 3764 2104 auclore,

2099 2091 2381 2165 fontibus
2393 2093 2451 2147 et
2459 2092 2620 2162 apud
2623 2093 2886 2165 posteros
2899 2091 3373 2165 auctoritatemuj
3383 2091 3451 2150 us
3465 2091 3764 2165 specimen

2117 2162 2194 2217 ibi
2225 2162 2572 2232 impressum
2606 2166 2716 2219 est.
2755 2164 2835 2218 Ex

2865 2179 2976 2233 qua
3006 2163 3283 2220 nonnulla
3315 2163 3578 2222 etiam‘in
3612 2166 3764 2222 hanc

2117 2233 2513 2303 praefationem
2547 2233 2841 2290 transtuli.

832 2529 1796 2665 CHRONICON
1890 2530 3280 2665 WIRZIBURGENSE

1369 2735 1711 2806 AUCTORE,
1773 2736 1860 2792 UT
1917 2737 2243 2808 VIDETUR,
2301 2737 2752 2794 EKKEHARDO.

428 2989 539 3045 Sex
593 2984 802 3046 diebus
854 3001 1047 3044 rerum
1104 2988 1433 3042 creaturam
1491 2985 1643 3041 Deus
1713 2983 2002 3040 formavit.
2038 2981 2086 3046 Ο.
2189 2990 2274 3040 55.
2312 2983 2560 3056 Eclipsis
2587 2984 2732 3041 solis
2761 2987 2912 3041 facta
2944 2991 3054 3041 est.

355 3077 651 3236 Ρΐὸἓῗ)
682 3119 845 3236 (1881
867 3116 1442 3220 4.2.0ctaviani
1468 3161 1714 3231 Augusti
1739 3161 2004 3228 Caesaris,

352 3270 423 3312 ex
453 3270 567 3325 quo
599 3257 790 3310 autem
823 3253 1100 3323 zEgyptus
1132 3251 1184 3306 in
1221 3249 1581 3321 provinciam
1626 3249 1861 3305 redacta
1912 3252 2004 3303 est

352 3348 410 3400 et
443 3341 748 3414 Cleopatra
782 3355 911 3396 cum
945 3338 1194 3396 Antonio
1226 3339 1382 3394 victa
1413 3341 1481 3393 29
1512 3352 1681 3407 anno,
1735 3338 1806 3393 ab
1852 3337 2006 3393 Urbe

355 3445 496 3489 vero
525 3429 762 3487 condita
792 3433 913 3499 752,
947 3426 1278 3498 olimpiadis
1311 3429 1415 3482 190
1445 3430 1494 3497 3,
1546 3440 1695 3481 anno
1742 3425 2010 3481 dominus

357 3523 561 3576 noster
580 3517 792 3574 .lhesus
811 3516 1081 3572 Christus
1106 3515 1159 3569 in
1189 3512 1518 3570 Betheleem
1535 3513 1698 3570 ludas
1723 3513 2003 3582 nascitur,

359 3607 678 3664 transactis
703 3606 774 3662 ab
824 3605 989 3661 initio
1037 3602 1230 3660 mundi
1287 3602 1606 3658 secundum
1660 3602 2004 3658 Hebraicani

355 3695 665 3754 veritatem
730 3694 897 3750 annis
958 3695 1118 3763 3542,
1190 3690 1512 3749 secundum
1576 3694 1648 3746 7O
1722 3691 2009 3762 interpre-

351 3788 448 3841 tes
495 3785 652 3840 5199.

430 3875 592 3929 Anno
620 3869 881 3940 ejusdem
913 3871 980 3925 43
1011 3868 1050 3923 ⁵.

429 3963 592 4016 Anno
640 3961 728 4016 44.
782 3960 1082 4028 Augustus
1130 3956 1434 4029 Tyberium
1480 3960 1540 4012 et
1584 3955 1894 4029 Agrippam
1954 3957 2009 4014 in

361 4050 511 4108 ﬁlios
539 4048 858 4122 adoptavit.
890 4045 1152 4104 Herodes
1181 4045 1434 4102 infantes
1464 4044 1702 4102 occidit.

421 4143 510 4198 45.
556 4138 734 4196 Iudas
779 4135 1035 4194 Galileus
1081 4135 1151 4191 ad
1200 4133 1600 4191 rebellandum
1645 4134 1868 4192 Judeos
1916 4149 2011 4191 co-

359 4229 652 4286 hortatur.

431 4319 519 4372 46.
556 4315 792 4372 Asinius
821 4312 1008 4370 Pollio
1039 4315 1238 4368 orator
1269 4311 1534 4368 moritur.

433 4407 521 4460 47.
556 4402 817 4459 Herodes
847 4416 949 4459 rex
974 4399 1172 4457 Judcaa
1204 4414 1408 4470 magno
1437 4398 1703 4457 cruciatu
1725 4399 2006 4466 moritur;

364 4507 470 4567 pro
499 4505 611 4563 quo
641 4487 961 4547 Archelaus
989 4487 1252 4558 regnavit
1285 4501 1413 4544 ann.
1449 4490 1501 4543 9.
1558 4504 1559 4507 η

434 4581 521 4636 48.
557 4579 756 4634 Fames
786 4590 989 4646 magna
1017 4577 1210 4632 Romae
1241 4574 1389 4631 facta
1420 4578 1530 4632 est.

435 4671 521 4725 50.
550 4665 832 4739 Tyberius
862 4679 1044 4722 caesar
1080 4663 1374 4720 Dalmatas
1422 4664 1831 4736 Sarmatasque
1878 4664 2011 4720 sub-

358 4757 504 4832 egit.

431 4851 522 4905 53.
555 4844 682 4902 Iani
712 4847 900 4919 portae
931 4845 999 4901 12
1029 4855 1208 4901 annos
1236 4840 1352 4913 jam
1385 4840 1456 4898 ab
1487 4842 1752 4912 Augusto
1799 4840 2012 4901 clausas

362 4934 727 5012 aperiuntur.

2188 3077 2276 3128 56.
2313 3073 2630 3130 Archelaus
2660 3073 2715 3129 in
2747 3074 3019 3130 Viennam
3053 3073 3250 3132 Gallia
3289 3075 3490 3133 urbem
3538 3075 3612 3132 ab
3660 3082 3774 3135 Au-

2114 3165 2287 3231 gusto
2320 3161 2638 3233 relegatur,
2679 3167 2734 3218 et
2769 3163 2952 3219 Judea
3005 3163 3320 3221 tetrarchis
3351 3165 3768 3224 committitur.

2188 3251 2279 3319 (Η
2320 3253 2438 3314 .R.)
2493 3251 2634 3323 [184]
2686 3253 3002 3323 Postquam
3076 3253 3428 3310 Octavianus
3469 3255 3670 3311 victor
3701 3257 3774 3312 ab

2115 3339 2341 3395 oriente
2372 3340 2607 3395 Romam
2639 3340 2833 3410 rediit,
2868 3346 3006 3397 tunc
3029 3341 3275 3412 primum
3301 3345 3600 3412 Augustus
3634 3360 3774 3402 con-

2119 3424 2431 3496 salutatur,
2467 3441 2536 3482 eo
2568 3428 2720 3497 quod
2755 3427 3044 3498 publicam
3079 3442 3199 3483 rem
3223 3429 3474 3500 auxerit,
3500 3445 3676 3500 quam
3702 3447 3773 3488 ex

2115 3527 2186 3570 eo
2219 3515 2286 3568 44
2317 3528 2498 3570 annos
2531 3513 2691 3572 solus
2723 3515 2974 3571 obtinuit
3002 3532 3017 3582 ;
3051 3520 3220 3572 antea
3267 3516 3419 3572 enim
3469 3521 3536 3574 12
3582 3533 3776 3577 annos

2114 3619 2243 3659 cum
2275 3603 2526 3658 Antonio
2549 3607 2605 3659 et
2631 3603 2844 3675 Lepido
2869 3605 3152 3673 regnavit.
3189 3604 3370 3674 Hujus
3403 3608 3775 3679 temporibus

2117 3691 2208 3747 die
2241 3689 2418 3747 natali
2450 3691 2670 3746 Domini
2703 3695 2869 3748 trans
2894 3693 3159 3764 Tyberim
3193 3692 3263 3748 de
3303 3693 3548 3750 taberna
3598 3698 3777 3753 meri-

2118 3781 2268 3837 toria
2303 3782 2427 3836 fons
2459 3778 2571 3835 olei
2603 3795 2706 3852 per
2738 3784 2926 3837 totum
2955 3781 3106 3837 diem
3135 3796 3166 3839 e
3215 3786 3372 3838 terra
3420 3782 3607 3839 ﬂuxit.
3669 3787 3774 3842 Hic

2116 3883 2253 3939 erga
2285 3869 2444 3925 cives
2471 3868 2984 3940 clementissimus,
3020 3870 3076 3926 iu
3109 3870 3325 3929 amicos
3354 3871 3503 3930 ﬁdus
3529 3873 3730 3930 extitit
3758 3893 3772 3940 ;

2118 3972 2363 4029 quorum
2396 3957 2673 4030 praecipui
2705 3963 2870 4013 erant
2896 3959 3160 4015 Mecenas
3182 3961 3254 4016 ob
3277 3960 3769 4026 taciturnitatem.

2119 4046 2373 4118 Agrippa
2402 4047 2476 4101 ob
2505 4045 2849 4102 modestiam
2874 4046 3209 4118 laborisque
3232 4049 3596 4120 paeientiam.
3637 4050 3777 4105 Dili-

2118 4135 2291 4205 gebat
2327 4138 2611 4207 praeterea
2640 4133 2945 4205 Virgilium
2972 4135 3355 4207 Flaccumque
3377 4141 3602 4210 poetas,
3629 4135 3776 4195 libe-

2119 4223 2342 4281 ralibus
2373 4223 2585 4280 studiis
2615 4227 2842 4280 tantum
2875 4223 3235 4296 incumbens,
3287 4230 3353 4282 ut
3398 4224 3593 4283 nullus
3645 4224 3776 4284 dies

2037 4338 2092 4400 D
2120 4311 2438 4400 laberetur,
2473 4312 2610 4383 quin
2641 4311 2885 4400 legeret,
2913 4313 3221 4384 scriberet,
3250 4313 3627 4386 declamaret,
3657 4316 3774 4374 isto

2115 4399 2372 4471 glorians
2394 4400 2553 4456 dicto
2579 4419 2589 4455 :
2620 4399 2833 4458 Urbem
2855 4401 3194 4461 latericiam
3211 4405 3462 4476 repperi,
3492 4404 3777 4478 relinquo

2112 4503 2545 4562 marmoream;
2574 4493 2702 4546 toto
2732 4504 2980 4561 corpore
3009 4490 3272 4562 pulcher,
3305 4492 3407 4548 sed
3439 4491 3593 4548 oculi
3646 4493 3777 4562 ejus

2117 4580 2180 4634 ut
2202 4575 2692 4634 clarrissimorum
2715 4577 2984 4649 syderum
3007 4579 3181 4634 acies.
3209 4580 3251 4634 A
3275 4578 3442 4648 cujus
3465 4577 3608 4635 facie
3633 4579 3774 4637 dum

2119 4664 2352 4735 quidam
2373 4663 2539 4719 miles
2561 4667 2856 4721 averteret
2876 4663 3095 4735 oculos,
3123 4664 3519 4735 interrogatus
3540 4679 3651 4722 cur
3665 4666 3774 4722 hoc

2119 4752 2354 4822 faceret,
2390 4751 2726 4822 respondit:
2769 4751 2925 4818 Quia
2976 4751 3172 4809 lumen
3190 4753 3487 4811 oculorum
3534 4752 3777 4811 tuorum

2103 4840 2282 4914 ferre
2306 4853 2427 4899 non
2441 4853 2703 4912 possum.
2737 4839 2895 4895 Obiit
2927 4854 3076 4896 anno
3107 4841 3300 4897 aetatis
3333 4855 3452 4898 suae
3484 4845 3572 4912 75,
3600 4842 3772 4913 regni

2119 4944 2260 4988 vero
2289 4934 2376 5002 56,
2400 4930 2458 4987 in
2480 4927 2696 5003 oppido
2719 4927 2985 4992 Athena.
3011 4929 3191 4998 Quem
3213 4932 3501 4989 mortuum
3523 4934 3774 4990 senatus

1717 5079 1956 5136 VARIE
1994 5079 2392 5137 LECTIONES.

361 5210 384 5245 '
413 5211 612 5272 Annos
638 5221 856 5271 vacuos
878 5209 948 5269 in
975 5203 1356 5281 sequentibus
1382 5203 1574 5268 omisi.

1948 5292 1993 5347 Ν
1999 5289 2171 5348 OTIE.

433 5413 582 5484 (183)
606 5413 693 5484 ita
708 5410 1009 5484 Epitomen
1031 5423 1106 5484 ex
1124 5410 1463 5484 Herimanni
1471 5409 1756 5484 Chronico
1769 5408 2000 5484 factam,

357 5477 589 5561 qualem
601 5477 817 5558 exjco'd,
845 5477 1204 5552 Sangallensi
1229 5481 1542 5542 Sichardus
1554 5479 1760 5558 edidit,
1786 5477 1997 5539 indico.

2115 5406 2257 5481 (184)
2292 5405 2356 5466 Id
2387 5410 2480 5464 est
2509 5403 2674 5464 Pauli
2704 5405 2940 5464 Diaconi
2969 5405 3225 5466 llistoria
3254 5408 3524 5466 Romana.
