3982 6056
285 199 400 264 461

283 424 396 480 aut
423 440 536 482 non
565 431 909 487 nasceretur
940 436 1053 492 aut
1074 451 1191 493 non
1215 443 1539 498 moreretur
1559 453 1579 500 ,ν

354 513 641 586 Tiberius,
671 518 974 589 privignus
1021 525 1288 594 Augusti,
1336 532 1598 598 regnavit
1649 546 1778 589 ann.
1839 539 1926 590 23.

355 602 594 694 (H.AS.)
625 608 788 662 Anno
821 608 1081 677 ejusdem
1112 615 1299 684 primo
1321 619 1580 676 Herodes
1609 623 1928 694 tetrarcha,

280 689 475 757 magni
535 693 781 751 Herodis
834 697 1007 769 filius,
1073 715 1313 772 regnum
1368 707 1684 764 Judeorum
1747 689 1932 767 tenuit

279 786 416 830 ann.
470 781 556 834 24.

351 869 405 918 2.
429 866 814 927 Mathematici
838 873 989 929 Urbe
1039 877 1357 946 pelluntur.

355 957 406 1008 3.
427 955 650 1015 Livius"
679 961 1128 1038 hysteriograph
1139 982 1206 1023 us
1222 970 1488 1027 moritur.
1508 972 1747 1030 Ovidius
1759 981 1928 1045 poeta

281 1040 342 1095 in
380 1045 556 1102 exilio
586 1063 676 1104 mo
692 1050 861 1106 ritur.

361 1135 412 1186 4.
434 1134 809 1194 Germanicus
837 1152 868 1194 a
899 1139 1143 1210 Tyberio
1172 1145 1383 1202 missus
1418 1148 1732 1206 Germanos
1768 1150 1924 1206 vicit.

271 1227 582 1283 Tredecim
616 1228 792 1284 urbes
824 1234 1158 1287 terrzemotu
1199 1241 1570 1292 corruerunt.

350 1315 786 1373 5.Germanicus
843 1331 1029 1373 caesar
1087 1321 1356 1378 moritur.

347 1407 398 1458 6.
435 1403 758 1460 Fenestella
790 1413 963 1476 poeta
1015 1409 1281 1466 moritur.
1315 1396 1324 1404 “

346 1492 688 1562 7.Tyberius
728 1493 944 1552 multos
974 1511 1144 1567 reges
1174 1497 1242 1553 ad
1279 1513 1342 1555 se
1372 1503 1611 1557 vocatos
1633 1516 1922 1572 nunquam

268 1579 523 1635 remisit.

345 1671 397 1724 8.
435 1670 742 1727 Theatrum
789 1673 1026 1745 Pompei
1059 1674 1357 1732 incensum
1407 1681 1519 1733 est.

345 1763 396 1813 9.
413 1758 733 1829 Tbyberius
763 1763 1011 1818 Drusum
1043 1769 1376 1841 consortem
1411 1766 1572 1834 regni
1602 1766 1737 1823 fecit
1771 1785 1786 1834 ;
1821 1767 1916 1837 qui

265 1846 495 1902 eodem.
531 1860 680 1902 anno
715 1862 938 1905 veneno
969 1851 1160 1921 periit.

349 1939 429 1990 12.
450 1935 671 1994 Pilatus
701 1952 927 2008 praeses
943 1940 1141 1997 Judeae
1170 1955 1200 1997 a
1230 1941 1473 2012 Tyberio
1499 1942 1772 1999 mittitur.

343 2029 430 2079 15.
465 2026 738 2082 Dominus
783 2032 985 2084 noster
1009 2030 1218 2086 Jhesus
1259 2030 1524 2087 Christus
1561 2031 1914 2102 baptizatur,

267 2115 344 2167 30
372 2127 524 2169 anno
555 2115 872 2171 secundum
890 2131 1121 2173 carnem
1155 2117 1454 2189 incipiens.

344 2202 742 2259 16.Johannes
791 2204 1047 2276 baptista
1098 2206 1426 2264 decollatur
1473 2209 1546 2265 ab
1577 2209 1804 2264 Herode
1840 2211 1921 2264 te—

264 2290 523 2347 trarcha.

344 2381 427 2433 18.
460 2379 737 2436 Dominus
761 2394 973 2451 passus
1021 2387 1113 2438 est
1156 2385 1213 2438 et
1274 2384 1613 2441 resurrexit.
1661 2385 1922 2456 Eclypsis

261 2465 414 2523 solis
446 2472 504 2521 et
525 2471 882 2526 terremotus
912 2471 1099 2528 factus
1137 2475 1244 2527 est.

339 2559 421 2610 19.
452 2557 720 2628 Iacobus,
759 2559 938 2614 frater
969 2559 1210 2630 Domini,
1250 2560 1765 2619 Jherusalimorum
1802 2562 1921 2633 epi-

255 2657 478 2714 scopus
507 2646 577 2700 ab
621 2647 904 2717 apostolis
937 2648 1260 2721 ordinatus,
1291 2650 1444 2706 sedit
1479 2665 1608 2706 ann.
1653 2655 1739 2706 30.

331 2736 418 2788 20.
451 2733 676 2791 Pilatus
698 2735 1002 2805 imaginem
1025 2737 1266 2795 caesaris
1304 2738 1597 2810 intemplo
1630 2743 1918 2809 statuens,

253 2820 582 2878 seditiones
619 2823 819 2880 Judeis
871 2825 1168 2882 excitavit.

329 2914 416 2965 21.
465 2910 709 2981 Sejanus
753 2914 1068 2985 praefectus
1115 2915 1442 2987 Tyberium,
1478 2919 1542 2972 ut
1575 2915 1792 2972 Judeos
1822 2915 1918 2972 de-

254 2994 396 3066 leat,
445 2999 808 3057 cohortatur.
1161 3019 1164 3022 λ

329 3089 418 3142 22.
445 3088 721 3160 Agrippa,
746 3089 900 3147 filius
935 3091 1278 3164 Aristoboli,
1320 3096 1708 3163 cognomento
1738 3093 1915 3148 Hero-

255 3174 386 3244 des,
440 3177 725 3234 Herodem
777 3179 1129 3237 tetrarcham
1176 3184 1447 3252 patruum
1499 3197 1663 3239 suum
1719 3182 1912 3238 Romae

254 3280 562 3336 accusans,
598 3283 628 3322 a
659 3266 902 3336 Tyberio
936 3268 992 3323 in
1043 3268 1267 3326 vincula
1309 3270 1581 3326 mittitur.

329 3359 418 3412 23.
446 3355 651 3426 (ΗΕ.)
675 3356 954 3427 Tyberius
984 3357 1263 3428 populum
1297 3359 1613 3415 Romanum
1651 3358 1912 3428 graviter

257 3444 485 3514 afﬂixit,
519 3449 573 3500 et
610 3444 732 3515 ipse
760 3460 985 3501 veneno
1027 3446 1221 3516 periit.
1275 3447 1392 3502 Iste
1443 3448 1579 3517 quia
1633 3446 1912 3503 Claudius

255 3533 539 3603 Tyberius
571 3534 720 3589 Nero
780 3533 1108 3603 dicebatur,
1161 3548 1192 3588 a
1235 3533 1600 3603 jocularibus
1651 3535 1914 3591 Biberius

256 3623 417 3677 Mero
449 3622 524 3677 ob
554 3621 927 3678 vinolentiam
950 3621 1280 3678 nominatur
1312 3639 1326 3688 ;
1362 3624 1508 3678 satis
1547 3623 1803 3694 prudens
1854 3624 1912 3678 in

257 3711 440 3767 armis
457 3711 719 3781 satisque
743 3711 1075 3768 fortunatus
1101 3715 1232 3766 ante
1257 3715 1550 3781 sumptum
1584 3712 1910 3784 imperium,

257 3798 484 3855 habens
505 3798 811 3854 scientiam
846 3799 1167 3869 literarum,
1194 3799 1378 3855 multo
1417 3799 1649 3868 eloquio
1681 3800 1912 3868 clarus;

259 3886 365 3943 sed
417 3885 649 3955 ingenio
695 3887 971 3958 pessimo,
1030 3887 1312 3944 simulans
1365 3902 1426 3944 se
1464 3901 1530 3942 ea
1579 3887 1730 3944 velle
1786 3904 1915 3959 quae

257 3975 447 4032 nollet
479 3993 494 4043 ;
520 3989 622 4046 per
654 3989 718 4032 se
749 3977 938 4047 ipsum
969 3975 1126 4032 nulla
1163 3975 1313 4032 bella
1342 3976 1548 4045 gessit;
1580 3976 1812 4047 publice
1831 3978 1912 4034 rei

257 4080 393 4121 cum
425 4064 706 4121 modestia
741 4066 992 4136 praefuit,
1031 4065 1175 4121 adeo
1217 4069 1279 4121 ut
1323 4064 1673 4135 quibusdam
1718 4066 1920 4136 praesi-

258 4152 444 4210 dibus
475 4153 903 4224 provinciarum
937 4152 1157 4210 tributa
1181 4165 1396 4222 augere
1426 4151 1758 4210 volentibus
1780 4155 1921 4211 scri-

257 4244 450 4313 heret,
484 4241 618 4297 boni
654 4241 910 4313 pastoris
931 4256 1064 4298 esse
1090 4241 1329 4298 tondere
1359 4253 1535 4312 pecus
1567 4255 1681 4298 non
1722 4241 1918 4312 deglo-

259 4330 403 4388 bere
429 4347 443 4394 ;
474 4329 576 4386 sed
606 4329 887 4401 paulatim
919 4334 1180 4388 mutatur
1209 4329 1266 4385 in
1302 4330 1467 4401 pejus
1501 4345 1665 4396 ;nam
1687 4334 1745 4386 et
1765 4330 1919 4386 filios

259 4433 400 4475 suos
433 4417 750 4490 pluresque
807 4418 1090 4490 patricios
1120 4422 1180 4475 et
1203 4416 1549 4475 consulares
1581 4419 1914 4491 interfecit;

261 4505 664 4577 resolutisque
713 4507 942 4565 miliciae
974 4507 1224 4577 artibus,
1273 4506 1543 4562 Armenia
1591 4522 1624 4564 a
1662 4507 1913 4564 Parthis.

260 4604 484 4662 Mesiaa
504 4602 1360 4674 Dacis,PannoniaaSarmatis,
1389 4603 1570 4658 Gallia
1599 4619 1629 4660 a
1655 4603 1917 4660 finitimis

261 4693 542 4766 gentibus
581 4693 826 4764 direptae
856 4696 1013 4750 sunt.
1039 4693 1142 4749 Hic
1179 4696 1247 4750 23
1297 4692 1525 4763 imperii
1569 4707 1737 4762 anno,
1782 4697 1918 4750 teta-

264 4783 345 4840 tis
378 4786 468 4854 78,
500 4783 723 4853 ingenti
756 4781 1011 4840 omnium
1043 4781 1258 4854 gaudio
1289 4781 1733 4838 mortuusestin
1759 4782 1919 4837 Cam-

304 4885 454 4928 ama.

262 4887 539 5033 page.
572 4992 643 5002 —
673 4961 872 5035 Osos.)
905 4961 1080 5019 Gaius
1111 4961 1372 5033 Caligula
1403 4961 1670 5032 regnavit
1700 4975 1830 5018 ann.
1862 4963 1914 5032 3,

263 5064 499 5109 menses
529 5055 586 5122 6,
608 5050 736 5108 dies
765 5053 815 5108 8.
862 5050 963 5109 Vir
1015 5050 1466 5108 seelestissimus
1504 5050 1544 5107 ⁷.
1581 5051 1683 5107 Hic
1725 5050 1919 5106 excla-

264 5155 463 5199 masse
478 5140 666 5198 fertur
701 5139 979 5201 :Utinam
1008 5141 1573 5213 populusRomanus
1593 5153 1779 5197 mam
1800 5152 1919 5198 cer-

265 5229 747 5290 ricmltaberct!

1090 205 1530 284 CHRONICA.
1564 260 1642 270 —
1673 222 2152 293 CHRONICON
2194 231 2892 307 WIRZIBURGENSE

285 335 490 393 multis
511 341 698 396 modis
726 344 954 400 censuit
983 347 1398 422 decorandum,
1421 354 1622 413 dicens
1649 377 1661 411 :
1696 359 1934 417 Utinam
1962 364 2018 422 A

3566 263 3685 325 462

2122 365 2358 458 (H.151)
2410 375 2572 430 Anno
2622 381 2670 432 1.
2733 379 2992 437 Herodes
3048 386 3295 458 Agrippa
3371 407 3475 448 rex
3520 397 3684 454 ludas

2048 457 2410 515 constitutus
2443 477 2469 516 a
2505 465 2660 535 Gaio,
2706 470 2968 536 regnavit
3004 485 3131 527 ann.
3169 479 3217 529 7.

2202 545 2370 643 Judei
2413 552 2582 643 .apud
2621 553 3027 612 Alexandriam
3072 563 3459 632 proﬂiguntur
3507 587 3520 635 ;
3581 589 3683 643 pro

2047 630 2260 724 quibus
2280 634 2466 724 Phyle
2507 639 2869 700 clarissimus
2921 644 2940 676 ⁸
2997 630 3267 719 scriptor
3297 656 3449 724 apud
3484 630 3682 716 Gaium

2046 715 2446 793 interpellans,
2481 725 2620 780 nihil
2656 731 2892 798 profuit.

2116 809 2166 859 3.
2201 807 2423 865 Pilatus
2449 827 2511 866 se
2537 814 2722 883 ipsum
2749 817 3066 892 interfecit,
3094 825 3292 884 multis
3317 844 3344 883 a
3370 831 3508 886 Gaio
3532 833 3683 888 cala-

2044 893 2347 952 mitatibus
2381 900 2717 969 obpressus.

2115 983 2164 1035 4.
2198 983 2460 1042 Matheus
2482 992 2845 1060 evangelium
2869 995 3108 1066 scripsit
3132 1003 3430 1060 Hebraicc.
3453 1009 3625 1064 Gaius
3649 1025 3676 1065 a

2043 1071 2483 1136 protectoribus
2513 1077 2940 1136 suisocciditur
2981 1083 3036 1137 in
3076 1087 3291 1155 palatio
3324 1096 3680 1152 annoaatatis

2040 1159 2128 1226 29,
2165 1158 2326 1226 regni
2376 1175 2515 1218 vero
2563 1168 2612 1219 4.
2665 1169 2766 1233 (Η.
2812 1171 2880 1226 R.
2904 1202 2972 1211 —
3005 1174 3084 1227 Cf.
3107 1177 3224 1230 Jos.
3261 1179 3347 1233 De
3369 1179 3498 1235 bell.
3533 1185 3671 1239 Jac].

2039 1257 2100 1314 ιι,
2133 1247 2183 1298 8.
2239 1247 2386 1338 (llic,
2420 1251 2586 1306 Drusi
2641 1259 2700 1307 et
2744 1257 2969 1326 Tyberii
3012 1261 3404 1330 privicnorum
3431 1270 3674 1338 Augusti

2038 1346 2241 1403 nepos,
2265 1335 2758 1399 sceleratissimus
2779 1351 2926 1415 erat,
2943 1351 3244 1408 sororibus
3267 1354 3386 1410 suis
3407 1335 3673 1428 stuprum

2041 1420 2338 1479 intulerat.
2417 1427 2675 1484 Herodes
2743 1436 3057 1506 tetrarcha,
3118 1440 3214 1508 qui
3291 1441 3344 1496 in
3393 1420 3671 1504 Johannis

2039 1508 2314 1598 baptista)
2371 1529 2513 1572 nece
2560 1523 2764 1575 auctor
2802 1524 3000 1578 extitit
3046 1531 3102 1581 et
3155 1530 3403 1598 passioni
3448 1533 3670 1590 Domini

2037 1595 2324 1687 interfuit,
2353 1607 2413 1657 et
2436 1603 2560 1674 ipse
2586 1607 2682 1661 Gai
2708 1595 3266 1684 amiciciampeténs,
3297 1626 3542 1687 cogente
3569 1624 3673 1677 lle-

1951 1703 2004 1764 B
2037 1685 2274 1744 rodiade
2305 1690 2538 1747 Romam
2591 1696 2769 1765 venit,
2824 1698 2927 1752 sed
2975 1708 3287 1759 accusatus
3336 1685 3407 1761 ab
3450 1710 3671 1764 Herode

2035 1774 2308 1846 Agrippa,
2363 1779 2676 1837 Aristoboli
2729 1785 2926 1842 fratris
2969 1789 3058 1844 sui
3111 1789 3248 1860 filio,
3297 1797 3671 1852 tetrarchiam

2031 1861 2304 1934 perdidit,
2331 1869 2388 1920 et
2431 1866 2486 1921 in
2516 1869 2845 1941 Hispaniam
2906 1875 3147 1947 fugiens,
3195 1894 3420 1936 merere
3477 1885 3666 1953 periit.

2102 1949 2203 2017 (Η.
2234 1951 2329 2022 S.)
2355 1953 2630 2013 Claudius
2662 1974 2793 2014 anu.
2831 1966 2912 2031 13,
2951 1978 3180 2022 menses
3205 1970 3255 2036 8,
3292 1949 3525 2026 dies18.

2102 2039 2260 2094 Anno
2293 2040 2463 2111 hujus
2496 2048 2542 2098 1.

2099 2130 2150 2180 2.
2185 2128 2395 2185 Petrus
2435 2132 2670 2188 Romam
2713 2137 2950 2192 veniens
2980 2153 3084 2209 per
3122 2145 3189 2197 25
3229 2157 3412 2199 annos
3445 2146 3671 2216 episco-

2031 2217 2224 2285 patum
2260 2215 2472 2273 ibidem
2502 2221 2710 2277 tenuit.

2101 2308 2151 2358 3.
2185 2304 2415 2362 Primus
2443 2307 2755 2380 episcopus
2784 2313 3103 2370 Antiochiae
3143 2318 3393 2375 Evodius
3440 2321 3670 2378 ordina-

2029 2394 2146 2480 tur.
2173 2394 2431 2450 Herodes
2457 2397 2708 2468 Agrippa
2733 2399 2805 2454 ab
2829 2402 3034 2470 angelo
3051 2406 3410 2474 percutitur;
3439 2424 3542 2478 pro
3557 2425 3671 2480 quo

2032 2479 2187 2537 filius
2215 2481 2342 2550 ejus
2373 2483 2626 2554 Agrippa
2651 2487 2913 2556 regnavit
2947 2502 3076 2544 ann.
3117 2495 3203 2548 26.

2100 2571 2149 2623 4.
2195 2571 2396 2627 Fames
2426 2586 2629 2642 magna
2656 2574 2804 2632 facta
2840 2581 2951 2633 est.
2990 2579 3264 2636 Claudius
3315 2581 3667 2642 Britanniam

2030 2659 2282 2728 subegit.

2117 2755 2168 2805 δ.
2201 2750 2358 2805 Nova
2408 2749 2599 2808 insula
2658 2755 2729 2808 30
2789 2753 3108 2811 stadiorum
3178 2756 3234 2812 in
3300 2760 3441 2815 mari
3492 2776 3671 2833 appa-

2029 2837 2165 2894 ruit.

2097 2929 2148 2982 6.
2209 2925 2376 2983 Cives
2434 2929 2669 2984 Romani
2712 2945 2742 2986 a
2789 2929 3027 2988 Claudio
3080 2937 3392 3004 numerati,
3447 2938 3663 2994 inventi

1947 3048 1996 3110 Ο
2027 3017 2161 3110 sunt
2177 3008 2283 3110 _'69,
2311 3017 2430 3084 144,
2599 3016 2637 3071 ο.

2095 3103 2144 3155 7.
2169 3101 2483 3158 Judeorum
2520 3103 2574 3158 in
2597 3104 2894 3162 sedicione
2913 3110 3114 3177 30,000
3144 3115 3426 3167 necantur
3458 3111 3667 3169 diebus

2024 3204 2362 3246 aznnorum.

2092 3281 2144 3332 9.
2184 3278 2459 3335 Claudius
2488 3277 2534 3311 ιο
2559 3278 2774 3337 Judeos
2805 3280 2958 3336 Urbe
2989 3281 3233 3354 expulit.

2095 3370 2178 3421 10.
2216 3368 2413 3436 Magna
2450 3369 2630 3424 fames
2659 3369 2810 3424 facta
2841 3374 2954 3425 est.

2096 3467 2179 3518 11.
2209 3463 2483 3521 Claudius
2506 3465 2752 3521 Felicem
2791 3467 2988 3523 Judeae
3031 3472 3472 3538 procuratorem
3508 3470 3664 3527 fecit.

2096 3564 2180 3615 12.
2236 3561 2428 3617 Simon
2517 3576 2717 3631 magus
2759 3563 3090 3619 simoniacaa
3139 3565 3409 3621 hereseos
3465 3573 3670 3624 auctor

2023 3647 2240 3704 extitit.

2100 3750 2184 3800 13.
2248 3748 2550 3817 Egyptius
2598 3747 2828 3816 quidam
2882 3748 3395 3820 pseudoprophetl
3452 3751 3667 3808 Judeos

2025 3833 2358 3905 complures
2383 3835 2690 3900 seducens,
2721 3850 2750 3889 a
2784 3835 2972 3891 Felice
3004 3838 3372 3907 Opprimitur.

2100 3933 2184 3986 14.
2221 3929 2496 3984 Claudius
2528 3931 2776 3985 moritur
2806 3946 2954 3986 anno
2994 3933 3186 3988 astatis
3214 3949 3333 3990 suae
3363 3939 3450 4003 64,
3496 3937 3674 4006 impe-

2028 4020 2100 4077 rii
2134 4021 2216 4074 14.
2253 4019 2355 4073 Hic
2399 4018 2504 4072 fuit
2542 4021 2787 4088 patruus
2821 4019 3114 4088 Caligulae,
3149 4020 3303 4076 filius
3341 4023 3529 4092 Drusi,
3575 4025 3670 4092 qui

2030 4108 2182 4180 apud
2221 4106 2564 4175 Magontiam
2598 4112 3028 4162 monumentum
3058 4107 3230 4162 habet
3265 4127 3278 4174 ;
3323 4110 3489 4178 cujus
3530 4111 3672 4165 Cali-

2029 4196 2164 4267 gula
2206 4209 2386 4266 nepos
2418 4200 2546 4250 erat
2578 4193 2677 4264 (H.
2723 4196 2791 4251 Ε.
2846 4226 2914 4234 -
2952 4195 3152 4266 Onos.)
3180 4196 3360 4265 Hujus
3405 4201 3669 4268 tempore
3702 4219 3714 4232 ι

2029 4285 2213 4341 fames
2239 4282 2481 4338 maxima
2515 4284 2748 4337 Romam
2772 4282 3089 4352 corripuit;
3132 4283 3448 4353 imperator
3480 4286 3672 4339 convi-

1947 4395 2002 4456 D
2033 4373 2138 4432 ciis
2160 4375 2486 4441 correptus,
2522 4385 2551 4425 a
2577 4369 2790 4441 populo
2825 4369 3200 4424 fracminibus
3235 4371 3395 4440 panis
3419 4371 3672 4443 turpiter

2032 4462 2088 4518 in
2120 4462 2244 4517 foro
2279 4459 2606 4529 infestatus,
2642 4457 2861 4526 aufugit
2893 4475 2906 4525 ;
2936 4461 2994 4511 et
3026 4471 3247 4513 veneno
3279 4458 3472 4529 periit.

2104 4603 2204 4672 (H.
2253 4602 2325 4673 S)
2376 4601 2526 4655 Nero
2574 4612 2704 4654 ann.
2754 4602 2839 4667 13,
2903 4612 3134 4653 menses
3162 4603 3215 4666 7,
3247 4597 3373 4653 dies
3421 4600 3506 4653 28.
3557 4598 3672 4652 Iste

2029 4689 2520 4760 ﬂagitiosissimus
2551 4687 2655 4742 fuit
2683 4687 2735 4741 in
2767 4687 3012 4742 cunctis.
3048 4685 3367 4740 I’rimamin
3400 4684 3676 4739 Christia-

2030 4795 2136 4838 nos
2165 4776 2629 4850 persecutionem
2661 4773 2819 4829 fecit.

2104 4873 2153 4924 1.
2179 4867 2361 4937 Hujus
2389 4879 2536 4920 anno
2565 4861 2774 4918 seditio
2804 4861 2857 4915 in
2889 4861 3133 4916 Cesarea
3177 4863 3305 4915 orta
3335 4861 3447 4929 est,
3473 4856 3674 4929 plures

2031 4957 2347 5017 Judeorum
2382 4951 2656 5025 perdidit.
2686 4951 2893 5006 Festus
2917 4947 3092 5004 Felici
3117 4947 3424 5003 successit.

2101 5047 2154 5101 2.
2203 5041 2419 5100 Paulus
2466 5037 2770 5112 apostolus
2821 5037 3054 5092 Romam
3099 5048 3130 5089 a
3175 5035 3347 5090 Festo
3429 5032 3676 5104 praeside

2033 5139 2499 5292 mgflﬁutfeusque
2531 5216 2744 5276 librum
2771 5215 3019 5274 Actuum
3062 5210 3460 5286 apostolorum
3492 5208 3678 5266 Lucas

1665 5403 1904 5463 VARIA‘]
1940 5399 2342 5464 LECTIONES.

349 5535 371 5570 ⁵
423 5533 641 5592 Luuius
696 5547 744 5592 ο.
821 5532 842 5567 τ
891 5532 1336 5594 caelestissimus
1395 5537 1441 5588 ο.
1520 5528 1540 5562 ⁸
1580 5529 1976 5592 carissimum.
2051 5527 2074 5563 ⁹
2113 5525 2217 5585 LX.
2264 5522 2432 5579 VIIII.
2512 5518 2570 5575 C.
2615 5516 2720 5575 XL.
2765 5511 2923 5573 milia
2962 5513 3082 5571 IIII.
3124 5525 3174 5573 c.
3254 5510 3298 5548 ³ο
3354 5506 3580 5568 cladius
3627 5518 3672 5567 ο.
