3982 6056
309 246 430 319 463

1466 236 1948 307 EKKEHARDI
1992 236 2548 310 URAUGIENSIS

3592 238 3712 307 464

309 386 671 460 evangelista
686 375 979 459 perduxit,
1002 378 1400 438 continentem
1421 388 1605 436 annos
1624 390 1655 435 a
1687 375 1958 449 passione
1988 379 2046 439 A
2142 381 2194 433 7.
2231 378 2510 439 Colossus
2540 385 2775 440 erectus
2802 384 2916 453 est,
2960 373 3179 437 habens
3217 376 3586 436 altitudinem
3618 392 3716 451 pe-

308 478 530 538 Domini
559 476 646 531 26.

382 571 433 623 4.
469 563 692 620 Statius
718 565 891 633 poeta
920 558 1117 617 clarus
1157 557 1424 614 habetur.

383 659 433 709 5.
468 655 619 709 Nero
661 649 1037 720 Agrippinam
1078 651 1321 702 matrem
1368 656 1530 699 suam
1578 644 1635 697 et
1674 653 1957 696 sororem

312 740 516 798 matris
547 752 666 795 sua
713 734 1007 792 interfecit
1049 739 1108 790 et
1149 731 1443 789 Octaviam
1476 742 1716 785 uxorem
1771 739 1953 782 suam.

381 833 434 885 6.
458 829 608 884 Nero
656 823 879 881 infinita
927 821 1157 881 luxuria
1207 824 1267 877 et
1315 817 1555 875 lascivia
1614 814 1957 886 ignaviaque

309 916 735 1070 bagflﬁigbbus,
777 1000 958 1055 frater
1003 996 1246 1067 Domini,
1300 1011 1331 1052 a
1376 994 1578 1051 Iudeis
1639 991 1951 1065 lapidatur.

311 1095 482 1150 Festo
506 1090 751 1147 Albinus
794 1086 1080 1145 successit
1115 1104 1130 1153 ;
1164 1085 1297 1142 huic
1338 1083 1561 1140 Florus.

378 1182 430 1235 8.
462 1180 689 1235 Marcus
717 1174 1078 1246 evangelista
1108 1173 1260 1245 apud
1290 1170 1699 1229 Alexandriam
1751 1181 1955 1240 passus

308 1272 419 1324 88L

378 1359 430 1411 9.
462 1352 787 1411 Neroniana
815 1351 1059 1407 therma
1089 1364 1121 1404 a
1153 1350 1379 1404 Nerone
1406 1346 1773 1403 edificantur.

379 1448 465 1500 10.
483 1443 653 1512 Nero,
680 1443 741 1497 ut
758 1437 1198 1495 similitudinem
1214 1436 1397 1506 Troja
1419 1434 1682 1492 ardentis
1702 1431 1948 1501 videret,

308 1544 571 1600 magnam
600 1531 824 1597 partem
855 1528 1048 1582 Roma
1103 1523 1383 1580 incendit.

378 1622 465 1673 11.
498 1617 649 1671 Nero
691 1615 966 1670 Senecam
1019 1611 1360 1680 magistrum
1410 1625 1578 1667 suum
1630 1606 1945 1663 interfecit.

2073 463 2177 522 des
2211 471 2329 523 107.

2140 556 2191 608 9.
2223 555 2560 614 Pestilentia
2584 559 2775 615 Roma
2792 560 2943 615 facta
2965 561 3078 627 est,
3103 560 3164 613 et
3187 560 3360 612 terra
3375 560 3569 615 motus
3593 561 3717 613 tres

2070 642 2342 701 civitates
2372 645 2527 717 Cipri
2581 647 2891 703 subvertit.

2141 734 2225 786 10.
2260 733 2650 805 Vespasianus
2686 735 2969 806 profluvio
3018 734 3241 791 ventris
3267 733 3323 788 in
3373 732 3510 789 villa
3557 734 3713 791 circa

2069 817 2312 876 Sabinos
2359 822 2503 878 obiit
2555 837 2702 879 anno
2748 822 2941 880 atatis
2985 826 3072 892 69,
3127 820 3350 892 imperii
3399 824 3453 891 9,
3506 821 3600 878 die
3655 825 3707 878 8.

2068 905 2169 973 (H.
2196 909 2295 981 Β.)
2318 910 2420 965 Hic
2451 925 2482 966 a
2516 910 2753 967 Claudio
2786 912 2840 966 in
2875 910 3257 978 Germaniam,
3291 909 3423 965 dein
3464 911 3521 965 in
3562 911 3715 965 Brit-

2068 995 2322 1052 tanniam
2350 998 2583 1069 missus,
2621 999 2820 1055 tricies
2850 1003 2910 1055 ct
2942 998 3032 1053 bis
3061 1012 3191 1054 cum
3224 998 3394 1053 hoste
3424 998 3711 1067 conﬂixit,

2066 1080 2212 1138 duas
2239 1084 2627 1143 validissimas
2662 1092 2887 1156 gentes,
2919 1091 2992 1143 20
3023 1086 3258 1158 oppida,
3295 1085 3540 1143 insulam
3608 1088 3716 1143 Ve-

2064 1174 2217 1227 ctam
2250 1173 2505 1230 Romano
2535 1175 2779 1246 imperio
2809 1174 3041 1245 adjecit.
3064 1174 3522 1231 Moderatissime
3557 1177 3711 1231 rexit

2065 1258 2391 1332 imperium,
2409 1262 2616 1319 avidus
2648 1267 2837 1320 tamen
2872 1262 3152 1334 pecunia,
3187 1263 3485 1320 nonnullis
3507 1262 3551 1297 “
3581 1277 3709 1340 eam

2064 1345 2281 1416 injuste
2337 1350 2581 1406 abstulit
2607 1358 2665 1407 et
2713 1351 3007 1422 pracipue
3064 1350 3463 1421 indigentibus
3523 1352 3706 1408 dedit.

2137 1434 2251 1504 (.H
2285 1439 2382 1509 ις.)
2413 1439 2591 1508 Titus,
2644 1429 2981 1510 Vespasiani
3028 1438 3205 1509 filius,
3285 1454 3465 1496 annos
3491 1445 3543 1510 2,
3577 1455 3708 1497 men

2064 1536 2162 1578 ses
2181 1527 2233 1595 2,
2263 1525 2350 1581 vir
2372 1528 2631 1583 omnium
2655 1542 2868 1597 genere
2899 1527 3183 1583 virtutum
3212 1527 3515 1599 mirabilis,
3541 1529 3619 1584 ita
3645 1535 3712 1585 ut

2067 1609 2287 1668 divitia
2315 1618 2373 1667 et
2405 1628 2565 1669 amor
2613 1614 2847 1684 generis
2892 1614 3123 1670 humani
3174 1614 3488 1671 diceretur.

380 1710 465 1762 12.
495 1704 888 1775 Vespasianus
909 1700 1025 1758 dux
1046 1700 1345 1757 exercitus
1369 1689 1651 1756 adversus
1685 1697 1948 1753 Judeosa
1981 1728 2033 1788 Β
2135 1701 2298 1755 Anno
2321 1700 2483 1771 regni
2529 1703 2619 1759 sui
2665 1708 2714 1772 1,
2760 1705 2938 1773 Tytus
2984 1703 3447 1773 amphyteatrum
3514 1704 3709 1762 Roma

305 1795 531 1850 Nerone
577 1791 849 1847 mittitur.

376 1884 462 1937 13.
499 1881 712 1935 Petrus
732 1882 794 1933 et
828 1875 1043 1933 Paulus
1090 1890 1122 1931 a
1169 1876 1395 1932 Nerone
1443 1872 1737 1931 interfecti
1787 1875 1944 1929 sunt.

304 1967 649 2026 Pestilentia
680 1968 830 2022 facta
874 1969 986 2021 est.

376 2060 462 2113 14.
504 2058 654 2113 Nero
705 2069 767 2110 se
816 2054 1001 2125 ipsum
1054 2051 1369 2108 interfecit.
1424 2050 1598 2107 Linus
1645 2048 1870 2120 primus
1916 2061 1947 2104 a

304 2147 476 2203 beato
504 2146 680 2200 Petro
712 2156 859 2213 papa
891 2141 1040 2197 sedit
1065 2154 1243 2195 annos
1276 2142 1359 2194 12.
1395 2138 1717 2194 Antiochia
1745 2150 1948 2193 secun-

303 2233 413 2290 dus
445 2232 758 2305 episcopus
786 2228 1046 2300 Ignatius
1086 2227 1410 2284 ordinatur.

375 2322 480 2389 (H.
521 2322 623 2390 Β.)
669 2319 821 2374 Nero
870 2317 1188 2373 Romanum
1253 2313 1558 2386 imperium
1599 2311 1946 2369 deformavit

299 2408 580 2466 inusitate
612 2405 843 2462 luxurie
868 2406 1341 2475 sumptuumque,
1396 2405 1566 2457 utens
1612 2400 1837 2471 frigidis
1885 2403 1944 2454 et

298 2495 507 2553 calidis
541 2491 813 2564 ungentis
844 2495 901 2546 et
933 2489 1130 2547 aureis
1162 2489 1217 2544 in
1243 2489 1522 2560 piscando
1547 2488 1809 2553 retibus;
1835 2486 1944 2543 sal-

299 2584 444 2642 tavit
459 2583 636 2640 etiam
659 2585 717 2638 et
742 2578 1072 2637 cantavitin
1094 2592 1291 2643 scena;
1315 2577 1456 2633 nihil
1479 2577 1534 2632 in
1560 2576 1715 2633 bello
1738 2590 1938 2646 ausus,

296 2671 683 2729 Britthaniam
710 2682 859 2742 pene
887 2667 1096 2724 amisit.
1134 2666 1331 2724 Hostis
1369 2665 1604 2721 tandem
1651 2679 1682 2721 a
1733 2668 1936 2722 senatu

297 2758 730 2832 pronuntiatus,
758 2771 889 2813 cum
912 2755 983 2811 ad
1004 2768 1211 2826 penam
1234 2758 1599 2824 quereretur,
1622 2756 1829 2824 captus
1846 2757 1940 2808 est

297 2845 531 2919 publice
562 2844 743 2914 virgis
774 2857 970 2911 cesus,
999 2857 1030 2897 e
1054 2856 1193 2898 saxo
1211 2840 1614 2912 pracipitatus
1649 2838 1794 2895 “est
1826 2856 1840 2905 ;
1879 2844 1937 2895 et

298 2933 526 3003 fugiens
550 2938 760 3004 quarto
782 2931 854 2987 ab
877 2930 1031 2985 Urbe
1056 2927 1302 2984 miliario
1318 2927 1375 2982 in
1389 2927 1725 2983 suburbano
1738 2926 1936 2983 liberti

297 3023 387 3080 sui
411 3036 475 3080 se
509 3020 807 3077 interfecit
838 3032 1019 3075 annos
1040 3016 1232 3073 atatis
1261 3020 1348 3086 31,
1379 3015 1606 3087 imperii
1631 3018 1726 3082 14;
1761 3016 1936 3086 atque

294 3110 352 3167 in
380 3126 449 3168 eo
504 3110 692 3166 omnis
733 3107 976 3178 Augusti
1022 3105 1233 3162 familia
1267 3109 1614 3177 consumpta
1644 3107 1754 3161 est.

365 3198 543 3255 Galba
567 3197 832 3269 regnavit
856 3208 1084 3251 menses
1104 3197 1155 3248 7.
1178 3194 1281 3250 llic
1303 3194 1374 3249 ab
1390 3193 1600 3249 Ottone
1629 3192 1934 3264 jugulatus

293 3287 352 3344 in
376 3287 501 3343 foro
516 3288 735 3356 Roma,
759 3283 1028 3356 sepultus
1048 3286 1139 3338 est
1169 3283 1226 3338 in
1250 3281 1439 3339 hortis
1467 3282 1589 3339 suis
1618 3296 1768 3339 anno
1798 3285 1935 3339 ata-

290 3375 372 3430 tis
401 3378 489 3444 73,
520 3374 612 3431 via
645 3371 881 3428 Aurelia
914 3385 1025 3428 non
1054 3368 1224 3438 longe
1254 3370 1326 3425 ab
1365 3370 1538 3426 Urbe.

362 3462 501 3519 Otto
524 3473 752 3517 menses
772 3464 823 3515 3.
851 3458 958 3524 Qui
982 3472 1113 3514 cum
1136 3471 1200 3513 se
1223 3471 1254 3513 a
1274 3456 1509 3519 Vitellio
1530 3457 1684 3515 vinci
1706 3457 1933 3516 videret

290 3553 477 3606 semet
503 3546 799 3604 intrefecit
827 3546 981 3617 apud
1011 3544 1340 3602 Betriacum
1376 3545 1560 3602 Italia
1606 3560 1754 3602 anno
1797 3551 1933 3605 ata-

289 3636 370 3692 tis
398 3639 484 3708 38,
515 3638 583 3691 95
612 3633 842 3706 imperii
873 3632 985 3689 die.
1021 3632 1089 3688 Hi
1124 3637 1246 3688 tres
1275 3632 1445 3689 simul
1478 3637 1607 3703 post
1646 3634 1930 3691 Neronem

289 3722 595 3796 imperium
646 3723 992 3793 rapuerunt,
1044 3718 1225 3775 Galba
1268 3720 1327 3775 in
1347 3718 1610 3793 hispania
1658 3720 1931 3779 Vltellius

288 3810 347 3867 in
377 3808 701 3879 Germania,
732 3808 869 3864 Otto
896 3808 1111 3864 Roma.

359 3898 461 3969 (Η.
484 3898 552 3956 S.
577 3929 646 3938 —
673 3897 753 3954 H.
781 3898 853 3955 Β.
872 3928 942 3937 -
964 3896 1160 3967 Onos.)
1185 3894 1454 3952 Vitellius
1484 3910 1710 3955 menses
1737 3901 1788 3955 8.
1824 3899 1929 3955 Ve-

287 3988 594 4061 spasianus
627 3985 680 4041 in
702 3985 885 4042 Iudea
909 3998 1194 4057 pugnans,
1221 3984 1537 4056 imperator
1560 3988 1631 4043 ab
1662 3988 1928 4046 exercitu

284 4076 660 4133 constitutus.
687 4072 959 4130 Vitellius
982 4075 1190 4143 captus
1220 4087 1250 4130 a
1280 4072 1621 4145 Vespasiani
1654 4074 1924 4148 ducibus,

284 4163 453 4234 cujus
480 4163 718 4219 fratrem
743 4160 1015 4217 Sabinum
1038 4160 1097 4215 in
1120 4159 1409 4244 Capitolio
1430 4162 1709 4234 incendit,
1734 4163 1928 4221 nudus

284 4264 389 4321 per
412 4252 620 4309 Urbem
642 4248 872 4321 publice
891 4248 1166 4319 trahitur,
1188 4247 1383 4305 fimum
1403 4250 1460 4306 in
1483 4265 1548 4307 os
1563 4251 1689 4321 ejus
1710 4251 1925 4323 passim

277 4337 639 4409 jactantibus
656 4336 1008 4406 tandemque
1029 4334 1333 4405 jugulatus
1362 4337 1420 4392 in
1441 4338 1703 4408 Tyberim
1718 4338 1924 4410 projici

281 4428 399 4494 tur,
435 4439 583 4481 anno
609 4423 805 4481 atatis
835 4426 921 4495 57,
958 4436 1154 4480 mense
1186 4424 1413 4496 imperii
1446 4427 1499 4497 8,
1527 4426 1620 4482 die
1643 4426 1849 4498 primo.

353 4511 453 4581 (E.
479 4510 985 4584 R.)Vespasianus
1008 4525 1188 4568 annos
1220 4516 1271 4582 9,
1298 4527 1525 4570 menses
1558 4518 1645 4586 10,
1679 4514 1804 4572 dies
1837 4521 1922 4588 12,

281 4597 372 4658 vir
399 4597 635 4655 militari
666 4598 887 4656 virtute
921 4599 1269 4671 pracipuus,
1302 4602 1553 4660 obscure
1597 4605 1787 4660 tamen
1836 4620 1927 4662 na-

281 4691 395 4746 tus.

350 4775 451 4847 (Η.
478 4773 574 4847 S.)
604 4774 767 4830 Anno
797 4772 961 4845 regni
993 4773 1167 4845 hujus
1199 4780 1249 4847 1,
1272 4775 1436 4835 Titus
1452 4776 1668 4836 Iudeos
1696 4778 1924 4839 inenar-

279 4860 450 4921 rabili
481 4862 629 4918 fame
657 4861 951 4919 cruciatos
982 4861 1233 4919 obsedit.

346 4953 400 5007 2.
425 4948 788 5008 Hierusalem
819 4965 850 5007 a
877 4949 1002 5006 Tito
1035 4950 1359 5010 destruitur
1389 4968 1538 5011 anno
1567 4970 1598 5012 a
1644 4957 1918 5028 passione

276 5036 499 5096 Domini
532 5041 620 5111 40,
668 5053 701 5097 a
749 5039 932 5113 prima
982 5037 1315 5097 conditione
1363 5041 1566 5115 templi
1614 5045 1721 5101 sub
1762 5046 1919 5104 Sale-

277 5137 447 5181 mone
474 5129 632 5183 1089.

346 5214 399 5269 5.
427 5211 713 5285 Iosephus
742 5211 1265 5289 hystoriographus
1293 5215 1487 5277 clarus
1533 5219 1803 5280 habetur.

2062 1788 2413 1859 construxit,
2450 1789 2506 1845 in
2536 1791 2704 1862 cujus
2736 1790 3104 1848 dedicatione
3135 1795 3273 1857 5000
3304 1792 3554 1848 ferarum
3612 1807 3710 1848 oc-

2061 1872 2226 1930 cidit.
2258 1902 2265 1905 -

2131 1967 2180 2017 2.
2219 1962 2318 2033 (Η.
2350 1968 2450 2039 R.)
2484 1966 2682 2025 Cletus
2713 1982 2859 2040 papa
2892 1967 3185 2025 secundus
3210 1967 3356 2024 sedit
3391 1983 3573 2026 annos
3614 1973 3702 2026 12.

2058 2051 2235 2121 Tytus
2270 2053 2325 2109 in
2354 2060 2556 2110 eadem
2587 2055 2724 2111 villa
2757 2070 2869 2127 qua
2909 2058 2967 2111 et
3000 2059 3166 2127 pater
3195 2056 3341 2113 obiit
3369 2070 3519 2113 anno
3568 2063 3708 2115 ata-

2057 2138 2136 2194 tis
2165 2142 2253 2211 42,
2292 2141 2519 2213 imperii
2546 2158 2744 2200 mense
2774 2147 2826 2215 8,
2855 2145 2949 2200 die
2977 2148 3065 2200 20.
3100 2145 3205 2200 Hic
3235 2148 3398 2201 tante
3422 2145 3703 2202 bonitatis

2056 2236 2204 2297 erat,
2227 2233 2289 2284 ut
2305 2245 2434 2287 cum
2458 2230 2503 2264 ¹³
2524 2232 2773 2302 quodam
2798 2233 2891 2289 die
2915 2233 3261 2289 recordatus
3275 2236 3430 2289 esset
3466 2233 3523 2288 in
3559 2248 3702 2290 cena

2056 2320 2199 2377 nulli
2230 2334 2293 2376 se
2317 2318 2419 2375 illo
2448 2317 2491 2352 ¹⁴
2524 2319 2616 2375 die
2647 2319 2952 2390 quicquam
3007 2319 3375 2391 prastitisse,
3425 2320 3651 2377 diceret
3685 2341 3699 2376 :

2055 2408 2447 2478 Amicidez‘e
2468 2408 2623 2466 diem
2644 2408 2903 2478 perdidi.
2956 2407 3356 2466 llierosolimis
3393 2413 3459 2465 12
3493 2424 3704 2481 propu.

2052 2502 2330 2568 gnatores
2362 2500 2429 2551 12
2458 2495 2693 2565 sagittis
2739 2495 3021 2552 conflixit.

2125 2585 2225 2653 (Η.
2249 2586 2344 2655 S.)
2367 2583 2765 2640 Domitianus:
2794 2583 2975 2639 frater
3001 2583 3150 2653 Tyti,
3184 2585 3447 2654 regnavit
3478 2599 3608 2641 ann.
3632 2591 3698 2642 15

2052 2688 2281 2730 menses
2299 2677 2348 2728 5.
2378 2672 2480 2729 Hic
2504 2672 2758 2728 infectus
2785 2672 3054 2729 omnibus
3075 2672 3417 2745 sceleribus,
3439 2675 3697 2732 secundo

2051 2761 2428 2833 prosequitur
2474 2760 2844 2817 christianos.

2122 2854 2170 2905 1.
2206 2848 2565 2905 Domitianus
2590 2849 2888 2904 eunuchos
2911 2847 3209 2918 prohibuit
3264 2848 3408 2906 fieri.

2112 2942 2164 2994 2.
2197 2939 2374 3009 Tytus
2405 2937 2557 2993 inter
2589 2937 2731 2992 deos
2756 2938 2995 2993 decreto
3010 2932 3255 2994 senatus
3276 2939 3548 2994 refertur.

2117 3029 2171 3082 3.
2202 3027 2349 3082 .Tres
2382 3025 2639 3094 virgines
2669 3026 2860 3081 Vesta
2889 3026 2962 3081 ob
3007 3029 3274 3097 stuprum
3324 3026 3690 3083 damnantur.

2119 3116 2170 3170 4.
2199 3114 2372 3171 Arian
2382 3128 2468 3183 us,
2488 3114 2708 3185 primus
2730 3113 3094 3169 Alexandria
3110 3119 3245 3185 post
3261 3115 3509 3171 Marcum
3523 3128 3695 3171 evan-

2044 3203 2314 3274 gelistam
2337 3202 2674 3275 episcopus,
2700 3206 2835 3273 post
2856 3216 2988 3259 ann.
3010 3206 3081 3258 22
3101 3202 3264 3259 obiit.
3298 3204 3412 3260 Pro
3431 3217 3546 3273 quo
3561 3202 3694 3258 Abi-

2045 3291 2175 3349 lius-
2194 3291 2346 3350 sedit
2386 3305 2518 3347 ann.
2572 3294 2658 3346 13.

2115 3384 2168 3436 6.
2217 3378 2580 3435 Domitianus
2631 3393 2691 3435 se
2739 3378 2907 3436 deum
2954 3382 3013 3434 et
3064 3377 3359 3435 dominum
3404 3378 3687 3452 appellari

2037 3468 2232 3538 jussit.

2113 3560 2164 3612 9.
2200 3556 2440 3613 Heresis
2470 3555 2767 3613 Manandri
2800 3555 2947 3626 magi
2999 3561 3059 3612 et
3088 3554 3335 3614 aliorum
3369 3555 3685 3614 multorum

2042 3645 2329 3701 exoritur.

2115 3739 2199 3791 10.
2233 3733 2472 3790 Romani
2504 3733 2683 3791 multa
2713 3732 2861 3790 mala
2896 3747 2926 3790 a
2957 3746 3176 3791 casare
3206 3738 3264 3791 et
3295 3735 3368 3790 ab
3416 3732 3687 3791 hostibus

2040 3821 2431 3894 pertulerunt.
3704 3891 3708 3895 θ

2114 3916 2197 3967 11.
2223 3909 2589 3967 Domitianus
2621 3910 2692 3966 de
2720 3909 2890 3967 Dacis
2918 3912 2979 3965 et
3008 3909 3307 3966 Germanis
3340 3909 3681 3980 triumphat.

2111 4002 2196 4055 12.
2236 3998 2499 4055 Clemens
2530 4011 2680 4069 papa
2710 3997 2934 4054 tercius
2965 3996 3117 4053 sedit
3149 4011 3281 4053 ann.
3312 4000 3365 4053 9.
3416 3995 3683 4054 Cornelia

2038 4086 2202 4157 virgo
2230 4086 2484 4143 Vestalis
2512 4087 2589 4143 ob
2622 4091 2890 4158 stuprum
2920 4086 3047 4142 viva
3080 4086 3310 4142 defossa
3357 4091 3466 4143 est.

2111 4175 2575 4232 13.Domitianus
2597 4174 2815 4232 multos
2846 4172 3125 4230 nobilium
3158 4173 3393 4230 occidit.

2109 4265 2194 4318 14.
2219 4263 2511 4320 Iohannes
2533 4260 2836 4333 apostolus
2861 4262 2917 4317 in
2937 4262 3213 4319 Pathmos
3235 4261 3484 4319 insulam
3513 4275 3544 4317 a
3573 4262 3683 4318 Do-

2040 4349 2277 4407 mitiano
2308 4349 2483 4408 exilio
2512 4350 2744 4420 missus,
2789 4349 3162 4421 apocalypsin
3207 4350 3464 4422 scripsit.

1956 4425 2008 4485 D
2110 4443 2198 4494 15.
2229 4437 2590 4495 Domitianus
2620 4437 2870 4495 Flaviam
2902 4437 3254 4493 Domitillam
3300 4453 3431 4495 cum
3480 4436 3682 4496 multis

2039 4526 2248 4584 aliisin
2278 4526 2515 4583 exilium
2557 4541 2661 4597 pro
2691 4524 2803 4582 fide
2851 4525 3066 4582 Christi
3116 4525 3424 4595 relegavit.

2106 4619 2190 4672 16.
2241 4616 2340 4686 (Η.
2366 4616 2466 4687 R.)
2490 4614 2849 4672 Domitianus
2870 4615 3195 4671 cummulta
3228 4613 3376 4670 mala
3418 4614 3675 4684 fecisset,

2034 4702 2355 4760 crudeliter
2377 4702 2500 4759 suis
2522 4701 2889 4759 interfecitur
2910 4716 3059 4759 anno
3079 4703 3276 4759 atatis
3323 4706 3408 4773 35,
3446 4702 3674 4772 imperii

2035 4795 2118 4848 15.
2152 4791 2258 4848 Hic
2285 4789 2501 4847 nullam
2531 4790 2643 4847 sibi
2674 4790 2783 4846 nisi
2812 4805 3046 4848 auream
3075 4797 3176 4848 aut
3202 4795 3540 4861 argenteam
3565 4796 3680 4847 sta-

2032 4883 2191 4936 tuam
2221 4879 2276 4934 in
2300 4878 2585 4950 Capitolio
2610 4892 2818 4950 passus
2834 4883 2923 4936 est
2939 4878 3075 4951 poni
3095 4879 3513 4946 ;consobrinos
3532 4892 3676 4936 suos

2031 4968 2535 5120 ωέἓῗῗςῗῗζᾞθννδ
2564 5061 2746 5104 senex
2768 5062 2898 5104 ann.
2921 5052 2973 5119 1,
2997 5062 3229 5105 menses
3263 5052 3312 5119 4,
3340 5049 3466 5106 dies
3479 5051 3531 5104 8.
3568 5047 3674 5105 Hic

2027 5135 2275 5209 primum
2304 5135 2497 5193 edicto
2526 5151 2632 5194 suo
2669 5150 2869 5194 omnes
2915 5136 3119 5195 exules
3167 5137 3486 5196 revocavit.
3538 5137 3649 5194 San

2025 5226 2157 5282 ctus
2190 5221 2233 5257 1“
2258 5223 2549 5282 Iohannes
2580 5224 2652 5282 ab
2671 5224 2847 5283 exilio
2860 5224 3116 5298 rediens,
3140 5226 3506 5298 evangelium
3528 5225 3673 5283 scri-

1627 5382 1865 5441 VARLE
1903 5382 2304 5443 LECTIONES.

343 5502 388 5548 “
414 5502 754 5587 precipitus
783 5518 831 5570 ο.
909 5505 1198 5571 “nulli’cr
1276 5509 1562 5578 “decdo.
1605 5512 1911 5580 “iliacorr
1948 5515 2049 5587 illo
2076 5530 2110 5587 ο
2146 5514 2190 5556 ⁸⁸
2230 5515 2439 5579 Sancte
2481 5520 2531 5576 1.
