3982 6056
274 204 394 271 465

1062 210 1503 281 CHRONICA.
1536 252 1615 266 —
1644 217 2120 288 CHRONICON
2161 219 2892 292 W'IRZIBURGENSE.

3563 217 3685 285 466

277 339 413 414 psit.
448 340 632 398 Nerva
659 343 863 402 morbo
886 344 1193 407 confectus
1224 350 1370 407 obiit
1401 365 1550 408 anno
1580 353 1773 411 atatis
1812 359 1874 412 71
1906 371 1921 422 ;
1958 356 2008 416 A
2106 360 2140 412 2
2168 357 2458 417 Adrianus
2484 357 2698 417 Judeos
2728 356 2937 414 iterum
2972 353 3263 427 proﬂigat.

273 430 538 501 regnavit
569 445 699 487 ann.
738 437 788 503 1,
822 435 1121 493 mensibus
1153 441 1204 507 4,
1243 437 1452 495 diebus
1483 444 1534 496 8.
1572 436 1672 511 (Η.
1709 444 1924 515 R.)l1ic

275 519 330 574 in
366 518 591 591 privata
625 520 743 577 vita
776 523 1116 582 moderatus
1145 541 1211 583 ac
1240 530 1575 599 strennuus,
1602 530 1927 589 nobilitatis

277 606 504 677 media,
539 622 774 673 operam
808 611 982 667 dante
1014 615 1292 671 Petronio
1324 617 1604 687 praefecto
1642 620 1921 689 praetorii,

276 694 417 750 item
455 696 748 767 Paternio,
802 697 1178 758 interfectore
1225 703 1556 775 Domitiani,
1610 705 1926 777 imperator

277 782 490 853 factus,
551 785 951 855 aquissimum
996 803 1058 845 se
1089 803 1155 846 ac
1202 790 1601 849 civilissimum
1654 794 1920 865 prabuit.

276 871 581 941 Trajanum
614 873 672 929 in
702 889 943 944 regnum
974 878 1294 948 adoptavit.

348 961 449 1029 (Η.
480 962 578 1033 S.)
606 963 886 1032 Trajanus
913 979 1130 1035 genere
1158 966 1453 1039 Hispanus
1478 983 1604 1025 ann.
1643 969 1729 1040 19,
1771 984 1925 1026 men-

274 1061 372 1104 ses
404 1052 456 1118 6,
492 1048 618 1105 dies
650 1055 733 1106 15.

349 1142 397 1191 1.
435 1138 599 1194 Anno
622 1139 787 1209 regni
820 1140 1079 1210 ejusdem
1113 1141 1480 1201 Alexandria
1499 1145 1685 1202 Cerdo
1704 1147 1926 1203 tercius

268 1225 585 1296 episcopus
618 1228 773 1284 sedit
802 1242 933 1285 ann.
971 1234 1056 1285 12.

343 1319 395 1370 2.
424 1315 718 1372 Johannes
752 1319 1053 1388 apostolus
1072 1320 1222 1390 apud
1238 1322 1524 1393 Ephesum
1547 1322 1918 1394 obdormivit,

271 1415 425 1458 anno
454 1416 485 1457 a
520 1403 784 1473 passione
816 1407 1038 1462 Domini
1067 1410 1157 1465 68.

343 1492 696 1549 Eevarestus
724 1508 870 1564 papa
901 1504 1143 1565 quartus
1174 1499 1328 1556 sedit
1358 1513 1487 1555 ann.
1520 1503 1571 1555 8.

344 1577 623 1676 Trajanus
673 1579 888 1637 multas
933 1588 1140 1653 gentes
1190 1587 1447 1643 Romano
1503 1587 1752 1657 subjecit
1820 1588 1920 1643 im-

271 1680 455 1738 perio.

2107 450 2156 501 3.
2194 447 2388 504 Sixtus
2420 463 2568 519 papa
2603 450 2809 503 sextus
2839 444 2995 502 sedit
3025 458 3155 499 ann.
3192 447 3278 498 10.

2105 537 2156 590 4.
2190 536 2578 592 Terramotus
2606 536 2794 591 factus
2823 538 2929 590 est.

2105 626 2157 677 5.
2193 622 2481 679 Adrianus
2514 621 2968 679 Atheniensibus
3001 618 3190 689 legem
3221 616 3405 674 dedit.

2105 713 2156 764 6.
2193 708 2557 765 Alexandria
2583 709 2848 764 Justinus
2873 707 3187 778 episcopus
3232 705 3384 761 sedit
3435 711 3676 762 ann.11.

2104 802 2154 851 7.
2193 798 2593 854 llierosolima
2625 795 2939 867 episcopus
2971 797 3185 852 Seneca
3225 795 3504 853 decimus.
3539 796 3681 850 Post

2034 884 2184 941 hunc
2212 887 2417 942 Justus
2449 885 2801 941 undecimus.
2851 884 3062 940 Deinde
3114 885 3267 940 Levi.
3322 887 3459 941 Post
3508 897 3678 953 quem

2034 972 2234 1029 Eli‘rcs.
2268 975 2476 1030 Postea
2524 977 2736 1030 Jesses.
2796 977 2936 1030 Post
2990 973 3142 1030 hunc
3187 972 3367 1030 Judas
3416 971 3678 1045 episcopi

2036 1060 2288 1118 fuerunt.

2102 1151 2163 1205 11
2216 1150 2558 1207 Saturnides
2614 1157 2676 1207 et
2742 1149 2838 1207 alii
2909 1150 3024 1208 duo
3089 1150 3346 1207 heresim
3406 1148 3680 1208 condide-

2032 1240 2186 1291 runt.

2102 1329 2187 1380 12.
2217 1326 2646 1398 Thelesphorus
2674 1341 2821 1407 papa
2853 1327 3004 1384 sedit
3035 1341 3166 1384 ann.
3204 1331 3288 1382 11.

2102 1416 2186 1468 13.
2222 1414 2542 1471 Antiochia
2570 1415 2957 1472 constituitur
2983 1412 3291 1472 Cornelius
3332 1412 3669 1485 episcopus.

2103 1504 2185 1556 14.
2218 1503 2517 1574 Nicopolis
2549 1508 2607 1559 et
2641 1506 2888 1560 Cesarea
2919 1508 3256 1561 terramotu
3298 1504 3666 1558 corruerunt.

2104 1592 2185 1644 18.
2219 1591 2515 1662 Templum
2545 1593 2787 1649 Veneris
2819 1595 3013 1649 Roma
3050 1592 3262 1647 factum
3290 1595 3403 1646 est.

1948 1703 2000 1761 B
2101 1682 2183 1731 17.
2221 1678 2383 1734 Judei
2414 1679 2765 1737 Palestinam
2815 1678 3260 1751 depopulantur.
3306 1674 3671 1733 Alexandria

341 1759 392 1810 6.
429 1756 692 1826 Symeon,
729 1756 956 1831 C‘eopa
987 1761 1162 1833 lilius,
1206 1764 1560 1821 lhr‘rusalcm
1607 1766 1919 1837 episcopus
1948 1756 1994 1761 —
2030 1764 2317 1822 Eumenes
2345 1768 2660 1839 episcopus
2691 1768 2842 1825 sedit
2874 1782 3003 1824 ann.
3041 1771 3127 1821 13.

268 1843 639 1913 cruciﬁgitur
668 1860 817 1902 anno
848 1848 1042 1905 atatis
1077 1855 1195 1906 120.
1231 1854 1342 1907 Pro
1377 1868 1489 1923 quo
1518 1854 1717 1909 Justus
1766 1854 1918 1910 ordi-

270 1934 468 1987 natur.
508 1932 765 2000 lgnatius
796 1935 1119 1994 Antiochia
1140 1939 1453 2010 episcopus
1483 1942 1678 1997 Roma
1710 1942 1918 1998 bestiis

267 2019 549 2076 traditur.
585 2023 698 2078 Pro
727 2038 841 2093 quo
877 2024 1050 2081 Orion
1082 2028 1485 2086 constituitur.

341 2110 393 2162 8.
428 2109 817 2167 Terramotus
846 2114 1060 2169 multas
1093 2116 1270 2172 urbes
1311 2117 1563 2189 subruit,
1629 2122 1689 2173 et
1741 2133 1916 2175 aurea

263 2193 477 2252 domus
500 2195 769 2254 incendio
802 2200 994 2270 periit.
1049 2202 1115 2257 Et
1152 2203 1472 2260 Pantheum
1514 2204 1751 2262 fulmine
1794 2222 1918 2263 cre-

264 2287 487 2339 matum
519 2288 631 2339 est.

342 2374 393 2425 9.
426 2370 646 2429 Plinius
677 2374 977 2432 Secundus
1005 2376 1401 2450 phylosophus
1423 2379 1620 2437 clarus
1643 2394 1744 2453 pro
1767 2381 1916 2436 chri-

266 2458 481 2516 stianis
510 2461 811 2532 Trajanum
853 2464 1098 2534 mitigat.

343 2551 410 2602 12
449 2549 778 2606 Alexander
805 2566 953 2623 papa
987 2553 1227 2623 quintus
1253 2555 1404 2611 sedit
1438 2572 1568 2613 ann.
1606 2562 1689 2613 10.

344 2640 428 2692 13.
464 2637 694 2695 Primus
726 2644 974 2710 quartus
1007 2641 1374 2701 Alexandria
1405 2645 1720 2717 episcopus
1762 2645 1916 2702 sedit

264 2729 524 2779 ann.12.

344 2815 426 2868 14.
462 2815 599 2870 Post
619 2816 847 2872 Justum
868 2817 1275 2875 lberusalema
1293 2820 1629 2892 episcopum
1661 2822 1917 2878 Zacheus

261 2899 441 2956 sedit.
500 2902 640 2957 Post
689 2918 859 2973 quem
906 2904 1131 2962 Tobias.
1187 2909 1326 2962 Post
1385 2908 1535 2964 hunc
1599 2909 1909 2979 Benjamin.

262 2987 486 3043 Deinde
515 2990 823 3046 Johanncs.
856 2992 993 3047 Post
1027 3008 1194 3063 quem
1228 2994 1553 3052 Mathatias.
1587 2995 1689 3051 Cui
1718 3011 1915 3053 succe-

262 3072 354 3127 dit
386 3074 705 3146 Philippus.

342 3164 426 3217 16.
461 3163 738 3233 Trajanus
770 3167 1118 3238 Armeniam,
1154 3168 1445 3240 Assyriam
1478 3168 1541 3240 ³³,
1592 3170 1915 3242 Mesopota-

262 3249 439 3304 miam
473 3252 800 3320 provincias
830 3254 987 3310 fecit.

342 3341 425 3393 18.
455 3340 624 3396 Jndei
674 3344 948 3399 commoti
999 3359 1234 3413 magnas
1277 3345 1450 3402 cedes
1500 3348 1792 3404 hominum
1838 3349 1917 3405 fa-

260 3424 428 3482 ciunt
456 3444 470 3491 ;
503 3428 606 3484 sed
629 3428 684 3484 in
715 3430 1063 3487 Alexandria
1095 3432 1257 3500 victi,
1289 3435 1362 3490 ab
1390 3433 1657 3490 omnibus
1700 3436 1915 3506 ubique

261 3513 661 3572 trucidantur.
695 3518 1083 3576 Terramotus
1126 3524 1304 3576 totam
1352 3536 1496 3592 pene
1550 3522 1913 3579 Antiochiam

261 3601 523 3657 subruit.

343 3694 428 3746 19.
468 3692 746 3761 Trajanus
773 3695 1055 3766 proﬂuvio
1084 3695 1307 3752 ventris
1339 3697 1588 3753 moritur
1615 3712 1764 3755 anno
1780 3702 1917 3755 ata-

267 3776 353 3832 tis
384 3780 476 3843 64,
508 3794 705 3837 mense
735 3786 786 3851 9,
822 3782 914 3838 die
947 3785 996 3852 4,
1040 3783 1264 3855 imperii
1318 3788 1403 3855 19,
1456 3799 1653 3842 mense
1707 3790 1758 3855 6,
1822 3786 1915 3843 die

268 3870 358 3921 15.
388 3867 557 3924 Solus
576 3870 829 3926 omnium
855 3871 1001 3927 infra
1029 3872 1234 3927 l'rbem
1259 3872 1531 3943 sepultus
1556 3876 1664 3930 est.
1688 3874 1790 3943 (H.
1817 3876 1914 3945 Β.)

267 3954 415 4009 Ossa
448 3956 575 4026 ejus
608 3957 821 4015 collata
854 3960 910 4014 in
944 3974 1145 4016 urnam
1178 3976 1432 4030 auream,
1476 3961 1532 4016 in
1583 3963 1709 4017 foro
1762 3963 1913 4032 quod

263 4042 578 4099 adiﬁcavit
629 4047 738 4102 sub
788 4047 1054 4104 columna
1109 4050 1299 4120 posita
1347 4053 1521 4115 sunt;
1569 4051 1737 4120 cujus
1787 4050 1917 4106 alti-

266 4131 407 4193 tado
438 4136 540 4191 140
573 4136 750 4207 pedes
778 4135 972 4191 habet.
1004 4136 1183 4207 Hujus
1205 4141 1428 4193 tantum
1453 4138 1744 4194 memoria
1764 4137 1917 4194 dela-

263 4230 390 4280 tum
427 4229 538 4294 est,
572 4228 632 4281 ut
668 4239 853 4294 usque
885 4224 954 4280 ad
986 4229 1247 4281 nostram
1271 4228 1503 4281 atatem
1528 4240 1640 4282 non
1665 4225 1836 4281 aliter
1859 4226 1915 4281 in

265 4316 475 4370 senatu
510 4312 872 4384 principibus
901 4312 1256 4369 acclametur
1288 4313 1330 4346 1⁷
1361 4313 1468 4369 nisi
1497 4333 1508 4367 :
1537 4314 1789 4371 Felicior
1806 4316 1917 4371 Ααο

2100 1857 2184 1908 18.
2217 1856 2385 1921 Judei
2418 1857 2640 1925 magnis
2672 1857 2888 1927 ubique
2919 1854 3164 1911 cedibus
3195 1855 3534 1909 eneeautur.

2102 1945 2183 1996 19.
2222 1942 2578 2000 Hierusalem
2612 1946 2683 1999 ab
2707 1943 2870 2000 Helio
2895 1942 3147 1999 Adriano
3172 1942 3450 2012 reparata
3474 1941 3585 2007 est,
3612 1941 3670 1992 et

2026 2042 2097 2080 ex
2129 2029 2256 2099 ejus
2284 2030 2513 2085 nomine
2547 2030 2705 2087 Helia
2743 2034 3093 2102 nuncupata.

2097 2120 2183 2172 20.
2220 2118 2448 2175 Primus
2478 2133 2548 2174 ex
2584 2120 2862 2189 gentibus
2907 2117 3309 2174 Hierosolima
3355 2115 3671 2188 episcopus

2028 2206 2251 2260 Marcus
2280 2206 2609 2273 ordinatur,
2637 2223 2766 2264 cum
2794 2208 2909 2277 jam
2943 2205 3273 2277 quindecim
3304 2219 3376 2261 ex
3429 2202 3667 2260 Judaica

2024 2296 2199 2361 gente
2230 2293 2513 2351 obissent.

2096 2384 2183 2435 21.
2239 2382 2526 2439 Adrianus
2577 2385 2779 2440 morbo
2833 2380 3144 2438 intercutis
3195 2393 3361 2450 aqua
3420 2376 3669 2433 moritur

2029 2467 2210 2538 major
2243 2472 2641 2540 sexagenario.

2098 2556 2386 2613 Antonius
2414 2562 2799 2627 cognomento
2826 2559 2965 2614 Pius
3012 2548 3143 2613 ann.
3194 2559 3283 2624 22,
3338 2566 3566 2609 menses
3612 2556 3662 2607 3.

2027 2642 2140 2697 Iste
2169 2643 2426 2700 clemens
2451 2646 2701 2703 efficitur
2739 2643 3097 2723 christianis.

2099 2733 2261 2787 Anno
2292 2735 2453 2804 regni
2482 2734 2654 2804 hujus
2684 2739 2732 2803 1,
2764 2728 2982 2803 Yginus
3013 2744 3161 2804 papa
3192 2727 3473 2801 septimus
3515 2728 3670 2785 sedit

2026 2831 2157 2873 ann.
2195 2822 2243 2874 4.
2280 2820 2622 2877 Valentinus
2653 2823 2711 2877 et
2746 2820 2933 2876 Cerdo
2971 2817 3276 2875 ecclesiam
3325 2815 3520 2872 heresi
3569 2817 3671 2873 im-

2024 2912 2303 2976 pugnant

2096 2998 2149 3048 6.
2180 2994 2317 3050 Pius
2348 3009 2495 3066 papa
2527 2994 2679 3050 sedit
2710 3008 2839 3049 ann.
2877 2998 2962 3049 15.
3000 2992 3321 3049 Antiochia
3352 2990 3670 3063 episcOpus

1947 3047 1993 3108 C
2031 3047 2213 3138 "ac;
2231 3047 2642 3139 agitata;

2095 3172 2149 3226 8.
2185 3170 2553 3227 Alexandria
2585 3172 2809 3227 Marcus
2834 3170 3152 3242 episcopus
3198 3169 3352 3227 sedit
3399 3182 3530 3224 ann.
3582 3171 3667 3222 10.

2099 3262 2184 3314 19.
2208 3257 2574 3315 Alexandria
2598 3258 2888 3315 Caladion
2919 3257 3227 3329 episcopus
3251 3256 3405 3313 sedit
3422 3271 3552 3311 ann.
3582 3257 3666 3311 14.

2094 3350 2181 3400 21.
2217 3345 2497 3401 Anicetus
2531 3359 2674 3415 papa
2708 3344 2968 3400 decimus
2989 3343 3140 3400 sedit
3173 3358 3302 3415 ann.
3331 3347 3422 3398 11.
3471 3341 3671 3398 Hiero-

2025 3432 2131 3489 soli
2141 3447 2243 3490 ma
2269 3433 2578 3490 Cassianus
2590 3433 2907 3504 episcopus
2926 3432 3254 3501 ordinatur,
3272 3430 3543 3499 Publius,
3563 3430 3672 3486 Ma-

2024 3520 2236 3589 ximus,
2267 3520 2559 3592 Julianus,
2588 3520 2823 3590 Gainus,
2870 3519 3204 3590 Symachus,
3254 3516 3449 3586 Gaius,
3495 3516 3671 3573 Julia-

2031 3623 2158 3678 nus,
2193 3608 2412 3680 Capito.

2095 3700 2185 3751 23.
2220 3696 2509 3753 Antonius
2538 3695 2676 3752 Pius
2707 3693 2859 3767 apud
2906 3694 3134 3751 Lorium
3182 3692 3327 3750 obiit
3376 3699 3444 3751 77
3482 3693 3677 3750 atatis

2026 3798 2191 3840 anno.

2095 3873 2321 3928 Marcus
2355 3870 2640 3927 Antonius
2670 3871 2861 3928 Verus
2892 3884 3020 3926 cum
3065 3870 3244 3925 fratre
3294 3868 3467 3925 Lucio
3516 3871 3678 3926 Com-

2026 3959 2195 4016 modo
2228 3958 2462 4015 Aurelio
2493 3973 2624 4015 ann.
2657 3963 2744 4028 19,
2780 3972 2979 4014 mense
3012 3961 3060 4015 1.
3097 3957 3162 4013 Hi
3194 3971 3362 4028 aquo
3393 3958 3527 4028 jure
3574 3957 3670 4013 ad-

2030 4048 2507 4104 ministraverunt
2542 4046 2866 4118 imperium.

2096 4136 2279 4206 Regni
2310 4134 2398 4192 sui
2431 4148 2579 4190 anno
2612 4138 2659 4189 1.
2692 4138 2744 4188 2.
2780 4138 2831 4188 3.
2866 4136 2916 4188 4.

2098 4222 2359 4281 Seleucia
2390 4225 2559 4293 capta
2592 4226 2678 4278 est
2703 4236 2733 4278 a
2754 4219 3047 4277 Romanis.
3068 4220 3324 4276 Casares
3347 4218 3417 4275 de
3438 4219 3673 4275 Parthis

2029 4311 2406 4383 triumphant.

258 4401 457 4470 gusto,
486 4401 693 4457 melior
727 4400 1007 4470 Trajano.
1044 4401 1219 4456 Rome
1251 4416 1313 4456 se
1340 4401 1609 4457 omnibus
1649 4401 1912 4469 canalem
1945 4396 1998 4457 D
2096 4402 2147 4456 6.
2185 4400 2287 4470 (H.
2316 4400 2411 4470 όν.)
2445 4397 2603 4454 Multi
2638 4400 2970 4453 sanctorum
3015 4397 3123 4453 sub
3172 4395 3263 4452 his
3314 4394 3675 4467 principibus

267 4486 542 4559 prabuit,
592 4486 815 4544 nullum
866 4492 1201 4547 senatorum
1254 4488 1476 4558 ledens,
1521 4488 1600 4543 ita
1656 4494 1718 4545 ut
1761 4491 1913 4545 omni

264 4575 398 4645 ejus
426 4580 603 4633 atate
636 4591 783 4633 unus
814 4580 1047 4632 senator
1080 4576 1153 4633 sit
1185 4577 1509 4647 damnatus,
1547 4580 1604 4633 et
1654 4577 1763 4635 hoc
1813 4594 1915 4649 per

265 4668 562 4720 senatum.

342 4754 446 4820 (Η.
481 4753 579 4824 S.)
613 4752 813 4809 Helius
842 4752 1130 4810 Adrianus
1159 4768 1289 4810 ann.
1336 4758 1422 4809 21.
1476 4754 1578 4810 llic
1616 4767 1721 4825 per
1769 4753 1916 4819 Qua-

2026 4492 2400 4545 coronantur.
2434 4488 2549 4542 Hoc
2578 4490 2843 4557 tempore
2891 4484 3016 4540 lues
3063 4484 3307 4540 maxima
3353 4484 3669 4540 Romanum

2026 4578 2349 4633 exercitum
2406 4574 2668 4645 aliasque
2737 4572 2953 4630 multas
3000 4572 3334 4644 provincias
3379 4586 3525 4644 pene
3575 4570 3673 4627 de-

2024 4664 2182 4723 levit.

2093 4760 2145 4811 7.
2179 4753 2388 4810 Sother
2415 4765 2562 4823 papa
2611 4749 2954 4807 undecimus
3000 4748 3153 4804 sedit
3203 4762 3334 4804 ann.
3384 4752 3436 4803 8.
3481 4746 3654 4802 Antio

267 4840 503 4897 dratum
527 4840 876 4913 discipulum
900 4840 1297 4913 apostolorum
1320 4840 1707 4897 etAristidem
1730 4841 1914 4897 virum
2022 4843 2168 4899 chia
2199 4838 2551 4911 Theophilus
2584 4838 2675 4894 vir
2706 4839 2941 4909 sapiens
2982 4836 3291 4893 ordinatur
3338 4834 3668 4904 episcopus.

268 4928 599 5000 sapientem
634 4929 801 4986 libris
834 4930 1237 5002 apollogeticis
1268 4930 1531 4999 edoctus,
1568 4930 1725 4986 mitis
1745 4930 1917 4986 eﬁici-

266 5022 370 5074 tur
398 5017 766 5075 christianis.

273 5107 439 5162 Anno
471 5112 495 5162 1
531 5108 696 5177 regni
731 5108 823 5164 sui
857 5107 1260 5165 Alexandriam
1311 5108 1602 5164 Adrianus
1663 5106 1916 5178 publicis

272 5196 635 5252 restauravit
665 5197 954 5267 expensis.

2096 4934 2147 4984 8.
2184 4927 2551 4984 Alexandria
2582 4926 2935 4997 Agrippinus
2964 4925 3119 4983 sedit
3146 4938 3278 4997 ann.
3316 4927 3399 4977 11.

2100 5020 2184 5073 14.
2226 5015 2552 5071 Antoninus
2583 5015 2900 5085 imperator
2930 5014 3105 5069 multa
3140 5011 3338 5084 pralia
3373 5023 3476 5081 per
3508 5023 3573 5065 se
3611 5013 3671 5066 et

2034 5120 2134 5178 per
2167 5106 2345 5161 duces
2368 5118 2505 5159 suos
2526 5107 2731 5159 contra
2756 5103 3135 5157 Romanorum
3164 5098 3431 5155 inimicos
3453 5098 3666 5168 exegit.

2104 5197 2186 5249 16.
2224 5190 2572 5248 Eleutherus
2602 5205 2748 5261 papa
2781 5187 3160 5244 duodecimus
3192 5188 3348 5244 sedit
3390 5201 3521 5256 ann,
3575 5190 3667 5243 13.

1637 5344 1873 5400 VARIA‘I
1920 5341 2316 5401 LECTIONES.

353 5488 397 5524 ¹⁶
420 5489 647 5561 assyria
678 5502 725 5547 ο.
758 5487 801 5523 ιτ
832 5487 1184 5546 acclemetur
1211 5500 1259 5544 ο.
