3964 6044
260 188 393 255 469

337 332 391 381 1.
428 324 715 396 Origenes
746 341 896 386 anno
927 331 1107 389 etatis
1133 338 1202 390 70
1231 339 1501 393 moritur.

1065 196 1506 265 CHRONICA.
1540 184 2128 270 —-'CHRONICON
2169 206 2869 275 WIRZIBURGENSE

3556 215 3680 282 470

1953 338 2006 400 Α
2109 340 2475 403 Alexandriae
2521 345 2780 404 Theonas
2835 346 3151 421 episcopus
3197 349 3352 407 sedit
3412 356 3674 415 ann.,1-

337 419 392 471 2.
465 416 666 475 Gallus
729 425 785 475 et
854 419 1201 480 Volusnanus
1260 426 1558 485 Teramine
1626 424 1922 487 interfecti
2032 429 2261 488 Probus
2293 435 2445 504 apud
2476 435 2748 492 Firmium
2782 416 3315 495 tumultu-militum
3356 440 3667 500 occiditur.

263 505 430 558 sunt.

335 608 683 669 Valerianus
712 628 843 671 cum
877 614 995 672 filio
1026 616 1303 675 Galliemo
1352 634 1482 677 ann.
1520 624 1606 677 15.
1661 624 1777 680 iste
1825 639 1920 680 oc-

262 699 440 755 tavus
471 700 834 760 christianos
872 706 1266 776 persequitur.

336 791 389 840 1.
424 787 727 846 Cornelius
761 806 910 864 papa
944 799 1166 865 martyr
1201 796 1469 854 efﬁcitur.
1515 799 1721 856 Lucius
1770 815 1913 872 papa

255 877 352 944 21,
387 875 543 932 sedit
576 891 707 934 ann.
745 883 797 951 3,
829 885 887 937 et
922 885 1140 954 martyr
1170 884 1435 942 efﬁcitur.
1472 887 1797 960 Stephanus
1820 904 1915 961 pa-

258 976 334 1033 pa
364 967 436 1019 22
457 964 610 1021 sedit
645 982 779 1024 ann.
813 973 864 1027 1.
1029 984 1032 986 ⁷

334 1053 388 1106 4.
424 1053 748 1125 Cyprianus
794 1057 1002 1115 doctor
1054 1061 1386 1133 praecipuus
1443 1064 1914 1135 Carthaginensis

256 1138 578 1212 episcopus
604 1146 1042 1216 martyrizatur.
1076 1150 1289 1219 Syxtus
1322 1167 1464 1223 papa
1500 1152 1649 1209 sedit
1695 1169 1825 1211 ann.
1856 1160 1905 1211 3.

332 1232 392 1283 7.
441 1229 645 1300 (Osos)
692 1233 1035 1293 Valerianus
1081 1243 1370 1296 commota
1416 1243 1844 1311 persecutione,
1879 1260 1909 1300 a

259 1317 489 1389 Sapore
521 1335 660 1391 rege
684 1324 991 1381 Persarum
1025 1330 1235 1397 captus
1284 1332 1343 1384 et
1387 1328 1574 1386 oculis
1626 1331 1906 1403 privatus,

262 1406 515 1463 acclinis
542 1409 700 1466 humi
730 1425 925 1481 regem
958 1427 1192 1484 semper
1209 1429 1589 1473 ascensurum
1620 1418 1675 1473 in
1697 1434 1908 1490 equum

258 1497 441 1556 dorso
475 1498 805 1557 attollebat.
835 1502 943 1570 [Η.
976 1503 1070 1573 ις’.)
1105 1502 1315 1574 Sicque
1351 1505 1639 1564 servitute
1671 1508 1910 1565 misera-

259 1587 366 1642 bili
398 1588 783 1647 consenescit.
810 1589 1103 1647 Gallienus
1124 1592 1373 1650 territus
1383 1608 1583 1664 pacem
1601 1596 1908 1655 Christico-

257 1675 332 1732 lis
363 1676 643 1734 reddidit.

328 1771 388 1822 8.
421 1767 687 1822 Germani
721 1765 945 1823 ltaliam
974 1765 1274 1824 Alamanni
1306 1768 1522 1828 Gallias
1562 1776 1623 1827 et
1672 1771 1903 1831 ltaliam

252 1853 716 1925 depopulantur.

327 1947 386 1998 9.
421 1942 558 2013 (10.)
590 1943 807 2013 Gretia,
859 1943 1189 2001 Macedonia
1240 1947 1464 2004 Pontus
1513 1954 1570 2004 et
1617 1949 1751 2007 Asia
1808 1951 1906 2008 de-

252 2029 618 2102 populantur
647 2046 752 2103 per
774 2032 1014 2103 Gothos,
1040 2038 1099 2089 et
1123 2033 1270 2090 alios
1295 2034 1603 2106 perplures
1633 2037 1904 2096 civitates

250 2119 562 2189 quassavit
592 2119 865 2191 irruptio.
1692 2186 1693 2189 η

327 2211 420 2262 12.
454 2207 735 2264 Maximus
764 2208 1131 2266 Alexandria:
1159 2210 1470 2284 episcopus
1502 2213 1649 2270 sedit
1674 2220 1901 2272 ann.18.

331 2299 420 2352 13.
487 2294 902 2367 Hierosolyma;
965 2297 1279 2369 episcOpus
1330 2301 1647 2372 Hyrmenes
1689 2304 1905 2360 consti-

251 2384 472 2441 tuitur.

330 2476 422 2529 14.
455 2472 747 2530 Dionisius
780 2487 925 2545 papa
959 2473 1112 2529 sedit
1144 2490 1276 2531 ann.
1298 2480 1349 2531 9.
1377 2475 1672 2535 Gallienus
1695 2480 1903 2537 Medio-

250 2560 418 2618 lanio
447 2561 759 2618 occiditur.
797 2560 1076 2617 Claudius
1107 2576 1200 2619 an.
1232 2568 1283 2627 1,
1321 2579 1552 2622 menses
1580 2570 1632 2622 9.

328 2688 382 2743 1.
417 2683 518 2755 (H.
554 2685 651 2756 R.)
684 2686 802 2741 [ste
825 2685 1044 2741 Gothos
1070 2685 1186 2755 jam
1235 2702 1338 2758 per
1385 2703 1564 2746 annos
1615 2694 1680 2748 15
1734 2690 1902 2748 llliri-

249 2788 389 2831 cum
432 2773 939 2844 Macedoniamque
988 2772 1032 2806 1°
1080 2774 1455 2834 dcvastantes
1502 2784 1775 2850 superat;
1827 2782 1901 2837 ob

248 2862 413 2933 quod
442 2862 497 2917 in
529 2862 691 2919 curia
720 2861 1002 2934 clyppeus
1028 2875 1259 2932 aureus,
1292 2870 1351 2918 et
1382 2863 1436 2919 in
1468 2865 1747 2936 capitolio
1787 2875 1902 2924 sta-

246 2953 356 3008 tua
389 2963 563 3006 aurea
594 2964 622 3005 a
654 2955 861 3007 senatu
883 2947 935 3005 ei
969 2949 1204 3005 decreta
1239 2955 1349 3006 est.

323 3044 379 3095 2.
434 3036 535 3109 (Η.
584 3037 678 3109 .S'.)
726 3036 942 3093 Paulus
992 3038 1063 3092 de
1112 3037 1449 3095 Samosathe
1495 3038 1541 3073 ²⁰
1597 3041 1897 3101 Antiochea
1930 3045 1978 3107 C

245 3126 568 3200 epiSCOpus
590 3126 888 3184 hereticus
907 3141 1039 3183 esse
1062 3127 1457 3186 convincitur.
1483 3130 1758 3190 Claudius
1783 3134 1898 3189 Fir-

249 3218 374 3274 mio
405 3218 669 3275 moritur.
704 3218 816 3274 Pro
849 3230 963 3288 quo
996 3218 1178 3274 frater
1200 3219 1520 3286 Quintilius
1542 3227 1611 3278 17
1633 3222 1780 3294 dies,
1816 3224 1899 3281 in-

249 3308 543 3363 terfectus
571 3311 679 3362 est.

330 3428 678 3487 Aurelianus
707 3444 840 3486 ann.
873 3435 923 3501 δ,
956 3444 1187 3488 menses
1217 3434 1273 3488 6.
1306 3440 1450 3490 Ann.
1484 3433 1555 3489 ab
1586 3434 1739 3491 Urbe
1766 3450 1899 3493 con-

249 3518 380 3575 dita
414 3522 570 3574 1027.

332 3610 382 3661 1.
416 3606 518 3662 Hic
550 3606 633 3662 rei
658 3606 890 3679 publice
916 3608 1077 3665 utilis
1103 3626 1117 3675 ;
1143 3608 1328 3680 primo
1350 3607 1607 3667 clemens
1630 3610 1899 3669 christia-

248 3695 371 3765 nis,
405 3699 611 3767 postea
645 3701 990 3768 persecutor
1020 3697 1146 3755 fuit.

325 3787 379 3839 2.
414 3783 737 3840 Antiochiae
766 3785 1045 3842 Thimotis
1074 3785 1389 3856 episcopus
1426 3786 1751 3844 ordinatur.
1802 3789 1898 3845 Ze-

249 3870 427 3927 nobia
463 3871 659 3940 regina
689 3872 935 3929 orientis
957 3873 1231 3930 vincitur.

328 3962 382 4014 3.
421 3958 794 4016 Aurelianum
825 3961 1019 4018 Romae
1040 3961 1495 4033 triumphantem
1517 3961 1821 4021 Thetricus
1838 3969 1896 4021 et

244 4047 505 4103 Zenobia
537 4048 751 4120 captivi
783 4054 1232 4120 praecesserunt.

325 4139 375 4192 4.
409 4136 681 4194 Aurelius
707 4137 985 4210 templum
1005 4138 1109 4195 soli
1132 4138 1402 4209 aedificat,
1441 4143 1501 4195 et
1523 4154 1729 4197 nonam
1771 4155 1899 4214 per-

248 4224 618 4282 secutionem
650 4225 706 4281 in
738 4226 1096 4283 christianos
1125 4227 1365 4283 excitat.

328 4318 378 4369 5.
415 4313 688 4370 Aurelius
717 4314 913 4371 divino
948 4314 1184 4372 fulmine
1214 4316 1477 4386 territus,
1512 4315 1663 4372 intra
1697 4317 1897 4373 Bizan-

247 4402 402 4458 tinm
431 4404 488 4457 et
532 4401 852 4459 Heracliam
880 4417 911 4459 a
942 4402 1226 4460 militibus
1257 4404 1565 4460 occiditur.

328 4490 527 4549 Tatius
553 4504 785 4548 menses
809 4495 862 4561 6,
898 4492 1035 4548 alibi
1067 4507 1198 4549 ann.
1235 4493 1289 4547 1‘
1320 4492 1433 4561 (ita
1451 4493 1719 4565 Isidem).
1771 4494 1895 4561 Quo

249 4578 412 4651 apud
434 4580 680 4636 Pontum
709 4579 927 4649 occiso,
964 4579 1265 4637 Florianus
1307 4582 1575 4650 regnavit
1622 4581 1749 4638 dies
1805 4587 1891 4653 88,

245 4672 312 4724 et
345 4666 501 4740 apud
536 4666 815 4724 Tharsum
863 4667 1172 4737 occiditur,
1226 4667 1385 4725 Felix
1432 4683 1579 4741 papa
1628 4674 1696 4726 25
1743 4670 1893 4727 sedit

248 4769 384 4811 ann.
417 4760 467 4811 δ.

324 4843 551 4900 Probus
580 4858 713 4900 ann.
746 4847 797 4912 6,
833 4857 1078 4914 menses,
1107 4842 1143 4898 4

324 4934 374 4987 1.
409 4929 608 4989 Galliae
640 4946 672 4986 a
703 4931 1275 5004 barbarisyastataa,
1325 4947 1354 4989 a
1398 4933 1589 4990 Probo
1638 4934 1893 4991 Romano

236 5017 499 5090 imperio
530 5017 944 5076 restituuntur.

321 5109 372 5160 3.
408 5105 710 5164 Antioche
732 5107 1044 5178 episcopus
1069 5111 1152 5164 18.
1180 5106 1461 5173 Quirillus
1484 5108 1885 5166 constituitur.

323 5194 374 5247 δ.
411 5192 792 5250 Euthicianus
825 5208 972 5266 papa
1004 5191 1157 5250 sedit
1188 5208 1417 5252 menses
1451 5201 1533 5252 10.
1569 5196 1744 5254 Gaius
1794 5211 1889 5269 pa-

245 5294 319 5352 pa
353 5278 509 5337 sedit
542 5295 673 5337 ann.
710 5286 792 5338 15.

2104 520 2285 577 Carus
2316 537 2446 578 cum
2480 523 2616 581 filiis
2650 526 2858 583 Carino
2881 532 2939 581 et
2973 525 3318 585 Numeriano
3361 543 3492 586 ann.
3542 535 3594 588 2.

2106 609 2146 663 1Δ
2189 610 2368 667 Carus
2400 611 2588 669 victor
2618 613 2689 670 de
2730 614 3165 687 Parthis,super
3211 616 3514 687 Tygridem
3564 619 3671 677 ful-

2029 694 2178 752 mine
2203 698 2358 755 ictus
2389 699 2629 757 interiit.
2665 704 3047 761 Numerianus
3080 705 3391 764 occiditur.

2097 789 2146 840 2.
2186 787 2427 845 Carinus
2455 791 2606 861 apud
2639 793 2892 862 Margnm
2924 808 2953 848 a
2992 793 3350 852 Diocletiano
3395 796 3671 854 interfici-

2032 876 2143 928 tur.
2177 874 2298 931 IIuc
2333 891 2513 947 usque
2544 877 2614 934 ab
2646 878 3045 937 incarnatione
3086 881 3309 938 Domini
3349 884 3670 957 subputan-

2026 963 2121 1015 tur
2154 963 2474 1020 secundum
2506 966 2823 1024 Dionisium
2859 967 2988 1024 anni
3011 968 3145 1026 284.

2097 1048 2492 1111 Diocletianus
2515 1069 2663 1111 anno
2685 1057 2756 1113 ab
2782 1059 2813 1113 ἱ
2829 1057 2933 1113 rbe
2956 1058 3191 1116 condita
3216 1044 3373 1130 1040,
3399 1062 3667 1131 regnavit

2022 1149 2155 1192 ann.
2188 1142 2275 1194 20.

2091 1229 2141 1281 1.
2178 1226 2262 1282 Ab
2302 1228 2411 1286 hoc
2443 1245 2593 1288 anno
2637 1234 2819 1290 Graeci
2866 1233 3132 1305 pascales
3179 1235 3434 1294 circulos
3482 1235 3527 1271 ³⁸
3581 1237 3665 1295 in-

2018 1314 2326 1372 clioabant.

2092 1405 2141 1457 3.
2178 1403 2572 1465 Diocletianus
2602 1409 2935 1468 Herculium
2969 1412 3369 1470 Maximianum
3420 1413 3474 1470 in
3526 1429 3663 1473 con-

2020 1490 2269 1549 sortium
2303 1496 2464 1565 regni
2498 1499 2760 1555 assumit.

2090 1581 2139 1634 4.
2194 1583 2595 1642 Diocletianus
2643 1588 3064 1659 Constantium,
3129 1591 3493 1648 Constantini
3562 1606 3661 1665 pa-

1934 1694 1987 1752 B
2018 1668 2190 1739 trem,
2223 1684 2485 1728 cesarem
2520 1674 2696 1741 facit;
2731 1676 2826 1747 qui
2860 1677 3127 1747 regnavit
3157 1692 3287 1734 ann.
3320 1683 3406 1737 16.

2089 1759 2140 1812 7.
2177 1757 2577 1818 Diocletianus
2607 1763 2894 1821 Galerium
2936 1765 3338 1823 Maximianum
3390 1766 3526 1824 facit
3567 1782 3661 1826 ce-

2018 1856 2233 1900 sarem.

2093 1932 2178 1986 11.
2216 1932 2613 1995 Diocletianus
2645 1953 2707 1995 se
2740 1943 2800 1995 ut
2834 1940 3004 1997 deum
3036 1940 3270 1997 adorari
3296 1941 3495 2011 jussit.

2056 2023 2178 2114 .13.
2217 2022 2357 2079 Gaio
2410 2039 2555 2097 papa
2597 2028 2978 2097 martirizato,
3011 2029 3381 2088 Marcellinus
3426 2045 3659 2089 succes-

2017 2109 2115 2159 sit.

2090 2197 2173 2250 15.
2209 2198 2583 2259 Constantius
2612 2205 2814 2273 60,000
2841 2201 3290 2262 Alamannorum
3310 2203 3544 2262 occidit.

2097 2293 2161 2344 17
2194 2287 2546 2346 Alexandrie
2577 2293 2793 2347 Petrus
2823 2292 3140 2364 episcopus
3178 2292 3332 2348 sedit
3380 2304 3511 2349 ann.
3565 2298 3651 2350 12.

2091 2381 2174 2432 18.
2219 2378 2540 2434 Antiochia:
2571 2380 2868 2449 Tyrannus
2899 2380 3215 2452 episcopus
3245 2380 3648 2438 constituitur.

2089 2469 2174 2522 19.
2206 2464 2604 2522 Diocletianus
2635 2466 2691 2521 in
2738 2467 2964 2523 oriente
3013 2472 3074 2524 et
3121 2467 3431 2525 Herculius
3480 2468 3654 2524 Maxi-

1949 2582 1954 2587 -
2014 2552 2238 2609 mianus
2266 2553 2323 2608 in
2352 2553 2656 2611 occidente
2702 2553 2998 2612 {ecclesias
3046 2557 3416 2627 subvertunt,
3467 2555 3651 2615 libros

2015 2639 2244 2696 divinos
2276 2640 2614 2711 incendunt,
2650 2645 2708 2697 et
2739 2641 3096 2699 christianos
3124 2642 3346 2700 decima
3379 2657 3653 2716 persecu-

2017 2727 2172 2782 tione
2204 2732 2335 2799 post
2367 2729 2648 2785 Neronem
2687 2730 3049 2787 cruciarunt.

2083 2815 2171 2867 20.
2198 2813 2595 2870 Diocletianus
2619 2816 2949 2873 Nicomedie
2970 2821 3029 2872 et
3054 2817 3431 2874 Maximianus
3443 2817 3654 2874 Medio-

2016 2900 2168 2958 lanio
2192 2915 2482 2973 purpuras
2507 2906 2566 2958 et
2597 2917 2839 2974 regnum
2871 2906 2946 2961 ob
2984 2906 3313 2963 senectutis
3361 2905 3649 2963 defectum

2010 2992 2217 3058 sponte
2248 2989 2558 3060 deponunt.
2590 2990 2858 3049 Marcello
2882 3007 3026 3065 papa
3052 2993 3449 3065 martyrizato,
3476 2994 3651 3050 Euse-

2012 3075 2142 3132 bius
2175 3076 2459 3133 successit
2490 3087 2716 3134 menses
2738 3082 2792 3133 8.
2817 3079 2942 3146 Quo
2967 3079 3103 3135 item
3129 3093 3324 3152 passo,
3348 3079 3649 3137 Meltiades

2010 3163 2159 3220 sedit
2190 3178 2323 3220 ann.
2358 3168 2409 3222 4.
2441 3165 2706 3222 Galerius
2735 3172 2793 3222 et
2827 3168 3202 3225 Constantius
3242 3168 3497 3239 augusti,
3540 3169 3651 3225 Ma-

2010 3251 2314 3323 ximianus,
2379 3258 2722 3326 persecutor
2763 3253 3238 3326 christianorum,
3290 3260 3347 3312 et
3398 3257 3649 3314 Severus

2009 3355 2260 3399 caasares
2300 3342 2616 3413 eliguntur.
2662 3344 3039 3401 Constantius
3053 3348 3360 3416 angustus,
3385 3346 3478 3402 vir
3494 3360 3651 3403 man-

2010 3434 2234 3500 suetus,
2269 3431 2325 3485 in
2354 3431 2638 3488 Brittania
2676 3431 2844 3488 obiit.
2896 3432 3329 3503 Constantinus,
3371 3434 3651 3491 Constan-

2013 3518 2075 3571 tii
2109 3517 2264 3574 filius
2310 3531 2383 3573 ex
2426 3519 2637 3576 Helena
2673 3520 3018 3590 concubina,
3063 3522 3329 3592 regnavit
3374 3536 3505 3578 ann.
3555 3526 3645 3589 30,

2009 3607 2336 3662 menses10.
2364 3607 2462 3663 Hic
2486 3607 2706 3680 primus
2724 3608 3062 3680 imperator,
3086 3611 3334 3682 excepto
3356 3610 3644 3682 Philippo,

2007 3693 2362 3751 christianus
2392 3694 2662 3767 efﬁcitur,
2695 3702 2755 3754 et
2796 3698 2868 3754 ab
2916 3697 3025 3755 hoc
3070 3697 3423 3770 imperatore
3466 3698 3649 3756 chris-

2010 3781 2149 3837 tiani
2181 3788 2509 3854 coeperunt.

2081 3875 2132 3925 1.
2163 3871 2503 3941 Maxentius,
2537 3871 2939 3930 Maximaniani
2970 3872 3228 3931 Herculii
3256 3873 3411 3932 ﬁlius
3438 3889 3650 3946 augus-

2007 3963 2104 4014 tus
2136 3958 2486 4030 appellatur.

2072 4050 2132 4104 2.
2180 4046 2557 4105 Maximianus
2613 4046 2921 4105 Herculius
2969 4048 3122 4120 apud
3168 4049 3475 4107 Massiliam
3529 4056 3650 4108 tur-

2008 4135 2160 4207 piter
2212 4134 2583 4193 interficitur.
2633 4135 2839 4193 Occiso
2883 4137 3118 4207 Severo,
3172 4136 3384 4194 Lucius
3460 4152 3648 4196 caesar

2006 4223 2276 4281 uincitur.

2078 4315 2129 4367 3.
2164 4311 2438 4378 Quirinus
2464 4311 2778 4382 episcopus
2809 4325 3018 4383 passus
3045 4314 3157 4368 est.
3183 4310 3449 4370 Galerius
3471 4313 3644 4370 Maxi-

1925 4399 1975 4459 D
2008 4401 2253 4470 mianus,
2287 4398 2735 4455 christianorum
2763 4403 3130 4471 persecutor,
3180 4398 3370 4456 divina
3422 4400 3646 4460 ultione

2006 4490 2219 4558 tactus,
2256 4502 2497 4559 parcere
2525 4486 2864 4544 christianis
2890 4487 3088 4557 jussit.

2079 4576 2419 4632 Maximinus
2462 4590 2647 4632 caesar
2705 4576 3172 4646 persecutionem
3224 4580 3522 4633 restaurat
3587 4581 3649 4634 et

2007 4665 2129 4737 ipse
2158 4664 2425 4720 moritur.
2460 4663 2728 4720 Meltiade
2761 4678 2903 4737 papa
2938 4678 3137 4736 passo,
3171 4664 3455 4722 Silvester
3498 4679 3643 4737 papa

2007 4753 2159 4810 sedit
2181 4767 2315 4809 ann.
2348 4757 2437 4809 21.

2074 4845 2126 4900 2.
2169 4843 2382 4899 Petrus
2430 4841 2795 4899 Alexandriae
2842 4841 3156 4913 episcopus
3200 4840 3642 4910 martyrizatur.

2004 4932 2115 4987 Pro
2144 4945 2257 5002 quo
2287 4930 2577 5002 Achyllas.

2072 5023 2125 5074 6.
2172 5018 2587 5074 Constantinus
2630 5015 2977 5073 Maxentium
3023 5012 3180 5070 civili
3226 5013 3431 5085 prmlio
3488 5016 3644 5089 apud

2003 5110 2236 5179 pontem
2266 5104 2538 5162 Mulvium
2568 5104 2734 5159 vicit.

2069 5201 2121 5252 9.
2154 5195 2354 5264 Magna
2385 5194 2564 5249 fames
2591 5191 2649 5248 in
2684 5195 3097 5265 persecutores
3121 5191 3275 5248 facta
3296 5195 3389 5247 est
3415 5196 3475 5248 et
3499 5191 3650 5251 lues.

1997 5282 2398 5340 Diocletianus
2426 5277 2681 5337 moritur
2703 5282 2763 5337 et
2795 5277 2949 5336 inter
2981 5278 3126 5336 deos
3160 5277 3437 5347 refertur,

1605 5388 1842 5447 VARIE
1883 5388 2284 5447 LECTIONES.

325 5482 373 5519 ι’
421 5483 853 5558 macediamque
901 5499 950 5544 ο.
1001 5485 1048 5521 ³ο
1099 5486 1363 5544 samothe
1416 5500 1464 5544 ο.
1494 5484 1539 5520 ²¹
1588 5486 1812 5546 circulo
1842 5499 1890 5544 ο.
