3964 6044
282 158 396 222 471

1454 157 1936 222 EKKEHARDI
1980 160 2533 228 URAUGIENSIS

3571 166 3691 230 472

358 299 444 353 15.
471 291 834 352 Hierusalem
852 308 1165 367 episcopus
1182 293 1508 352 Macharius
1523 293 1924 352 constituitur.
1964 293 2015 356 Α
2044 301 2099 352 et
2134 297 2293 354 Felix
2324 299 2572 370 ejicitur.
2608 301 2749 357 ltem
2781 299 3045 359 Liberius
3059 314 3203 373 papa
3218 304 3279 357 et
3301 298 3465 358 multi
3490 301 3692 359 catho-

287 384 653 441 Alexandria;
688 384 1014 441 Alexander
1042 385 1352 457 episcopus
1382 384 1715 449 ordinatur;
1749 399 1779 438 a
1818 398 1931 453 quo

288 474 494 531 Arrius
523 475 836 545 presbyter
863 473 933 529 de
967 473 1229 529 acclesia
1262 474 1503 544 ejectus,
1540 472 1753 530 multos
1778 487 1934 529 erro~

288 564 334 617 ri
372 578 475 619 suo
508 562 713 631 sociat,
749 568 806 619 et
840 562 1145 619 ecclesiam
1179 563 1371 618 heresi
1405 562 1725 635 impugnat,

364 657 446 708 17.
483 650 800 709 Concilium
834 652 888 707 in
921 652 1091 707 Nicea
1128 655 1518 722 congregatur
1566 654 1668 707 318
1710 650 1935 721 episco-

295 756 501 812 porum
534 740 641 799 sub
674 739 956 797 Silvestro
988 755 1154 812 papa,
1182 739 1236 794 in
1270 754 1382 810 quo
1428 740 1634 797 Arrius
1684 739 1934 795 damma-

293 835 410 889 ιιιν.

366 927 451 978 19.
501 920 651 976 Crux
699 918 920 974 Domini
974 918 1026 973 in
1075 916 1434 975 Hierusalem
1487 916 1821 989 repperitur
1861 915 1934 971 ab

295 1010 529 1079 Helena,
564 1008 673 1066 sub
702 1007 990 1064 Machario
1022 1007 1285 1076 ejusdem
1319 1008 1481 1063 urbis
1511 1007 1815 1079 episcopo.

363 1104 423 1156 21
474 1096 887 1155 Constantinus
938 1110 1176 1153 uxorem
1229 1110 1391 1152 suam
1444 1095 1705 1153 Bausiam
1756 1093 1935 1149 inter-

295 1189 454 1245 fecit.

362 1280 451 1332 22.
485 1274 803 1333 Antiochia
838 1279 968 1346 post
1023 1279 1329 1345 tyranuum
1374 1271 1582 1329 Vitalis
1626 1272 1935 1344 episcopus

294 1367 622 1424 ordinatur.
656 1367 768 1420 Pro
797 1380 910 1434 quo
945 1363 1354 1434 Phylogimius.
1388 1364 1528 1417 Post
1556 1362 1708 1419 hunc
1746 1360 1935 1417 Pauli-

296 1471 428 1512 nus.
464 1455 564 1512 Cui
596 1454 879 1511 successit
913 1453 1235 1509 Euslatius.
1266 1450 1389 1517 Quo
1420 1453 1495 1507 ob
1528 1450 1697 1506 ﬁdem
1737 1450 1937 1506 catho-

300 1545 467 1603 licam
501 1546 557 1599 in
576 1544 813 1601 exilium
838 1543 1038 1612 misso,
1066 1542 1294 1598 Arriani
1320 1540 1579 1612 episcopi
1606 1545 1663 1595 11
1692 1554 1934 1595 numero

300 1633 626 1691 {ecclesiam
658 1631 813 1686 illam
848 1645 999 1687 unus
1029 1635 1161 1701 post
1196 1629 1368 1686 alium
1400 1632 1859 1701 occupaverunt.

370 1727 460 1781 24.
488 1722 589 1790 (Η.
620 1721 716 1789 S.)
750 1719 1163 1775 Constantinus
1196 1719 1518 1775 Bizantium
1547 1718 1747 1775 urbem
1772 1730 1936 1788 repa-

302 1811 451 1866 ravit
481 1814 538 1865 et
563 1823 635 1865 ex
664 1823 771 1864 suo
803 1807 1032 1863 nomine
1083 1806 1641 1877 Constantinopolim
1684 1804 1937 1878 appella-

299 1898 402 1961 vit,
425 1902 483 1951 et
511 1897 705 1951 sedem
740 1895 900 1964 regni
928 1894 1164 1950 Romani
1196 1909 1321 1950 eam
1352 1908 1483 1950 esse
1515 1892 1721 1951 voluit.

368 1991 435 2041 25
467 1983 830 2039 Alexandria
864 1982 1214 2038 Athanasius
1240 1982 1553 2054 epis00pus
1608 1982 1936 2039 ordinatur.

368 2077 437 2128 26
491 2074 670 2127 Rome
702 2073 928 2127 Marcus
957 2085 1101 2143 papa
1138 2069 1289 2126 sedit
1324 2085 1553 2128 menses
1580 2074 1633 2127 8.
1675 2073 1785 2126 Pro
1827 2086 1939 2141 quo
2006 2096 2009 2097 ν

297 2161 485 2218 Julius
517 2175 649 2215 anu.
684 2165 769 2215 16.

369 2254 456 2304 30.
536 2248 894 2314 Constantia,
950 2246 1311 2303 Constantini
1363 2261 1553 2317 soror,
1607 2262 1753 2303 uxor
1800 2246 1943 2301 Lici-

302 2336 379 2392 nii
412 2335 477 2407 ”,
522 2337 800 2405 moriens,
854 2335 1161 2392 Arrianum
1206 2334 1491 2405 quendam
1536 2335 1941 2407 presbyterum

302 2425 467 2481 fratri
489 2424 877 2481 commendat.

372 2519 460 2570 31.
498 2514 917 2570 Constantinus
946 2513 1082 2568 dum
1113 2511 1327 2569 bellum
1360 2512 1415 2566 in
1446 2512 1655 2569 Persas
1686 2515 1940 2583 pararet,

301 2602 454 2673 apud
487 2601 876 2657 Nicomediam
907 2599 1073 2669 obiit,
1108 2615 1256 2656 anno
1288 2601 1423 2656 vita
1451 2603 1540 2654 66.

375 2690 773 2756 Constantius,
809 2687 1173 2743 Constantini
1209 2687 1387 2754 filius,
1409 2703 1538 2743 cum
1563 2686 1943 2743 Constantino

304 2781 363 2831 et
406 2778 720 2832 Constante
747 2776 1029 2832 fratribus
1060 2789 1193 2831 anu.
1219 2779 1308 2845 24,
1339 2789 1566 2831 menses
1598 2780 1649 2840 δ,
1708 2774 1832 2830 dies
1858 2779 1938 2830 13.

376 2869 429 2919 2.
469 2863 886 2919 Constantinus
922 2863 1137 2919 bellum
1174 2864 1339 2919 fratri
1364 2878 1470 2920 suo
1502 2863 1772 2931 inferens,
1816 2863 1945 2932 jux-

305 2958 361 3008 ta
393 2951 715 3023 Aquileiam
745 2952 1054 3009 occiditur.

375 3046 424 3096 3.
449 3043 839 3098 Terramotus
880 3040 1093 3097 multas
1125 3041 1301 3096 urbes
1332 3040 1549 3097 obruit.

374 3134 424 3184 δ.
462 3129 663 3185 Franci
694 3145 722 3186 a
754 3131 1069 3186 Constante
1103 3128 1434 3200 perdomiti,
1463 3128 1518 3184 in
1547 3141 1749 3200 pacem
1787 3141 1944 3184 rece-

305 3217 387 3288 pti
426 3220 581 3273 sunt.

374 3310 425 3359 7.
454 3303 795 3359 Maximinus
817 3305 1195 3359 Treverorum
1219 3302 1531 3373 episcopus
1552 3304 1749 3361 clarus
1774 3304 1946 3362 hahe-

310 3397 423 3447 tur.
479 3394 523 3447 A
572 3405 685 3461 quo
727 3391 1079 3447 Athanasius
1116 3389 1479 3447 Alexandria
1527 3392 1862 3463 cpiscopus,
1913 3407 1945 3448 a

308 3482 624 3536 Constante
658 3478 959 3551 profugus.
996 3478 1315 3535 honoriﬁce
1345 3484 1436 3536 est
1471 3484 1801 3551 susceptus.

377 3573 429 3624 9.
483 3568 840 3624 Athanasius
880 3567 1191 3640 cpiscopus
1240 3569 1311 3625 ad
1364 3568 1697 3624 Constantis
1746 3566 1949 3626 literas

308 3654 716 3712 Alexandriam
739 3656 1097 3726 regreditur.

380 3747 466 3798 10.
500 3742 763 3814 Eclypsis
791 3741 933 3799 solis
962 3744 1112 3800 facta
1144 3748 1232 3800 est
1264 3748 1322 3799 et
1346 3748 1738 3800 terramotus.

380 3834 465 3887 11.
528 3831 747 3888 Bellum
815 3834 1020 3889 contra
1082 3834 1293 3889 Persas
1345 3832 1509 3901 gravi
1565 3832 1948 3890 Romanorum

310 3917 517 3975 damno
546 3919 791 3988 geritur.

383 4011 467 4063 12.
501 4006 778 4065 Maximus
809 4012 939 4081 post
989 4008 1338 4066 Macharium
1391 4006 1951 4078 Hierosolymitanus

309 4094 618 4168 episc0pus
659 4098 926 4155 moritur.
978 4100 1114 4155 Post
1166 4113 1335 4170 quem
1382 4096 1654 4169 Cyrillus,
1707 4097 1951 4170 expulso

310 4184 594 4252 Heraclio,
618 4188 676 4240 et
696 4186 880 4243 ceteri
903 4185 1137 4242 Arriani
1154 4186 1415 4255 episcopi
1438 4184 1744 4241 ecclesiam
1793 4185 1950 4242 illam

311 4279 619 4343 occupant.

2045 386 2289 444 licorum
2321 390 2580 461 episcopi
2614 393 2686 447 ab
2720 391 2983 447 Arrianis
3014 390 3245 463 expulsi
3279 394 3432 448 sunt.

2113 478 2351 534 20.0ssa
2385 480 2627 536 Andrea
2659 481 2907 551 apostoli
2941 485 3000 536 et
3030 481 3195 537 Luca
3223 479 3603 551 evangelista
3630 484 3694 537 et

2042 564 2363 622 Tbimothei
2398 569 2958 640 Constantinopolim
2991 570 3165 625 allata
3200 577 3351 626 sunt.

2115 658 2200 709 21.
2249 656 2527 712 Paulinus
2573 659 2955 715 Treverorum
3011 660 3324 731 episcopus
3383 659 3438 715 in
3509 658 3694 715 exilio

2045 742 2213 801 obiit.
2250 744 2516 815 llylarius
2548 747 2933 803 Pictavieusis
2963 748 3298 819 epiSCOpus.
3335 748 3695 804 Athanasius

2046 829 2477 890 Alexandrinus
2508 836 2687 891 multa
2720 838 2792 891 ab
2826 836 3087 892 Arrianis
3126 836 3273 891 mala
3324 837 3478 907 passi
3525 842 3689 892 sunt.

2115 925 2200 975 23.
2275 924 2691 980 Constantinus
2758 929 2962 981 contra
3028 926 3321 982 Julianum
3389 941 3547 982 arma
3598 942 3696 982 su-

2047 1022 2228 1079 mens,
2263 1011 2535 1067 Parthico
2566 1012 2720 1068 bello
2752 1013 3014 1083 dimisso,
3057 1014 3305 1070 moritur
3354 1028 3504 1069 anno
3553 1018 3696 1070 ata-

2045 1096 2123 1151 tis
2156 1100 2239 1153 46.

2115 1224 2378 1281 Julianus
2409 1230 2676 1296 apostata
2709 1241 2837 1283 ann.
2878 1233 2925 1297 1,
2959 1242 3186 1283 menses
3213 1231 3263 1284 8.
3300 1228 3401 1284 Hic
3430 1243 3501 1284 ex
3542 1229 3699 1284 chri-

2048 1311 2239 1368 stiano
2268 1313 2490 1369 lectore
2533 1331 2794 1386 paganus
2840 1318 3049 1385 factus,
3095 1317 3446 1373 christianos
3498 1332 3698 1388 perse-

2046 1402 2264 1470 quitur.

2120 1496 2168 1545 1.
2203 1491 2566 1550 Alexandria
2601 1495 2809 1550 Georio
2845 1496 3094 1551 Arriano
3124 1496 3397 1567 episcopo
3421 1512 3451 1552 a
3475 1496 3698 1568 populo

2050 1579 2306 1651 incenso,
2359 1584 2713 1640 Athanasius
2766 1584 2834 1639 ad
2888 1584 3081 1640 sedem
3129 1600 3291 1642 suam
3348 1586 3695 1641 revertitur.

1963 1656 2018 1716 Β
2050 1670 2221 1723 Parte
2253 1670 2670 1728 catholicorum
2707 1672 2986 1728 Paulinus
3011 1673 3333 1730 Antiochia
3356 1674 3698 1744 episcopus.

2049 1759 2260 1825 Pagani
2284 1760 2433 1830 apud
2454 1762 2736 1816 Sebasteu
2760 1761 3072 1818 Palestina
3088 1762 3291 1818 urbem
3313 1761 3695 1833 sepulchrum

2046 1846 2323 1903 Johannis
2355 1850 2622 1919 baptista
2657 1850 2956 1917 invadunt,
2988 1866 3118 1906 ossa
3154 1854 3454 1922 spargunt.
3490 1851 3698 1907 eadem

2053 1949 2260 1991 rursus
2288 1937 2533 1993 collecta
2567 1942 2622 1993 et
2654 1944 2908 1995 cremata
2941 1939 3117 1995 latius
3168 1939 3534 2011 dispergunt.
3584 1942 3695 2003 (Cf.

2055 2024 2253 2079 Βυρικι
2290 2027 2445 2082 Hist.
2480 2028 2615 2083 θεοί.
2648 2042 2723 2095 χι,
2758 2029 2872 2098 28.)
2907 2028 3014 2083 Sed
3049 2028 3281 2097 quidam
3313 2042 3385 2083 ex
3419 2028 3701 2084 Hierusa-

2056 2110 2166 2166 lem
2198 2115 2457 2170 monachi
2494 2115 2812 2170 intermixti
2845 2115 3279 2185 colligeutibus,
3315 2130 3442 2184 qua
3492 2120 3701 2187 potueo

2057 2205 2185 2255 rant
2232 2202 2300 2256 ad
2355 2206 2578 2273 patrem
2628 2219 2794 2259 suum
2846 2203 3174 2275 Philippum
3224 2202 3541 2274 pertulere.
3598 2204 3699 2259 ille

2057 2304 2232 2360 supra
2254 2306 2315 2346 se
2342 2292 2461 2348 hac
2486 2293 2722 2361 ducens,
2750 2294 2819 2348 ad
2846 2292 3223 2347 Athanasium
3241 2292 3698 2348 Alexandrinum

2059 2392 2160 2448 per
2176 2379 2461 2436 Julianum
2494 2380 2796 2436 diaconum
2823 2381 2995 2435 misit.
3024 2380 3161 2446 Qua
3188 2380 3283 2435 ille
3314 2380 3514 2451 paucis
3547 2381 3704 2436 arbi-

2058 2466 2166 2527 tris
2199 2470 2516 2525 snhcavato
2548 2470 2787 2525 sacrarii
2824 2468 3703 2541 parieeteinterclusa,prophe-

2058 2560 2176 2613 tico
2209 2558 2418 2628 spiritu
2446 2562 2698 2628 postera
2720 2559 3081 2625 generationi
3106 2558 3476 2613 conservavit
3504 2560 3704 2629 profu-

2060 2652 2208 2702 tura.
2246 2646 2420 2715 Cujus
2462 2647 2806 2717 prasagium
2860 2648 2970 2703 sub
3016 2646 3340 2703 Theodosio
3391 2660 3493 2717 per
3522 2647 3703 2703 Theo-

2063 2734 2642 2806 phylumepiscOpum
2664 2734 3029 2807 completur;
3055 2735 3172 2806 qui,
3201 2735 3507 2791 destructo
3537 2736 3704 2791 Sera-

2060 2824 2148 2893 pis
2179 2823 2510 2893 sepulchro,
2546 2824 2730 2878 sancti
2759 2824 3037 2880 Johannis
3064 2824 3279 2879 ibidem
3330 2825 3700 2879 consecravit

2058 2911 2401 2966 acelesiam.
2439 2912 2538 2979 (Η.
2572 2912 2667 2981 S.)
2697 2912 2962 2968 Julianus
2986 2911 3057 2967 ad
3097 2911 3311 2967 bellum
3361 2912 3700 2967 Parthicum

1973 3008 2025 3067 Ι)
2062 3001 2383 3070 profectus,
2418 3002 2476 3054 et
2518 2999 2968 3055 Christianorum
3019 3000 3357 3069 sanguinem
3409 2999 3522 3056 diis
3576 3000 3701 3056 suis

2057 3102 2293 3157 vovens,
2330 3088 2424 3142 Dei
2454 3088 2677 3157 judicio
2708 3088 3017 3157 occiditur,
3055 3092 3124 3143 30
3149 3087 3342 3144 atatis
3373 3102 3540 3144 anno.

2127 3176 2406 3231 Jovianus
2437 3191 2662 3232 menses
2692 3180 2743 3247 8,
2778 3177 2916 3233 alibi
2951 3191 3082 3231 ann.
3115 3182 3163 3231 1.
3202 3178 3313 3232 lste
3359 3192 3490 3232 cum
3541 3177 3700 3232 omni

2058 3264 2323 3320 exercitu
2354 3263 2423 3319 ad
2455 3264 2944 3319 Christianitatem
2974 3264 3169 3319 rediit.
3222 3263 3487 3333 Synodus
3533 3264 3703 3320 here-

2058 3355 2216 3410 siaea
2251 3353 2574 3410 Antiochia
2606 3354 2756 3408 facta
2790 3359 2901 3408 est.
2954 3352 3178 3423 (Onos.)
3224 3352 3503 3408 Jovianus
3548 3367 3704 3408 novo

2059 3443 2333 3500 cubiculo
2354 3441 2863 3502 recubans.calore
2882 3456 3198 3512 prunarum
3219 3446 3273 3496 et
3301 3441 3491 3497 nitore
3512 3442 3706 3513 parie-

2062 3537 2182 3588 tum
2219 3544 2403 3601 nuper
2434 3529 2593 3585 calce
2626 3528 2905 3585 illitorum
2938 3529 3277 3599 suffocatus,
3313 3530 3483 3586 obiit.

2133 3654 2573 3710 Valentinianus
2604 3668 2736 3709 ann.
2772 3658 2855 3708 11.
2894 3653 2993 3708 llic
3021 3655 3096 3709 ob
3130 3654 3297 3710 [idem
3331 3653 3547 3711 Christi
3600 3654 3708 3710 tri-

2065 3744 2285 3799 bunatu
2320 3742 2564 3797 militum
2597 3756 2625 3795 a
2658 3740 2886 3796 Juliano
2923 3741 3185 3811 privatus
3215 3743 3342 3798 fuit.

2138 3836 2186 3885 1.
2222 3830 2667 3886 Valentinianus
2701 3829 2922 3886 Valenti
2951 3830 3238 3887 fratrisuo
3256 3831 3586 3888 occidentis
3610 3831 3713 3887 im-

2066 3920 2289 3990 perium
2320 3918 2502 3975 dedit.

2135 4011 2188 4063 2.
2223 4007 2436 4063 Valens
2469 4008 2539 4063 ab
2571 4008 2834 4064 Eudoxio
2883 4007 3260 4063 Arrianorum
3306 4007 3581 4079 episcopo
3620 4021 3713 4064 se-

2067 4095 2280 4151 ductus
2310 4100 2370 4150 et
2403 4095 2757 4165 baptizatus,
2796 4099 2926 4166 post
2976 4099 3221 4151 mortem
3270 4096 3468 4150 fratris
3511 4096 3714 4151 ortho-

2067 4182 2251 4239 doxos
2282 4183 2680 4254 persequitur.
2709 4186 3100 4240 Terramotus
3128 4198 3235 4255 per
3268 4187 3453 4240 totum
3502 4184 3708 4241 orbem

2070 4272 2256 4328 factus
2285 4276 2393 4328 est.
2431 4273 2623 4329 Romae
2646 4273 2925 4329 Damasus
2958 4287 3102 4343 papa
3133 4271 3455 4329 ordinatur.

385 4366 469 4418 13.
505 4362 790 4417 Constans
820 4360 963 4416 haut
986 4360 1153 4430 longe
1184 4360 1256 4417 ab
1281 4360 1553 4431 Hispania
1578 4360 1950 4433 interficitur,
1986 4355 2035 4413 Ι)
2139 4364 2189 4429 3,
2224 4362 2368 4416 Vera
2392 4360 2435 4393 ’⁵
2468 4360 2594 4416 lana
2624 4360 2836 4432 pluvia
2865 4361 3043 4417 mixta
3072 4361 3143 4417 de
3176 4361 3427 4417 nubibus
3464 4359 3653 4417 ﬂuxit.

313 4464 463 4505 anno
491 4451 668 4506 etatis
702 4454 789 4506 30.

386 4542 471 4593 17.
506 4537 842 4593 Victorinus
875 4536 1075 4591 rethor
1103 4540 1162 4591 et
1191 4538 1451 4594 Donatus
1474 4535 1957 4607 grammaticus"

315 4625 572 4697 insignes
602 4627 797 4683 Roma
825 4624 1132 4682 habentur.

385 4719 471 4771 18.
526 4714 791 4772 Julianus
838 4714 881 4747 "
930 4728 1099 4771 cesar
1147 4728 1178 4769 a
1236 4715 1618 4770 Constantino
1684 4714 1958 4771 elilcitur.

317 4803 606 4860 Antonius
639 4802 957 4859 monachus
987 4802 1132 4859 obiit
1170 4806 1269 4859 105
1298 4802 1693 4881 atatis‘anuo.

388 4897 474 4949 19.
508 4893 723 4963 Magna
755 4891 1205 4948 Alamannorum
1247 4891 1431 4963 copia
1478 4892 1630 4963 apud
1682 4892 1964 4961 Argenta-

319 4995 466 5037 rium
498 4981 707 5037 deleta
738 4984 897 5037 sunt.
929 4982 1122 5037 Roma
1155 4979 1421 5037 Liberius
1454 4995 1599 5053 papa
1632 4981 1958 5037 ordinatur.

2138 4451 2186 4503 4.
2224 4448 2493 4520 Hylarius
2525 4450 2912 4506 Pictaviensis
2944 4450 3259 4521 episcopus
3290 4449 3453 4505 obiit.

2140 4543 2171 4592 5
2227 4537 2614 4595 Athanaricus
2645 4552 2747 4593 rex
2771 4538 3088 4594 Gothorum
3123 4538 3176 4592 in
3212 4552 3313 4594 sua
3353 4540 3527 4607 gente
3584 4552 3719 4609 per-

2070 4640 2169 4695 seq
2182 4625 2361 4681 uitur.

2139 4719 2195 4769 7.
2228 4711 2674 4770 Valentinianus
2705 4713 2967 4768 Saxones
3001 4713 3055 4767 iu
3093 4714 3327 4783 regione
3361 4714 3719 4770 Francorum

2070 4802 2213 4858 cede
2244 4801 2593 4873 perdomuit.

2144 4894 2196 4946 8.
2231 4890 2516 4948 Eusebius
2545 4889 2939 4946 Vereellensis
2970 4890 3283 4961 episcopus
3310 4889 3477 4945 obiit.

2138 4968 2195 5034 ‘9.
2233 4978 2600 5034 Alexandria
2631 4978 2839 5034 Petrus
2860 4977 3172 5049 episcopus
3191 4985 3321 5049 post
3336 4977 3721 5034 Athanasium

320 5068 444 5133 Quo
467 5069 539 5123 ab
575 5068 835 5124 Arrianis
862 5069 1071 5139 ejecto,
1109 5068 1267 5124 Felix
1298 5068 1490 5124 locum
1537 5068 1664 5138 ejus
1708 5073 1966 5139 occupat
2076 5066 2407 5123 ordinatur.

322 5169 532 5212 annum
565 5159 614 5209 1.
649 5154 758 5211 Sed
787 5156 1049 5213 Liberius
1090 5156 1280 5213 heresi
1326 5156 1724 5227 subscribens,
1764 5157 1961 5225 rediit,

2152 5158 2234 5211 10.
2271 5154 2613 5225 Magnentia,
2648 5169 2777 5225 qua
2806 5158 2866 5210 et
2893 5154 3081 5225 Tecla,
3116 5155 3501 5212 Romanorum
3553 5156 3723 5210 uobi-

1689 5331 1926 5388 VARUE
1964 5330 2362 5388 LECTIONES.

391 5451 439 5487 ³³
469 5451 664 5509 luciuii
697 5465 744 5509 σ.
833 5454 879 5490 ⁸⁸
912 5454 969 5509 (1.
1002 5458 1059 5511 et
1096 5471 1184 5529 gr.
1218 5468 1264 5515 ο.
1299 5454 1342 5489 ³⁸
1368 5454 1568 5526 jmlius
1597 5467 1646 5512 ο.
1731 5452 1778 5488 ³⁸
1806 5455 1954 5510 Uara
1989 5470 2038 5511 c.
