3982 6056
132 234 252 297 478

947 237 1387 304 CHRONICA.
1426 273 1499 285 —
1530 230 2012 303 CHRONICON
2054 232 2780 301 WIRZIBURGENSE.

3428 234 3546 301 474

136 365 380 439 lissima,
416 367 777 428 Hierusalem
809 371 1065 445 veniens,
1100 373 1324 444 magnis
1356 371 1678 430 virtutibus
1725 374 1785 427 et
1815 380 1871 443 Α
1969 374 2019 427 5.
2056 369 2223 428 Gothi
2256 371 2484 429 Alarico
2523 375 2583 429 et
2611 368 2934 441 Radagaiso
2960 369 3195 440 regibus
3216 368 3440 428 Italiam
3464 369 3548 429 in-

135 457 467 515 humilitate
494 459 728 517 claruit.

206 550 294 604 11.
357 548 799 607 Valentinianus
847 551 1115 623 apoplexi
1166 551 1413 607 moritur
1464 549 1678 607 bellum
1730 550 1786 606 in

135 636 437 700 Sarmatas
472 653 702 709 parans.

204 724 422 783 Valens
454 730 585 797 post
616 732 862 785 mortem
894 729 1096 788 fratris
1129 744 1259 786 eum
1290 729 1564 787 Gratiano
1595 732 1655 785 et
1688 730 1789 786 Va-

132 793 399 871 1entiano
429 793 559 871 ann.
597 818 647 873 4.

205 951 256 1003 1.
297 948 549 1006 Basilius
583 951 827 1008 Cresam
864 954 1204 1024 Capadociae
1236 954 1568 1026 cpiscopus,
1594 953 1683 1010 vir
1702 968 1790 1010 sa-

132 1035 546 1105 pientissimus
574 1042 629 1094 et
663 1041 1228 1113 continentissimus,
1254 1043 1377 1112 sed,
1402 1048 1463 1099 ut
1489 1042 1670 1111 aiunt,
1697 1057 1790 1097 su—

134 1124 361 1194 perbus
392 1125 497 1196 (Cf.
535 1128 743 1200 "II-31L),
780 1128 977 1186 clarus
1020 1130 1287 1186 habetur.
1342 1132 1440 1201 (H.
1474 1129 1569 1199 ις’.)
1617 1129 1792 1184 Theo-

131 1212 363 1281 dosius,
388 1215 691 1272 Theodosii
717 1222 919 1289 postea
946 1219 1316 1291 imperatoris
1335 1224 1518 1291 pater,
1545 1222 1601 1273 et
1625 1216 1789 1273 multi

130 1301 364 1357 nobiles
389 1318 417 1357 a
451 1303 691 1359 Valente
714 1305 890 1361 occisi
927 1312 1080 1363 sunt.

201 1395 257 1444 2.
332 1392 642 1449 Gratianus
699 1399 767 1451 30
810 1395 989 1451 millia
1042 1395 1490 1452 Alamannorum
1552 1394 1788 1452 delevit.

132 1476 351 1534 Valens
382 1478 564 1549 legem
599 1482 781 1553 dedit,
819 1489 879 1540 ut
914 1485 1180 1540 monachi
1210 1485 1528 1541 militarent
1558 1503 1572 1552 ;
1598 1484 1792 1541 nolen-

132 1570 225 1621 tes
261 1567 519 1624 fustibus
549 1570 799 1627 interfici
826 1572 1023 1642 jussit.

167 1731 173 1735 _
205 1660 260 1711 3.
296 1657 468 1712 Gothi
501 1659 730 1730 expulsi
763 1662 833 1716 ab
877 1663 1015 1717 Unis
1066 1662 1470 1719 diffunduntur
1520 1662 1573 1717 in
1618 1661 1789 1717 Thra-

132 1745 223 1799 cia
252 1762 268 1809 ;
303 1746 474 1800 Gothi
509 1747 655 1802 fame
686 1750 972 1821 compulsi
1005 1751 1312 1807 rebellant.

207 1835 261 1887 4.
301 1833 532 1903 Valens,
569 1851 597 1890 a
631 1838 832 1894 Gothis
864 1840 1059 1894 occiso
1101 1840 1385 1911 exercitu,
1438 1840 1681 1910 fugiens,
1737 1838 1790 1893 in

135 1920 312 1977 domo
346 1924 590 1993 quadam
624 1925 789 1982 vivus
826 1934 1143 1985 crematur.

210 2013 335 2066 llue
370 2028 549 2082 usque
574 2015 845 2072 chronica
878 2018 1111 2073 Eusebii
1146 2018 1467 2075 Icronimus
1497 2017 1790 2091 perduxit.

206 2100 524 2158 Gratianus
556 2118 683 2158 eum
719 2104 1124 2162 Valentiniano
1160 2108 1338 2163 fratre
1374 2113 1505 2180 post
1552 2113 1795 2163 mortem

138 2189 335 2258 patrui
368 2204 497 2245 ann.
524 2196 574 2245 6.
1420 2195 1425 2199 ’

213 2326 264 2376 1.
319 2322 512 2379 Romae
560 2327 690 2393 post
749 2325 1052 2382 Damasum
1118 2328 1366 2383 Ursinus
1430 2343 1574 2399 papa
1643 2330 1792 2384 sedit

135 2424 274 2463 ann.
314 2412 396 2464 14.

209 2502 266 2552 2.
312 2499 397 2554 Ab
427 2498 534 2555 hoc
586 2515 734 2556 anno
783 2501 1150 2574 Theophylus
1193 2504 1496 2575 paschales
1543 2505 1797 2561 circulos

140 2585 395 2642 inchoat.

217 2679 272 2729 3.
328 2675 578 2733 Sinodus
627 2681 729 2733 150
777 2678 1186 2750 episcoporum
1234 2682 1796 2753 Constantinopolim

143 2763 433 2819 adversus
484 2766 878 2823 Macedonium
928 2775 1318 2839 congregatur
1372 2772 1480 2826 sub
1557 2773 1797 2827 Damaso

182 2866 311 2907 ana.

182 2866 213 2907 a
261 2867 311 2905 a.

140 2866 177 2922 ρ
216 2868 269 2995 ἓ.
324 2940 649 2998 Archadius
701 2942 1019 3015 imperator
1083 2946 1350 3017 efficitur,
1401 2950 1799 3006 Theodosii.ﬁ-

142 3029 288 3084 lius.

1897 458 2265 528 grediuntur.

1970 552 2022 602 7.
2078 549 2333 622 Corpora
2388 550 2804 623 prophetarum
2858 549 3130 604 Abbacuc
3159 550 3217 603 et
3250 546 3483 605 Micheze
3514 563 3544 604 a

1899 636 2138 696 Domino
2176 638 2525 696 revelantur.

1969 730 2019 783 8.
2056 729 2249 785 Romae
2273 727 2645 784 Innocentius
2680 741 2824 798 papa
2858 724 3009 782 sedit
3045 739 3135 782 an.
3189 728 3266 779 13.

1976 820 2058 871 13.
2088 816 2413 873 Archadius
2436 816 2684 873 orientis
2706 817 3025 887 imperator
3042 812 3545 885 Constantinopoli

1900 906 2166 963 moritur.

1972 995 2258 1052 Honorius
2286 1010 2415 1051 cum
2438 994 2775 1064 Theodosio,
2810 994 3011 1049 fratris
3036 991 3124 1048 sui
3150 990 3288 1061 ﬁlio,
3316 995 3542 1046 ann.1t5.

1974 1088 2022 1138 1.
2055 1085 2315 1140 Wandali
2349 1085 2653 1156 Hispanias
2682 1087 2988 1155 occupant.
3460 1104 3465 1107 >

1974 1176 2022 1227 3.
2062 1172 2294 1229 Attalus
2322 1175 2518 1229 Romae
2559 1173 2877 1243 imperator
2928 1172 3136 1239 factus,
3190 1184 3321 1224 mox
3365 1181 3547 1237 regno

1905 1261 2188 1333 privatus,
2223 1262 2424 1318 Gothis
2455 1262 2700 1317 cohesit.

1976 1355 2026 1407 4.
2062 1352 2240 1406 Roma
2273 1351 2497 1422 irrupta
2529 1355 2618 1406 est
2648 1365 2678 1406 a
2712 1350 2929 1419 Gothis,
2965 1347 3195 1404 Alarico
3240 1359 3398 1414 rege,
3452 1358 3548 1398 an-

1905 1454 1978 1495 no
2010 1440 2363 1496 conditionis
2393 1440 2519 1510 ejus
2556 1443 2727 1503 1164;
2763 1439 2865 1493 sed
2903 1453 3032 1508 quia
3061 1436 3418 1493 christianus
3446 1446 3547 1487 rex

1902 1533 2049 1599 erat,
2085 1528 2405 1585 clementer
2434 1528 2677 1584 victoria
2714 1542 2850 1583 usus
2880 1531 2989 1583 est.

1977 1622 2026 1672 7.
2061 1619 2312 1687 Corpora
2346 1621 2681 1671 sanctorum
2723 1614 3029 1686 Stephanis
3078 1608 3545 1685 protomartyris,

1819 1738 1874 1800 Β
1908 1705 2259 1776 Gamalielis,
2295 1705 2540 1774 Abibon,
2572 1704 2905 1760 Nichodemi
2932 1703 3180 1759 Luciano
3205 1700 3552 1772 presbytero

1908 1794 2261 1849 rewlantur.

1978 1887 2032 1938 8.
2066 1884 2328 1940 Zosimus
2361 1898 2504 1956 papa
2534 1884 2686 1941 sedit
2710 1898 2840 1939 ann.
2876 1887 2926 1937 3.

1912 1978 1993 2028 10.
2028 1974 2294 2045 Eclypsis
2325 1974 2468 2029 solis
2502 1975 2649 2030 facta
2684 1978 2792 2028 est.
2839 1970 3210 2027 Hieronimus
3242 1968 3555 2041 presbyter

1910 2061 2246 2119 Behtlehem
2278 2063 2421 2119 obiit
2453 2078 2601 2119 anno
2633 2063 2765 2119 vitae
2796 2067 2883 2118 91.

1982 2158 2066 2207 12.
2104 2154 2299 2209 Romae
2333 2152 2660 2208 Bonifacius
2687 2151 2759 2207 6O
2789 2165 2933 2222 papa
2967 2149 3292 2205 ordinatur.

1981 2248 2065 2299 13.
2104 2242 2394 2298 Honorius
2425 2241 2577 2311 apud
2611 2242 2940 2295 Ravennam
2980 2236 3384 2294 Constantium
3426 2247 3559 2290 con-

1916 2335 2136 2387 sortem
2169 2330 2332 2401 regni
2367 2329 2503 2385 fecit
2536 2328 2761 2384 decimo
2796 2326 3021 2398 imperii
3057 2325 3144 2381 sui
3171 2339 3339 2379 anno.
3387 2324 3559 2378 Cons-

1912 2419 2131 2475 tantius
2173 2420 2495 2489 imperator
2516 2420 2784 2474 Ravenne
2818 2415 3065 2471 moritur
3096 2412 3283 2468 tercio
3331 2409 3556 2482 imperii

1910 2508 1997 2564 sui
2039 2523 2205 2563 anno.
2242 2507 2533 2564 Honorius
2562 2506 2810 2561 moritur
2842 2505 3021 2560 frater
3052 2499 3342 2561 Placidia.

1979 2594 2335 2651 Theodosius
2365 2593 2549 2649 minor
2581 2591 2849 2648 Archadii
2886 2590 3059 2660 ﬁlius,
3093 2603 3223 2644 ann.
3258 2591 3345 2642 26.

1983 2690 2032 2740 1.
2082 2682 2441 2739 Theodosius
2487 2681 2973 2749 Valentinianum,
3032 2676 3287 2734 Placidie
3356 2672 3556 2742 ﬁlium,

1910 2773 2318 2830 consobrinum
2352 2786 2516 2828 suum
2550 2784 2827 2827 caesarem
2861 2769 2994 2825 fecit
3023 2772 3081 2824 et
3111 2781 3241 2823 cum
3273 2767 3457 2820 matre
3485 2761 3559 2820 ad

1910 2862 2234 2919 occidentis
2268 2861 2570 2933 imperium
2603 2859 2778 2916 misit.

1983 2955 2033 3008 6.
2072 2950 2294 3021 Aetius,
2332 2949 2533 3006 multis
2556 2948 2793 3005 Francis
2822 2947 3057 3017 occisis,
3092 2951 3317 3018 partem
3362 2941 3561 2999 Gallize

1914 3057 2082 3113 quam
2116 3039 2499 3111 possederant
2532 3037 2773 3109 recepit.

214 3122 267 3172 6.
321 3118 595 3175 Maximus
644 3135 887 3191 regnum
940 3123 1053 3177 sibi
1104 3138 1411 3196 usurpans,
1462 3127 1798 3184 Gratianum
1833 3095 1882 3157 Ο
2071 3095 3111 3199 diem.)Augustinusllypponensis
3143 3121 3454 3194 episcopus
3501 3123 3563 3175 et

146 3205 430 3275 Lugduno
456 3206 502 3239 ²⁶
530 3206 767 3263 occidit.
804 3209 1271 3267 Valentinianum
1318 3213 1479 3269 Italia
1543 3216 1791 3286 depulit.

219 3295 608 3360 Theodosius,
641 3296 735 3367 qui
772 3298 1046 3354 Gratiano
1073 3299 1306 3356 vivente
1338 3306 1368 3355 6
1401 3317 1531 3357 ann.
1558 3306 1798 3373 regebat

146 3381 462 3452 orientem,
497 3389 630 3454 post
666 3389 909 3440 mortem
944 3387 1073 3456 ejus
1102 3390 1366 3458 regnavit
1400 3405 1531 3446 ann.
1570 3398 1652 3461 .1,
1688 3393 1803 3463 pri-

147 3484 244 3524 mo
276 3485 405 3525 eum
440 3471 865 3543 Valentiniano,
902 3489 1071 3544 quem
1126 3475 1247 3546 ipse
1292 3478 1669 3549 Theodosius,
1717 3481 1804 3537 vir

145 3558 421 3615 omnibus
444 3558 766 3617 virtutibus
790 3561 1014 3632 plenus,
1046 3564 1209 3621 Italia
1233 3566 1539 3637 expulsum
1557 3568 1802 3639 benigne
1868 3572 1877 3579 "

148 3652 520 3717 susceperat.

223 3739 277 3790 3.
315 3737 659 3794 Ambrosius
692 3738 1138 3796 Mediolanensis
1172 3740 1488 3813 cpiscopus
1528 3745 1807 3802 Martinus

146 3825 507 3879 Turonensis
534 3830 595 3881 et
625 3826 989 3883 llieronimus
1011 3829 1321 3900 presbyter
1354 3830 1810 3891 Behtlehemites

149 3910 298 3966 clari
333 3912 715 3970 habebantur.

224 4007 278 4057 7.
314 4001 755 4060 Valentinianus
788 4004 921 4061 dolo
954 4006 1302 4078 Arbogastis
1333 4010 1649 4081 suSpendio
1684 4025 1811 4081 per-

155 4090 243 4145 iit.

228 4182 299 4235 10
322 4177 686 4238 llieronimus
715 4179 927 4239 librum
966 4198 1137 4254 quem
1184 4185 1256 4242 de
1306 4184 1640 4244 illustribus
1669 4186 1811 4244 viris

154 4266 447 4324 :ecclesia:
479 4268 720 4339 scripsit
751 4270 1049 4341 hucusque
1072 4273 1365 4345 perduxit.

226 4360 318 4410 11.
353 4355 456 4425 (Η.
493 4356 575 4425 8.)
605 4356 968 4415 Theodosius
999 4362 1317 4431 Eugenium
1372 4369 1677 4433 tyrannum
1719 4380 1812 4421 su-

1913 3218 2166 3274 omnium
2199 3218 2406 3273 doctor
2436 3215 2685 3272 eximius
2713 3213 3132 3280 aacclesiarum,
3186 3225 3255 3264 ne
3303 3207 3564 3265 civntatis

1914 3323 2033 3364 suae
2066 3307 2289 3364 ruinam
2323 3305 2572 3375 videret,
2607 3304 2793 3359 tercio
2828 3300 3153 3359 obsidionis
3189 3299 3316 3369 ejus
3365 3311 3562 3353 mense

1916 3396 2188 3466 migravit
2218 3395 2290 3451 ad
2315 3395 2612 3451 Dominum
2641 3407 2789 3449 anno
2821 3392 2999 3447 etatis
3046 3394 3134 3460 76,
3185 3388 3566 3460 episcopatus

1916 3500 2055 3541 vero
2089 3484 2178 3540 sui
2209 3486 2293 3538 40.

1989 3577 2039 3628 9.
2065 3574 2144 3628 Η.
2168 3574 2272 3645 S.)
2307 3572 2496 3627 Romae
2529 3570 2727 3626 Sixtus
2758 3583 2902 3641 papa
2936 3568 3263 3625 ordinatur.

1991 3666 2049 3715 11
2104 3660 2368 3731 Synodus
2424 3658 2605 3715 tercia
2657 3656 3005 3714 universalis
3050 3656 3104 3711 in
3153 3656 3383 3727 Epheso
3431 3668 3569 3710 eon-

1918 3752 2201 3819 gregatur
2228 3753 2335 3804 200
2362 3748 2771 3819 episcoporum
2805 3749 3008 3803 contra
3040 3743 3393 3801 Nestorium.

1993 3843 2076 3892 13.
2117 3836 2318 3893 Aetius
2348 3835 2799 3892 Gundicharium
2849 3832 3320 3903 Burgondonium
3373 3844 3568 3900 regem

1922 3926 2102 3992 vicit;
2138 3940 2307 3995 quem
2339 3925 2481 3980 [Iuni
2519 3927 2719 3995 postea
2754 3922 3135 3994 perimerunt.

1995 4018 2078 4069 14.
2116 4012 2556 4069 Valentinianus
2597 4011 2771 4067 ﬁliam
2819 4009 3125 4067 Theodosii
3175 4009 3229 4064 in
3277 4008 3570 4064 matrimo-

1923 4103 2078 4160 nium
2112 4100 2359 4172 accepit.

1998 4197 2081 4248 15.
2115 4189 2380 4246 Iulianus
2411 4186 2791 4259 pelagianista
2821 4185 3118 4242 hereticus
3150 4200 3180 4241 a
3215 4184 3375 4240 Sixto
3424 4198 3570 4256 papa

1925 4281 2249 4337 damnatur.

1998 4371 2082 4424 16.
2119 4366 2341 4424 Bellum
2373 4365 2657 4422 adversus
2677 4365 2896 4421 Gothos
2920 4363 3101 4421 Hunis
3123 4361 3573 4421 auxiliatoribus

159 4444 389 4514 peravit
425 4448 484 4498 et
518 4443 640 4515 ipse
661 4445 964 4503 Mediolani
989 4448 1045 4504 in
1069 4463 1211 4519 pace
1232 4451 1394 4506 obiit.
1425 4453 1807 4523 Augustinus,
1844 4446 1894 4504 D
1926 4457 2172 4527 geritur.

157 4533 375 4587 doctor
399 4530 871 4605 facundissimus,
900 4537 1174 4609 Hyppone
1199 4539 1360 4608 regio
1389 4539 1433 4572 ²⁷
1454 4540 1816 4614 Aﬂ‘riczecpi-

159 4633 383 4691 scopus
413 4618 739 4677 ordinatur.
779 4623 1093 4696 Hueusque
1119 4626 1590 4686 zecclesiasticam
1622 4631 1816 4702 hysto-

160 4709 312 4764 riam
342 4708 631 4765 Eusebius
661 4710 904 4768 Rufinus
935 4713 1227 4783 perduxit.

235 4797 587 4868 Archadius,
619 4799 925 4857 Theodosii
959 4801 1133 4873 filius,
1163 4819 1293 4861 cum
1344 4806 1523 4864 fratre
1564 4809 1816 4866 Honorio

161 4900 297 4941 ann.
343 4889 424 4941 l3.

239 4980 292 5029 1.
315 4975 569 5031 Joannes
602 4974 885 5033 heremita
917 4977 1082 5034 obiit.

239 5068 294 5119 2.
328 5063 576 5120 Sanctus
605 5064 885 5121 Martinus
912 5066 1076 5123 obiit.

240 5151 592 5207 Ambrosius
622 5151 936 5223 episcopus
965 5154 1235 5224 migravit
1265 5158 1337 5215 ad
1366 5159 1689 5218 Dominum.

245 5243 299 5295 4.
330 5238 526 5296 Roma:
557 5240 905 5307 Anastasius
934 5256 1082 5315 papa
1113 5248 1180 5301 37
1209 5246 1533 5305 ordinatur.

2000 4550 2085 4602 17.
2116 4546 2310 4602 Romae
2343 4546 2454 4600 Leo
2486 4557 2632 4615 papa
2664 4543 3066 4601 constituitur.

1998 4639 2080 4691 18.
2116 4632 2473 4690 Theodosius
2505 4632 2719 4690 bellum
2751 4638 2956 4690 contra
2991 4634 3212 4692 Gothos
3267 4629 3575 4690 inefficaci-

1928 4728 2020 4780 ter
2042 4724 2241 4779 movit.

1998 4816 2085 4867 20.
2122 4811 2381 4868 Briccius
2410 4810 2763 4867 Turonensis
2792 4811 3107 4883 episcopus
3139 4812 3304 4868 obiit.

1998 4905 2088 4957 21.
2121 4899 2472 4956 Eustochius
2500 4899 2809 4956 successit.

2000 4992 2089 5046 26.
2120 4986 2473 5044 Theodosius
2504 4987 2822 5059 imperator
2853 4988 3098 5044 orientis
3130 4987 3291 5044 obiit.

2002 5076 2317 5133 Martianus
2347 5090 2477 5132 cum
2511 5074 2914 5131 Valentiniano
2937 5090 3067 5130 ann.
3105 5081 3154 5131 7.

2006 5171 2055 5219 1.
2091 5165 2295 5221 Aetius
2341 5178 2471 5220 cum
2518 5162 2792 5217 Romanis
2840 5162 3291 5221 auxiliatoribus
3333 5164 3576 5223 Attilam

1931 5253 2250 5325 superavit.

1545 5414 1781 5475 VABLE
1823 5417 2219 5476 LECTIONES.

242 5525 289 5561 ³⁸
321 5525 583 5599 lugdudo
614 5541 661 5588 ο.
694 5528 739 5564 ³⁷
769 5529 1130 5607 hypponerio
1160 5548 1208 5594 ο.
