3964 6044
95 220 194 286 47⁸7

882 220 1322 287 CHRONICA.
1356 255 1435 268 —-
1465 217 1946 287 CHRONICON
1986 217 2711 286 WIRZIBURGENSE.

3364 213 3487 280 4'78

97 355 321 430 tinopoIi
352 361 750 429 congregatur
776 357 823 393 ”
852 356 1428 416 contraTheoddrum
1451 360 1509 413 et
1532 371 1730 416 omnes
1761 362 1813 424 A
1845 360 1948 429 put
1979 371 2108 415 esse
2142 357 2321 415 Focas
2351 356 2695 422 constituit;
2729 368 2858 411 nam
2877 357 2936 410 et
2964 349 3489 425 Constantinopoli-

98 446 375 502 hereticos
404 447 515 503 sub
540 446 753 517 Vigilio
784 463 950 520 papa.

1844 449 1981 503 tana
2012 446 2253 519 primani
2287 462 2351 503 se
2391 446 2648 517 scripsit.
2702 446 2883 501 Focas
2933 442 3243 514 pantheon,
3296 441 3352 498 id
3396 448 3487 498 est

156 538 237 589 23.
281 534 473 591 Totila
513 535 833 594 Gothorum
883 550 985 593 rex
1042 537 1098 594 in
1157 536 1325 593 Italia
1383 535 1731 594 tirannidem
1820 536 2074 592 ‘domum
2108 536 2360 592 omnium
2385 535 2692 604 idolorum,
2724 532 3003 590 zecclesiaa
3027 531 3208 601 dedit,
3242 535 3486 600 rogante

100 627 336 680 exercet.

158 715 237 767 25.
270 712 477 769 Victor
509 715 811 787 Capuanus
841 714 913 771 de
944 714 1117 786 hujus
1148 714 1281 770 anni
1330 712 1543 786 pascha
1594 711 1733 770 scri-

103 801 246 870 bens,
278 801 530 858 Victorii
563 804 758 875 arguit
791 819 1042 861 errores.

156 892 236 945 28.
266 892 581 964 Hucusque
600 893 871 951 Iordanis
892 893 1544 966 episcopuschronicam
1567 906 1729 949 suam

99 978 157 1034 de
183 980 367 1048 gestis
399 982 789 1039 Romanorum
824 983 1122 1055 perduxit.

155 1070 234 1123 38.
266 1069 631 1127 Iustinianus
662 1071 978 1143 imperator
1009 1072 1177 1127 obiit.

156 1156 419 1215 Justinus
459 1160 645 1216 minor
669 1175 760 1217 an.
796 1164 880 1217 11.
918 1160 1149 1217 Armeni
1183 1161 1352 1217 ﬁdem
1376 1159 1720 1231 suscipiunt.

157 1248 203 1301 3.
237 1247 413 1315 (Bsna
443 1250 533 1305 De
562 1250 731 1321 temp.
764 1282 835 1290 —
861 1252 938 1306 Η.
968 1252 1035 1306 S.
1069 1281 1137 1290 —
1168 1251 1345 1319 Benx)
1374 1252 1588 1306 Narses
1627 1263 1725 1320 pa-

103 1329 287 1387 tricius
306 1333 554 1390 Totilam
577 1350 774 1405 regem
799 1338 1114 1394 Gothorum
1140 1337 1356 1393 occidit
1390 1335 1722 1406 Gothosque

1844 623 2155 680 Bonifacio.

1912 715 1962 768 7.
1998 714 2177 769 Focas
2208 712 2472 769 moritur.
2508 711 2607 768 His
2636 709 3003 783 temporibus
3048 710 3228 764 Perse
3270 705 3488 763 multas

1841 799 2172 871 provincias
2202 800 2476 858 Romanis
2506 801 2798 869 auferunt,
2826 795 3229 855 Hierosolimis
3257 808 3491 866 quoque

1840 904 2073 946 crucem
2105 892 2327 947 Domini
2361 890 2750 948 abstulerunt.

1911 979 2215 1036 Heraclius
2247 995 2376 1036 ann.
2413 980 2459 1014 ³ο
2487 984 2574 1050 26,
2609 978 2747 1035 alibi
2778 982 2863 1035 27.

1909 1070 1959 1123 4.
2000 1069 2197 1135 (Βυυλ.
2237 1101 2301 1110 -
2329 1070 2408 1125 Η.
2441 1070 2536 1141 S’.)
2571 1069 2913 1125 Anastasius
2954 1069 3129 1123 Persa
3171 1063 3490 1122 monachus

1837 1157 2090 1226 magicas
2120 1164 2279 1215 artes
2314 1174 2457 1231 puer
2489 1174 2517 1214 a
2552 1162 2716 1230 patre
2746 1157 2971 1213 didicit.
3016 1158 3204 1212 Posta
3238 1152 3492 1225 captivis

1837 1244 2176 1303 Christianis
2211 1246 2379 1303 tidem
2410 1246 2453 1279 ⁸³
2486 1247 2799 1318 accipiens,
2834 1246 3043 1301 relicta
3075 1242 3317 1301 Perside
3358 1239 3490 1296 Hie-

1834 1334 2133 1403 rosolimis
2169 1336 2223 1391 in
2278 1337 2635 1392 monasterio
2668 1334 2902 1391 abbatis
2953 1331 3240 1389 Anastasii
3271 1334 3304 1385 7
3355 1342 3486 1386 ann.

105 1419 244 1476 Italia
260 1422 742 1492 expulit.Narses
759 1426 906 1481 idem
922 1425 1313 1496 perinvidiam
1330 1427 1718 1481 Romanorum
1830 1421 1997 1479 vixit.
2040 1424 2146 1481 Sed
2181 1440 2309 1482 cum
2338 1427 2664 1482 thsaream
2688 1424 2875 1493 gratia
2897 1422 3182 1479 orationis
3204 1418 3487 1476 venisset:

107 1511 389 1565 accusatus
407 1509 564 1581 apud
584 1513 871 1569 Iustinum
891 1512 1269 1583 etconjugem
1292 1514 1419 1583 ejus
1438 1513 1720 1583 Sophyam
1832 1516 2042 1583 captus
2071 1518 2130 1569 et
2163 1517 2513 1571 verberatus
2544 1529 2574 1571 a
2606 1514 2806 1571 Persis
2840 1511 3161 1569 remittitur
3191 1509 3262 1565 ad
3292 1519 3486 1577 regem

109 1596 236 1664 quod
265 1598 510 1655 servitio
542 1600 761 1657 Italiam
789 1606 1098 1672 premeret,
1131 1602 1373 1658 secessit
1426 1599 1718 1671 Neapolim
1831 1614 2030 1657 eorum
2057 1604 2310 1660 Cosdroe
2333 1622 2347 1671 ;
2374 1620 2403 1659 a
2431 1619 2544 1675 quo
2572 1604 2757 1659 tercio
2778 1604 3149 1669 verberatus,
3176 1612 3345 1654 manu
3367 1601 3492 1652 tan-

110 1682 499 1783 Campanimﬂe‘t
529 1688 942 1783 Dongobardo-s
974 1690 1026 1745 in
1061 1690 1284 1747 Italiam
1318 1689 1514 1746 venire
1564 1688 1717 1745 fecit.
1750 1720 1806 1783 Β
1836 1691 1963 1747 dem
1982 1708 2089 1748 una
2110 1697 2349 1764 pertres
2363 1694 2538 1750 horas
2553 1706 2899 1763 suspensus,
2918 1690 3121 1760 sicque
3135 1685 3485 1744 deeollatus,

165 1777 208 1827 7.
237 1774 253 1845 (
279 1775 357 1830 Η.
388 1775 488 1846 δ’.)
523 1778 772 1833 Sanctus
802 1778 1094 1835 Vedastus
1120 1779 1284 1836 obiit.

166 1866 241 1918 10.
270 1864 529 1921 Ioannes
561 1880 706 1937 papa
736 1867 1059 1923 wcclesiam
1109 1868 1374 1939 Phylippi
1421 1872 1477 1923 et
1527 1866 1724 1924 Jacobi

114 1951 262 2021 cepit,
296 1967 468 2022 quam
503 1954 905 2027 praedecessor
933 1956 1062 2025 ejus
1090 1956 1361 2027 Palagius
1395 1957 1639 2027 perfecit
1669 1960 1729 2012 et

114 2035 393 2098 dedicavit.

172 2130 519 2189 11.Iustinus
558 2132 878 2204 imperator
908 2134 1173 2190 moritur.

169 2215 431 2285 Tyberius
464 2221 888 2279 Constantinus
915 2236 1046 2277 ann.
1082 2228 1133 2278 7.

169 2308 215 2359 7.
256 2306 572 2377 Gregorius
604 2315 741 2366 tunc
774 2310 1189 2382 apocrisiarius
1219 2310 1273 2365 in
1328 2310 1734 2367 Constantino-

120 2392 214 2462 poli
243 2396 475 2452 moralia
507 2396 616 2452 Iob
643 2398 883 2469 scripsit
916 2404 973 2453 et
999 2398 1325 2455 Euthicium
1347 2398 1608 2467 ejusdem
1643 2415 1737 2455 ur-

119 2480 189 2537 bis
214 2483 569 2555 episcopum,
607 2491 894 2556 praasente
925 2486 1191 2557 Tyberio,
1223 2488 1278 2543 in
1320 2487 1429 2542 ﬁde
1479 2502 1735 2544 resurre-

119 2572 301 2628 ctionis
329 2588 563 2630 errasse
583 2575 819 2632 devicit.
849 2576 1072 2646 (ΒευΑ.)
1093 2577 1345 2631 Docebat
1369 2576 1520 2630 enim
1538 2575 1735 2631 Euthi-

121 2658 223 2715 cius
249 2675 457 2734 corpus
510 2668 772 2719 nostrum
816 2663 869 2718 in
904 2663 1000 2719 illa
1060 2664 1517 2720 resurrectionis
1548 2663 1733 2734 gloria

125 2744 438 2820 inpalpabile
465 2752 665 2808 ventis
696 2751 915 2822 aerique
946 2752 1223 2809 subtilius
1269 2767 1400 2808 esse
1454 2753 1732 2821 futurum,

120 2842 291 2892 contra
314 2841 464 2908 quod
502 2840 774 2897 Dominus
802 2840 945 2896 dicit
972 2858 986 2905 ;
1019 2841 1276 2911 Palpate
1298 2841 1559 2897 etvidete
1587 2843 1738 2911 quia

122 2926 336 2993 spiritus
364 2942 611 2985 carnem
640 2934 694 2984 et
720 2941 855 2986 ossa
875 2943 994 2985 non
1017 2928 1199 2986 habet
1214 2937 1271 2985 et
1287 2929 1510 2999 cet.(H.
1529 2930 1739 3000 S.)Ty-

128 3010 292 3070 borius
321 3014 642 3087 imperator
682 3015 849 3072 obiit.

181 3101 462 3162 Hauricius
498 3110 723 3161 ann.2l.

167 3191 765 3264 t.(ana.)Levigildus
782 3208 883 3249 rex
909 3194 1221 3250 Gothorum
1240 3195 1517 3252 Arrianus
1534 3195 1741 3251 llirmi-

128 3276 380 3346 nigaldum
396 3283 582 3339 ﬁlium
609 3284 682 3339 ob
697 3282 864 3338 fidem
879 3283 1205 3352 catolicam,
1225 3298 1393 3353 quam
1414 3299 1444 3339 a
1478 3284 1738 3340 Leandro

129 3365 468 3439 Hyspolitano
496 3372 774 3443 episcopo
797 3372 1083 3443 percepit,
1117 3374 1304 3429 securi
1329 3374 1513 3430 occidi
1536 3373 1732 3442 jussit.

178 3459 220 3510 9.
249 3457 567 3517 Richardus
601 3475 721 3529 rex,
758 3458 1161 3529 Hirminigaldi
1194 3461 1397 3530 frater,
1449 3476 1551 3532 per
1598 3478 1738 3518 eun-

130 3542 232 3599 dem
263 3547 597 3620 episcopum
632 3553 898 3604 cumtota
921 3554 1096 3617 gente
1120 3549 1436 3606 Gothorum
1461 3550 1532 3605 ad
1566 3550 1734 3606 ﬁdem

129 3630 305 3690 Christi
332 3637 718 3692 convertitur.

184 3724 251 3776 12.
284 3724 375 3794 (H.
406 3726 507 3797 S.)
540 3727 785 3781 Sanctus
832 3725 1156 3794 Gregorius
1206 3726 1277 3781 ad
1328 3726 1733 3796 pontiﬁcatum

131 3803 358 3869 Romana
390 3813 678 3871 aecclesian
705 3813 962 3882 eligitur.

186 3902 255 3952 16.
288 3901 597 3971 Gregorius
630 3916 773 3972 papa
808 3900 1091 3971 synodum
1124 3904 1194 3957 24
1209 3902 1616 3974 episcoporum
1640 3902 1737 3959 ad-

130 3995 307 4056 corpus
334 3991 489 4047 beati
526 3990 681 4046 Petri
713 3994 1031 4059 congregat
1065 3989 1384 4046 indictione
1418 3994 1501 4045 13.

184 4077 257 4132 21.
284 4078 614 4150 Gregorius,
648 4078 842 4135 missis
870 4078 1214 4135 doctoribus
1237 4079 1584 4149 Augustino,
1605 4078 1735 4136 Mel-

131 4156 229 4231 lito,
250 4165 491 4225 Iobanne
516 4167 764 4239 aliisque
789 4166 1076 4239 pluribus,
1103 4166 1321 4237 Anglos
1345 4167 1413 4223 ad
1441 4167 1733 4225 Christum

132 4254 398 4310 convertit.
415 4256 631 4313 Tunica
645 4255 890 4325 Domini,
908 4270 1086 4327 super
1100 4269 1271 4326 quam
1285 4254 1499 4312 milites
1513 4261 1732 4313 sortem

132 4335 390 4413 miserunt,
422 4344 476 4400 in
512 4343 728 4415 Zaphat
764 4343 966 4415 procul
999 4345 1071 4400 ab
1102 4344 1460 4400 Hierusalem
1494 4344 1549 4401 in
1599 4359 1731 4402 arca

1837 1781 2033 1837 nobile
2067 1782 2408 1853 martyrium
2444 1797 2574 1838 cum
2604 1781 2737 1838 aliis
2765 1784 2836 1836 70
2865 1779 3113 1851 peregit.

1918 1874 1971 1926 6.
2007 1870 2266 1927 Eduinus
2299 1884 2403 1926 rex
2436 1869 2753 1941 Anglorum
2782 1867 3054 1937 efﬁcitur,

1910 1963 1995 2014 16.
2024 1958 2326 2015 Heraclius
2346 1958 2605 2015 Cosdroe
2629 1972 2824 2027 regem
2846 1957 3178 2024 Persarum,
3211 1952 3306 2024 qui
3340 1965 3403 2009 se
3426 1953 3488 2009 ut

1841 2046 2011 2103 deum
2043 2047 2155 2104 coli
2182 2048 2382 2118 jussit,
2435 2044 2758 2119 superavit,
2809 2048 2866 2103 et
2919 2045 3136 2115 lignum
3185 2040 3489 2099 dominicae

1841 2137 2038 2193 crucis
2066 2136 2507 2194 Hierosolimam
2539 2135 2792 2192 reduxit.

1915 2230 1999 2282 19.
2037 2224 2296 2282 Eduinus
2325 2224 2751 2293 rexAnglorum
2783 2224 2836 2278 in
2890 2219 3213 2277 Brittannia
3265 2233 3296 2275 a
3345 2218 3492 2275 Pau-

1844 2310 1963 2369 lino
1989 2314 2268 2384 episcopo
2298 2313 2370 2370 ad
2400 2313 2570 2368 ﬁdem
2600 2311 2988 2379 convertitur,
3022 2314 3107 2364 15.
3133 2306 3299 2363 indit.

1912 2406 2000 2458 26.
2037 2402 2140 2471 (Cf.
2177 2403 2347 2458 Fur-1n.
2378 2416 2427 2458 c.
2461 2402 2573 2471 65.)
2604 2399 2928 2469 Heraclius,
2982 2397 3320 2466 astrologus
3358 2394 3492 2451 effe-

1843 2494 1996 2562 ctus,
2028 2490 2173 2546 vidit
2206 2490 2509 2561 imperium
2543 2502 2712 2546 suum
2742 2503 2773 2545 a
2803 2485 3169 2545 circumcisis
3213 2484 3491 2555 gentibus

1845 2595 1973 2635 esse
2004 2580 2372 2649 vastandum,
2410 2579 2759 2648 mittensque
2781 2577 2851 2633 ad
2876 2576 3265 2645 Dagobertum
3294 2586 3490 2642 regem

1847 2671 2222 2739 Francorum,
2238 2682 2440 2724 omnes
2462 2667 2994 2738 regniejusIudeos
3014 2663 3299 2737 baptizari
3322 2661 3493 2735 petiit

1846 2764 1906 2812 ct
1936 2756 2274 2828 impetravit
2300 2774 2314 2823 ;
2346 2756 2589 2828 ipseque
2620 2769 2727 2827 per
2748 2769 2950 2811 omnes
2979 2753 3070 2810 sui
3103 2751 3330 2824 imperii
3364 2765 3497 2823 pro-

1848 2845 2070 2901 vincias
2100 2845 2252 2901 idem
2275 2845 2397 2900 fieri
2419 2844 2701 2901 decrevit.
2730 2842 2996 2914 Agareni,
3024 2842 3120 2913 qui
3144 2845 3203 2896 et
3226 2843 3496 2897 Sarrace-

1850 2933 1928 3003 ni,
1960 2947 2105 3002 gens
2132 2933 2499 3003 circumcisa,
2556 2932 2885 3005 provincias
2933 2928 3183 2987 Heraclii
3233 2930 3488 2985 vastant.

1850 3023 2059 3077 Contra
2096 3035 2242 3092 quos
2274 3022 2408 3077 dum
2438 3020 2740 3077 Heraclius
2773 3020 3030 3089 dimicat,
3065 3021 3169 3074 150
3193 3017 3351 3073 milia
3390 3015 3493 3072 mi-

1770 3072 1820 3135 Ο
1850 3109 2015 3165 litum
2048 3110 2175 3180 ejus
2204 3110 2508 3166 Sarraceni
2543 3108 2925 3178 interficiunt,
2950 3111 3008 3163 et
3058 3104 3241 3177 spolia
3289 3118 3489 3161 eorum

1851 3198 2113 3255 Heraclio
2146 3199 2475 3255 remittunt.
2509 3199 2652 3264 Quae
2677 3197 2774 3253 ille
2803 3195 3067 3267 recipere
3098 3192 3319 3263 nolens,
3353 3192 3490 3249 dum

1847 3285 2161 3342 vindictam
2194 3287 2266 3342 ab
2294 3286 2381 3343 eis
2414 3284 2613 3341 maluit
2663 3284 2729 3351 ³³,
2780 3288 2980 3356 portas
3029 3281 3287 3353 Caspias,
3343 3294 3488 3351 quas

1848 3372 2176 3431 Alexander
2206 3376 2443 3444 Magnus
2472 3373 2705 3429 Macedo
2740 3386 2919 3444 super
2939 3385 3095 3428 mare
3119 3368 3385 3440 Caspium
3415 3368 3494 3424 fe-

1846 3462 1926 3517 cit
1957 3466 2013 3518 et
2049 3467 2289 3534 propter
2320 3462 2754 3519 inundationem
2775 3460 3207 3518 sevissimarum
3231 3456 3491 3527 gentium

1848 3551 2065 3607 servari
2092 3551 2289 3621 jussit,
2322 3552 2576 3623 aperuit,
2609 3550 2858 3622 indeque
2891 3554 2994 3606 150
3024 3546 3181 3604 milia
3212 3560 3354 3603 auro
3403 3559 3493 3601 ar-

1845 3645 1995 3695 mata
2019 3654 2150 3697 cum
2174 3640 2464 3697 universis
2485 3640 2890 3696 universarum
2916 3635 3347 3710 provinciarum
3363 3632 3491 3703 ejus

1844 3728 2127 3785 militibus
2181 3733 2385 3784 contra
2448 3729 2802 3784 Sarracenos
2861 3724 3242 3798 prteliandum
3311 3721 3487 3779 misit.

1845 3818 2100 3887 Cumque
2124 3817 2177 3871 in
2202 3817 2524 3873 crastinum
2547 3821 2763 3885 essent,
2794 3812 3138 3887 praeliaturi,
3160 3813 3287 3884 ipsa
3321 3814 3493 3868 nocte

1843 3909 1911 3960 52
1943 3905 2098 3961 milia
2123 3905 2193 3961 de
2215 3906 2481 3961 exercitu
2506 3904 2754 3961 IIeraclii
2782 3903 2836 3958 in
2862 3902 3084 3958 Castris
3109 3900 3367 3973 percutit
3396 3913 3494 3955 an-

1842 3992 2010 4062 gelus
2043 3993 2161 4048 Dei.
2196 3993 2618 4063 Regredientes
2643 3990 2851 4061 reliqui
2875 3989 3138 4058 cumjam
3182 3984 3496 4044 Hierosoli-

1844 4095 1991 4136 mam
2017 4080 2535 4152 propinquassent,
2562 4079 2767 4135 videns
2788 4076 3091 4134 IIeraclius
3119 4074 3485 4130 inimicorum

1845 4168 2135 4225 violentia;
2160 4182 2222 4224 se
2243 4182 2606 4239 nequaquam
2630 4166 2910 4222 resistere
2935 4177 3130 4237 posse,
3153 4175 3381 4218 merore
3404 4174 3493 4217 ar-

1845 4265 2069 4329 reptus,
2106 4257 2446 4316 Euthiciaua
2476 4256 2669 4313 heresi
2690 4254 2736 4289 ⁸³
2757 4254 2980 4312 cultum
3003 4253 3102 4309 Dei
3136 4249 3447 4308 maculavit
3476 4267 3491 4317 ;

1844 4346 2179 4417 habensque
2212 4360 2451 4402 uxorem
2480 4344 2704 4401 sororis
2731 4358 2851 4400 suae
2883 4341 3077 4412 tiliam,
3131 4345 3378 4398 vexatus
3415 4339 3496 4395 fe-

134 4436 406 4487 marmorea
426 4433 724 4504 reperitur
747 4450 761 4498 ;
782 4446 952 4503 quam
977 4432 1292 4503 Gregorius
1313 4433 1729 4504 Antiochenus,
1762 4422 1815 4483 D
1845 4434 2067 4505 bribus,
2103 4435 2278 4491 vitam
2307 4434 2628 4491 crudeliter
2660 4432 2864 4488 ﬁnivit.

132 4509 334 4574 Thomas
349 4519 911 4591 Hierosoiimitanus,
943 4520 1235 4577 Iohannes
1255 4521 1733 4595 Constantinopo-

1914 4525 2113 4581 Annus
2143 4522 2363 4580 Domini
2394 4525 2519 4580 639.
2555 4520 2907 4579 Heraclonas
2937 4534 3066 4577 cum
3115 4522 3302 4576 matre
3349 4518 3493 4574 Mar-

136 4595 315 4661 litanus
339 4622 462 4665 cum
493 4609 626 4666 aliis
656 4608 857 4665 multis
876 4609 1174 4680 episcopis
1194 4608 1469 4666 triduano
1510 4609 1732 4681 jejunio
1841 4610 1961 4667 tina
1992 4624 2124 4667 ann.
2157 4616 2209 4668 2.

138 4688 305 4748 ordine
326 4696 582 4765 pedestri
612 4697 667 4753 in
701 4696 827 4768 ipsa
859 4711 994 4752 arca
1024 4695 1476 4766 Hierosolymam
1522 4698 1734 4768 perdu-

1908 4704 1960 4756 2.
1998 4701 2097 4769 (Η.
2130 4702 2225 4772 ις’.)
2258 4702 2440 4771 Cyrus
2472 4698 2901 4756 Alexandrinus
2932 4702 2990 4754 et
3020 4696 3116 4754 alii
3141 4695 3306 4755 multi
3329 4694 3492 4752 here-

139 4780 321 4849 ceutes,
353 4782 404 4839 in
435 4784 722 4854 aacclesia,
758 4783 854 4841 ubi
885 4799 1032 4840 crux
1062 4784 1283 4840 Domini
1306 4784 1605 4855 adoratur,
1636 4801 1733 4857 ρο·
1840 4788 1947 4843 sim
1972 4788 2318 4845 instaurant.
2347 4789 2699 4845 Heraclonas
2718 4787 3029 4844 occiditur.
3057 4785 3202 4842 Anni
3227 4785 3299 4840 ab
3322 4783 3488 4839 initio

140 4872 358 4925 suerunt.
384 4871 481 4943 (Η.
505 4873 602 4944 S.)
627 4873 936 4930 Mauricius
958 4886 1139 4944 penas
1162 4872 1448 4929 scelerum
1469 4888 1728 4945 suorum,
1839 4874 2033 4932 mundi
2068 4879 2222 4933 4600.

141 4951 319 5091 UlFipse
344 4961 544 5031 oravit,
569 4960 901 5032 exsolvens,
925 4975 955 5016 a
973 4960 1120 5017 Foca
1145 4960 1401 5033 turpiter
1418 4961 1727 5021 occiditur.

227 5056 350 5091 ocas
376 5062 478 5091 ann
533 5053 567 5091 '7

227 5056 350 5101 ocas
375 5062 499 5105 ann.
533 5053 585 5106 7.

198 5130 240 5180 3.
261 5131 559 5204 Gregorius
578 5151 729 5211 papa
749 5138 1020 5209 migravit
1043 5138 1114 5195 ad
1133 5138 1432 5197 Dominum
1470 5139 1651 5197 indict
1674 5141 1726 5197 8.

196 5217 240 5269 ϐ.
267 5218 556 5283 Romanam
589 5226 913 5286 aacclesiam
938 5227 1191 5284 omnium
1215 5226 1615 5285 accelesiarum
1638 5242 1731 5285 ca-

1911 4964 2350 5035 Constantinus,
2386 4962 2633 5021 IIeraclii
2664 4963 2838 5033 ﬁlius,
2874 4974 3106 5017 menses
3138 4962 3170 5016 4
3195 4956 3257 5014 ³⁸.

1909 5054 2193 5109 Constans
2220 5051 2284 5120 ³⁸,
2319 5051 2681 5110 Constantini
2716 5050 2889 5120 illius,
2928 5063 3059 5106 ann.
3091 5051 3180 5103 28.

1908 5146 1956 5196 1.
1991 5145 2042 5197 2.
2079 5145 2129 5197 3.
2165 5142 2214 5196 4.
2251 5145 2301 5196 5.
2336 5145 2387 5197 6.
2419 5144 2471 5195 7.
2504 5140 2606 5196 Hic
2638 5140 2921 5210 deceptus
2951 5152 2982 5194 a
3014 5136 3193 5194 Paulo
3222 5135 3486 5194 heretico

1837 5228 2211 5302 persequitur
2240 5228 2614 5286 christianos.

1436 5351 1673 5409 VARle
1727 5352 2128 5411 LECTIONES.

147 5429 649 5529 u?9°_28‘anii201i
689 5452 1080 5529 mergamus
1126 5461 1173 5507 ο.
1284 5446 1330 5482 ³ο
1372 5446 1541 5529 placat
1583 5464 1633 5509 ο.

204 5514 230 5558 c
250 5517 378 5567 con.
407 5528 452 5572 ο.
525 5516 570 5553 ³⁸
599 5514 1006 5580 constabtirius
1036 5532 1186 5580 corr.
1221 5521 1500 5581 constans
1526 5534 1573 5579 ο.

1739 5448 1785 5485 ἰ
1816 5448 2002 5510 ﬁdens
2029 5465 2077 5509 ο.

2179 5446 2223 5481 ³³
2251 5448 2476 5505 malens
2504 5457 2666 5509 corr.
2705 5444 2911 5505 maluit
2958 5460 3005 5506 ο.
3097 5443 3143 5480 ⁸³
3186 5440 3405 5501 heracli
3438 5457 3486 5501 c.
