  <div class='ocr_page' id='page_1' title='image "/cluster/home/n/w/nwhite01/storage/ocr_20150623/154/hvd.32044054760129/245.png"; bbox 0 0 3964 6044; ppageno 0'>
   <div class='ocr_carea' id='block_1_1' title="bbox 403 228 522 295">
    <p class='ocr_par' dir='ltr' id='par_1_1' title="bbox 403 228 522 295">
     <span class='ocr_line' id='line_1_1' title="bbox 403 228 522 295; baseline 0 -1"><span class='ocrx_word' id='word_1_1' title='bbox 403 228 522 295; x_wconf 76' lang='lat'><strong>479</strong></span> 
     </span>
    </p>
   </div>
   <div class='ocr_carea' id='block_1_2' title="bbox 1562 232 2642 301">
    <p class='ocr_par' dir='ltr' id='par_1_2' title="bbox 1562 232 2642 301">
     <span class='ocr_line' id='line_1_2' title="bbox 1562 232 2642 301; baseline -0.002 0"><span class='ocrx_word' id='word_1_2' title='bbox 1562 236 2044 301; x_wconf 82' lang='lat' dir='ltr'><strong>EKKEHARDI</strong></span> <span class='ocrx_word' id='word_1_3' title='bbox 2086 234 2335 300; x_wconf 78' lang='lat' dir='ltr'><strong>URAUt</strong></span> <span class='ocrx_word' id='word_1_4' title='bbox 2350 232 2642 299; x_wconf 73' lang='lat' dir='ltr'><strong>:‘iIENSIS</strong></span> 
     </span>
    </p>
   </div>
   <div class='ocr_carea' id='block_1_3' title="bbox 3692 234 3816 301">
    <p class='ocr_par' dir='ltr' id='par_1_3' title="bbox 3692 234 3816 301">
     <span class='ocr_line' id='line_1_3' title="bbox 3692 234 3816 301; baseline 0.016 -2"><span class='ocrx_word' id='word_1_5' title='bbox 3692 234 3816 301; x_wconf 75' lang='grc'><strong>480</strong></span> 
     </span>
    </p>
   </div>
   <div class='ocr_carea' id='block_1_4' title="bbox 479 364 2985 444">
    <p class='ocr_par' dir='ltr' id='par_1_4' title="bbox 479 364 2985 444">
     <span class='ocr_line' id='line_1_4' title="bbox 479 364 2985 444; baseline 0.001 -22"><span class='ocrx_word' id='word_1_6' title='bbox 479 367 563 422; x_wconf 92' lang='lat'><strong>12.</strong></span> <span class='ocrx_word' id='word_1_7' title='bbox 618 364 897 425; x_wconf 80' lang='lat' dir='ltr'><strong>Martinus</strong></span> <span class='ocrx_word' id='word_1_8' title='bbox 944 383 1090 441; x_wconf 90' lang='lat' dir='ltr'><strong>papa</strong></span> <span class='ocrx_word' id='word_1_9' title='bbox 1135 368 1417 441; x_wconf 83' lang='lat' dir='ltr'><strong>synodum</strong></span> <span class='ocrx_word' id='word_1_10' title='bbox 1480 373 1578 429; x_wconf 79' lang='lat'><strong>105</strong></span> <span class='ocrx_word' id='word_1_11' title='bbox 1638 372 2045 444; x_wconf 90' lang='lat' dir='ltr'><strong>episcoporum</strong></span> <span class='ocrx_word' id='word_1_12' title='bbox 2078 373 2132 434; x_wconf 83' lang='grc' dir='ltr'>Α</span> <span class='ocrx_word' id='word_1_13' title='bbox 2234 374 2285 427; x_wconf 92' lang='lat'><strong>3.</strong></span> <span class='ocrx_word' id='word_1_14' title='bbox 2322 371 2432 428; x_wconf 99' lang='lat' dir='ltr'><strong>Leo</strong></span> <span class='ocrx_word' id='word_1_15' title='bbox 2464 385 2709 441; x_wconf 84' lang='lat' dir='ltr'><strong>regnum</strong></span> <span class='ocrx_word' id='word_1_16' title='bbox 2745 368 2985 426; x_wconf 79' lang='lat' dir='ltr'><strong>dimisit.</strong></span> 
     </span>
    </p>
   </div>
   <div class='ocr_carea' id='block_1_5' title="bbox 402 459 2047 531">
    <p class='ocr_par' dir='ltr' id='par_1_5' title="bbox 402 459 2047 531">
     <span class='ocr_line' id='line_1_5' title="bbox 402 459 2047 531; baseline 0.003 -20"><span class='ocrx_word' id='word_1_17' title='bbox 402 469 793 527; x_wconf 81' lang='lat' dir='ltr'><strong>congregans,</strong></span> <span class='ocrx_word' id='word_1_18' title='bbox 830 459 1037 526; x_wconf 80' lang='lat' dir='ltr'><strong>Cyrum</strong></span> <span class='ocrx_word' id='word_1_19' title='bbox 1071 460 1353 531; x_wconf 79' lang='lat' dir='ltr'><strong>Sergium,</strong></span> <span class='ocrx_word' id='word_1_20' title='bbox 1408 462 1649 531; x_wconf 79' lang='lat' dir='ltr'><strong>Pyrrum</strong></span> <span class='ocrx_word' id='word_1_21' title='bbox 1699 466 1755 516; x_wconf 91' lang='lat' dir='ltr'><strong>et</strong></span> <span class='ocrx_word' id='word_1_22' title='bbox 1804 461 2047 517; x_wconf 89' lang='lat' dir='ltr'><strong>Paulum</strong></span> 
     </span>
    </p>
   </div>
   <div class='ocr_carea' id='block_1_6' title="bbox 405 544 1137 615">
    <p class='ocr_par' dir='ltr' id='par_1_6' title="bbox 405 544 1137 615">
     <span class='ocr_line' id='line_1_6' title="bbox 405 544 1137 615; baseline 0.004 -15"><span class='ocrx_word' id='word_1_23' title='bbox 405 544 773 615; x_wconf 75' lang='lat' dir='ltr'><strong>condemnat,</strong></span> <span class='ocrx_word' id='word_1_24' title='bbox 816 546 1017 604; x_wconf 91' lang='lat' dir='ltr'><strong>indict.</strong></span> <span class='ocrx_word' id='word_1_25' title='bbox 1052 553 1137 604; x_wconf 89' lang='lat'><strong>11.</strong></span> 
     </span>
    </p>
   </div>
   <div class='ocr_carea' id='block_1_7' title="bbox 479 634 2047 707">
    <p class='ocr_par' dir='ltr' id='par_1_7' title="bbox 479 634 2047 707">
     <span class='ocr_line' id='line_1_7' title="bbox 479 634 2047 707; baseline 0.004 -20"><span class='ocrx_word' id='word_1_26' title='bbox 479 637 567 688; x_wconf 93' lang='lat'><strong>16.</strong></span> <span class='ocrx_word' id='word_1_27' title='bbox 599 634 878 692; x_wconf 86' lang='lat' dir='ltr'><strong>Martinus</strong></span> <span class='ocrx_word' id='word_1_28' title='bbox 910 651 1055 707; x_wconf 89' lang='lat' dir='ltr'><strong>papa</strong></span> <span class='ocrx_word' id='word_1_29' title='bbox 1087 652 1117 693; x_wconf 92' lang='lat' dir='ltr'><strong>a</strong></span> <span class='ocrx_word' id='word_1_30' title='bbox 1152 638 1530 694; x_wconf 78' lang='lat' dir='ltr'><strong>Constantino</strong></span> <span class='ocrx_word' id='word_1_31' title='bbox 1565 640 1877 696; x_wconf 88' lang='lat' dir='ltr'><strong>Cersonam</strong></span> <span class='ocrx_word' id='word_1_32' title='bbox 1925 639 2047 695; x_wconf 79' lang='lat' dir='ltr'><strong>exi-</strong></span> 
     </span>
    </p>
   </div>
   <div class='ocr_carea' id='block_1_8' title="bbox 408 718 1514 794">
    <p class='ocr_par' dir='ltr' id='par_1_8' title="bbox 408 718 1514 794">
     <span class='ocr_line' id='line_1_8' title="bbox 408 718 1514 794; baseline 0.005 -19"><span class='ocrx_word' id='word_1_33' title='bbox 408 718 486 777; x_wconf 95' lang='lat' dir='ltr'><strong>lio</strong></span> <span class='ocrx_word' id='word_1_34' title='bbox 518 722 750 793; x_wconf 88' lang='lat' dir='ltr'><strong>missus,</strong></span> <span class='ocrx_word' id='word_1_35' title='bbox 789 724 1057 794; x_wconf 80' lang='lat' dir='ltr'><strong>migravit</strong></span> <span class='ocrx_word' id='word_1_36' title='bbox 1090 725 1160 781; x_wconf 91' lang='lat' dir='ltr'><strong>ad</strong></span> <span class='ocrx_word' id='word_1_37' title='bbox 1191 727 1514 783; x_wconf 87' lang='lat' dir='ltr'><strong>Dominum.</strong></span> 
     </span>
    </p>
   </div>
   <div class='ocr_carea' id='block_1_9' title="bbox 478 812 2039 885">
    <p class='ocr_par' dir='ltr' id='par_1_9' title="bbox 478 812 2039 885">
     <span class='ocr_line' id='line_1_9' title="bbox 478 812 2039 885; baseline 0.004 -19"><span class='ocrx_word' id='word_1_38' title='bbox 478 813 566 867; x_wconf 87' lang='lat'><strong>24.</strong></span> <span class='ocrx_word' id='word_1_39' title='bbox 604 812 884 868; x_wconf 80' lang='lat' dir='ltr'><strong>Constans</strong></span> <span class='ocrx_word' id='word_1_40' title='bbox 912 812 983 846; x_wconf 78' lang='grc'><strong>³⁸⁶</strong></span> <span class='ocrx_word' id='word_1_41' title='bbox 1032 814 1269 870; x_wconf 85' lang='lat' dir='ltr'><strong>Romam</strong></span> <span class='ocrx_word' id='word_1_42' title='bbox 1319 814 1497 885; x_wconf 86' lang='lat' dir='ltr'><strong>venit,</strong></span> <span class='ocrx_word' id='word_1_43' title='bbox 1532 819 1592 871; x_wconf 91' lang='lat' dir='ltr'><strong>et</strong></span> <span class='ocrx_word' id='word_1_44' title='bbox 1638 816 1808 872; x_wconf 88' lang='lat' dir='ltr'><strong>beato</strong></span> <span class='ocrx_word' id='word_1_45' title='bbox 1863 818 2039 873; x_wconf 91' lang='lat' dir='ltr'><strong>Petro</strong></span> 
     </span>
    </p>
   </div>
   <div class='ocr_carea' id='block_1_10' title="bbox 410 898 2045 974">
    <p class='ocr_par' dir='ltr' id='par_1_10' title="bbox 410 898 2045 974">
     <span class='ocr_line' id='line_1_10' title="bbox 410 898 2045 974; baseline 0.007 -23"><span class='ocrx_word' id='word_1_46' title='bbox 410 898 647 969; x_wconf 86' lang='lat' dir='ltr'><strong>pallium</strong></span> <span class='ocrx_word' id='word_1_47' title='bbox 662 915 804 957; x_wconf 89' lang='lat' dir='ltr'><strong>auro</strong></span> <span class='ocrx_word' id='word_1_48' title='bbox 817 900 1025 957; x_wconf 86' lang='lat' dir='ltr'><strong>textile</strong></span> <span class='ocrx_word' id='word_1_49' title='bbox 1039 901 1410 974; x_wconf 89' lang='lat' dir='ltr'><strong>obtulit,toto</strong></span> <span class='ocrx_word' id='word_1_50' title='bbox 1423 904 1689 961; x_wconf 87' lang='lat' dir='ltr'><strong>exercitu</strong></span> <span class='ocrx_word' id='word_1_51' title='bbox 1704 918 1833 961; x_wconf 91' lang='lat' dir='ltr'><strong>eum</strong></span> <span class='ocrx_word' id='word_1_52' title='bbox 1849 904 2045 962; x_wconf 88' lang='lat' dir='ltr'><strong>cereis</strong></span> 
     </span>
    </p>
   </div>
   <div class='ocr_carea' id='block_1_11' title="bbox 410 985 689 1045">
    <p class='ocr_par' dir='ltr' id='par_1_11' title="bbox 410 985 689 1045">
     <span class='ocr_line' id='line_1_11' title="bbox 410 985 689 1045; baseline 0.018 -5"><span class='ocrx_word' id='word_1_53' title='bbox 410 985 689 1045; x_wconf 88' lang='lat' dir='ltr'><strong>intrante.</strong></span> 
     </span>
    </p>
   </div>
   <div class='ocr_carea' id='block_1_12' title="bbox 480 1078 2044 1153">
    <p class='ocr_par' dir='ltr' id='par_1_12' title="bbox 480 1078 2044 1153">
     <span class='ocr_line' id='line_1_12' title="bbox 480 1078 2044 1153; baseline 0.004 -22"><span class='ocrx_word' id='word_1_54' title='bbox 480 1080 565 1131; x_wconf 90' lang='lat'><strong>27.</strong></span> <span class='ocrx_word' id='word_1_55' title='bbox 600 1078 862 1149; x_wconf 81' lang='lat' dir='ltr'><strong>Eolypsis</strong></span> <span class='ocrx_word' id='word_1_56' title='bbox 892 1078 1033 1136; x_wconf 92' lang='lat' dir='ltr'><strong>solis</strong></span> <span class='ocrx_word' id='word_1_57' title='bbox 1068 1079 1216 1137; x_wconf 84' lang='lat' dir='ltr'><strong>facta</strong></span> <span class='ocrx_word' id='word_1_58' title='bbox 1246 1085 1340 1137; x_wconf 90' lang='lat' dir='ltr'><strong>est</strong></span> <span class='ocrx_word' id='word_1_59' title='bbox 1380 1080 1521 1138; x_wconf 91' lang='lat' dir='ltr'><strong>hora</strong></span> <span class='ocrx_word' id='word_1_60' title='bbox 1556 1086 1641 1151; x_wconf 91' lang='lat'><strong>10,</strong></span> <span class='ocrx_word' id='word_1_61' title='bbox 1672 1086 1703 1137; x_wconf 81' lang='grc'><strong>5</strong></span> <span class='ocrx_word' id='word_1_62' title='bbox 1738 1083 1882 1138; x_wconf 81' lang='lat' dir='ltr'><strong>Non.</strong></span> <span class='ocrx_word' id='word_1_63' title='bbox 1917 1082 2044 1153; x_wconf 84' lang='lat' dir='ltr'><strong>Mai,</strong></span> 
     </span>
    </p>
   </div>
   <div class='ocr_carea' id='block_1_13' title="bbox 408 1163 802 1221">
    <p class='ocr_par' dir='ltr' id='par_1_13' title="bbox 408 1163 802 1221">
     <span class='ocr_line' id='line_1_13' title="bbox 408 1163 802 1221; baseline 0.005 -3"><span class='ocrx_word' id='word_1_64' title='bbox 408 1163 608 1221; x_wconf 90' lang='lat' dir='ltr'><strong>indict.</strong></span> <span class='ocrx_word' id='word_1_65' title='bbox 646 1171 702 1221; x_wconf 85' lang='lat'><strong>11</strong></span> <span class='ocrx_word' id='word_1_66' title='bbox 739 1164 802 1220; x_wconf 78' lang='grc'><strong>³⁸.</strong></span> 
     </span>
    </p>
   </div>
   <div class='ocr_carea' id='block_1_14' title="bbox 478 1253 2051 1331">
    <p class='ocr_par' dir='ltr' id='par_1_14' title="bbox 478 1253 2051 1331">
     <span class='ocr_line' id='line_1_14' title="bbox 478 1253 2051 1331; baseline 0.006 -25"><span class='ocrx_word' id='word_1_67' title='bbox 478 1255 563 1307; x_wconf 97' lang='lat'><strong>28.</strong></span> <span class='ocrx_word' id='word_1_68' title='bbox 600 1255 888 1310; x_wconf 88' lang='lat' dir='ltr'><strong>Constans</strong></span> <span class='ocrx_word' id='word_1_69' title='bbox 918 1253 990 1287; x_wconf 68' lang='grc' dir='ltr'><strong>δι’</strong></span> <span class='ocrx_word' id='word_1_70' title='bbox 1012 1262 1142 1327; x_wconf 92' lang='lat' dir='ltr'><strong>post</strong></span> <span class='ocrx_word' id='word_1_71' title='bbox 1173 1256 1387 1314; x_wconf 88' lang='lat' dir='ltr'><strong>multas</strong></span> <span class='ocrx_word' id='word_1_72' title='bbox 1421 1258 1888 1330; x_wconf 64' lang='lat' dir='ltr'><strong>depraedationes</strong></span> <span class='ocrx_word' id='word_1_73' title='bbox 1917 1273 2051 1331; x_wconf 91' lang='lat' dir='ltr'><strong>pro-</strong></span> 
     </span>
    </p>
   </div>
   <div class='ocr_carea' id='block_1_15' title="bbox 410 1340 1892 1418">
    <p class='ocr_par' dir='ltr' id='par_1_15' title="bbox 410 1340 1892 1418">
     <span class='ocr_line' id='line_1_15' title="bbox 410 1340 1892 1418; baseline 0.005 -23"><span class='ocrx_word' id='word_1_74' title='bbox 410 1340 730 1397; x_wconf 88' lang='lat' dir='ltr'><strong>vinciarum</strong></span> <span class='ocrx_word' id='word_1_75' title='bbox 756 1344 987 1401; x_wconf 90' lang='lat' dir='ltr'><strong>occisus</strong></span> <span class='ocrx_word' id='word_1_76' title='bbox 1017 1345 1072 1400; x_wconf 90' lang='lat' dir='ltr'><strong>in</strong></span> <span class='ocrx_word' id='word_1_77' title='bbox 1104 1347 1310 1402; x_wconf 88' lang='lat' dir='ltr'><strong>balneo</strong></span> <span class='ocrx_word' id='word_1_78' title='bbox 1338 1347 1535 1418; x_wconf 89' lang='lat' dir='ltr'><strong>periit,</strong></span> <span class='ocrx_word' id='word_1_79' title='bbox 1568 1348 1770 1405; x_wconf 91' lang='lat' dir='ltr'><strong>indict.</strong></span> <span class='ocrx_word' id='word_1_80' title='bbox 1810 1353 1892 1403; x_wconf 88' lang='lat'><strong>12.</strong></span> 
     </span>
    </p>
   </div>
   <div class='ocr_carea' id='block_1_16' title="bbox 484 1431 1879 1505">
    <p class='ocr_par' dir='ltr' id='par_1_16' title="bbox 484 1431 1879 1505">
     <span class='ocr_line' id='line_1_16' title="bbox 484 1431 1879 1505; baseline 0.004 -19"><span class='ocrx_word' id='word_1_81' title='bbox 484 1431 925 1503; x_wconf 83' lang='lat' dir='ltr'><strong>Constantinus,</strong></span> <span class='ocrx_word' id='word_1_82' title='bbox 952 1433 1105 1491; x_wconf 88' lang='lat' dir='ltr'><strong>ﬁlius</strong></span> <span class='ocrx_word' id='word_1_83' title='bbox 1138 1436 1476 1492; x_wconf 89' lang='lat' dir='ltr'><strong>Constantis</strong></span> <span class='ocrx_word' id='word_1_84' title='bbox 1507 1435 1592 1505; x_wconf 80' lang='grc'><strong>³⁶”,</strong></span> <span class='ocrx_word' id='word_1_85' title='bbox 1626 1451 1754 1492; x_wconf 92' lang='lat' dir='ltr'><strong>ann.</strong></span> <span class='ocrx_word' id='word_1_86' title='bbox 1792 1441 1879 1493; x_wconf 88' lang='grc'><strong>17.</strong></span> 
     </span>
    </p>
   </div>
   <div class='ocr_carea' id='block_1_17' title="bbox 480 1518 2051 1593">
    <p class='ocr_par' dir='ltr' id='par_1_17' title="bbox 480 1518 2051 1593">
     <span class='ocr_line' id='line_1_17' title="bbox 480 1518 2051 1593; baseline 0.004 -19"><span class='ocrx_word' id='word_1_87' title='bbox 480 1522 533 1574; x_wconf 87' lang='lat'><strong>2.</strong></span> <span class='ocrx_word' id='word_1_88' title='bbox 571 1518 860 1577; x_wconf 88' lang='lat' dir='ltr'><strong>Vitaliano</strong></span> <span class='ocrx_word' id='word_1_89' title='bbox 891 1535 1036 1593; x_wconf 87' lang='lat' dir='ltr'><strong>papa</strong></span> <span class='ocrx_word' id='word_1_90' title='bbox 1072 1522 1409 1580; x_wconf 88' lang='lat' dir='ltr'><strong>Adcodatus</strong></span> <span class='ocrx_word' id='word_1_91' title='bbox 1440 1528 1509 1580; x_wconf 91' lang='lat'><strong>78</strong></span> <span class='ocrx_word' id='word_1_92' title='bbox 1538 1523 1583 1557; x_wconf 85' lang='grc'><strong>³⁷</strong></span> <span class='ocrx_word' id='word_1_93' title='bbox 1611 1526 1916 1583; x_wconf 90' lang='lat' dir='ltr'><strong>successit.</strong></span> <span class='ocrx_word' id='word_1_94' title='bbox 1949 1526 2051 1584; x_wconf 92' lang='lat' dir='ltr'><strong>Cui</strong></span> 
     </span>
    </p>
   </div>
   <div class='ocr_carea' id='block_1_18' title="bbox 411 1607 1030 1682">
    <p class='ocr_par' dir='ltr' id='par_1_18' title="bbox 411 1607 1030 1682">
     <span class='ocr_line' id='line_1_18' title="bbox 411 1607 1030 1682; baseline 0.005 -20"><span class='ocrx_word' id='word_1_95' title='bbox 411 1607 668 1663; x_wconf 90' lang='lat' dir='ltr'><strong>Domnus</strong></span> <span class='ocrx_word' id='word_1_96' title='bbox 698 1612 766 1664; x_wconf 88' lang='lat'>79</span> <span class='ocrx_word' id='word_1_97' title='bbox 787 1608 831 1642; x_wconf 84' lang='grc'>³⁷</span> <span class='ocrx_word' id='word_1_98' title='bbox 864 1623 1030 1682; x_wconf 90' lang='lat' dir='ltr'><strong>papa.</strong></span> 
     </span>
    </p>
   </div>
   <div class='ocr_carea' id='block_1_19' title="bbox 2230 459 3658 532">
    <p class='ocr_par' dir='ltr' id='par_1_19' title="bbox 2230 459 3658 532">
     <span class='ocr_line' id='line_1_19' title="bbox 2230 459 3658 532; baseline -0.001 -15"><span class='ocrx_word' id='word_1_99' title='bbox 2230 460 2445 532; x_wconf 69' lang='lat'><strong>(17.8.)</strong></span> <span class='ocrx_word' id='word_1_100' title='bbox 2483 464 2682 517; x_wconf 88' lang='lat' dir='ltr'><strong>Annus</strong></span> <span class='ocrx_word' id='word_1_101' title='bbox 2714 459 2937 515; x_wconf 88' lang='lat' dir='ltr'><strong>Domini</strong></span> <span class='ocrx_word' id='word_1_102' title='bbox 2969 464 3091 517; x_wconf 79' lang='lat'><strong>696.</strong></span> <span class='ocrx_word' id='word_1_103' title='bbox 3124 460 3404 531; x_wconf 87' lang='lat' dir='ltr'><strong>Tyberius</strong></span> <span class='ocrx_word' id='word_1_104' title='bbox 3435 474 3571 517; x_wconf 90' lang='lat' dir='ltr'><strong>ann.</strong></span> <span class='ocrx_word' id='word_1_105' title='bbox 3605 463 3658 515; x_wconf 91' lang='lat'><strong>7.</strong></span> 
     </span>
    </p>
   </div>
   <div class='ocr_carea' id='block_1_20' title="bbox 2231 549 3815 622">
    <p class='ocr_par' dir='ltr' id='par_1_20' title="bbox 2231 549 3815 622">
     <span class='ocr_line' id='line_1_20' title="bbox 2231 549 3815 622; baseline -0.001 -15"><span class='ocrx_word' id='word_1_106' title='bbox 2231 554 2279 607; x_wconf 95' lang='lat'><strong>4.</strong></span> <span class='ocrx_word' id='word_1_107' title='bbox 2315 550 2577 622; x_wconf 79' lang='lat' dir='ltr'><strong>Synodus</strong></span> <span class='ocrx_word' id='word_1_108' title='bbox 2606 549 2869 622; x_wconf 91' lang='lat' dir='ltr'><strong>Aquileie</strong></span> <span class='ocrx_word' id='word_1_109' title='bbox 2898 550 2944 583; x_wconf 84' lang='lat'><strong>‘°</strong></span> <span class='ocrx_word' id='word_1_110' title='bbox 2992 554 3389 622; x_wconf 85' lang='lat' dir='ltr'><strong>congregatur</strong></span> <span class='ocrx_word' id='word_1_111' title='bbox 3438 551 3547 608; x_wconf 90' lang='lat' dir='ltr'><strong>sub</strong></span> <span class='ocrx_word' id='word_1_112' title='bbox 3600 549 3815 621; x_wconf 88' lang='lat' dir='ltr'><strong>Sergio</strong></span> 
     </span>
    </p>
   </div>
   <div class='ocr_carea' id='block_1_21' title="bbox 2161 640 2833 712">
    <p class='ocr_par' dir='ltr' id='par_1_21' title="bbox 2161 640 2833 712">
     <span class='ocr_line' id='line_1_21' title="bbox 2161 640 2833 712; baseline -0.003 -17"><span class='ocrx_word' id='word_1_113' title='bbox 2161 654 2326 712; x_wconf 89' lang='lat' dir='ltr'><strong>papa.</strong></span> <span class='ocrx_word' id='word_1_114' title='bbox 2365 641 2485 696; x_wconf 90' lang='lat' dir='ltr'><strong>Ind.</strong></span> <span class='ocrx_word' id='word_1_115' title='bbox 2526 646 2573 710; x_wconf 91' lang='lat'><strong>1,</strong></span> <span class='ocrx_word' id='word_1_116' title='bbox 2610 640 2833 696; x_wconf 83' lang='lat'><strong>01.370.</strong></span> 
     </span>
    </p>
   </div>
   <div class='ocr_carea' id='block_1_22' title="bbox 2229 727 3813 800">
    <p class='ocr_par' dir='ltr' id='par_1_22' title="bbox 2229 727 3813 800">
     <span class='ocr_line' id='line_1_22' title="bbox 2229 727 3813 800; baseline -0.002 -15"><span class='ocrx_word' id='word_1_117' title='bbox 2229 734 2280 785; x_wconf 96' lang='lat'><strong>6.</strong></span> <span class='ocrx_word' id='word_1_118' title='bbox 2316 731 2467 785; x_wconf 88' lang='lat' dir='ltr'><strong>Beda</strong></span> <span class='ocrx_word' id='word_1_119' title='bbox 2503 728 2854 785; x_wconf 89' lang='lat' dir='ltr'><strong>venerabilis</strong></span> <span class='ocrx_word' id='word_1_120' title='bbox 2884 729 3204 800; x_wconf 86' lang='lat' dir='ltr'><strong>presbyter</strong></span> <span class='ocrx_word' id='word_1_121' title='bbox 3238 728 3553 797; x_wconf 83' lang='lat' dir='ltr'><strong>Anglorum</strong></span> <span class='ocrx_word' id='word_1_122' title='bbox 3578 727 3813 785; x_wconf 90' lang='lat' dir='ltr'><strong>chroni-</strong></span> 
     </span>
    </p>
   </div>
   <div class='ocr_carea' id='block_1_23' title="bbox 2159 816 3406 887">
    <p class='ocr_par' dir='ltr' id='par_1_23' title="bbox 2159 816 3406 887">
     <span class='ocr_line' id='line_1_23' title="bbox 2159 816 3406 887; baseline -0.002 -13"><span class='ocrx_word' id='word_1_123' title='bbox 2159 831 2284 874; x_wconf 88' lang='lat' dir='ltr'><strong>cam</strong></span> <span class='ocrx_word' id='word_1_124' title='bbox 2318 816 2558 873; x_wconf 91' lang='lat' dir='ltr'><strong>minoris</strong></span> <span class='ocrx_word' id='word_1_125' title='bbox 2588 816 2719 872; x_wconf 90' lang='lat' dir='ltr'><strong>libri</strong></span> <span class='ocrx_word' id='word_1_126' title='bbox 2752 830 2938 887; x_wconf 90' lang='lat' dir='ltr'><strong>usque</strong></span> <span class='ocrx_word' id='word_1_127' title='bbox 2964 816 3076 873; x_wconf 88' lang='lat' dir='ltr'><strong>huc</strong></span> <span class='ocrx_word' id='word_1_128' title='bbox 3106 816 3406 887; x_wconf 79' lang='lat' dir='ltr'><strong>perduxit.</strong></span> 
     </span>
    </p>
   </div>
   <div class='ocr_carea' id='block_1_24' title="bbox 2229 903 3813 977">
    <p class='ocr_par' dir='ltr' id='par_1_24' title="bbox 2229 903 3813 977">
     <span class='ocr_line' id='line_1_24' title="bbox 2229 903 3813 977; baseline 0 -17"><span class='ocrx_word' id='word_1_129' title='bbox 2229 909 2280 961; x_wconf 93' lang='lat'><strong>7.</strong></span> <span class='ocrx_word' id='word_1_130' title='bbox 2313 906 2605 962; x_wconf 90' lang='lat' dir='ltr'><strong>Iohannes</strong></span> <span class='ocrx_word' id='word_1_131' title='bbox 2630 919 2775 977; x_wconf 90' lang='lat' dir='ltr'><strong>papa</strong></span> <span class='ocrx_word' id='word_1_132' title='bbox 2798 904 3001 975; x_wconf 86' lang='lat' dir='ltr'><strong>Sergio</strong></span> <span class='ocrx_word' id='word_1_133' title='bbox 3026 904 3332 961; x_wconf 86' lang='lat' dir='ltr'><strong>successit.</strong></span> <span class='ocrx_word' id='word_1_134' title='bbox 3361 903 3464 961; x_wconf 90' lang='lat' dir='ltr'><strong>Cui</strong></span> <span class='ocrx_word' id='word_1_135' title='bbox 3488 903 3627 959; x_wconf 87' lang='lat' dir='ltr'><strong>item</strong></span> <span class='ocrx_word' id='word_1_136' title='bbox 3657 904 3813 960; x_wconf 88' lang='lat' dir='ltr'><strong>alius</strong></span> 
     </span>
    </p>
   </div>
   <div class='ocr_carea' id='block_1_25' title="bbox 2156 993 3813 1062">
    <p class='ocr_par' dir='ltr' id='par_1_25' title="bbox 2156 993 3813 1062">
     <span class='ocr_line' id='line_1_25' title="bbox 2156 993 3813 1062; baseline -0.002 -11"><span class='ocrx_word' id='word_1_137' title='bbox 2156 995 2445 1052; x_wconf 89' lang='lat' dir='ltr'><strong>Iohannes</strong></span> <span class='ocrx_word' id='word_1_138' title='bbox 2477 995 2784 1052; x_wconf 71' lang='lat' dir='ltr'><strong>suCCcssit.</strong></span> <span class='ocrx_word' id='word_1_139' title='bbox 2828 994 3192 1051; x_wconf 89' lang='lat' dir='ltr'><strong>Iustinianus</strong></span> <span class='ocrx_word' id='word_1_140' title='bbox 3242 994 3482 1049; x_wconf 84' lang='lat' dir='ltr'><strong>Leonem</strong></span> <span class='ocrx_word' id='word_1_141' title='bbox 3529 996 3585 1048; x_wconf 90' lang='lat' dir='ltr'><strong>et</strong></span> <span class='ocrx_word' id='word_1_142' title='bbox 3631 993 3813 1062; x_wconf 78' lang='lat' dir='ltr'><strong>Tybe-</strong></span> 
     </span>
    </p>
   </div>
   <div class='ocr_carea' id='block_1_26' title="bbox 2160 1081 3815 1155">
    <p class='ocr_par' dir='ltr' id='par_1_26' title="bbox 2160 1081 3815 1155">
     <span class='ocr_line' id='line_1_26' title="bbox 2160 1081 3815 1155; baseline -0.002 -16"><span class='ocrx_word' id='word_1_143' title='bbox 2160 1084 2308 1140; x_wconf 91' lang='lat' dir='ltr'><strong>rium</strong></span> <span class='ocrx_word' id='word_1_144' title='bbox 2331 1099 2461 1141; x_wconf 90' lang='lat' dir='ltr'><strong>cum</strong></span> <span class='ocrx_word' id='word_1_145' title='bbox 2484 1084 2613 1140; x_wconf 88' lang='lat' dir='ltr'><strong>aliis</strong></span> <span class='ocrx_word' id='word_1_146' title='bbox 2639 1084 2734 1155; x_wconf 88' lang='lat' dir='ltr'><strong>qui</strong></span> <span class='ocrx_word' id='word_1_147' title='bbox 2754 1098 2883 1139; x_wconf 92' lang='lat' dir='ltr'><strong>eum</strong></span> <span class='ocrx_word' id='word_1_148' title='bbox 2905 1081 3509 1155; x_wconf 85' lang='lat' dir='ltr'><strong>expulerantoecidit;</strong></span> <span class='ocrx_word' id='word_1_149' title='bbox 3537 1096 3708 1150; x_wconf 89' lang='lat' dir='ltr'><strong>quem</strong></span> <span class='ocrx_word' id='word_1_150' title='bbox 3735 1081 3815 1135; x_wconf 85' lang='lat' dir='ltr'><strong>vi-</strong></span> 
     </span>
    </p>
   </div>
   <div class='ocr_carea' id='block_1_27' title="bbox 2160 1168 3815 1242">
    <p class='ocr_par' dir='ltr' id='par_1_27' title="bbox 2160 1168 3815 1242">
     <span class='ocr_line' id='line_1_27' title="bbox 2160 1168 3815 1242; baseline -0.003 -13"><span class='ocrx_word' id='word_1_151' title='bbox 2160 1173 2375 1229; x_wconf 90' lang='lat' dir='ltr'><strong>delicet</strong></span> <span class='ocrx_word' id='word_1_152' title='bbox 2403 1172 2789 1229; x_wconf 88' lang='lat' dir='ltr'><strong>Iustinianum</strong></span> <span class='ocrx_word' id='word_1_153' title='bbox 2824 1173 2935 1227; x_wconf 92' lang='lat' dir='ltr'><strong>Leo</strong></span> <span class='ocrx_word' id='word_1_154' title='bbox 2970 1172 3025 1228; x_wconf 92' lang='lat' dir='ltr'><strong>in</strong></span> <span class='ocrx_word' id='word_1_155' title='bbox 3056 1171 3456 1242; x_wconf 84' lang='lat' dir='ltr'><strong>expulsionem</strong></span> <span class='ocrx_word' id='word_1_156' title='bbox 3480 1168 3639 1226; x_wconf 88' lang='lat' dir='ltr'><strong>illius</strong></span> <span class='ocrx_word' id='word_1_157' title='bbox 3660 1169 3815 1225; x_wconf 89' lang='lat' dir='ltr'><strong>nari-</strong></span> 
     </span>
    </p>
   </div>
   <div class='ocr_carea' id='block_1_28' title="bbox 2163 1258 3815 1331">
    <p class='ocr_par' dir='ltr' id='par_1_28' title="bbox 2163 1258 3815 1331">
     <span class='ocr_line' id='line_1_28' title="bbox 2163 1258 3815 1331; baseline -0.002 -14"><span class='ocrx_word' id='word_1_158' title='bbox 2163 1262 2269 1317; x_wconf 91' lang='lat' dir='ltr'><strong>bus</strong></span> <span class='ocrx_word' id='word_1_159' title='bbox 2300 1261 2697 1318; x_wconf 85' lang='lat' dir='ltr'><strong>detruncarat.</strong></span> <span class='ocrx_word' id='word_1_160' title='bbox 2735 1261 2817 1331; x_wconf 92' lang='lat' dir='ltr'><strong>(P.</strong></span> <span class='ocrx_word' id='word_1_161' title='bbox 2850 1262 2915 1315; x_wconf 93' lang='lat' dir='ltr'><strong>D.</strong></span> <span class='ocrx_word' id='word_1_162' title='bbox 2949 1275 3023 1330; x_wconf 75' lang='lat' dir='ltr'><strong>vr,</strong></span> <span class='ocrx_word' id='word_1_163' title='bbox 3049 1260 3163 1330; x_wconf 89' lang='lat'><strong>32.)</strong></span> <span class='ocrx_word' id='word_1_164' title='bbox 3188 1259 3293 1325; x_wconf 90' lang='lat' dir='ltr'><strong>Qui</strong></span> <span class='ocrx_word' id='word_1_165' title='bbox 3316 1262 3454 1330; x_wconf 90' lang='lat' dir='ltr'><strong>post</strong></span> <span class='ocrx_word' id='word_1_166' title='bbox 3477 1258 3691 1313; x_wconf 88' lang='lat' dir='ltr'><strong>iterum</strong></span> <span class='ocrx_word' id='word_1_167' title='bbox 3725 1271 3815 1313; x_wconf 83' lang='lat' dir='ltr'><strong>as-</strong></span> 
     </span>
    </p>
   </div>
   <div class='ocr_carea' id='block_1_29' title="bbox 2160 1347 3814 1421">
    <p class='ocr_par' dir='ltr' id='par_1_29' title="bbox 2160 1347 3814 1421">
     <span class='ocr_line' id='line_1_29' title="bbox 2160 1347 3814 1421; baseline -0.002 -16"><span class='ocrx_word' id='word_1_168' title='bbox 2160 1352 2392 1421; x_wconf 91' lang='lat' dir='ltr'><strong>sumpto</strong></span> <span class='ocrx_word' id='word_1_169' title='bbox 2427 1349 2668 1421; x_wconf 91' lang='lat' dir='ltr'><strong>imperio</strong></span> <span class='ocrx_word' id='word_1_170' title='bbox 2703 1348 2972 1420; x_wconf 90' lang='lat' dir='ltr'><strong>quotiens</strong></span> <span class='ocrx_word' id='word_1_171' title='bbox 3005 1347 3356 1403; x_wconf 84' lang='lat' dir='ltr'><strong>deﬂuentem</strong></span> <span class='ocrx_word' id='word_1_172' title='bbox 3406 1351 3634 1416; x_wconf 86' lang='lat' dir='ltr'><strong>guttam</strong></span> <span class='ocrx_word' id='word_1_173' title='bbox 3686 1360 3814 1401; x_wconf 90' lang='lat' dir='ltr'><strong>reu-</strong></span> 
     </span>
    </p>
   </div>
   <div class='ocr_carea' id='block_1_30' title="bbox 2163 1434 3814 1508">
    <p class='ocr_par' dir='ltr' id='par_1_30' title="bbox 2163 1434 3814 1508">
     <span class='ocr_line' id='line_1_30' title="bbox 2163 1434 3814 1508; baseline -0.001 -16"><span class='ocrx_word' id='word_1_174' title='bbox 2163 1438 2335 1495; x_wconf 88' lang='lat' dir='ltr'><strong>matis</strong></span> <span class='ocrx_word' id='word_1_175' title='bbox 2367 1453 2537 1494; x_wconf 89' lang='lat' dir='ltr'><strong>manu</strong></span> <span class='ocrx_word' id='word_1_176' title='bbox 2571 1438 2837 1507; x_wconf 89' lang='lat' dir='ltr'><strong>detersit,</strong></span> <span class='ocrx_word' id='word_1_177' title='bbox 2873 1437 3093 1493; x_wconf 86' lang='lat' dir='ltr'><strong>totiens</strong></span> <span class='ocrx_word' id='word_1_178' title='bbox 3122 1450 3267 1508; x_wconf 90' lang='lat' dir='ltr'><strong>pene</strong></span> <span class='ocrx_word' id='word_1_179' title='bbox 3300 1435 3551 1505; x_wconf 86' lang='lat' dir='ltr'><strong>aliquem</strong></span> <span class='ocrx_word' id='word_1_180' title='bbox 3582 1435 3654 1490; x_wconf 91' lang='lat' dir='ltr'><strong>de</strong></span> <span class='ocrx_word' id='word_1_181' title='bbox 3690 1434 3814 1491; x_wconf 89' lang='lat' dir='ltr'><strong>suis</strong></span> 
     </span>
    </p>
   </div>
   <div class='ocr_carea' id='block_1_31' title="bbox 2162 1526 3087 1597">
    <p class='ocr_par' dir='ltr' id='par_1_31' title="bbox 2162 1526 3087 1597">
     <span class='ocr_line' id='line_1_31' title="bbox 2162 1526 3087 1597; baseline -0.001 -15"><span class='ocrx_word' id='word_1_182' title='bbox 2162 1526 2472 1583; x_wconf 89' lang='lat' dir='ltr'><strong>contrariis</strong></span> <span class='ocrx_word' id='word_1_183' title='bbox 2495 1526 2764 1597; x_wconf 83' lang='lat' dir='ltr'><strong>jugulare</strong></span> <span class='ocrx_word' id='word_1_184' title='bbox 2786 1526 3087 1597; x_wconf 63' lang='lat' dir='ltr'><strong>prtecepit.</strong></span> 
     </span>
    </p>
   </div>
   <div class='ocr_carea' id='block_1_32' title="bbox 2237 1608 3814 1685">
    <p class='ocr_par' dir='ltr' id='par_1_32' title="bbox 2237 1608 3814 1685">
     <span class='ocr_line' id='line_1_32' title="bbox 2237 1608 3814 1685; baseline -0.003 -15"><span class='ocrx_word' id='word_1_185' title='bbox 2237 1615 2337 1685; x_wconf 83' lang='lat' dir='ltr'><strong>(H.</strong></span> <span class='ocrx_word' id='word_1_186' title='bbox 2370 1614 2465 1685; x_wconf 67' lang='grc' dir='ltr'><strong>ιδ’.)</strong></span> <span class='ocrx_word' id='word_1_187' title='bbox 2499 1615 2697 1670; x_wconf 85' lang='lat' dir='ltr'><strong>Annus</strong></span> <span class='ocrx_word' id='word_1_188' title='bbox 2722 1613 2945 1669; x_wconf 91' lang='lat' dir='ltr'><strong>Domini</strong></span> <span class='ocrx_word' id='word_1_189' title='bbox 2973 1616 3095 1670; x_wconf 88' lang='lat'><strong>706.</strong></span> <span class='ocrx_word' id='word_1_190' title='bbox 3141 1610 3507 1668; x_wconf 86' lang='lat' dir='ltr'><strong>Iustinianus</strong></span> <span class='ocrx_word' id='word_1_191' title='bbox 3555 1608 3814 1667; x_wconf 88' lang='lat' dir='ltr'><strong>secundo</strong></span> 
     </span>
    </p>
   </div>
   <div class='ocr_carea' id='block_1_33' title="bbox 482 1697 2953 1789">
    <p class='ocr_par' dir='ltr' id='par_1_33' title="bbox 482 1697 2953 1789">
     <span class='ocr_line' id='line_1_33' title="bbox 482 1697 2953 1789; baseline 0.003 -39"><span class='ocrx_word' id='word_1_192' title='bbox 482 1700 534 1750; x_wconf 78' lang='lat'><strong>5.</strong></span> <span class='ocrx_word' id='word_1_193' title='bbox 564 1697 1164 1789; x_wconf 27' lang='lat' dir='ltr'><strong>_Sarraeeni-S_iciliain</strong></span> <span class='ocrx_word' id='word_1_194' title='bbox 1197 1700 1623 1773; x_wconf 71' lang='lat' dir='ltr'><strong>deprzedantes,</strong></span> <span class='ocrx_word' id='word_1_195' title='bbox 1672 1716 1804 1759; x_wconf 89' lang='lat' dir='ltr'><strong>cum</strong></span> <span class='ocrx_word' id='word_1_196' title='bbox 1848 1717 2049 1774; x_wconf 90' lang='lat' dir='ltr'><strong>magna</strong></span> <span class='ocrx_word' id='word_1_197' title='bbox 2082 1729 2134 1789; x_wconf 77' lang='grc' dir='ltr'>Β</span> <span class='ocrx_word' id='word_1_198' title='bbox 2166 1718 2295 1759; x_wconf 89' lang='lat' dir='ltr'><strong>cum</strong></span> <span class='ocrx_word' id='word_1_199' title='bbox 2329 1702 2448 1760; x_wconf 88' lang='lat' dir='ltr'><strong>ﬁlio</strong></span> <span class='ocrx_word' id='word_1_200' title='bbox 2477 1703 2720 1773; x_wconf 85' lang='lat' dir='ltr'><strong>Tyberio</strong></span> <span class='ocrx_word' id='word_1_201' title='bbox 2742 1716 2871 1758; x_wconf 89' lang='lat' dir='ltr'><strong>ann.</strong></span> <span class='ocrx_word' id='word_1_202' title='bbox 2902 1705 2953 1757; x_wconf 89' lang='lat'><strong>6.</strong></span> 
     </span>
    </p>
   </div>
   <div class='ocr_carea' id='block_1_34' title="bbox 418 1784 1355 1854">
    <p class='ocr_par' dir='ltr' id='par_1_34' title="bbox 418 1784 1355 1854">
     <span class='ocr_line' id='line_1_34' title="bbox 418 1784 1355 1854; baseline 0.005 -16"><span class='ocrx_word' id='word_1_203' title='bbox 418 1784 615 1854; x_wconf 63' lang='lat' dir='ltr'><strong>praeda</strong></span> <span class='ocrx_word' id='word_1_204' title='bbox 649 1785 1058 1844; x_wconf 81' lang='lat' dir='ltr'><strong>Alexandriam</strong></span> <span class='ocrx_word' id='word_1_205' title='bbox 1091 1788 1355 1846; x_wconf 88' lang='lat' dir='ltr'><strong>redeunt.</strong></span> 
     </span>
    </p>
   </div>
   <div class='ocr_carea' id='block_1_35' title="bbox 486 1875 2056 1948">
    <p class='ocr_par' dir='ltr' id='par_1_35' title="bbox 486 1875 2056 1948">
     <span class='ocr_line' id='line_1_35' title="bbox 486 1875 2056 1948; baseline 0.004 -20"><span class='ocrx_word' id='word_1_206' title='bbox 486 1878 568 1928; x_wconf 88' lang='lat'><strong>16.</strong></span> <span class='ocrx_word' id='word_1_207' title='bbox 608 1875 831 1945; x_wconf 70' lang='grc' dir='ltr'><strong>(ΒευΑ.)</strong></span> <span class='ocrx_word' id='word_1_208' title='bbox 865 1876 1036 1931; x_wconf 81' lang='lat' dir='ltr'><strong>Sexta</strong></span> <span class='ocrx_word' id='word_1_209' title='bbox 1062 1878 1318 1948; x_wconf 87' lang='lat' dir='ltr'><strong>synodus</strong></span> <span class='ocrx_word' id='word_1_210' title='bbox 1342 1877 1689 1935; x_wconf 88' lang='lat' dir='ltr'><strong>universalis</strong></span> <span class='ocrx_word' id='word_1_211' title='bbox 1727 1880 2056 1936; x_wconf 88' lang='lat' dir='ltr'><strong>Constanti-</strong></span> 
     </span>
    </p>
   </div>
   <div class='ocr_carea' id='block_1_36' title="bbox 415 1961 2055 2041">
    <p class='ocr_par' dir='ltr' id='par_1_36' title="bbox 415 1961 2055 2041">
     <span class='ocr_line' id='line_1_36' title="bbox 415 1961 2055 2041; baseline 0.004 -24"><span class='ocrx_word' id='word_1_212' title='bbox 415 1961 611 2033; x_wconf 89' lang='lat' dir='ltr'><strong>nopoli</strong></span> <span class='ocrx_word' id='word_1_213' title='bbox 645 1968 1040 2033; x_wconf 85' lang='lat' dir='ltr'><strong>congregatur</strong></span> <span class='ocrx_word' id='word_1_214' title='bbox 1072 1967 1179 2023; x_wconf 89' lang='lat' dir='ltr'><strong>sub</strong></span> <span class='ocrx_word' id='word_1_215' title='bbox 1214 1967 1514 2037; x_wconf 87' lang='lat' dir='ltr'><strong>Agathone</strong></span> <span class='ocrx_word' id='word_1_216' title='bbox 1552 1972 1622 2024; x_wconf 93' lang='lat'><strong>80</strong></span> <span class='ocrx_word' id='word_1_217' title='bbox 1665 1968 1709 2002; x_wconf 87' lang='grc'>³⁷</span> <span class='ocrx_word' id='word_1_218' title='bbox 1760 1984 1927 2041; x_wconf 86' lang='lat' dir='ltr'><strong>papa,</strong></span> <span class='ocrx_word' id='word_1_219' title='bbox 1960 1970 2055 2040; x_wconf 91' lang='lat' dir='ltr'><strong>qui</strong></span> 
     </span>
    </p>
   </div>
   <div class='ocr_carea' id='block_1_37' title="bbox 416 2051 2061 2128">
    <p class='ocr_par' dir='ltr' id='par_1_37' title="bbox 416 2051 2061 2128">
     <span class='ocr_line' id='line_1_37' title="bbox 416 2051 2061 2128; baseline 0.005 -24"><span class='ocrx_word' id='word_1_220' title='bbox 416 2051 575 2106; x_wconf 91' lang='lat' dir='ltr'><strong>Dono</strong></span> <span class='ocrx_word' id='word_1_221' title='bbox 609 2053 921 2121; x_wconf 90' lang='lat' dir='ltr'><strong>successit,</strong></span> <span class='ocrx_word' id='word_1_222' title='bbox 956 2068 1150 2110; x_wconf 90' lang='lat' dir='ltr'><strong>coram</strong></span> <span class='ocrx_word' id='word_1_223' title='bbox 1185 2054 1445 2126; x_wconf 85' lang='lat' dir='ltr'><strong>piissimo</strong></span> <span class='ocrx_word' id='word_1_224' title='bbox 1480 2055 1742 2128; x_wconf 86' lang='lat' dir='ltr'><strong>principe</strong></span> <span class='ocrx_word' id='word_1_225' title='bbox 1785 2058 2061 2113; x_wconf 91' lang='lat' dir='ltr'><strong>Constan-</strong></span> 
     </span>
    </p>
   </div>
   <div class='ocr_carea' id='block_1_38' title="bbox 419 2137 2062 2215">
    <p class='ocr_par' dir='ltr' id='par_1_38' title="bbox 419 2137 2062 2215">
     <span class='ocr_line' id='line_1_38' title="bbox 419 2137 2062 2215; baseline 0.006 -24"><span class='ocrx_word' id='word_1_226' title='bbox 419 2137 542 2193; x_wconf 90' lang='lat' dir='ltr'><strong>tiiio</strong></span> <span class='ocrx_word' id='word_1_227' title='bbox 572 2141 629 2193; x_wconf 93' lang='lat' dir='ltr'><strong>et</strong></span> <span class='ocrx_word' id='word_1_228' title='bbox 664 2138 872 2208; x_wconf 87' lang='lat' dir='ltr'><strong>legatis</strong></span> <span class='ocrx_word' id='word_1_229' title='bbox 903 2141 1240 2212; x_wconf 59' lang='lat' dir='ltr'><strong>apostolicae</strong></span> <span class='ocrx_word' id='word_1_230' title='bbox 1266 2143 1419 2199; x_wconf 87' lang='lat' dir='ltr'><strong>sedis</strong></span> <span class='ocrx_word' id='word_1_231' title='bbox 1440 2144 1809 2215; x_wconf 89' lang='lat' dir='ltr'><strong>etepiseopis</strong></span> <span class='ocrx_word' id='word_1_232' title='bbox 1836 2149 1937 2200; x_wconf 86' lang='lat'><strong>160</strong></span> <span class='ocrx_word' id='word_1_233' title='bbox 1976 2160 2062 2201; x_wconf 93' lang='lat' dir='ltr'><strong>re-</strong></span> 
     </span>
    </p>
   </div>
   <div class='ocr_carea' id='block_1_39' title="bbox 421 2218 2063 2301">
    <p class='ocr_par' dir='ltr' id='par_1_39' title="bbox 421 2218 2063 2301">
     <span class='ocr_line' id='line_1_39' title="bbox 421 2218 2063 2301; baseline 0.004 -19"><span class='ocrx_word' id='word_1_234' title='bbox 421 2226 770 2283; x_wconf 86' lang='lat' dir='ltr'><strong>sidentibus.</strong></span> <span class='ocrx_word' id='word_1_235' title='bbox 795 2229 876 2298; x_wconf 92' lang='lat' dir='ltr'><strong>(P.</strong></span> <span class='ocrx_word' id='word_1_236' title='bbox 901 2231 962 2285; x_wconf 93' lang='lat' dir='ltr'><strong>D.</strong></span> <span class='ocrx_word' id='word_1_237' title='bbox 988 2245 1061 2298; x_wconf 89' lang='lat' dir='ltr'><strong>vi,</strong></span> <span class='ocrx_word' id='word_1_238' title='bbox 1089 2232 1165 2301; x_wconf 89' lang='lat'><strong>4.)</strong></span> <span class='ocrx_word' id='word_1_239' title='bbox 1190 2233 1265 2287; x_wconf 90' lang='lat' dir='ltr'><strong>Ea</strong></span> <span class='ocrx_word' id='word_1_240' title='bbox 1288 2246 1428 2287; x_wconf 90' lang='lat' dir='ltr'><strong>vero</strong></span> <span class='ocrx_word' id='word_1_241' title='bbox 1450 2233 1591 2288; x_wconf 91' lang='lat' dir='ltr'><strong>hora</strong></span> <span class='ocrx_word' id='word_1_242' title='bbox 1615 2236 1793 2289; x_wconf 68' lang='lat' dir='ltr'><strong>tanta:</strong></span> <span class='ocrx_word' id='word_1_243' title='bbox 1829 2218 2063 2288; x_wconf 79' lang='lat' dir='ltr'><strong>aranea-</strong></span> 
     </span>
    </p>
   </div>
   <div class='ocr_carea' id='block_1_40' title="bbox 420 2314 2061 2392">
    <p class='ocr_par' dir='ltr' id='par_1_40' title="bbox 420 2314 2061 2392">
     <span class='ocr_line' id='line_1_40' title="bbox 420 2314 2061 2392; baseline 0.005 -23"><span class='ocrx_word' id='word_1_244' title='bbox 420 2329 545 2370; x_wconf 88' lang='lat' dir='ltr'><strong>rum</strong></span> <span class='ocrx_word' id='word_1_245' title='bbox 579 2314 711 2371; x_wconf 74' lang='lat' dir='ltr'><strong>telm</strong></span> <span class='ocrx_word' id='word_1_246' title='bbox 745 2316 800 2371; x_wconf 92' lang='lat' dir='ltr'><strong>in</strong></span> <span class='ocrx_word' id='word_1_247' title='bbox 830 2318 1019 2374; x_wconf 91' lang='lat' dir='ltr'><strong>medio</strong></span> <span class='ocrx_word' id='word_1_248' title='bbox 1053 2319 1249 2390; x_wconf 89' lang='lat' dir='ltr'><strong>populi</strong></span> <span class='ocrx_word' id='word_1_249' title='bbox 1280 2319 1638 2391; x_wconf 89' lang='lat' dir='ltr'><strong>ceciderunt,</strong></span> <span class='ocrx_word' id='word_1_250' title='bbox 1675 2325 1812 2392; x_wconf 93' lang='lat' dir='ltr'><strong>quot</strong></span> <span class='ocrx_word' id='word_1_251' title='bbox 1856 2321 2061 2377; x_wconf 90' lang='lat' dir='ltr'><strong>sordes</strong></span> 
     </span>
    </p>
   </div>
   <div class='ocr_carea' id='block_1_41' title="bbox 418 2402 1670 2476">
    <p class='ocr_par' dir='ltr' id='par_1_41' title="bbox 418 2402 1670 2476">
     <span class='ocr_line' id='line_1_41' title="bbox 418 2402 1670 2476; baseline 0.005 -19"><span class='ocrx_word' id='word_1_252' title='bbox 418 2402 711 2460; x_wconf 90' lang='lat' dir='ltr'><strong>heresium</strong></span> <span class='ocrx_word' id='word_1_253' title='bbox 745 2405 1025 2476; x_wconf 81' lang='lat' dir='ltr'><strong>expulsas</strong></span> <span class='ocrx_word' id='word_1_254' title='bbox 1052 2422 1254 2464; x_wconf 91' lang='lat' dir='ltr'><strong>omnes</strong></span> <span class='ocrx_word' id='word_1_255' title='bbox 1295 2408 1670 2465; x_wconf 87' lang='lat' dir='ltr'><strong>mirarentur.</strong></span> 
     </span>
    </p>
   </div>
   <div class='ocr_carea' id='block_1_42' title="bbox 494 2492 2064 2568">
    <p class='ocr_par' dir='ltr' id='par_1_42' title="bbox 494 2492 2064 2568">
     <span class='ocr_line' id='line_1_42' title="bbox 494 2492 2064 2568; baseline 0.005 -23"><span class='ocrx_word' id='word_1_256' title='bbox 494 2496 576 2547; x_wconf 88' lang='lat'><strong>17.</strong></span> <span class='ocrx_word' id='word_1_257' title='bbox 615 2492 718 2563; x_wconf 94' lang='grc' dir='ltr'><strong>(Η.</strong></span> <span class='ocrx_word' id='word_1_258' title='bbox 752 2494 819 2550; x_wconf 81' lang='lat' dir='ltr'><strong>S.</strong></span> <span class='ocrx_word' id='word_1_259' title='bbox 854 2524 927 2535; x_wconf 96' lang='lat'><strong>—</strong></span> <span class='ocrx_word' id='word_1_260' title='bbox 952 2497 1012 2550; x_wconf 91' lang='lat' dir='ltr'><strong>P.</strong></span> <span class='ocrx_word' id='word_1_261' title='bbox 1044 2497 1107 2552; x_wconf 92' lang='lat' dir='ltr'><strong>D.</strong></span> <span class='ocrx_word' id='word_1_262' title='bbox 1145 2511 1217 2566; x_wconf 84' lang='lat' dir='ltr'><strong>VI,</strong></span> <span class='ocrx_word' id='word_1_263' title='bbox 1262 2500 1377 2565; x_wconf 88' lang='lat'><strong>23.)</strong></span> <span class='ocrx_word' id='word_1_264' title='bbox 1425 2497 1839 2553; x_wconf 88' lang='lat' dir='ltr'><strong>Constantinus</strong></span> <span class='ocrx_word' id='word_1_265' title='bbox 1887 2497 2064 2568; x_wconf 86' lang='lat' dir='ltr'><strong>impe-</strong></span> 
     </span>
    </p>
   </div>
   <div class='ocr_carea' id='block_1_43' title="bbox 428 2581 2059 2655">
    <p class='ocr_par' dir='ltr' id='par_1_43' title="bbox 428 2581 2059 2655">
     <span class='ocr_line' id='line_1_43' title="bbox 428 2581 2059 2655; baseline 0.006 -21"><span class='ocrx_word' id='word_1_266' title='bbox 428 2585 590 2635; x_wconf 91' lang='lat' dir='ltr'><strong>rator</strong></span> <span class='ocrx_word' id='word_1_267' title='bbox 612 2581 779 2635; x_wconf 91' lang='lat' dir='ltr'><strong>obiit.</strong></span> <span class='ocrx_word' id='word_1_268' title='bbox 798 2584 1085 2652; x_wconf 87' lang='lat' dir='ltr'><strong>Agatlioni</strong></span> <span class='ocrx_word' id='word_1_269' title='bbox 1109 2600 1254 2655; x_wconf 90' lang='lat' dir='ltr'><strong>papa</strong></span> <span class='ocrx_word' id='word_1_270' title='bbox 1279 2586 1896 2655; x_wconf 87' lang='lat' dir='ltr'><strong>succcssitLeojunior</strong></span> <span class='ocrx_word' id='word_1_271' title='bbox 1917 2588 1976 2641; x_wconf 91' lang='lat'><strong>81</strong></span> <span class='ocrx_word' id='word_1_272' title='bbox 1996 2584 2059 2643; x_wconf 82' lang='grc'><strong>³⁷.</strong></span> 
     </span>
    </p>
   </div>
   <div class='ocr_carea' id='block_1_44' title="bbox 426 2669 2059 2743">
    <p class='ocr_par' dir='ltr' id='par_1_44' title="bbox 426 2669 2059 2743">
     <span class='ocr_line' id='line_1_44' title="bbox 426 2669 2059 2743; baseline 0.006 -21"><span class='ocrx_word' id='word_1_273' title='bbox 426 2669 591 2737; x_wconf 88' lang='lat' dir='ltr'><strong>Apud</strong></span> <span class='ocrx_word' id='word_1_274' title='bbox 627 2669 840 2725; x_wconf 88' lang='lat' dir='ltr'><strong>Gallias</strong></span> <span class='ocrx_word' id='word_1_275' title='bbox 871 2670 928 2725; x_wconf 89' lang='lat' dir='ltr'><strong>in</strong></span> <span class='ocrx_word' id='word_1_276' title='bbox 960 2673 1311 2728; x_wconf 89' lang='lat' dir='ltr'><strong>Francorum</strong></span> <span class='ocrx_word' id='word_1_277' title='bbox 1361 2688 1601 2742; x_wconf 87' lang='lat' dir='ltr'><strong>regnum</strong></span> <span class='ocrx_word' id='word_1_278' title='bbox 1652 2674 1934 2743; x_wconf 87' lang='lat' dir='ltr'><strong>Ansgirus</strong></span> <span class='ocrx_word' id='word_1_279' title='bbox 1995 2672 2059 2743; x_wconf 80' lang='grc'><strong>³⁸,</strong></span> 
     </span>
    </p>
   </div>
   <div class='ocr_carea' id='block_1_45' title="bbox 426 2756 2059 2831">
    <p class='ocr_par' dir='ltr' id='par_1_45' title="bbox 426 2756 2059 2831">
     <span class='ocr_line' id='line_1_45' title="bbox 426 2756 2059 2831; baseline 0.004 -22"><span class='ocrx_word' id='word_1_280' title='bbox 426 2756 580 2812; x_wconf 91' lang='lat' dir='ltr'><strong>ﬁlius</strong></span> <span class='ocrx_word' id='word_1_281' title='bbox 614 2758 850 2827; x_wconf 88' lang='lat' dir='ltr'><strong>Arnolli,</strong></span> <span class='ocrx_word' id='word_1_282' title='bbox 882 2759 977 2828; x_wconf 91' lang='lat' dir='ltr'><strong>qui</strong></span> <span class='ocrx_word' id='word_1_283' title='bbox 1009 2758 1079 2815; x_wconf 90' lang='lat' dir='ltr'><strong>de</strong></span> <span class='ocrx_word' id='word_1_284' title='bbox 1100 2761 1328 2816; x_wconf 90' lang='lat' dir='ltr'><strong>nomine</strong></span> <span class='ocrx_word' id='word_1_285' title='bbox 1360 2763 1642 2831; x_wconf 74' lang='lat' dir='ltr'><strong>Aneliysze</strong></span> <span class='ocrx_word' id='word_1_286' title='bbox 1670 2762 1897 2830; x_wconf 88' lang='lat' dir='ltr'><strong>Trojani</strong></span> <span class='ocrx_word' id='word_1_287' title='bbox 1940 2776 2059 2817; x_wconf 84' lang='lat' dir='ltr'><strong>cre-</strong></span> 
     </span>
    </p>
   </div>
   <div class='ocr_carea' id='block_1_46' title="bbox 423 2843 2064 2918">
    <p class='ocr_par' dir='ltr' id='par_1_46' title="bbox 423 2843 2064 2918">
     <span class='ocr_line' id='line_1_46' title="bbox 423 2843 2064 2918; baseline 0.004 -20"><span class='ocrx_word' id='word_1_288' title='bbox 423 2843 584 2899; x_wconf 88' lang='lat' dir='ltr'><strong>ditur</strong></span> <span class='ocrx_word' id='word_1_289' title='bbox 598 2844 949 2916; x_wconf 88' lang='lat' dir='ltr'><strong>appellatus,</strong></span> <span class='ocrx_word' id='word_1_290' title='bbox 968 2849 1074 2903; x_wconf 93' lang='lat' dir='ltr'><strong>sub</strong></span> <span class='ocrx_word' id='word_1_291' title='bbox 1090 2848 1318 2903; x_wconf 89' lang='lat' dir='ltr'><strong>nomine</strong></span> <span class='ocrx_word' id='word_1_292' title='bbox 1333 2849 1570 2917; x_wconf 88' lang='lat' dir='ltr'><strong>majoris</strong></span> <span class='ocrx_word' id='word_1_293' title='bbox 1593 2849 1798 2905; x_wconf 90' lang='lat' dir='ltr'><strong>donius</strong></span> <span class='ocrx_word' id='word_1_294' title='bbox 1820 2851 2064 2918; x_wconf 88' lang='lat' dir='ltr'><strong>gerebat</strong></span> 
     </span>
    </p>
   </div>
   <div class='ocr_carea' id='block_1_47' title="bbox 424 2931 2063 3008">
    <p class='ocr_par' dir='ltr' id='par_1_47' title="bbox 424 2931 2063 3008">
     <span class='ocr_line' id='line_1_47' title="bbox 424 2931 2063 3008; baseline 0.004 -23"><span class='ocrx_word' id='word_1_295' title='bbox 424 2931 832 3003; x_wconf 89' lang='lat' dir='ltr'><strong>principatum.</strong></span> <span class='ocrx_word' id='word_1_296' title='bbox 871 2935 1042 2992; x_wconf 87' lang='lat' dir='ltr'><strong>Leoni</strong></span> <span class='ocrx_word' id='word_1_297' title='bbox 1078 2950 1223 3008; x_wconf 87' lang='lat' dir='ltr'><strong>papa</strong></span> <span class='ocrx_word' id='word_1_298' title='bbox 1264 2938 1549 2992; x_wconf 88' lang='lat' dir='ltr'><strong>successit</strong></span> <span class='ocrx_word' id='word_1_299' title='bbox 1599 2938 1949 2993; x_wconf 84' lang='lat' dir='ltr'><strong>Benedictus</strong></span> <span class='ocrx_word' id='word_1_300' title='bbox 1995 2940 2063 2992; x_wconf 91' lang='lat'><strong>82</strong></span> 
     </span>
    </p>
   </div>
   <div class='ocr_carea' id='block_1_48' title="bbox 421 3018 2058 3095">
    <p class='ocr_par' dir='ltr' id='par_1_48' title="bbox 421 3018 2058 3095">
     <span class='ocr_line' id='line_1_48' title="bbox 421 3018 2058 3095; baseline 0.001 -18"><span class='ocrx_word' id='word_1_301' title='bbox 421 3018 465 3052; x_wconf 87' lang='grc'><strong>³⁷</strong></span> <span class='ocrx_word' id='word_1_302' title='bbox 492 3037 505 3085; x_wconf 94' lang='grc'><strong>;</strong></span> <span class='ocrx_word' id='word_1_303' title='bbox 539 3020 630 3077; x_wconf 91' lang='lat' dir='ltr'><strong>cui</strong></span> <span class='ocrx_word' id='word_1_304' title='bbox 661 3023 948 3082; x_wconf 88' lang='lat' dir='ltr'><strong>Iohannes</strong></span> <span class='ocrx_word' id='word_1_305' title='bbox 978 3026 1044 3079; x_wconf 87' lang='lat'><strong>83</strong></span> <span class='ocrx_word' id='word_1_306' title='bbox 1071 3023 1115 3056; x_wconf 77' lang='grc'><strong>⁸⁷</strong></span> <span class='ocrx_word' id='word_1_307' title='bbox 1141 3042 1154 3090; x_wconf 93' lang='grc'><strong>;</strong></span> <span class='ocrx_word' id='word_1_308' title='bbox 1190 3025 1283 3081; x_wconf 93' lang='lat' dir='ltr'><strong>cui</strong></span> <span class='ocrx_word' id='word_1_309' title='bbox 1317 3027 1509 3081; x_wconf 90' lang='lat' dir='ltr'><strong>Conon</strong></span> <span class='ocrx_word' id='word_1_310' title='bbox 1540 3028 1609 3081; x_wconf 88' lang='lat'><strong>84</strong></span> <span class='ocrx_word' id='word_1_311' title='bbox 1636 3025 1680 3059; x_wconf 84' lang='grc'><strong>⁸⁷</strong></span> <span class='ocrx_word' id='word_1_312' title='bbox 1712 3041 1942 3082; x_wconf 87' lang='lat' dir='ltr'><strong>menses</strong></span> <span class='ocrx_word' id='word_1_313' title='bbox 1975 3030 2058 3095; x_wconf 91' lang='lat'><strong>11,</strong></span> 
     </span>
    </p>
   </div>
   <div class='ocr_carea' id='block_1_49' title="bbox 422 3109 2065 3186">
    <p class='ocr_par' dir='ltr' id='par_1_49' title="bbox 422 3109 2065 3186">
     <span class='ocr_line' id='line_1_49' title="bbox 422 3109 2065 3186; baseline 0.004 -22"><span class='ocrx_word' id='word_1_314' title='bbox 422 3109 531 3179; x_wconf 87' lang='lat' dir='ltr'><strong>Cl&#39;.)</strong></span> <span class='ocrx_word' id='word_1_315' title='bbox 566 3111 641 3166; x_wconf 89' lang='grc' dir='ltr'><strong>Η.</strong></span> <span class='ocrx_word' id='word_1_316' title='bbox 674 3111 770 3181; x_wconf 80' lang='lat' dir='ltr'><strong>S.)</strong></span> <span class='ocrx_word' id='word_1_317' title='bbox 804 3127 832 3168; x_wconf 88' lang='lat' dir='ltr'><strong>a</strong></span> <span class='ocrx_word' id='word_1_318' title='bbox 858 3128 970 3183; x_wconf 92' lang='lat' dir='ltr'><strong>quo</strong></span> <span class='ocrx_word' id='word_1_319' title='bbox 992 3117 1233 3169; x_wconf 88' lang='lat' dir='ltr'><strong>sanctus</strong></span> <span class='ocrx_word' id='word_1_320' title='bbox 1252 3114 1526 3186; x_wconf 84' lang='lat' dir='ltr'><strong>Kylianus</strong></span> <span class='ocrx_word' id='word_1_321' title='bbox 1549 3114 1938 3185; x_wconf 88' lang='lat' dir='ltr'><strong>pontiﬁcalem</strong></span> <span class='ocrx_word' id='word_1_322' title='bbox 1964 3128 2065 3186; x_wconf 90' lang='lat' dir='ltr'><strong>po-</strong></span> 
     </span>
    </p>
   </div>
   <div class='ocr_carea' id='block_1_50' title="bbox 422 3201 1899 3274">
    <p class='ocr_par' dir='ltr' id='par_1_50' title="bbox 422 3201 1899 3274">
     <span class='ocr_line' id='line_1_50' title="bbox 422 3201 1899 3274; baseline 0.005 -23"><span class='ocrx_word' id='word_1_323' title='bbox 422 3201 691 3254; x_wconf 69' lang='lat' dir='ltr'><strong>testatem</strong></span> <span class='ocrx_word' id='word_1_324' title='bbox 726 3202 980 3272; x_wconf 89' lang='lat' dir='ltr'><strong>accepit;</strong></span> <span class='ocrx_word' id='word_1_325' title='bbox 1013 3202 1107 3257; x_wconf 91' lang='lat' dir='ltr'><strong>cui</strong></span> <span class='ocrx_word' id='word_1_326' title='bbox 1142 3201 1377 3271; x_wconf 86' lang='lat' dir='ltr'><strong>Sergius</strong></span> <span class='ocrx_word' id='word_1_327' title='bbox 1406 3217 1557 3274; x_wconf 89' lang='lat' dir='ltr'><strong>papa</strong></span> <span class='ocrx_word' id='word_1_328' title='bbox 1590 3202 1899 3258; x_wconf 90' lang='lat' dir='ltr'><strong>successit.</strong></span> 
     </span>
    </p>
   </div>
   <div class='ocr_carea' id='block_1_51' title="bbox 492 3288 2064 3360">
    <p class='ocr_par' dir='ltr' id='par_1_51' title="bbox 492 3288 2064 3360">
     <span class='ocr_line' id='line_1_51' title="bbox 492 3288 2064 3360; baseline 0.004 -20"><span class='ocrx_word' id='word_1_329' title='bbox 492 3288 689 3342; x_wconf 89' lang='lat' dir='ltr'><strong>Annus</strong></span> <span class='ocrx_word' id='word_1_330' title='bbox 713 3289 934 3344; x_wconf 90' lang='lat' dir='ltr'><strong>Domini</strong></span> <span class='ocrx_word' id='word_1_331' title='bbox 970 3293 1091 3345; x_wconf 88' lang='lat'><strong>686.</strong></span> <span class='ocrx_word' id='word_1_332' title='bbox 1113 3290 1478 3347; x_wconf 89' lang='lat' dir='ltr'><strong>Iustinianus</strong></span> <span class='ocrx_word' id='word_1_333' title='bbox 1500 3290 1704 3360; x_wconf 91' lang='lat' dir='ltr'><strong>minor,</strong></span> <span class='ocrx_word' id='word_1_334' title='bbox 1732 3290 1890 3347; x_wconf 89' lang='lat' dir='ltr'><strong>ﬁlius</strong></span> <span class='ocrx_word' id='word_1_335' title='bbox 1923 3292 2064 3347; x_wconf 91' lang='lat' dir='ltr'><strong>Con-</strong></span> 
     </span>
    </p>
   </div>
   <div class='ocr_carea' id='block_1_52' title="bbox 420 3373 970 3433">
    <p class='ocr_par' dir='ltr' id='par_1_52' title="bbox 420 3373 970 3433">
     <span class='ocr_line' id='line_1_52' title="bbox 420 3373 970 3433; baseline 0.011 -6"><span class='ocrx_word' id='word_1_336' title='bbox 420 3373 679 3431; x_wconf 88' lang='lat' dir='ltr'><strong>stantini.</strong></span> <span class='ocrx_word' id='word_1_337' title='bbox 716 3391 847 3432; x_wconf 90' lang='lat' dir='ltr'><strong>ann.</strong></span> <span class='ocrx_word' id='word_1_338' title='bbox 884 3381 970 3433; x_wconf 92' lang='lat'><strong>10.</strong></span> 
     </span>
    </p>
   </div>
   <div class='ocr_carea' id='block_1_53' title="bbox 490 3463 2061 3539">
    <p class='ocr_par' dir='ltr' id='par_1_53' title="bbox 490 3463 2061 3539">
     <span class='ocr_line' id='line_1_53' title="bbox 490 3463 2061 3539; baseline 0.003 -22"><span class='ocrx_word' id='word_1_339' title='bbox 490 3466 543 3517; x_wconf 81' lang='lat'><strong>2.</strong></span> <span class='ocrx_word' id='word_1_340' title='bbox 576 3463 821 3521; x_wconf 90' lang='lat' dir='ltr'><strong>Sanctus</strong></span> <span class='ocrx_word' id='word_1_341' title='bbox 852 3465 1126 3536; x_wconf 87' lang='lat' dir='ltr'><strong>Kylianus</strong></span> <span class='ocrx_word' id='word_1_342' title='bbox 1155 3481 1285 3523; x_wconf 93' lang='lat' dir='ltr'><strong>cum</strong></span> <span class='ocrx_word' id='word_1_343' title='bbox 1328 3466 1503 3523; x_wconf 92' lang='lat' dir='ltr'><strong>sociis</strong></span> <span class='ocrx_word' id='word_1_344' title='bbox 1550 3466 1671 3523; x_wconf 92' lang='lat' dir='ltr'><strong>suis</strong></span> <span class='ocrx_word' id='word_1_345' title='bbox 1723 3481 1930 3539; x_wconf 90' lang='lat' dir='ltr'><strong>passus</strong></span> <span class='ocrx_word' id='word_1_346' title='bbox 1971 3471 2061 3524; x_wconf 89' lang='lat' dir='ltr'><strong>est</strong></span> 
     </span>
    </p>
   </div>
   <div class='ocr_carea' id='block_1_54' title="bbox 420 3552 1362 3610">
    <p class='ocr_par' dir='ltr' id='par_1_54' title="bbox 420 3552 1362 3610">
     <span class='ocr_line' id='line_1_54' title="bbox 420 3552 1362 3610; baseline 0.005 -5"><span class='ocrx_word' id='word_1_347' title='bbox 420 3565 570 3607; x_wconf 88' lang='lat' dir='ltr'><strong>anno</strong></span> <span class='ocrx_word' id='word_1_348' title='bbox 600 3552 875 3610; x_wconf 87' lang='lat' dir='ltr'><strong>videlicet</strong></span> <span class='ocrx_word' id='word_1_349' title='bbox 907 3554 1131 3610; x_wconf 91' lang='lat' dir='ltr'><strong>Domini</strong></span> <span class='ocrx_word' id='word_1_350' title='bbox 1163 3558 1268 3610; x_wconf 91' lang='lat'><strong>688</strong></span> <span class='ocrx_word' id='word_1_351' title='bbox 1297 3554 1362 3609; x_wconf 66' lang='grc'><strong>⁸⁸.</strong></span> 
     </span>
    </p>
   </div>
   <div class='ocr_carea' id='block_1_55' title="bbox 501 3643 2063 3715">
    <p class='ocr_par' dir='ltr' id='par_1_55' title="bbox 501 3643 2063 3715">
     <span class='ocr_line' id='line_1_55' title="bbox 501 3643 2063 3715; baseline 0.001 -16"><span class='ocrx_word' id='word_1_352' title='bbox 501 3645 553 3701; x_wconf 85' lang='lat'><strong>4.</strong></span> <span class='ocrx_word' id='word_1_353' title='bbox 585 3644 686 3714; x_wconf 83' lang='lat' dir='ltr'><strong>(H.</strong></span> <span class='ocrx_word' id='word_1_354' title='bbox 716 3644 812 3714; x_wconf 83' lang='lat' dir='ltr'><strong>S.)</strong></span> <span class='ocrx_word' id='word_1_355' title='bbox 847 3643 947 3699; x_wconf 89' lang='lat' dir='ltr'><strong>Hic</strong></span> <span class='ocrx_word' id='word_1_356' title='bbox 978 3644 1165 3700; x_wconf 86' lang='lat' dir='ltr'><strong>heresi</strong></span> <span class='ocrx_word' id='word_1_357' title='bbox 1204 3643 1465 3714; x_wconf 88' lang='lat' dir='ltr'><strong>pollutus</strong></span> <span class='ocrx_word' id='word_1_358' title='bbox 1495 3643 1818 3701; x_wconf 89' lang='lat' dir='ltr'><strong>catholicos</strong></span> <span class='ocrx_word' id='word_1_359' title='bbox 1869 3658 2063 3715; x_wconf 87' lang='lat' dir='ltr'><strong>perse-</strong></span> 
     </span>
    </p>
   </div>
   <div class='ocr_carea' id='block_1_56' title="bbox 423 3733 1693 3807">
    <p class='ocr_par' dir='ltr' id='par_1_56' title="bbox 423 3733 1693 3807">
     <span class='ocr_line' id='line_1_56' title="bbox 423 3733 1693 3807; baseline -0.003 -14"><span class='ocrx_word' id='word_1_360' title='bbox 423 3736 641 3807; x_wconf 89' lang='lat' dir='ltr'><strong>quitur,</strong></span> <span class='ocrx_word' id='word_1_361' title='bbox 682 3738 740 3790; x_wconf 89' lang='lat' dir='ltr'><strong>et</strong></span> <span class='ocrx_word' id='word_1_362' title='bbox 772 3748 902 3790; x_wconf 91' lang='lat' dir='ltr'><strong>cum</strong></span> <span class='ocrx_word' id='word_1_363' title='bbox 936 3733 1274 3789; x_wconf 90' lang='lat' dir='ltr'><strong>Sarracenis</strong></span> <span class='ocrx_word' id='word_1_364' title='bbox 1308 3747 1507 3804; x_wconf 89' lang='lat' dir='ltr'><strong>pacem</strong></span> <span class='ocrx_word' id='word_1_365' title='bbox 1543 3734 1693 3789; x_wconf 81' lang='lat' dir='ltr'><strong>fecit.</strong></span> 
     </span>
    </p>
   </div>
   <div class='ocr_carea' id='block_1_57' title="bbox 493 3820 2063 3894">
    <p class='ocr_par' dir='ltr' id='par_1_57' title="bbox 493 3820 2063 3894">
     <span class='ocr_line' id='line_1_57' title="bbox 493 3820 2063 3894; baseline 0.001 -15"><span class='ocrx_word' id='word_1_366' title='bbox 493 3828 544 3880; x_wconf 85' lang='lat'><strong>9.</strong></span> <span class='ocrx_word' id='word_1_367' title='bbox 579 3821 996 3878; x_wconf 90' lang='lat' dir='ltr'><strong>Willibrordus</strong></span> <span class='ocrx_word' id='word_1_368' title='bbox 1038 3821 1134 3891; x_wconf 90' lang='lat' dir='ltr'><strong>qui</strong></span> <span class='ocrx_word' id='word_1_369' title='bbox 1166 3826 1226 3877; x_wconf 91' lang='lat' dir='ltr'><strong>et</strong></span> <span class='ocrx_word' id='word_1_370' title='bbox 1258 3820 1542 3891; x_wconf 88' lang='lat' dir='ltr'><strong>Clemens,</strong></span> <span class='ocrx_word' id='word_1_371' title='bbox 1585 3835 1615 3876; x_wconf 87' lang='lat' dir='ltr'><strong>a</strong></span> <span class='ocrx_word' id='word_1_372' title='bbox 1666 3821 1866 3891; x_wconf 84' lang='lat' dir='ltr'><strong>Sergio</strong></span> <span class='ocrx_word' id='word_1_373' title='bbox 1917 3836 2063 3894; x_wconf 88' lang='lat' dir='ltr'><strong>papa</strong></span> 
     </span>
    </p>
   </div>
   <div class='ocr_carea' id='block_1_58' title="bbox 422 3909 2062 3984">
    <p class='ocr_par' dir='ltr' id='par_1_58' title="bbox 422 3909 2062 3984">
     <span class='ocr_line' id='line_1_58' title="bbox 422 3909 2062 3984; baseline -0.001 -15"><span class='ocrx_word' id='word_1_374' title='bbox 422 3913 734 3984; x_wconf 89' lang='lat' dir='ltr'><strong>cpiscopus</strong></span> <span class='ocrx_word' id='word_1_375' title='bbox 757 3909 1086 3980; x_wconf 86' lang='lat' dir='ltr'><strong>ordinatus,</strong></span> <span class='ocrx_word' id='word_1_376' title='bbox 1104 3912 1415 3966; x_wconf 84' lang='lat' dir='ltr'><strong>Fresonum</strong></span> <span class='ocrx_word' id='word_1_377' title='bbox 1432 3915 1662 3979; x_wconf 88' lang='lat' dir='ltr'><strong>gentem</strong></span> <span class='ocrx_word' id='word_1_378' title='bbox 1677 3911 1748 3967; x_wconf 90' lang='lat' dir='ltr'><strong>ad</strong></span> <span class='ocrx_word' id='word_1_379' title='bbox 1773 3910 2062 3969; x_wconf 87' lang='lat' dir='ltr'><strong>Christum</strong></span> 
     </span>
    </p>
   </div>
   <div class='ocr_carea' id='block_1_59' title="bbox 420 4000 739 4057">
    <p class='ocr_par' dir='ltr' id='par_1_59' title="bbox 420 4000 739 4057">
     <span class='ocr_line' id='line_1_59' title="bbox 420 4000 739 4057; baseline -0.009 0"><span class='ocrx_word' id='word_1_380' title='bbox 420 4000 739 4057; x_wconf 87' lang='lat' dir='ltr'><strong>convertit.</strong></span> 
     </span>
    </p>
   </div>
   <div class='ocr_carea' id='block_1_60' title="bbox 499 4086 2065 4159">
    <p class='ocr_par' dir='ltr' id='par_1_60' title="bbox 499 4086 2065 4159">
     <span class='ocr_line' id='line_1_60' title="bbox 499 4086 2065 4159; baseline -0.001 -14"><span class='ocrx_word' id='word_1_381' title='bbox 499 4095 586 4146; x_wconf 86' lang='lat'><strong>10.</strong></span> <span class='ocrx_word' id='word_1_382' title='bbox 617 4087 985 4146; x_wconf 85' lang='lat' dir='ltr'><strong>Iustinianus</strong></span> <span class='ocrx_word' id='word_1_383' title='bbox 1014 4088 1088 4143; x_wconf 90' lang='lat' dir='ltr'><strong>ob</strong></span> <span class='ocrx_word' id='word_1_384' title='bbox 1118 4086 1347 4159; x_wconf 86' lang='lat' dir='ltr'><strong>culpam</strong></span> <span class='ocrx_word' id='word_1_385' title='bbox 1382 4087 1622 4159; x_wconf 90' lang='lat' dir='ltr'><strong>perﬁdie</strong></span> <span class='ocrx_word' id='word_1_386' title='bbox 1650 4101 1831 4157; x_wconf 90' lang='lat' dir='ltr'><strong>regno</strong></span> <span class='ocrx_word' id='word_1_387' title='bbox 1878 4088 2065 4159; x_wconf 90' lang='lat' dir='ltr'><strong>priva-</strong></span> 
     </span>
    </p>
   </div>
   <div class='ocr_carea' id='block_1_61' title="bbox 425 4175 1368 4249">
    <p class='ocr_par' dir='ltr' id='par_1_61' title="bbox 425 4175 1368 4249">
     <span class='ocr_line' id='line_1_61' title="bbox 425 4175 1368 4249; baseline -0.005 -14"><span class='ocrx_word' id='word_1_388' title='bbox 425 4185 542 4249; x_wconf 91' lang='lat' dir='ltr'><strong>tus,</strong></span> <span class='ocrx_word' id='word_1_389' title='bbox 577 4176 710 4235; x_wconf 81' lang='lat' dir='ltr'><strong>exul</strong></span> <span class='ocrx_word' id='word_1_390' title='bbox 746 4177 801 4232; x_wconf 93' lang='lat' dir='ltr'><strong>in</strong></span> <span class='ocrx_word' id='word_1_391' title='bbox 832 4178 1080 4232; x_wconf 88' lang='lat' dir='ltr'><strong>Pontum</strong></span> <span class='ocrx_word' id='word_1_392' title='bbox 1108 4175 1368 4231; x_wconf 89' lang='lat' dir='ltr'><strong>secessit.</strong></span> 
     </span>
    </p>
   </div>
   <div class='ocr_carea' id='block_1_62' title="bbox 496 4264 1492 4323">
    <p class='ocr_par' dir='ltr' id='par_1_62' title="bbox 496 4264 1492 4323">
     <span class='ocr_line' id='line_1_62' title="bbox 496 4264 1492 4323; baseline -0.005 0"><span class='ocrx_word' id='word_1_393' title='bbox 496 4269 695 4323; x_wconf 89' lang='lat' dir='ltr'><strong>Annus</strong></span> <span class='ocrx_word' id='word_1_394' title='bbox 730 4264 952 4321; x_wconf 90' lang='lat' dir='ltr'><strong>Domini</strong></span> <span class='ocrx_word' id='word_1_395' title='bbox 983 4268 1105 4321; x_wconf 84' lang='lat'><strong>696.</strong></span> <span class='ocrx_word' id='word_1_396' title='bbox 1140 4265 1250 4321; x_wconf 93' lang='lat' dir='ltr'><strong>Leo</strong></span> <span class='ocrx_word' id='word_1_397' title='bbox 1280 4278 1412 4319; x_wconf 90' lang='lat' dir='ltr'><strong>ann.</strong></span> <span class='ocrx_word' id='word_1_398' title='bbox 1442 4267 1492 4318; x_wconf 88' lang='lat'><strong>3.</strong></span> 
     </span>
    </p>
   </div>
   <div class='ocr_carea' id='block_1_63' title="bbox 498 4351 2066 4423">
    <p class='ocr_par' dir='ltr' id='par_1_63' title="bbox 498 4351 2066 4423">
     <span class='ocr_line' id='line_1_63' title="bbox 498 4351 2066 4423; baseline -0.001 -14"><span class='ocrx_word' id='word_1_399' title='bbox 498 4360 548 4409; x_wconf 93' lang='lat'><strong>1.</strong></span> <span class='ocrx_word' id='word_1_400' title='bbox 594 4355 819 4423; x_wconf 63' lang='lat' dir='ltr'><strong>(Bson)</strong></span> <span class='ocrx_word' id='word_1_401' title='bbox 859 4351 1096 4422; x_wconf 87' lang='lat' dir='ltr'><strong>Sergius</strong></span> <span class='ocrx_word' id='word_1_402' title='bbox 1143 4366 1290 4423; x_wconf 88' lang='lat' dir='ltr'><strong>papa</strong></span> <span class='ocrx_word' id='word_1_403' title='bbox 1341 4365 1573 4422; x_wconf 91' lang='lat' dir='ltr'><strong>capsam</strong></span> <span class='ocrx_word' id='word_1_404' title='bbox 1624 4366 1751 4409; x_wconf 90' lang='lat' dir='ltr'><strong>cum</strong></span> <span class='ocrx_word' id='word_1_405' title='bbox 1800 4351 2066 4423; x_wconf 84' lang='lat' dir='ltr'><strong>portione</strong></span> 
     </span>
    </p>
   </div>
   <div class='ocr_carea' id='block_1_64' title="bbox 2094 3080 2142 3142">
    <p class='ocr_par' dir='ltr' id='par_1_64' title="bbox 2094 3080 2142 3142">
     <span class='ocr_line' id='line_1_64' title="bbox 2094 3080 2142 3142; baseline 0 0"><span class='ocrx_word' id='word_1_406' title='bbox 2094 3080 2142 3142; x_wconf 80' lang='grc' dir='ltr'>Ο</span> 
     </span>
    </p>
   </div>
   <div class='ocr_carea' id='block_1_65' title="bbox 2237 1788 3812 1863">
    <p class='ocr_par' dir='ltr' id='par_1_65' title="bbox 2237 1788 3812 1863">
     <span class='ocr_line' id='line_1_65' title="bbox 2237 1788 3812 1863; baseline -0.002 -17"><span class='ocrx_word' id='word_1_407' title='bbox 2237 1796 2287 1846; x_wconf 81' lang='grc'><strong>5.</strong></span> <span class='ocrx_word' id='word_1_408' title='bbox 2314 1792 2680 1848; x_wconf 87' lang='lat' dir='ltr'><strong>Iustinianus</strong></span> <span class='ocrx_word' id='word_1_409' title='bbox 2700 1792 2770 1847; x_wconf 90' lang='lat' dir='ltr'><strong>de</strong></span> <span class='ocrx_word' id='word_1_410' title='bbox 2794 1790 3054 1863; x_wconf 86' lang='lat' dir='ltr'><strong>peccatis</strong></span> <span class='ocrx_word' id='word_1_411' title='bbox 3075 1789 3199 1846; x_wconf 93' lang='lat' dir='ltr'><strong>suis</strong></span> <span class='ocrx_word' id='word_1_412' title='bbox 3216 1788 3594 1861; x_wconf 87' lang='lat' dir='ltr'><strong>penitentiam</strong></span> <span class='ocrx_word' id='word_1_413' title='bbox 3610 1801 3812 1858; x_wconf 83' lang='lat' dir='ltr'><strong>agens,</strong></span> 
     </span>
    </p>
   </div>
   <div class='ocr_carea' id='block_1_66' title="bbox 2170 1875 3817 1951">
    <p class='ocr_par' dir='ltr' id='par_1_66' title="bbox 2170 1875 3817 1951">
     <span class='ocr_line' id='line_1_66' title="bbox 2170 1875 3817 1951; baseline -0.004 -14"><span class='ocrx_word' id='word_1_414' title='bbox 2170 1881 2608 1937; x_wconf 90' lang='lat' dir='ltr'><strong>Constantinum</strong></span> <span class='ocrx_word' id='word_1_415' title='bbox 2643 1893 2848 1951; x_wconf 90' lang='lat' dir='ltr'><strong>papam</strong></span> <span class='ocrx_word' id='word_1_416' title='bbox 2884 1893 3105 1934; x_wconf 91' lang='lat' dir='ltr'><strong>summo</strong></span> <span class='ocrx_word' id='word_1_417' title='bbox 3138 1878 3356 1934; x_wconf 86' lang='lat' dir='ltr'><strong>honore</strong></span> <span class='ocrx_word' id='word_1_418' title='bbox 3388 1876 3612 1945; x_wconf 89' lang='lat' dir='ltr'><strong>habuit,</strong></span> <span class='ocrx_word' id='word_1_419' title='bbox 3648 1875 3730 1930; x_wconf 90' lang='lat' dir='ltr'><strong>ita</strong></span> <span class='ocrx_word' id='word_1_420' title='bbox 3754 1880 3817 1931; x_wconf 92' lang='lat' dir='ltr'><strong>ut</strong></span> 
     </span>
    </p>
   </div>
   <div class='ocr_carea' id='block_1_67' title="bbox 2170 1962 3823 2036">
    <p class='ocr_par' dir='ltr' id='par_1_67' title="bbox 2170 1962 3823 2036">
     <span class='ocr_line' id='line_1_67' title="bbox 2170 1962 3823 2036; baseline -0.004 -12"><span class='ocrx_word' id='word_1_421' title='bbox 2170 1969 2262 2024; x_wconf 88' lang='lat' dir='ltr'><strong>die</strong></span> <span class='ocrx_word' id='word_1_422' title='bbox 2287 1968 2571 2025; x_wconf 90' lang='lat' dir='ltr'><strong>dominica</strong></span> <span class='ocrx_word' id='word_1_423' title='bbox 2594 1969 2799 2025; x_wconf 89' lang='lat' dir='ltr'><strong>missas</strong></span> <span class='ocrx_word' id='word_1_424' title='bbox 2818 1967 2945 2036; x_wconf 89' lang='lat' dir='ltr'><strong>ejus</strong></span> <span class='ocrx_word' id='word_1_425' title='bbox 2966 1965 3209 2022; x_wconf 86' lang='lat' dir='ltr'><strong>audiens</strong></span> <span class='ocrx_word' id='word_1_426' title='bbox 3232 1965 3697 2021; x_wconf 87' lang='lat' dir='ltr'><strong>communionem</strong></span> <span class='ocrx_word' id='word_1_427' title='bbox 3723 1962 3823 2019; x_wconf 87' lang='lat' dir='ltr'><strong>de-</strong></span> 
     </span>
    </p>
   </div>
   <div class='ocr_carea' id='block_1_68' title="bbox 2173 2057 2824 2129">
    <p class='ocr_par' dir='ltr' id='par_1_68' title="bbox 2173 2057 2824 2129">
     <span class='ocr_line' id='line_1_68' title="bbox 2173 2057 2824 2129; baseline -0.002 -17"><span class='ocrx_word' id='word_1_428' title='bbox 2173 2072 2340 2115; x_wconf 89' lang='lat' dir='ltr'><strong>manu</strong></span> <span class='ocrx_word' id='word_1_429' title='bbox 2375 2072 2478 2114; x_wconf 86' lang='lat' dir='ltr'><strong>sua</strong></span> <span class='ocrx_word' id='word_1_430' title='bbox 2512 2057 2824 2129; x_wconf 89' lang='lat' dir='ltr'><strong>acciperet.</strong></span> 
     </span>
    </p>
   </div>
   <div class='ocr_carea' id='block_1_69' title="bbox 2241 2140 3824 2217">
    <p class='ocr_par' dir='ltr' id='par_1_69' title="bbox 2241 2140 3824 2217">
     <span class='ocr_line' id='line_1_69' title="bbox 2241 2140 3824 2217; baseline -0.005 -15"><span class='ocrx_word' id='word_1_431' title='bbox 2241 2152 2290 2203; x_wconf 92' lang='lat'><strong>6.</strong></span> <span class='ocrx_word' id='word_1_432' title='bbox 2329 2146 2550 2216; x_wconf 61' lang='lat' dir='ltr'><strong>(Bson)</strong></span> <span class='ocrx_word' id='word_1_433' title='bbox 2578 2147 2942 2204; x_wconf 87' lang='lat' dir='ltr'><strong>Iustinianus</strong></span> <span class='ocrx_word' id='word_1_434' title='bbox 2973 2144 3323 2217; x_wconf 87' lang='lat' dir='ltr'><strong>prohibente</strong></span> <span class='ocrx_word' id='word_1_435' title='bbox 3356 2156 3499 2214; x_wconf 88' lang='lat' dir='ltr'><strong>papa</strong></span> <span class='ocrx_word' id='word_1_436' title='bbox 3530 2154 3666 2197; x_wconf 91' lang='lat' dir='ltr'><strong>eum</strong></span> <span class='ocrx_word' id='word_1_437' title='bbox 3694 2140 3824 2195; x_wconf 85' lang='lat' dir='ltr'><strong>mit-</strong></span> 
     </span>
    </p>
   </div>
   <div class='ocr_carea' id='block_1_70' title="bbox 2175 2228 3824 2307">
    <p class='ocr_par' dir='ltr' id='par_1_70' title="bbox 2175 2228 3824 2307">
     <span class='ocr_line' id='line_1_70' title="bbox 2175 2228 3824 2307; baseline -0.006 -15"><span class='ocrx_word' id='word_1_438' title='bbox 2175 2242 2325 2292; x_wconf 91' lang='lat' dir='ltr'><strong>teret</strong></span> <span class='ocrx_word' id='word_1_439' title='bbox 2358 2238 2414 2291; x_wconf 90' lang='lat' dir='ltr'><strong>in</strong></span> <span class='ocrx_word' id='word_1_440' title='bbox 2436 2240 2669 2307; x_wconf 79' lang='lat' dir='ltr'><strong>ponteiii</strong></span> <span class='ocrx_word' id='word_1_441' title='bbox 2692 2235 2961 2292; x_wconf 84' lang='lat' dir='ltr'><strong>Mulvium</strong></span> <span class='ocrx_word' id='word_1_442' title='bbox 2984 2234 3047 2304; x_wconf 77' lang='grc'><strong>⁸⁸,</strong></span> <span class='ocrx_word' id='word_1_443' title='bbox 3073 2230 3566 2304; x_wconf 89' lang='lat' dir='ltr'><strong>comprehendere</strong></span> <span class='ocrx_word' id='word_1_444' title='bbox 3588 2228 3824 2301; x_wconf 69' lang='lat' dir='ltr'><strong>Phylip—</strong></span> 
     </span>
    </p>
   </div>
   <div class='ocr_carea' id='block_1_71' title="bbox 2176 2317 3825 2397">
    <p class='ocr_par' dir='ltr' id='par_1_71' title="bbox 2176 2317 3825 2397">
     <span class='ocr_line' id='line_1_71' title="bbox 2176 2317 3825 2397; baseline -0.004 -18"><span class='ocrx_word' id='word_1_445' title='bbox 2176 2326 2364 2397; x_wconf 91' lang='lat' dir='ltr'><strong>picum</strong></span> <span class='ocrx_word' id='word_1_446' title='bbox 2386 2325 2451 2395; x_wconf 75' lang='grc'><strong>⁸’,</strong></span> <span class='ocrx_word' id='word_1_447' title='bbox 2477 2339 2646 2394; x_wconf 90' lang='lat' dir='ltr'><strong>quem</strong></span> <span class='ocrx_word' id='word_1_448' title='bbox 2672 2324 2749 2378; x_wconf 90' lang='lat' dir='ltr'><strong>ibi</strong></span> <span class='ocrx_word' id='word_1_449' title='bbox 2774 2322 3156 2392; x_wconf 87' lang='lat' dir='ltr'><strong>relegaverat,</strong></span> <span class='ocrx_word' id='word_1_450' title='bbox 3177 2334 3498 2377; x_wconf 84' lang='lat' dir='ltr'><strong>conversus</strong></span> <span class='ocrx_word' id='word_1_451' title='bbox 3518 2317 3825 2374; x_wconf 81' lang='lat' dir='ltr'><strong>exercitus</strong></span> 
     </span>
    </p>
   </div>
   <div class='ocr_carea' id='block_1_72' title="bbox 2174 2409 3824 2485">
    <p class='ocr_par' dir='ltr' id='par_1_72' title="bbox 2174 2409 3824 2485">
     <span class='ocr_line' id='line_1_72' title="bbox 2174 2409 3824 2485; baseline -0.005 -16"><span class='ocrx_word' id='word_1_452' title='bbox 2174 2414 2245 2469; x_wconf 88' lang='lat' dir='ltr'><strong>ad</strong></span> <span class='ocrx_word' id='word_1_453' title='bbox 2278 2414 2664 2485; x_wconf 82' lang='lat' dir='ltr'><strong>Philippicum</strong></span> <span class='ocrx_word' id='word_1_454' title='bbox 2697 2411 2762 2483; x_wconf 85' lang='grc'><strong>⁸³,</strong></span> <span class='ocrx_word' id='word_1_455' title='bbox 2798 2412 2937 2468; x_wconf 81' lang='lat' dir='ltr'><strong>fecit</strong></span> <span class='ocrx_word' id='word_1_456' title='bbox 2966 2425 3097 2468; x_wconf 92' lang='lat' dir='ltr'><strong>eum</strong></span> <span class='ocrx_word' id='word_1_457' title='bbox 3131 2410 3343 2466; x_wconf 91' lang='lat' dir='ltr'><strong>ibidem</strong></span> <span class='ocrx_word' id='word_1_458' title='bbox 3369 2409 3824 2479; x_wconf 85' lang='lat' dir='ltr'><strong>imperatorem;</strong></span> 
     </span>
    </p>
   </div>
   <div class='ocr_carea' id='block_1_73' title="bbox 2172 2496 3826 2572">
    <p class='ocr_par' dir='ltr' id='par_1_73' title="bbox 2172 2496 3826 2572">
     <span class='ocr_line' id='line_1_73' title="bbox 2172 2496 3826 2572; baseline -0.005 -14"><span class='ocrx_word' id='word_1_459' title='bbox 2172 2501 2525 2572; x_wconf 91' lang='lat' dir='ltr'><strong>veniensque</strong></span> <span class='ocrx_word' id='word_1_460' title='bbox 2556 2515 2685 2558; x_wconf 92' lang='lat' dir='ltr'><strong>cum</strong></span> <span class='ocrx_word' id='word_1_461' title='bbox 2717 2515 2786 2556; x_wconf 89' lang='lat' dir='ltr'><strong>eo</strong></span> <span class='ocrx_word' id='word_1_462' title='bbox 2809 2497 3392 2569; x_wconf 89' lang='lat' dir='ltr'><strong>Constantinopolim,</strong></span> <span class='ocrx_word' id='word_1_463' title='bbox 3441 2496 3598 2551; x_wconf 90' lang='lat' dir='ltr'><strong>victo</strong></span> <span class='ocrx_word' id='word_1_464' title='bbox 3644 2498 3826 2564; x_wconf 88' lang='lat' dir='ltr'><strong>atque</strong></span> 
     </span>
    </p>
   </div>
   <div class='ocr_carea' id='block_1_74' title="bbox 2173 2580 3820 2657">
    <p class='ocr_par' dir='ltr' id='par_1_74' title="bbox 2173 2580 3820 2657">
     <span class='ocr_line' id='line_1_74' title="bbox 2173 2580 3820 2657; baseline -0.007 -12"><span class='ocrx_word' id='word_1_465' title='bbox 2173 2589 2369 2645; x_wconf 90' lang='lat' dir='ltr'><strong>occiso</strong></span> <span class='ocrx_word' id='word_1_466' title='bbox 2390 2588 2737 2657; x_wconf 90' lang='lat' dir='ltr'><strong>Iustiniano,</strong></span> <span class='ocrx_word' id='word_1_467' title='bbox 2769 2601 3009 2656; x_wconf 87' lang='lat' dir='ltr'><strong>regnum</strong></span> <span class='ocrx_word' id='word_1_468' title='bbox 3041 2585 3305 2656; x_wconf 87' lang='lat' dir='ltr'><strong>suscepit</strong></span> <span class='ocrx_word' id='word_1_469' title='bbox 3346 2581 3711 2654; x_wconf 78' lang='lat' dir='ltr'><strong>Philippicas</strong></span> <span class='ocrx_word' id='word_1_470' title='bbox 3755 2580 3820 2634; x_wconf 84' lang='lat'><strong>“.</strong></span> 
     </span>
    </p>
   </div>
   <div class='ocr_carea' id='block_1_75' title="bbox 2174 2669 3821 2749">
    <p class='ocr_par' dir='ltr' id='par_1_75' title="bbox 2174 2669 3821 2749">
     <span class='ocr_line' id='line_1_75' title="bbox 2174 2669 3821 2749; baseline -0.006 -15"><span class='ocrx_word' id='word_1_471' title='bbox 2174 2678 2273 2749; x_wconf 92' lang='grc' dir='ltr'><strong>(Η.</strong></span> <span class='ocrx_word' id='word_1_472' title='bbox 2307 2679 2402 2749; x_wconf 84' lang='lat' dir='ltr'><strong>S.)</strong></span> <span class='ocrx_word' id='word_1_473' title='bbox 2435 2675 2796 2732; x_wconf 86' lang='lat' dir='ltr'><strong>llildibertus</strong></span> <span class='ocrx_word' id='word_1_474' title='bbox 2826 2690 2928 2731; x_wconf 85' lang='lat' dir='ltr'><strong>rex</strong></span> <span class='ocrx_word' id='word_1_475' title='bbox 2954 2673 3153 2743; x_wconf 91' lang='lat' dir='ltr'><strong>justus</strong></span> <span class='ocrx_word' id='word_1_476' title='bbox 3198 2672 3382 2738; x_wconf 87' lang='lat' dir='ltr'><strong>obiit;</strong></span> <span class='ocrx_word' id='word_1_477' title='bbox 3433 2669 3821 2739; x_wconf 88' lang='lat' dir='ltr'><strong>regnavitque</strong></span> 
     </span>
    </p>
   </div>
   <div class='ocr_carea' id='block_1_76' title="bbox 2172 2757 3823 2835">
    <p class='ocr_par' dir='ltr' id='par_1_76' title="bbox 2172 2757 3823 2835">
     <span class='ocr_line' id='line_1_76' title="bbox 2172 2757 3823 2835; baseline -0.005 -14"><span class='ocrx_word' id='word_1_478' title='bbox 2172 2767 2559 2835; x_wconf 88' lang='lat' dir='ltr'><strong>Dagobertus,</strong></span> <span class='ocrx_word' id='word_1_479' title='bbox 2594 2764 2748 2820; x_wconf 91' lang='lat' dir='ltr'><strong>ﬁlius</strong></span> <span class='ocrx_word' id='word_1_480' title='bbox 2776 2764 2919 2833; x_wconf 90' lang='lat' dir='ltr'><strong>ejus,</strong></span> <span class='ocrx_word' id='word_1_481' title='bbox 2956 2777 3064 2834; x_wconf 91' lang='lat' dir='ltr'><strong>pro</strong></span> <span class='ocrx_word' id='word_1_482' title='bbox 3092 2776 3179 2817; x_wconf 92' lang='lat' dir='ltr'><strong>eo.</strong></span> <span class='ocrx_word' id='word_1_483' title='bbox 3203 2759 3446 2816; x_wconf 87' lang='lat' dir='ltr'><strong>Iohanni</strong></span> <span class='ocrx_word' id='word_1_484' title='bbox 3472 2773 3619 2830; x_wconf 75' lang='lat' dir='ltr'><strong>papa</strong></span> <span class='ocrx_word' id='word_1_485' title='bbox 3643 2757 3823 2813; x_wconf 89' lang='lat' dir='ltr'><strong>Sisin-</strong></span> 
     </span>
    </p>
   </div>
   <div class='ocr_carea' id='block_1_77' title="bbox 2173 2850 3243 2912">
    <p class='ocr_par' dir='ltr' id='par_1_77' title="bbox 2173 2850 3243 2912">
     <span class='ocr_line' id='line_1_77' title="bbox 2173 2850 3243 2912; baseline -0.006 -2"><span class='ocrx_word' id='word_1_486' title='bbox 2173 2855 2303 2912; x_wconf 92' lang='lat' dir='ltr'><strong>nius</strong></span> <span class='ocrx_word' id='word_1_487' title='bbox 2333 2854 2639 2911; x_wconf 91' lang='lat' dir='ltr'><strong>successit.</strong></span> <span class='ocrx_word' id='word_1_488' title='bbox 2679 2852 2778 2909; x_wconf 91' lang='lat' dir='ltr'><strong>Cui</strong></span> <span class='ocrx_word' id='word_1_489' title='bbox 2812 2850 3243 2907; x_wconf 90' lang='lat' dir='ltr'><strong>Constantinus.</strong></span> 
     </span>
    </p>
   </div>
   <div class='ocr_carea' id='block_1_78' title="bbox 2245 2938 3825 3011">
    <p class='ocr_par' dir='ltr' id='par_1_78' title="bbox 2245 2938 3825 3011">
     <span class='ocr_line' id='line_1_78' title="bbox 2245 2938 3825 3011; baseline -0.007 -11"><span class='ocrx_word' id='word_1_490' title='bbox 2245 2947 2443 3000; x_wconf 87' lang='lat' dir='ltr'><strong>Annus</strong></span> <span class='ocrx_word' id='word_1_491' title='bbox 2474 2942 2697 2999; x_wconf 90' lang='lat' dir='ltr'><strong>Domini</strong></span> <span class='ocrx_word' id='word_1_492' title='bbox 2726 2945 2848 2997; x_wconf 87' lang='lat'><strong>712.</strong></span> <span class='ocrx_word' id='word_1_493' title='bbox 2880 2938 3254 3011; x_wconf 82' lang='lat' dir='ltr'><strong>Phylippieiis</strong></span> <span class='ocrx_word' id='word_1_494' title='bbox 3302 2951 3431 2992; x_wconf 89' lang='lat' dir='ltr'><strong>ann.</strong></span> <span class='ocrx_word' id='word_1_495' title='bbox 3488 2940 3536 3004; x_wconf 93' lang='lat'><strong>1,</strong></span> <span class='ocrx_word' id='word_1_496' title='bbox 3586 2948 3825 2990; x_wconf 88' lang='lat' dir='ltr'><strong>menses</strong></span> 
     </span>
    </p>
   </div>
   <div class='ocr_carea' id='block_1_79' title="bbox 2173 3023 3827 3103">
    <p class='ocr_par' dir='ltr' id='par_1_79' title="bbox 2173 3023 3827 3103">
     <span class='ocr_line' id='line_1_79' title="bbox 2173 3023 3827 3103; baseline -0.007 -16"><span class='ocrx_word' id='word_1_497' title='bbox 2173 3036 2223 3087; x_wconf 92' lang='lat'><strong>6.</strong></span> <span class='ocrx_word' id='word_1_498' title='bbox 2256 3031 2634 3103; x_wconf 82' lang='lat' dir='ltr'><strong>Phylippicus</strong></span> <span class='ocrx_word' id='word_1_499' title='bbox 2661 3028 2972 3086; x_wconf 89' lang='lat' dir='ltr'><strong>catholicis</strong></span> <span class='ocrx_word' id='word_1_500' title='bbox 3010 3027 3260 3082; x_wconf 85' lang='lat' dir='ltr'><strong>infestus</strong></span> <span class='ocrx_word' id='word_1_501' title='bbox 3303 3024 3427 3081; x_wconf 83' lang='lat' dir='ltr'><strong>fuit.</strong></span> <span class='ocrx_word' id='word_1_502' title='bbox 3477 3023 3827 3078; x_wconf 85' lang='lat' dir='ltr'><strong>Anastasius</strong></span> 
     </span>
    </p>
   </div>
   <div class='ocr_carea' id='block_1_80' title="bbox 2174 3109 3829 3190">
    <p class='ocr_par' dir='ltr' id='par_1_80' title="bbox 2174 3109 3829 3190">
     <span class='ocr_line' id='line_1_80' title="bbox 2174 3109 3829 3190; baseline -0.005 -16"><span class='ocrx_word' id='word_1_503' title='bbox 2174 3118 2573 3190; x_wconf 85' lang='lat' dir='ltr'><strong>Phylippicum</strong></span> <span class='ocrx_word' id='word_1_504' title='bbox 2594 3117 2783 3174; x_wconf 93' lang='lat' dir='ltr'><strong>oculis</strong></span> <span class='ocrx_word' id='word_1_505' title='bbox 2807 3116 3056 3189; x_wconf 87' lang='lat' dir='ltr'><strong>privavit</strong></span> <span class='ocrx_word' id='word_1_506' title='bbox 3082 3109 3634 3184; x_wconf 83' lang='lat' dir='ltr'><strong>regnoqueexpulit.</strong></span> <span class='ocrx_word' id='word_1_507' title='bbox 3663 3109 3829 3167; x_wconf 84' lang='lat' dir='ltr'><strong>Heri-</strong></span> 
     </span>
    </p>
   </div>
   <div class='ocr_carea' id='block_1_81' title="bbox 2176 3204 3248 3275">
    <p class='ocr_par' dir='ltr' id='par_1_81' title="bbox 2176 3204 3248 3275">
     <span class='ocr_line' id='line_1_81' title="bbox 2176 3204 3248 3275; baseline -0.006 -12"><span class='ocrx_word' id='word_1_508' title='bbox 2176 3208 2381 3264; x_wconf 91' lang='lat' dir='ltr'><strong>bertus</strong></span> <span class='ocrx_word' id='word_1_509' title='bbox 2413 3222 2518 3264; x_wconf 83' lang='lat' dir='ltr'><strong>sex</strong></span> <span class='ocrx_word' id='word_1_510' title='bbox 2547 3204 3054 3275; x_wconf 85' lang='lat' dir='ltr'><strong>Langobardorum</strong></span> <span class='ocrx_word' id='word_1_511' title='bbox 3082 3204 3248 3259; x_wconf 90' lang='lat' dir='ltr'><strong>obiit.</strong></span> 
     </span>
    </p>
   </div>
   <div class='ocr_carea' id='block_1_82' title="bbox 2248 3292 3470 3353">
    <p class='ocr_par' dir='ltr' id='par_1_82' title="bbox 2248 3292 3470 3353">
     <span class='ocr_line' id='line_1_82' title="bbox 2248 3292 3470 3353; baseline -0.007 0"><span class='ocrx_word' id='word_1_512' title='bbox 2248 3301 2445 3353; x_wconf 91' lang='lat' dir='ltr'><strong>Annus</strong></span> <span class='ocrx_word' id='word_1_513' title='bbox 2475 3295 2696 3352; x_wconf 91' lang='lat' dir='ltr'><strong>Domini</strong></span> <span class='ocrx_word' id='word_1_514' title='bbox 2723 3298 2848 3349; x_wconf 87' lang='lat'><strong>713.</strong></span> <span class='ocrx_word' id='word_1_515' title='bbox 2881 3292 3225 3349; x_wconf 90' lang='lat' dir='ltr'><strong>Anastasius</strong></span> <span class='ocrx_word' id='word_1_516' title='bbox 3253 3304 3383 3346; x_wconf 89' lang='lat' dir='ltr'><strong>ann.</strong></span> <span class='ocrx_word' id='word_1_517' title='bbox 3419 3293 3470 3344; x_wconf 91' lang='lat'><strong>3.</strong></span> 
     </span>
    </p>
   </div>
   <div class='ocr_carea' id='block_1_83' title="bbox 2241 3376 3827 3457">
    <p class='ocr_par' dir='ltr' id='par_1_83' title="bbox 2241 3376 3827 3457">
     <span class='ocr_line' id='line_1_83' title="bbox 2241 3376 3827 3457; baseline -0.007 -16"><span class='ocrx_word' id='word_1_518' title='bbox 2241 3388 2293 3441; x_wconf 85' lang='lat'><strong>2.</strong></span> <span class='ocrx_word' id='word_1_519' title='bbox 2328 3384 2610 3457; x_wconf 90' lang='lat' dir='ltr'><strong>Pippinus</strong></span> <span class='ocrx_word' id='word_1_520' title='bbox 2640 3384 2832 3440; x_wconf 90' lang='lat' dir='ltr'><strong>senior</strong></span> <span class='ocrx_word' id='word_1_521' title='bbox 2863 3382 3043 3452; x_wconf 92' lang='lat' dir='ltr'><strong>major</strong></span> <span class='ocrx_word' id='word_1_522' title='bbox 3074 3381 3282 3437; x_wconf 90' lang='lat' dir='ltr'><strong>domus</strong></span> <span class='ocrx_word' id='word_1_523' title='bbox 3328 3376 3494 3433; x_wconf 91' lang='lat' dir='ltr'><strong>obiit.</strong></span> <span class='ocrx_word' id='word_1_524' title='bbox 3542 3377 3657 3431; x_wconf 87' lang='lat' dir='ltr'><strong>Pro</strong></span> <span class='ocrx_word' id='word_1_525' title='bbox 3708 3390 3827 3448; x_wconf 92' lang='lat' dir='ltr'><strong>quo</strong></span> 
     </span>
    </p>
   </div>
   <div class='ocr_carea' id='block_1_84' title="bbox 2173 3464 3422 3540">
    <p class='ocr_par' dir='ltr' id='par_1_84' title="bbox 2173 3464 3422 3540">
     <span class='ocr_line' id='line_1_84' title="bbox 2173 3464 3422 3540; baseline -0.008 -11"><span class='ocrx_word' id='word_1_526' title='bbox 2173 3472 2418 3529; x_wconf 86' lang='lat' dir='ltr'><strong>Karolus</strong></span> <span class='ocrx_word' id='word_1_527' title='bbox 2447 3486 2576 3528; x_wconf 91' lang='lat' dir='ltr'><strong>ann.</strong></span> <span class='ocrx_word' id='word_1_528' title='bbox 2607 3474 2695 3527; x_wconf 89' lang='lat'><strong>26.</strong></span> <span class='ocrx_word' id='word_1_529' title='bbox 2729 3471 3096 3540; x_wconf 87' lang='lat' dir='ltr'><strong>Dagobertus</strong></span> <span class='ocrx_word' id='word_1_530' title='bbox 3128 3481 3228 3523; x_wconf 81' lang='lat' dir='ltr'><strong>rex</strong></span> <span class='ocrx_word' id='word_1_531' title='bbox 3259 3464 3422 3522; x_wconf 93' lang='lat' dir='ltr'><strong>obiit.</strong></span> 
     </span>
    </p>
   </div>
   <div class='ocr_carea' id='block_1_85' title="bbox 2243 3550 3829 3631">
    <p class='ocr_par' dir='ltr' id='par_1_85' title="bbox 2243 3550 3829 3631">
     <span class='ocr_line' id='line_1_85' title="bbox 2243 3550 3829 3631; baseline -0.007 -16"><span class='ocrx_word' id='word_1_532' title='bbox 2243 3566 2293 3615; x_wconf 89' lang='lat'><strong>3.</strong></span> <span class='ocrx_word' id='word_1_533' title='bbox 2318 3563 2605 3631; x_wconf 87' lang='lat' dir='ltr'><strong>Ecpertus</strong></span> <span class='ocrx_word' id='word_1_534' title='bbox 2618 3560 2708 3614; x_wconf 91' lang='lat' dir='ltr'><strong>vir</strong></span> <span class='ocrx_word' id='word_1_535' title='bbox 2730 3564 2973 3615; x_wconf 91' lang='lat' dir='ltr'><strong>sanctus</strong></span> <span class='ocrx_word' id='word_1_536' title='bbox 2988 3556 3057 3611; x_wconf 91' lang='lat' dir='ltr'><strong>de</strong></span> <span class='ocrx_word' id='word_1_537' title='bbox 3076 3558 3250 3625; x_wconf 88' lang='lat' dir='ltr'><strong>gente</strong></span> <span class='ocrx_word' id='word_1_538' title='bbox 3282 3551 3598 3622; x_wconf 87' lang='lat' dir='ltr'><strong>Anglorum</strong></span> <span class='ocrx_word' id='word_1_539' title='bbox 3616 3550 3829 3606; x_wconf 85' lang='lat' dir='ltr'><strong>Schot-</strong></span> 
     </span>
    </p>
   </div>
   <div class='ocr_carea' id='block_1_86' title="bbox 2172 3638 3829 3719">
    <p class='ocr_par' dir='ltr' id='par_1_86' title="bbox 2172 3638 3829 3719">
     <span class='ocr_line' id='line_1_86' title="bbox 2172 3638 3829 3719; baseline -0.007 -14"><span class='ocrx_word' id='word_1_540' title='bbox 2172 3654 2266 3705; x_wconf 93' lang='lat' dir='ltr'><strong>tos</strong></span> <span class='ocrx_word' id='word_1_541' title='bbox 2298 3648 2555 3718; x_wconf 88' lang='lat' dir='ltr'><strong>legitime</strong></span> <span class='ocrx_word' id='word_1_542' title='bbox 2586 3648 2794 3719; x_wconf 89' lang='lat' dir='ltr'><strong>pascha</strong></span> <span class='ocrx_word' id='word_1_543' title='bbox 2829 3645 3129 3702; x_wconf 89' lang='lat' dir='ltr'><strong>celebrare</strong></span> <span class='ocrx_word' id='word_1_544' title='bbox 3171 3641 3391 3697; x_wconf 90' lang='lat' dir='ltr'><strong>docuit.</strong></span> <span class='ocrx_word' id='word_1_545' title='bbox 3440 3638 3829 3697; x_wconf 81' lang='lat' dir='ltr'><strong>Constantino</strong></span> 
     </span>
    </p>
   </div>
   <div class='ocr_carea' id='block_1_87' title="bbox 2176 3729 3350 3809">
    <p class='ocr_par' dir='ltr' id='par_1_87' title="bbox 2176 3729 3350 3809">
     <span class='ocr_line' id='line_1_87' title="bbox 2176 3729 3350 3809; baseline -0.009 -15"><span class='ocrx_word' id='word_1_546' title='bbox 2176 3751 2339 3809; x_wconf 68' lang='lat' dir='ltr'><strong>papae</strong></span> <span class='ocrx_word' id='word_1_547' title='bbox 2368 3735 2661 3793; x_wconf 90' lang='lat' dir='ltr'><strong>successit</strong></span> <span class='ocrx_word' id='word_1_548' title='bbox 2693 3733 3009 3804; x_wconf 87' lang='lat' dir='ltr'><strong>Gregorius</strong></span> <span class='ocrx_word' id='word_1_549' title='bbox 3039 3729 3350 3786; x_wconf 88' lang='lat' dir='ltr'><strong>secundus.</strong></span> 
     </span>
    </p>
   </div>
   <div class='ocr_carea' id='block_1_88' title="bbox 2245 3815 3822 3895">
    <p class='ocr_par' dir='ltr' id='par_1_88' title="bbox 2245 3815 3822 3895">
     <span class='ocr_line' id='line_1_88' title="bbox 2245 3815 3822 3895; baseline -0.008 -16"><span class='ocrx_word' id='word_1_550' title='bbox 2245 3824 2469 3895; x_wconf 70' lang='lat' dir='ltr'><strong>(Bson)</strong></span> <span class='ocrx_word' id='word_1_551' title='bbox 2511 3826 2711 3880; x_wconf 90' lang='lat' dir='ltr'><strong>Annus</strong></span> <span class='ocrx_word' id='word_1_552' title='bbox 2750 3821 2973 3878; x_wconf 91' lang='lat' dir='ltr'><strong>Domini</strong></span> <span class='ocrx_word' id='word_1_553' title='bbox 3013 3823 3136 3874; x_wconf 90' lang='lat'><strong>716.</strong></span> <span class='ocrx_word' id='word_1_554' title='bbox 3179 3815 3535 3873; x_wconf 89' lang='lat' dir='ltr'><strong>Theodosius</strong></span> <span class='ocrx_word' id='word_1_555' title='bbox 3574 3828 3707 3871; x_wconf 89' lang='lat' dir='ltr'><strong>ano.</strong></span> <span class='ocrx_word' id='word_1_556' title='bbox 3772 3819 3822 3868; x_wconf 88' lang='lat'><strong>1.</strong></span> 
     </span>
    </p>
   </div>
   <div class='ocr_carea' id='block_1_89' title="bbox 2174 3902 3829 3982">
    <p class='ocr_par' dir='ltr' id='par_1_89' title="bbox 2174 3902 3829 3982">
     <span class='ocr_line' id='line_1_89' title="bbox 2174 3902 3829 3982; baseline -0.007 -14"><span class='ocrx_word' id='word_1_557' title='bbox 2174 3913 2277 3969; x_wconf 89' lang='lat' dir='ltr'><strong>llic</strong></span> <span class='ocrx_word' id='word_1_558' title='bbox 2309 3910 2679 3968; x_wconf 88' lang='lat' dir='ltr'><strong>Anastasium</strong></span> <span class='ocrx_word' id='word_1_559' title='bbox 2714 3909 2914 3982; x_wconf 73' lang='lat' dir='ltr'><strong>przelio</strong></span> <span class='ocrx_word' id='word_1_560' title='bbox 2951 3908 3114 3977; x_wconf 89' lang='lat' dir='ltr'><strong>vicit,</strong></span> <span class='ocrx_word' id='word_1_561' title='bbox 3165 3906 3420 3975; x_wconf 90' lang='lat' dir='ltr'><strong>datoque</strong></span> <span class='ocrx_word' id='word_1_562' title='bbox 3468 3902 3577 3959; x_wconf 87' lang='lat' dir='ltr'><strong>sibi</strong></span> <span class='ocrx_word' id='word_1_563' title='bbox 3629 3916 3829 3958; x_wconf 87' lang='lat' dir='ltr'><strong>sacra-</strong></span> 
     </span>
    </p>
   </div>
   <div class='ocr_carea' id='block_1_90' title="bbox 2177 3989 3821 4072">
    <p class='ocr_par' dir='ltr' id='par_1_90' title="bbox 2177 3989 3821 4072">
     <span class='ocr_line' id='line_1_90' title="bbox 2177 3989 3821 4072; baseline -0.009 -14"><span class='ocrx_word' id='word_1_564' title='bbox 2177 4005 2389 4072; x_wconf 92' lang='lat' dir='ltr'><strong>mento,</strong></span> <span class='ocrx_word' id='word_1_565' title='bbox 2414 4000 2690 4057; x_wconf 91' lang='lat' dir='ltr'><strong>clericum</strong></span> <span class='ocrx_word' id='word_1_566' title='bbox 2715 3998 2838 4055; x_wconf 90' lang='lat' dir='ltr'><strong>ﬁeri</strong></span> <span class='ocrx_word' id='word_1_567' title='bbox 2864 4013 2930 4053; x_wconf 92' lang='lat' dir='ltr'><strong>ac</strong></span> <span class='ocrx_word' id='word_1_568' title='bbox 2953 3997 3363 4069; x_wconf 90' lang='lat' dir='ltr'><strong>presbyterum</strong></span> <span class='ocrx_word' id='word_1_569' title='bbox 3389 3993 3524 4049; x_wconf 84' lang='lat' dir='ltr'><strong>fecit</strong></span> <span class='ocrx_word' id='word_1_570' title='bbox 3537 3989 3821 4047; x_wconf 87' lang='lat' dir='ltr'><strong>ordinari.</strong></span> 
     </span>
    </p>
   </div>
   <div class='ocr_carea' id='block_1_91' title="bbox 2177 4082 3831 4159">
    <p class='ocr_par' dir='ltr' id='par_1_91' title="bbox 2177 4082 3831 4159">
     <span class='ocr_line' id='line_1_91' title="bbox 2177 4082 3831 4159; baseline -0.006 -14"><span class='ocrx_word' id='word_1_571' title='bbox 2177 4091 2276 4159; x_wconf 88' lang='grc' dir='ltr'><strong>(Η.</strong></span> <span class='ocrx_word' id='word_1_572' title='bbox 2300 4090 2366 4147; x_wconf 81' lang='lat' dir='ltr'><strong>S.</strong></span> <span class='ocrx_word' id='word_1_573' title='bbox 2393 4093 2451 4144; x_wconf 89' lang='lat' dir='ltr'><strong>et</strong></span> <span class='ocrx_word' id='word_1_574' title='bbox 2478 4089 2672 4153; x_wconf 75' lang='lat' dir='ltr'><strong>Bson.)</strong></span> <span class='ocrx_word' id='word_1_575' title='bbox 2695 4086 2935 4158; x_wconf 87' lang='lat' dir='ltr'><strong>Tyberis</strong></span> <span class='ocrx_word' id='word_1_576' title='bbox 2958 4084 3168 4140; x_wconf 82' lang='lat' dir='ltr'><strong>ﬂuvius</strong></span> <span class='ocrx_word' id='word_1_577' title='bbox 3189 4082 3413 4138; x_wconf 90' lang='lat' dir='ltr'><strong>alveum</strong></span> <span class='ocrx_word' id='word_1_578' title='bbox 3436 4094 3605 4136; x_wconf 91' lang='lat' dir='ltr'><strong>suum</strong></span> <span class='ocrx_word' id='word_1_579' title='bbox 3625 4092 3831 4147; x_wconf 80' lang='lat' dir='ltr'><strong>egres-</strong></span> 
     </span>
    </p>
   </div>
   <div class='ocr_carea' id='block_1_92' title="bbox 2178 4166 3830 4240">
    <p class='ocr_par' dir='ltr' id='par_1_92' title="bbox 2178 4166 3830 4240">
     <span class='ocr_line' id='line_1_92' title="bbox 2178 4166 3830 4240; baseline -0.008 -6"><span class='ocrx_word' id='word_1_580' title='bbox 2178 4192 2281 4234; x_wconf 90' lang='lat' dir='ltr'><strong>sus</strong></span> <span class='ocrx_word' id='word_1_581' title='bbox 2309 4176 2489 4232; x_wconf 91' lang='lat' dir='ltr'><strong>multa</strong></span> <span class='ocrx_word' id='word_1_582' title='bbox 2522 4176 2715 4231; x_wconf 82' lang='lat' dir='ltr'><strong>Romae</strong></span> <span class='ocrx_word' id='word_1_583' title='bbox 2767 4173 3059 4231; x_wconf 89' lang='lat' dir='ltr'><strong>subvertit</strong></span> <span class='ocrx_word' id='word_1_584' title='bbox 3103 4170 3453 4240; x_wconf 71' lang='lat' dir='ltr'><strong>aadiﬁcia,ita</strong></span> <span class='ocrx_word' id='word_1_585' title='bbox 3502 4172 3565 4224; x_wconf 90' lang='lat' dir='ltr'><strong>ut</strong></span> <span class='ocrx_word' id='word_1_586' title='bbox 3612 4167 3669 4222; x_wconf 89' lang='lat' dir='ltr'><strong>in</strong></span> <span class='ocrx_word' id='word_1_587' title='bbox 3719 4166 3830 4221; x_wconf 79' lang='lat' dir='ltr'><strong>Via</strong></span> 
     </span>
    </p>
   </div>
   <div class='ocr_carea' id='block_1_93' title="bbox 2179 4258 3665 4321">
    <p class='ocr_par' dir='ltr' id='par_1_93' title="bbox 2179 4258 3665 4321">
     <span class='ocr_line' id='line_1_93' title="bbox 2179 4258 3665 4321; baseline -0.008 0"><span class='ocrx_word' id='word_1_588' title='bbox 2179 4266 2317 4321; x_wconf 90' lang='lat' dir='ltr'><strong>Lata</strong></span> <span class='ocrx_word' id='word_1_589' title='bbox 2349 4264 2419 4320; x_wconf 91' lang='lat' dir='ltr'><strong>ad</strong></span> <span class='ocrx_word' id='word_1_590' title='bbox 2451 4278 2620 4320; x_wconf 91' lang='lat' dir='ltr'><strong>unam</strong></span> <span class='ocrx_word' id='word_1_591' title='bbox 2653 4268 2713 4318; x_wconf 91' lang='lat' dir='ltr'><strong>et</strong></span> <span class='ocrx_word' id='word_1_592' title='bbox 2747 4261 2923 4318; x_wconf 92' lang='lat' dir='ltr'><strong>semis</strong></span> <span class='ocrx_word' id='word_1_593' title='bbox 2951 4264 3237 4317; x_wconf 89' lang='lat' dir='ltr'><strong>staturam</strong></span> <span class='ocrx_word' id='word_1_594' title='bbox 3270 4258 3665 4314; x_wconf 89' lang='lat' dir='ltr'><strong>exeresceret.</strong></span> 
     </span>
    </p>
   </div>
   <div class='ocr_carea' id='block_1_94' title="bbox 2252 4349 3241 4408">
    <p class='ocr_par' dir='ltr' id='par_1_94' title="bbox 2252 4349 3241 4408">
     <span class='ocr_line' id='line_1_94' title="bbox 2252 4349 3241 4408; baseline -0.007 -1"><span class='ocrx_word' id='word_1_595' title='bbox 2252 4354 2449 4408; x_wconf 89' lang='lat' dir='ltr'><strong>Annus</strong></span> <span class='ocrx_word' id='word_1_596' title='bbox 2479 4350 2704 4406; x_wconf 90' lang='lat' dir='ltr'><strong>Domini</strong></span> <span class='ocrx_word' id='word_1_597' title='bbox 2732 4353 2855 4405; x_wconf 93' lang='lat'><strong>717.</strong></span> <span class='ocrx_word' id='word_1_598' title='bbox 2892 4350 3002 4404; x_wconf 91' lang='lat' dir='ltr'><strong>Leo</strong></span> <span class='ocrx_word' id='word_1_599' title='bbox 3030 4362 3160 4405; x_wconf 89' lang='lat' dir='ltr'><strong>ann.</strong></span> <span class='ocrx_word' id='word_1_600' title='bbox 3191 4349 3241 4401; x_wconf 93' lang='lat'><strong>8.</strong></span> 
     </span>
    </p>
   </div>
   <div class='ocr_carea' id='block_1_95' title="bbox 435 4417 3829 4509">
    <p class='ocr_par' dir='ltr' id='par_1_95' title="bbox 435 4417 3829 4509">
     <span class='ocr_line' id='line_1_95' title="bbox 435 4417 3829 4509; baseline -0.004 -12"><span class='ocrx_word' id='word_1_601' title='bbox 435 4417 737 4497; x_wconf 69' lang='lat' dir='ltr'><strong>dominicae</strong></span> <span class='ocrx_word' id='word_1_602' title='bbox 758 4417 953 4497; x_wconf 82' lang='lat' dir='ltr'><strong>crucis</strong></span> <span class='ocrx_word' id='word_1_603' title='bbox 972 4417 1195 4495; x_wconf 76' lang='lat' dir='ltr'><strong>invenit</strong></span> <span class='ocrx_word' id='word_1_604' title='bbox 1262 4455 1390 4509; x_wconf 63' lang='lat' dir='ltr'><strong>quae</strong></span> <span class='ocrx_word' id='word_1_605' title='bbox 1413 4417 1685 4497; x_wconf 86' lang='lat' dir='ltr'><strong>omnibus</strong></span> <span class='ocrx_word' id='word_1_606' title='bbox 1706 4417 1873 4497; x_wconf 85' lang='lat' dir='ltr'><strong>annis</strong></span> <span class='ocrx_word' id='word_1_607' title='bbox 1896 4440 1951 4496; x_wconf 92' lang='lat' dir='ltr'><strong>in</strong></span> <span class='ocrx_word' id='word_1_608' title='bbox 1974 4442 2069 4497; x_wconf 89' lang='lat' dir='ltr'><strong>ba-</strong></span> <span class='ocrx_word' id='word_1_609' title='bbox 2097 4438 2149 4497; x_wconf 95' lang='lat' dir='ltr'><strong>D</strong></span> <span class='ocrx_word' id='word_1_610' title='bbox 2254 4446 2299 4496; x_wconf 91' lang='lat'><strong>1.</strong></span> <span class='ocrx_word' id='word_1_611' title='bbox 2340 4439 2578 4495; x_wconf 84' lang='lat' dir='ltr'><strong>Karolus</strong></span> <span class='ocrx_word' id='word_1_612' title='bbox 2605 4438 2908 4494; x_wconf 85' lang='lat' dir='ltr'><strong>Saxoniam</strong></span> <span class='ocrx_word' id='word_1_613' title='bbox 2941 4449 3145 4505; x_wconf 80' lang='lat' dir='ltr'><strong>magna</strong></span> <span class='ocrx_word' id='word_1_614' title='bbox 3178 4432 3344 4506; x_wconf 90' lang='lat' dir='ltr'><strong>plaga</strong></span> <span class='ocrx_word' id='word_1_615' title='bbox 3374 4417 3625 4488; x_wconf 80' lang='lat' dir='ltr'><strong>vastavit</strong></span> <span class='ocrx_word' id='word_1_616' title='bbox 3651 4431 3829 4499; x_wconf 79' lang='lat'><strong>(185).</strong></span> 
     </span>
    </p>
   </div>
   <div class='ocr_carea' id='block_1_96' title="bbox 431 4527 2069 4597">
    <p class='ocr_par' dir='ltr' id='par_1_96' title="bbox 431 4527 2069 4597">
     <span class='ocr_line' id='line_1_96' title="bbox 431 4527 2069 4597; baseline -0.001 -11"><span class='ocrx_word' id='word_1_617' title='bbox 431 4530 594 4586; x_wconf 90' lang='lat' dir='ltr'><strong>silica</strong></span> <span class='ocrx_word' id='word_1_618' title='bbox 637 4528 958 4583; x_wconf 89' lang='lat' dir='ltr'><strong>Salvatoris</strong></span> <span class='ocrx_word' id='word_1_619' title='bbox 1008 4542 1135 4597; x_wconf 51' lang='lat' dir='ltr'><strong>quae</strong></span> <span class='ocrx_word' id='word_1_620' title='bbox 1186 4527 1401 4583; x_wconf 90' lang='lat' dir='ltr'><strong>dicitur</strong></span> <span class='ocrx_word' id='word_1_621' title='bbox 1450 4528 1925 4584; x_wconf 89' lang='lat' dir='ltr'><strong>Constantiniana</strong></span> <span class='ocrx_word' id='word_1_622' title='bbox 1975 4529 2069 4585; x_wconf 89' lang='lat' dir='ltr'><strong>die</strong></span> 
     </span>
    </p>
   </div>
   <div class='ocr_carea' id='block_1_97' title="bbox 2255 4518 3834 4598">
    <p class='ocr_par' dir='ltr' id='par_1_97' title="bbox 2255 4518 3834 4598">
     <span class='ocr_line' id='line_1_97' title="bbox 2255 4518 3834 4598; baseline -0.004 -19"><span class='ocrx_word' id='word_1_623' title='bbox 2255 4529 2416 4598; x_wconf 70' lang='lat' dir='ltr'><strong>.1.(H.</strong></span> <span class='ocrx_word' id='word_1_624' title='bbox 2455 4528 2549 4596; x_wconf 73' lang='grc' dir='ltr'><strong>ις.)</strong></span> <span class='ocrx_word' id='word_1_625' title='bbox 2592 4525 2894 4582; x_wconf 88' lang='lat' dir='ltr'><strong>Sarraceni</strong></span> <span class='ocrx_word' id='word_1_626' title='bbox 2954 4521 3203 4579; x_wconf 92' lang='lat' dir='ltr'><strong>triennio</strong></span> <span class='ocrx_word' id='word_1_627' title='bbox 3262 4518 3834 4589; x_wconf 88' lang='lat' dir='ltr'><strong>Constantinopolim</strong></span> 
     </span>
    </p>
   </div>
   <div class='ocr_carea' id='block_1_98' title="bbox 427 4606 3830 4687">
    <p class='ocr_par' dir='ltr' id='par_1_98' title="bbox 427 4606 3830 4687">
     <span class='ocr_line' id='line_1_98' title="bbox 427 4606 3830 4687; baseline -0.004 -12"><span class='ocrx_word' id='word_1_628' title='bbox 427 4617 808 4675; x_wconf 79' lang='lat' dir='ltr'><strong>exaltationis</strong></span> <span class='ocrx_word' id='word_1_629' title='bbox 840 4616 966 4686; x_wconf 88' lang='lat' dir='ltr'><strong>ejus</strong></span> <span class='ocrx_word' id='word_1_630' title='bbox 998 4617 1069 4671; x_wconf 89' lang='lat' dir='ltr'><strong>ab</strong></span> <span class='ocrx_word' id='word_1_631' title='bbox 1091 4616 1241 4670; x_wconf 93' lang='lat' dir='ltr'><strong>omni</strong></span> <span class='ocrx_word' id='word_1_632' title='bbox 1292 4615 1506 4686; x_wconf 90' lang='lat' dir='ltr'><strong>populo</strong></span> <span class='ocrx_word' id='word_1_633' title='bbox 1545 4617 1849 4673; x_wconf 91' lang='lat' dir='ltr'><strong>osculatur</strong></span> <span class='ocrx_word' id='word_1_634' title='bbox 1888 4621 2072 4687; x_wconf 83' lang='lat' dir='ltr'><strong>atque</strong></span> <span class='ocrx_word' id='word_1_635' title='bbox 2182 4616 2524 4673; x_wconf 91' lang='lat' dir='ltr'><strong>obsidentes</strong></span> <span class='ocrx_word' id='word_1_636' title='bbox 2554 4620 2614 4670; x_wconf 92' lang='lat' dir='ltr'><strong>et</strong></span> <span class='ocrx_word' id='word_1_637' title='bbox 2638 4614 2850 4670; x_wconf 90' lang='lat' dir='ltr'><strong>multas</strong></span> <span class='ocrx_word' id='word_1_638' title='bbox 2869 4609 3202 4685; x_wconf 88' lang='lat' dir='ltr'><strong>provincias</strong></span> <span class='ocrx_word' id='word_1_639' title='bbox 3227 4610 3619 4676; x_wconf 89' lang='lat' dir='ltr'><strong>devastantes,</strong></span> <span class='ocrx_word' id='word_1_640' title='bbox 3655 4606 3830 4673; x_wconf 82' lang='lat' dir='ltr'><strong>fame,</strong></span> 
     </span>
    </p>
   </div>
   <div class='ocr_carea' id='block_1_99' title="bbox 432 4697 3352 4777">
    <p class='ocr_par' dir='ltr' id='par_1_99' title="bbox 432 4697 3352 4777">
     <span class='ocr_line' id='line_1_99' title="bbox 432 4697 3352 4777; baseline -0.004 -15"><span class='ocrx_word' id='word_1_641' title='bbox 432 4707 734 4764; x_wconf 86' lang='lat' dir='ltr'><strong>adoratur.</strong></span> <span class='ocrx_word' id='word_1_642' title='bbox 781 4706 1027 4760; x_wconf 91' lang='lat' dir='ltr'><strong>Sanctus</strong></span> <span class='ocrx_word' id='word_1_643' title='bbox 1060 4702 1391 4774; x_wconf 90' lang='lat' dir='ltr'><strong>Gudpertus</strong></span> <span class='ocrx_word' id='word_1_644' title='bbox 1438 4704 1605 4772; x_wconf 91' lang='lat' dir='ltr'><strong>obiit,</strong></span> <span class='ocrx_word' id='word_1_645' title='bbox 1646 4704 1960 4777; x_wconf 89' lang='lat' dir='ltr'><strong>episcopus</strong></span> <span class='ocrx_word' id='word_1_646' title='bbox 2001 4719 2073 4760; x_wconf 85' lang='lat' dir='ltr'><strong>ex</strong></span> <span class='ocrx_word' id='word_1_647' title='bbox 2182 4707 2367 4774; x_wconf 88' lang='lat' dir='ltr'><strong>peste,</strong></span> <span class='ocrx_word' id='word_1_648' title='bbox 2403 4704 2557 4759; x_wconf 82' lang='lat' dir='ltr'><strong>ferro</strong></span> <span class='ocrx_word' id='word_1_649' title='bbox 2584 4700 2999 4771; x_wconf 84' lang='lat' dir='ltr'><strong>naufragioque</strong></span> <span class='ocrx_word' id='word_1_650' title='bbox 3033 4697 3352 4770; x_wconf 89' lang='lat' dir='ltr'><strong>pelluntur.</strong></span> 
     </span>
    </p>
   </div>
   <div class='ocr_carea' id='block_1_100' title="bbox 429 4794 788 4851">
    <p class='ocr_par' dir='ltr' id='par_1_100' title="bbox 429 4794 788 4851">
     <span class='ocr_line' id='line_1_100' title="bbox 429 4794 788 4851; baseline -0.006 0"><span class='ocrx_word' id='word_1_651' title='bbox 429 4794 788 4851; x_wconf 89' lang='lat' dir='ltr'><strong>anachorita.</strong></span> 
     </span>
    </p>
   </div>
   <div class='ocr_carea' id='block_1_101' title="bbox 2253 4782 3834 4862">
    <p class='ocr_par' dir='ltr' id='par_1_101' title="bbox 2253 4782 3834 4862">
     <span class='ocr_line' id='line_1_101' title="bbox 2253 4782 3834 4862; baseline -0.006 -16"><span class='ocrx_word' id='word_1_652' title='bbox 2253 4794 2304 4847; x_wconf 92' lang='lat'><strong>6.</strong></span> <span class='ocrx_word' id='word_1_653' title='bbox 2352 4790 2550 4862; x_wconf 75' lang='lat' dir='ltr'><strong>(Bson)</strong></span> <span class='ocrx_word' id='word_1_654' title='bbox 2592 4787 2998 4845; x_wconf 85' lang='lat' dir='ltr'><strong>Luidbrandus</strong></span> <span class='ocrx_word' id='word_1_655' title='bbox 3033 4785 3078 4819; x_wconf 86' lang='grc'><strong>⁸⁸</strong></span> <span class='ocrx_word' id='word_1_656' title='bbox 3131 4799 3233 4842; x_wconf 85' lang='lat' dir='ltr'><strong>rex</strong></span> <span class='ocrx_word' id='word_1_657' title='bbox 3291 4782 3834 4854; x_wconf 82' lang='lat' dir='ltr'><strong>Langobardorum,</strong></span> 
     </span>
    </p>
   </div>
   <div class='ocr_carea' id='block_1_102' title="bbox 1785 4938 2462 4997">
    <p class='ocr_par' dir='ltr' id='par_1_102' title="bbox 1785 4938 2462 4997">
     <span class='ocr_line' id='line_1_102' title="bbox 1785 4938 2462 4997; baseline -0.003 -2"><span class='ocrx_word' id='word_1_658' title='bbox 1785 4939 2021 4997; x_wconf 70' lang='lat' dir='ltr'><strong>VARIAS</strong></span> <span class='ocrx_word' id='word_1_659' title='bbox 2065 4938 2356 4996; x_wconf 81' lang='lat' dir='ltr'><strong>LECTION</strong></span> <span class='ocrx_word' id='word_1_660' title='bbox 2362 4939 2462 4994; x_wconf 89' lang='lat' dir='ltr'><strong>ES.</strong></span> 
     </span>
    </p>
   </div>
   <div class='ocr_carea' id='block_1_103' title="bbox 504 5058 3842 5135">
    <p class='ocr_par' dir='ltr' id='par_1_103' title="bbox 504 5058 3842 5135">
     <span class='ocr_line' id='line_1_103' title="bbox 504 5058 3842 5135; baseline -0.003 -11"><span class='ocrx_word' id='word_1_661' title='bbox 504 5066 571 5100; x_wconf 81' lang='grc'><strong>³⁸”</strong></span> <span class='ocrx_word' id='word_1_662' title='bbox 604 5065 1015 5123; x_wconf 88' lang='lat' dir='ltr'><strong>constantinus</strong></span> <span class='ocrx_word' id='word_1_663' title='bbox 1041 5078 1187 5123; x_wconf 75' lang='lat' dir='ltr'><strong>corr.</strong></span> <span class='ocrx_word' id='word_1_664' title='bbox 1224 5068 1498 5135; x_wconf 85' lang='lat' dir='ltr'><strong>constans</strong></span> <span class='ocrx_word' id='word_1_665' title='bbox 1524 5078 1571 5121; x_wconf 81' lang='grc' dir='ltr'><strong>ο.</strong></span> <span class='ocrx_word' id='word_1_666' title='bbox 1604 5062 1649 5095; x_wconf 73' lang='grc'><strong>³⁸</strong></span> <span class='ocrx_word' id='word_1_667' title='bbox 1679 5077 1708 5120; x_wconf 80' lang='lat' dir='ltr'><strong>e</strong></span> <span class='ocrx_word' id='word_1_668' title='bbox 1736 5076 1885 5121; x_wconf 69' lang='lat' dir='ltr'><strong>corr.</strong></span> <span class='ocrx_word' id='word_1_669' title='bbox 1920 5062 2044 5135; x_wconf 73' lang='lat' dir='ltr'><strong>e.“</strong></span> <span class='ocrx_word' id='word_1_670' title='bbox 2073 5062 2433 5135; x_wconf 73' lang='lat' dir='ltr'><strong>constantini</strong></span> <span class='ocrx_word' id='word_1_671' title='bbox 2458 5058 3842 5135; x_wconf 45' lang='lat' dir='ltr'><strong>constantis_c._f7__{z_qs_!tgmorosumanus</strong></span> 
     </span>
    </p>
   </div>
   <div class='ocr_carea' id='block_1_104' title="bbox 436 5125 3842 5217">
    <p class='ocr_par' dir='ltr' id='par_1_104' title="bbox 436 5125 3842 5217">
     <span class='ocr_line' id='line_1_104' title="bbox 436 5125 3842 5217; baseline -0.004 -22"><span class='ocrx_word' id='word_1_672' title='bbox 436 5137 786 5217; x_wconf 60' lang='lat' dir='ltr'><strong>correctoris</strong></span> <span class='ocrx_word' id='word_1_673' title='bbox 823 5135 1267 5217; x_wconf 48' lang='lat' dir='ltr'><strong>superscr-ipset.</strong></span> <span class='ocrx_word' id='word_1_674' title='bbox 1309 5134 1595 5217; x_wconf 46' lang='lat' dir='ltr'><strong>’f‘ansgis</strong></span> <span class='ocrx_word' id='word_1_675' title='bbox 1627 5148 1796 5217; x_wconf 48' lang='lat' dir='ltr'><strong>com.</strong></span> <span class='ocrx_word' id='word_1_676' title='bbox 1821 5134 2091 5217; x_wconf 68' lang='lat' dir='ltr'><strong>aiisgisus</strong></span> <span class='ocrx_word' id='word_1_677' title='bbox 2128 5148 2175 5217; x_wconf 57' lang='grc' dir='ltr'><strong>ρ.</strong></span> <span class='ocrx_word' id='word_1_678' title='bbox 2218 5132 2283 5217; x_wconf 53' lang='lat'><strong>3:</strong></span> <span class='ocrx_word' id='word_1_679' title='bbox 2323 5133 2711 5217; x_wconf 74' lang='lat' dir='ltr'><strong>DCLXXXV“.</strong></span> <span class='ocrx_word' id='word_1_680' title='bbox 2766 5144 2919 5217; x_wconf 57' lang='lat'><strong>9012-.</strong></span> <span class='ocrx_word' id='word_1_681' title='bbox 2948 5125 3842 5217; x_wconf 34' lang='lat' dir='ltr'><strong>e.L‘°“aqu‘i-</strong></span> 
     </span>
    </p>
   </div>
   <div class='ocr_carea' id='block_1_105' title="bbox 436 5197 3837 5350">
    <p class='ocr_par' dir='ltr' id='par_1_105' title="bbox 436 5197 3837 5350">
     <span class='ocr_line' id='line_1_105' title="bbox 436 5197 3837 5321; baseline -0.003 -60"><span class='ocrx_word' id='word_1_682' title='bbox 436 5208 588 5310; x_wconf 55' lang='lat' dir='ltr'><strong>higie</strong></span> <span class='ocrx_word' id='word_1_683' title='bbox 616 5221 763 5287; x_wconf 79' lang='lat' dir='ltr'><strong>corr.</strong></span> <span class='ocrx_word' id='word_1_684' title='bbox 802 5197 1055 5278; x_wconf 77' lang='lat' dir='ltr'><strong>aquileie</strong></span> <span class='ocrx_word' id='word_1_685' title='bbox 1088 5197 1144 5264; x_wconf 73' lang='grc' dir='ltr'><strong>οἷ</strong></span> <span class='ocrx_word' id='word_1_686' title='bbox 1171 5205 1414 5288; x_wconf 50' lang='grc' dir='ltr'><strong>⁸ξυαζάθ</strong></span> <span class='ocrx_word' id='word_1_687' title='bbox 1444 5197 1544 5261; x_wconf 63' lang='grc' dir='ltr'><strong>Ιιίἓ</strong></span> <span class='ocrx_word' id='word_1_688' title='bbox 1572 5205 1731 5287; x_wconf 70' lang='lat' dir='ltr'><strong>locus</strong></span> <span class='ocrx_word' id='word_1_689' title='bbox 1773 5197 2048 5262; x_wconf 65' lang='grc' dir='ltr'><strong>ιπνῦιῐιτιις</strong></span> <span class='ocrx_word' id='word_1_690' title='bbox 2078 5205 2181 5284; x_wconf 63' lang='lat' dir='ltr'><strong>est.</strong></span> <span class='ocrx_word' id='word_1_691' title='bbox 2206 5205 2444 5284; x_wconf 35' lang='lat' dir='ltr'><strong>.Herim.</strong></span> <span class='ocrx_word' id='word_1_692' title='bbox 2468 5218 2622 5261; x_wconf 88' lang='lat' dir='ltr'><strong>:cum</strong></span> <span class='ocrx_word' id='word_1_693' title='bbox 2649 5217 2727 5281; x_wconf 73' lang='lat' dir='ltr'><strong>in.</strong></span> <span class='ocrx_word' id='word_1_694' title='bbox 2765 5201 2819 5283; x_wconf 74' lang='lat' dir='ltr'><strong>iii</strong></span> <span class='ocrx_word' id='word_1_695' title='bbox 2849 5204 3114 5271; x_wconf 90' lang='lat' dir='ltr'><strong>Pontum,</strong></span> <span class='ocrx_word' id='word_1_696' title='bbox 3148 5197 3577 5281; x_wconf 67' lang='lat' dir='ltr'><strong>iiiultiimproh.</strong></span> <span class='ocrx_word' id='word_1_697' title='bbox 3609 5211 3759 5321; x_wconf 53' lang='lat' dir='ltr'><strong>pelia</strong></span> <span class='ocrx_word' id='word_1_698' title='bbox 3781 5213 3837 5251; x_wconf 89' lang='lat' dir='ltr'><strong>e.</strong></span> 
     </span>
     <span class='ocr_line' id='line_1_106' title="bbox 514 5266 3837 5350; baseline -0.003 -19"><span class='ocrx_word' id='word_1_699' title='bbox 514 5276 853 5350; x_wconf 90' lang='lat' dir='ltr'><strong>phylippum</strong></span> <span class='ocrx_word' id='word_1_700' title='bbox 884 5291 1037 5337; x_wconf 79' lang='lat' dir='ltr'><strong>corr.</strong></span> <span class='ocrx_word' id='word_1_701' title='bbox 1074 5275 1331 5349; x_wconf 86' lang='lat' dir='ltr'><strong>phylippi</strong></span> <span class='ocrx_word' id='word_1_702' title='bbox 1361 5289 1410 5333; x_wconf 82' lang='lat' dir='ltr'><strong>c.</strong></span> <span class='ocrx_word' id='word_1_703' title='bbox 1443 5274 1488 5309; x_wconf 85' lang='grc'><strong>⁸³</strong></span> <span class='ocrx_word' id='word_1_704' title='bbox 1518 5275 1842 5349; x_wconf 90' lang='lat' dir='ltr'><strong>philippum</strong></span> <span class='ocrx_word' id='word_1_705' title='bbox 1874 5288 2024 5333; x_wconf 82' lang='lat' dir='ltr'><strong>corr.</strong></span> <span class='ocrx_word' id='word_1_706' title='bbox 2077 5273 2323 5345; x_wconf 77' lang='lat' dir='ltr'><strong>philippi</strong></span> <span class='ocrx_word' id='word_1_707' title='bbox 2356 5288 2401 5331; x_wconf 86' lang='lat' dir='ltr'><strong>c.</strong></span> <span class='ocrx_word' id='word_1_708' title='bbox 2454 5273 2497 5305; x_wconf 93' lang='grc'><strong>⁸⁸</strong></span> <span class='ocrx_word' id='word_1_709' title='bbox 2563 5272 2917 5344; x_wconf 90' lang='lat' dir='ltr'><strong>pliilippicus</strong></span> <span class='ocrx_word' id='word_1_710' title='bbox 2965 5285 3115 5329; x_wconf 68' lang='lat' dir='ltr'><strong>corr.</strong></span> <span class='ocrx_word' id='word_1_711' title='bbox 3164 5268 3408 5341; x_wconf 89' lang='lat' dir='ltr'><strong>philippi</strong></span> <span class='ocrx_word' id='word_1_712' title='bbox 3457 5282 3505 5324; x_wconf 81' lang='grc' dir='ltr'><strong>ο.</strong></span> <span class='ocrx_word' id='word_1_713' title='bbox 3554 5266 3599 5298; x_wconf 80' lang='grc'><strong>⁸³</strong></span> <span class='ocrx_word' id='word_1_714' title='bbox 3640 5283 3662 5324; x_wconf 78' lang='grc' dir='ltr'>ι</span> <span class='ocrx_word' id='word_1_715' title='bbox 3694 5280 3736 5322; x_wconf 83' lang='lat' dir='ltr'><em>a</em></span> <span class='ocrx_word' id='word_1_716' title='bbox 3785 5281 3837 5324; x_wconf 80' lang='grc' dir='ltr'><strong>ο.</strong></span> 
     </span>
    </p>
   </div>
   <div class='ocr_carea' id='block_1_106' title="bbox 2022 5422 2247 5480">
    <p class='ocr_par' dir='ltr' id='par_1_106' title="bbox 2022 5422 2247 5480">
     <span class='ocr_line' id='line_1_107' title="bbox 2022 5422 2247 5480; baseline 0 -1"><span class='ocrx_word' id='word_1_717' title='bbox 2022 5422 2247 5480; x_wconf 66' lang='lat' dir='ltr'><strong>NOTAE.</strong></span> 
     </span>
    </p>
   </div>
   <div class='ocr_carea' id='block_1_107' title="bbox 518 5520 1765 5595">
    <p class='ocr_par' dir='ltr' id='par_1_107' title="bbox 518 5520 1765 5595">
     <span class='ocr_line' id='line_1_108' title="bbox 518 5520 1765 5595; baseline -0.003 -15"><span class='ocrx_word' id='word_1_718' title='bbox 518 5524 666 5595; x_wconf 75' lang='lat'><strong>(185)</strong></span> <span class='ocrx_word' id='word_1_719' title='bbox 709 5521 788 5576; x_wconf 78' lang='lat' dir='ltr'><strong>Cf.</strong></span> <span class='ocrx_word' id='word_1_720' title='bbox 824 5526 973 5584; x_wconf 85' lang='lat' dir='ltr'><strong>Ann.</strong></span> <span class='ocrx_word' id='word_1_721' title='bbox 1011 5520 1285 5583; x_wconf 88' lang='lat' dir='ltr'><strong>Lauresh.</strong></span> <span class='ocrx_word' id='word_1_722' title='bbox 1322 5521 1581 5581; x_wconf 87' lang='lat' dir='ltr'><strong>Alamau.</strong></span> <span class='ocrx_word' id='word_1_723' title='bbox 1608 5564 1623 5593; x_wconf 90' lang='lat'><strong>,</strong></span> <span class='ocrx_word' id='word_1_724' title='bbox 1654 5525 1765 5579; x_wconf 90' lang='lat' dir='ltr'><strong>etc.</strong></span> 
     </span>
    </p>
   </div>
  </div>
