3982 6056
136 222 250 290 481
930 222 1371 289 CHRONICA.
1406 259 1478 269 -—.
1513 182 1792 287 (111ΗοΙῆ

1929 218 1994 283 >Ν
2035 214 2756 285 WIRZIBURGENSE.

3425 217 3546 286 482

136 360 477 423 Sarracenis
508 359 860 435 depOpulata
894 359 1157 418 Sardinia
1187 360 1361 417 etiam
1394 358 1492 415 illa
1523 357 1648 415 loca
1699 358 1779 414 fe-
1808 357 1859 416 A
1892 355 2061 413 chum
2092 357 2264 424 fecit;
2296 361 2357 413 et
2385 360 2518 424 post
2553 356 2914 428 aliquantum
2939 358 3219 429 temporis
3252 358 3324 415 ad
3354 374 3546 416 mona-

135 457 439 512 dantibus.
476 455 575 511 ubi
607 468 738 509 ossa
771 453 961 509 sancti
993 450 1298 520 Augustini
1324 449 1586 521 episcopi
1610 463 1783 520 prop—

136 549 230 599 ter
262 542 725 600 devastationem
776 542 1155 598 barbarorum
1205 538 1341 595 olim
1395 537 1677 594 translata
1725 543 1785 593 et

135 632 375 689 condita
410 632 658 701 fuerant,
720 630 873 685 misit
907 634 962 685 et
1015 629 1153 685 dato
1205 627 1401 700 precio
1450 628 1677 698 accepit
1727 629 1782 681 et

140 720 447 777 transtulit
477 734 544 775 ea
576 720 631 774 in
661 718 940 774 Ticinum.

208 814 262 864 8.
301 810 402 878 (H.
434 810 530 880 S.)
562 810 811 864 Sanctus
840 807 1153 863 Pirminius
1202 807 1256 862 in
1305 807 1586 877 Auguiam
1634 806 1790 861 insu-

140 898 274 965 lam,
310 912 554 968 eamque
587 898 778 967 (185⁸)
813 912 843 951 a
898 896 1275 966 serpentibus
1321 896 1612 952 liberavit.
1667 896 1790 950 Huc

1895 446 2139 502 sterium
2170 448 2357 502 sancti
2392 446 2688 503 Benedicti
2720 447 3022 517 profectus
3040 451 3152 503 est.

1967 540 2052 591 10.
2090 534 2338 591 Sanctus
2373 535 2745 592 Burchardus
2768 535 2994 606 accepit
3026 535 3426 606 pontificatum
3450 551 3547 592 an-

1898 638 1971 679 no
2002 623 2223 678 Domini
2251 628 2348 679 751
2381 641 2395 689 ;
2421 623 2573 679 sedit
2604 627 2673 679 40
2702 638 2829 679 ann.
2865 624 2969 693 (Cf.
3009 625 3076 684 θ.
3091 623 3310 695 pontt.)
3335 623 3544 680 Iisdem

1900 712 2265 782 temporibus
2293 712 2580 782 Radgisus
2613 713 3121 783 Langobardorum
3146 726 3246 769 rex
3273 710 3548 769 similiter

1902 800 2033 856 fecit

1972 894 2057 944 11.
2085 888 2411 945 Translatio
2442 888 2627 944 sancti
2666 889 2909 958 Kyliani.
2967 888 3348 946 Beatissimus
3398 903 3544 961 papa

141 1002 331 1057 usque
362 985 513 1041 Beda
537 984 891 1042 venerabilis
915 986 1223 1055 presbyter
1252 984 1585 1040 chronicam
1626 998 1788 1038 suam
1899 977 2206 1032 Zacharias
2238 977 2291 1031 in
2332 977 2651 1033 venerabili
2698 977 3059 1047 patriarchio
3110 978 3262 1034 beati
3315 978 3547 1048 Georgii

141 1076 194 1129 in
232 1074 440 1143 majori
472 1075 544 1130 de
571 1073 939 1145 temporibus
969 1071 1121 1129 libro
1170 1072 1446 1144 perduxit
1492 1072 1792 1128 continen—

139 1168 257 1218 tem
292 1164 367 1219 ab
400 1163 565 1219 initio
597 1162 795 1218 mundi
827 1162 1143 1219 secundum
1191 1162 1531 1218 chraicam
1582 1160 1793 1216 verita-

141 1258 257 1308 tem
290 1266 423 1308 ann.
447 1254 606 1308 4680.

211 1361 416 1414 Annus
447 1357 669 1413 Domini
699 1359 822 1412 725.
861 1357 1299 1413 Constantinus:

212 1466 340 1520 Huc
372 1478 555 1533 usque
601 1477 842 1533 regnum
893 1463 1302 1519 Romanorum.
1351 1462 1572 1520 Exhinc
1624 1464 1795 1519 Fran-

141 1567 364 1608 corum.

1902 1065 2176 1135 martyris
2207 1068 2383 1135 caput
2416 1064 2471 1120 in
2503 1079 2675 1136 capsa
2707 1065 3069 1122 reconditum
3092 1065 3349 1138 repperit
3375 1066 3431 1123 in
3456 1082 3551 1139 pe-

1903 1152 2096 1209 thaeio
2119 1153 2305 1209 literis
2329 1154 2528 1209 Grecis
2549 1158 2812 1224 exarato,
2835 1159 2891 1210 et
2918 1154 2974 1209 in
3002 1155 3314 1211 Romanam
3346 1156 3549 1211 urbem

1905 1240 2229 1297 transtulit.
2249 1241 2565 1312 (G.pontt.)
2581 1242 2682 1297 Hie
2701 1240 2885 1297 libros
2899 1242 3259 1312 dialogorum
3276 1247 3547 1314 quatuor,

1906 1343 2051 1399 quos
2084 1330 2293 1385 beatus
2322 1329 2637 1398 Gregorius
2670 1330 2823 1398 fecit,
2859 1330 2930 1385 de
2962 1331 3162 1386 Latino
3196 1331 3252 1385 in
3300 1332 3549 1388 Grecum

1905 1416 2213 1474 transtulit
2242 1417 2647 1488 eloquium.Ad
2665 1432 2831 1487 quem
2849 1419 3551 1476 BurchardusWircibur-

1904 1505 2103 1575 gensis
2134 1505 2443 1577 cpiscopus
2473 1509 2529 1560 et
2564 1504 2844 1562 Folradus
2876 1508 3057 1562 abbas
3088 1507 3250 1563 missi
3276 1512 3414 1564 sunt
3443 1508 3552 1563 Ro-

1907 1608 2076 1664 mam,
2114 1598 2176 1650 ut
2206 1593 2583 1650 consulerent
2616 1595 2933 1650 Romanum
2967 1595 3301 1665 pontificem
3333 1594 3550 1652 decan-

214 1661 417 1715 Annus
447 1658 671 1713 Domini
700 1656 823 1714 726.
860 1657 1129 1728 Karolus,
1162 1657 1388 1730 Pippini
1433 1657 1610 1727 filius,
1660 1672 1790 1713 cum

218 1763 250 1769 υ.
321 1747 709 1769 -..!....:..-o---..
781 1746 1059 1769 ...ΑεΑ---.υι
1128 1746 1329 1769 Amm.--
1381 1762 1484 1769 Λα...
1563 1750 1785 1769 ιΑ-Ακηι

1929 1697 1971 1739 ιιι
2002 1697 2223 1752 regum,
2256 1681 2354 1753 qui
2385 1681 2485 1738 illo
2512 1686 2774 1753 tempore
2809 1682 3042 1739 fuerunt
3075 1683 3131 1738 in
3163 1683 3423 1754 Francia,
3458 1699 3556 1740 no-

137 1748 255 1816 jam
321 1747 714 1818 principatum
781 1746 1063 1817 majorum
1125 1746 1331 1802 domus
1379 1762 1508 1802 ann.
1563 1750 1789 1802 teneret

138 1835 203 1905 “,
244 1841 377 1907 post
405 1836 527 1892 hac
557 1835 822 1892 eumdem
858 1835 1245 1906 principatum
1294 1840 1456 1890 tenet
1492 1840 1555 1889 15
1604 1835 1789 1904 annis,

142 1925 383 1994 regibus
415 1928 605 1980 tamen
636 1925 694 1980 in
724 1924 984 1994 Francia,
1019 1923 1123 1979 sed
1154 1938 1332 1995 parva
1365 1924 1671 1996 dignitate,
1707 1939 1795 1980 re-

141 2014 480 2084 gnantibus.

214 2124 303 2175 15.
340 2119 653 2177 Pirminius
683 2120 967 2189 ex_Augia
1000 2119 1225 2191 pulsus,
1261 2120 1318 2177 in
1346 2119 1649 2189 ,Alsatiam
1699 2134 1795 2175 ve-

142 2208 250 2263 nit.

215 2301 303 2352 16.
337 2295 494 2351 Beda
522 2296 877 2353 venerabilis
910 2295 1225 2367 Anglorum
1260 2298 1572 2369 presbyter
1622 2296 1788 2366 obiit,

140 2384 350 2440 indict.
386 2387 468 2439 14.

214 2497 301 2547 17.
328 2491 575 2547 Karolus
596 2496 801 2549 contra
825 2493 1178 2548 Sarracenos
1193 2492 1520 2563 pugnatdie
1541 2491 1788 2547 sabbati.

212 2602 301 2653 18.
337 2597 584 2653 Karolus
614 2598 796 2667 major
827 2598 1033 2654 domus
1064 2597 1317 2653 Fresiam
1350 2601 1564 2653 vastat.

212 2708 299 2758 19.
334 2703 694 2759 Wasconiam
732 2703 965 2759 invasit.

210 2812 301 2863 22.
334 2809 529 2875 (Fred.
557 2809 753 2880 Cant.)
779 2808 1091 2879 Gregorius
1111 2810 1186 2864 III
1209 2824 1355 2881 papa
1378 2808 1573 2867 claves
1597 2809 1792 2881 sepul-

139 2897 267 2952 chri
301 2897 489 2952 sancti
520 2898 675 2953 Petri
709 2903 768 2952 et
805 2897 1035 2954 vincula
1087 2898 1346 2967 ejusdem
1395 2913 1524 2953 cum
1567 2897 1791 2966 magnis

142 2986 486 3041 muneribus
518 2986 585 3041 ad
620 2985 890 3042 Karolum
921 2985 1097 3056 misit,
1132 3000 1202 3041 eo
1235 2989 1405 3056 pacto
1438 2989 1497 3041 ut
1541 3002 1571 3042 a
1615 2987 1793 3056 parti-

1909 1785 2036 1827 men
2065 1776 2291 1827 tantum
2325 1771 2501 1840 regis,
2537 1771 2635 1827 sed
2670 1770 2884 1827 nullam
2936 1772 3152 1841 regiam
3202 1775 3553 1842 potestatem

1908 1860 2209 1916 habentes.
2237 1858 2422 1927 (Eum.
2449 1858 2626 1928 Ann.)
2649 1860 2758 1914 Per
2779 1873 2923 1929 quos
2946 1858 3262 1929 praedictus
3292 1859 3554 1930 pontifex

1904 1948 2214 2004 Zacharias
2246 1947 2540 2003 mandavit
2563 1947 2771 2004 melius
2791 1961 2928 2004 esse
2951 1947 3111 2004 illum
3133 1949 3332 2005 vocari
3357 1961 3552 2019 regem

1905 2037 2059 2107 apud
2091 2050 2257 2107 quem
2290 2050 2511 2092 summa
2546 2036 2859 2106 potestatis
2876 2036 3230 2092 consisteret
3260 2054 3274 2103 ;
3299 2036 3567 2107 dataque"

1906 2124 2259 2182 auctoritate
2291 2138 2414 2195 sua,
2449 2123 2757 2194 Pippinum
2786 2138 2978 2194 regem
3021 2124 3300 2181 constitui
3350 2124 3547 2194 jussit.

1977 2212 2076 2281 (Η.
2110 2214 2177 2270 ις’.
2214 2214 2512 2268 ΕιΝιιΑῐωι.
2549 2213 2723 2285 Ama.)
2754 2214 2951 2269 Annus
2983 2211 3203 2268 Domini
3250 2216 3372 2269 753.
3427 2214 3554 2285 Pip-

1904 2301 2075 2374 pinus
2104 2316 2209 2373 per
2239 2301 2647 2357 auctoritatem
2678 2302 2953 2373 Stephani
2984 2316 3169 2373 papae,
3203 2301 3299 2371 qui
3344 2300 3555 2358 Zacha-

1904 2390 2006 2446 riae
2036 2389 2345 2460 successit,
2380 2404 2482 2445 rex
2504 2391 2849 2446 Francorum
2873 2395 2964 2445 est
2989 2388 3338 2460 appellatus,
3369 2394 3430 2444 et
3452 2404 3553 2445 un-

1903 2482 2034 2535 ctus
2064 2492 2234 2535 manu
2269 2478 2545 2534 Bonifacii
2578 2477 3005 2549 archiepiscopi
3039 2476 3546 2547 Magontiocensis,

1904 2580 2180 2638 moreque
2213 2568 2561 2623 Francorum
2603 2566 2659 2621 in
2710 2566 2920 2622 solium
2971 2565 3236 2622 elevatus
3281 2565 3444 2637 regni
3492 2565 3552 2621 in

1903 2655 2142 2712 civitate
2173 2655 2481 2724 Suessona,
2516 2655 2779 2724 regnavit
2814 2668 2945 2709 ann.
2981 2659 3048 2710 15
3076 2653 3140 2708 ⁸⁷.

1975 2749 2024 2799 1.
2063 2743 2390 2799 Hildericus
2417 2758 2575 2813 vero,
2612 2742 2708 2813 qui
2741 2742 2888 2798 falso
2917 2742 3072 2812 regis
3099 2743 3329 2798 nomine
3352 2743 3551 2814 funge-

1904 2831 2095 2902 batur,
2129 2836 2301 2888 tonso
2333 2832 2525 2903 capite
2560 2831 2613 2885 in
2647 2831 3065 2887 monasterium
3100 2832 3315 2888 missus
3341 2836 3450 2888 est.

1973 2924 2024 2974 2.
2080 2919 2180 2989 (Η.
2231 2920 2326 2990 S.)
2377 2919 2622 2975 Sanetus
2671 2919 3000 2975 Bonifacius
3058 2919 3552 2992 archyepiscopus

1907 3008 2338 3078 martyrizatur.

144 3074 252 3129 bus
286 3073 668 3167 imperatoris
693 3073 1078 3167 Constantini,
1113 3073 1210 3167 qui
1262 3073 1429 3167 Leoni
1476 3074 1787 3167 successit,
1825 3059 1874 3121 Ο
2390 3095 2845 3165 Langobardiam
2877 3095 3171 3151 hostiliter
3200 3096 3366 3166 pem.

142 3160 467 3218 recederet.
501 3162 747 3217 Karolus
778 3160 1005 3231 legatos
1033 3167 1092 3216 et
1125 3161 1472 3231 legationem
1513 3177 1642 3218 cum
1695 3162 1795 3217 ho-

143 3264 289 3305 nore
340 3249 583 3320 recepit,
637 3266 871 3305 munera
926 3249 1195 3320 contulit,
1250 3255 1425 3319 atque
1474 3264 1604 3307 cum
1669 3250 1793 3306 suis

139 3337 369 3393 nuntiis
398 3338 629 3392 Romam
663 3338 906 3394 remisit.

211 3445 303 3497 23.
338 3442 439 3512 (Η.
468 3442 563 3513 S’.)
597 3443 845 3499 Karolus
877 3446 1080 3499 contra
1113 3444 1468 3500 Sarracenos
1501 3442 1557 3499 in
1589 3443 1793 3500 Gothia

141 3535 385 3602 pugnat.
422 3531 667 3588 Karolus
699 3531 1003 3588 Saxoniam
1037 3531 1238 3587 intrat.

210 3641 302 3693 27.
340 3637 584 3694 Karolus
616 3638 798 3708 major
828 3638 1037 3694 domus
1056 3636 1324 3709 moritur,
1350 3636 1553 3693 indict.
1579 3641 1632 3695 8.
1659 3639 1795 3694 Gre-

137 3725 308 3795 gorio
337 3727 524 3783 tercio
555 3727 848 3785 successit
878 3726 1188 3783 Zacharias
1216 3740 1383 3797 papa.

214 3832 412 3905 (Fr-ed.
449 3834 640 3904 Cant.)
674 3837 872 3890 Annus
903 3833 1123 3890 Domini
1164 3837 1261 3889 741
1297 3833 1597 3905 Pippinus,
1639 3833 1794 3891 filius

144 3920 364 3992 Karoli,
398 3937 530 3980 cum
561 3923 744 3978 fratre
774 3921 1159 3978 Karlomanno
1189 3921 1370 3992 major
1410 3923 1615 3979 domus
1661 3936 1790 3977 ann.

146 4015 231 4064 11.
305 4010 726 4067 Karlomannus
788 4010 1105 4081 Austriam,
1176 4009 1570 4067 Alamanniam
1622 4014 1796 4080 atque

142 4099 513 4168 Thoringiam
546 4099 833 4165 sortitur;
864 4097 1145 4170 Pippinus
1168 4099 1582 4169 Burgundiam,
1617 4100 1799 4155 Neau-

147 4187 352 4242 striam
384 4190 559 4257 atque
590 4186 974 4242 Provinciam.

217 4298 267 4348 1.
308 4293 410 4362 (Η.
436 4293 504 4349 S.
539 4292 960 4349 Karlomannus
1006 4291 1369 4350 Wasconiam
1419 4297 1479 4348 et
1527 4291 1796 4350 Alaman-

146 4381 301 4437 niam
344 4381 512 4452 petit.

215 4491 268 4543 3.
303 4486 534 4543 Initium
568 4486 874 4543 Fuldensis
903 4486 1245 4543 monasterii

214 4590 267 4641 5.
304 4582 727 4640 Karlomannus
761 4584 1155 4641 Alamanniam
1198 4590 1411 4641 vastat.
1466 4582 1799 4640 Karloman-

146 4687 254 4729 nus
287 4685 488 4743 pacem
529 4687 659 4728 cum
708 4672 1033 4730 Saxonibus
1081 4672 1215 4730 facit
1276 4670 1672 4729 Alamanniam
1723 4672 1801 4728 in-

144 4761 430 4831 greditur.

213 4871 268 4923 9.
303 4867 493 4938 (Euva.
524 4868 705 4939 Ann.)
733 4867 1154 4923 Karlomannus
1186 4866 1382 4922 divino
1430 4881 1625 4923 amore
1672 4882 1800 4924 suc-

145 4970 380 5023 census,
415 4956 653 5012 Romam
686 4970 956 5028 pergens,
995 4970 1128 5012 sese
1157 4954 1450 5012 Zachariae
1496 4970 1658 5028 papae
1698 4956 1800 5013 ob-

146 5044 304 5114 tulit,
339 5047 398 5099 et
431 5045 503 5101 ab
533 5059 602 5101 eo
631 5043 885 5101 clericus
918 5044 1122 5115 factus,
1159 5044 1574 5101 monasterium
1606 5045 1797 5102 sancti

150 5132 419 5189 Silvestri
462 5132 517 5188 in
551 5136 746 5191 monte
795 5132 1031 5190 Soracte
1073 5136 1444 5204 construens,
1498 5147 1559 5190 se
1605 5146 1799 5190 mona-

1974 3187 2024 3239 4.
2059 3184 2385 3240 Haistulfus
2413 3199 2514 3239 rex
2548 3183 3059 3253 Langobardorum
3090 3184 3356 3239 moritur.

1973 3277 2024 3327 6.
2058 3272 2354 3343 Pyppinus
2406 3272 2706 3328 Saxoniam
2758 3271 2911 3328 bello
2961 3272 3133 3343 petit,
3186 3271 3561 3328 Wasconiam»

1906 3360 2148 3416 invadit.

1977 3453 2048 3504 10
2077 3451 2324 3505 Sanetus
2356 3448 2669 3504 Othmarus
2700 3448 2757 3504 in
2790 3448 3037 3505 insulam
3066 3448 3208 3505 Reni
3257 3449 3417 3505 Stein
3461 3464 3554 3505 re«

1908 3536 2138 3606 legatus
2169 3537 2335 3592 obiit.
2364 3535 2629 3607 Eclypsis
2653 3536 2798 3593 solis
2823 3537 2973 3593 facta
2996 3540 3085 3593 est
3104 3541 3172 3594 18
3191 3535 3429 3594 Kalend.
3457 3536 3553 3593 Se-

1905 3625 2190 3697 ptembris
2222 3626 2363 3681 hora
2396 3625 2559 3695 quasi
2591 3627 2643 3679 6.
3274 3610 3280 3619 ’

1975 3719 2061 3770 11.
2096 3713 2355 3770 Iuventio
2385 3713 2597 3785 capitis
2622 3713 2899 3770 Johannis
2933 3713 3226 3785 baptista.
3254 3713 3552 3787 Pyppinus

1904 3801 2129 3873 aliquot
2158 3803 2474 3858 comitatus
2506 3801 2639 3858 filiis
2671 3801 2849 3857 dedit.

1974 3894 2066 3946 12.
2102 3891 2336 3961 Hiemps
2363 3888 2555 3946 valida
2587 3891 2739 3946 facta
2770 3893 2864 3945 est
2895 3889 3003 3946 hoc
3033 3904 3203 3947 anno.

1978 3984 2064 4035 13.
2098 3978 2363 4049 Eclypsis
2393 3977 2536 4033 solis
2566 3982 2600 4033 2
2626 3979 2769 4033 Non.
2801 3979 2931 4033 Jun.
2966 3979 3109 4033 hora
3140 3978 3306 4050 quasi
3337 3982 3388 4034 Ο.

1980 4072 2064 4123 15.
2100 4068 2324 4137 Corpus
2355 4065 2542 4121 sancti
2569 4064 2796 4121 Nazarii
2829 4065 2899 4121 ad
2935 4066 3260 4123 Laurissam
3310 4066 3549 4124 allatum

1908 4161 2000 4213 est
2024 4154 2088 4209 η.
2119 4154 2417 4227 Pyppinus
2444 4167 2549 4210 rex
2579 4152 2846 4224 moritur,
2882 4153 3081 4210 indict.
3116 4156 3169 4209 6.

1982 4247 2180 4301 Annus
2212 4242 2435 4299 Domini
2464 4247 2570 4299 769
2595 4241 2658 4296 ‘9.
2702 4241 2950 4299 Karolus
2997 4243 3256 4313 Magnus,
3306 4241 3552 4314 Pyppini

1910 4331 2086 4403 ﬁlius,
2120 4346 2251 4388 cum
2278 4332 2459 4388 fratre
2485 4330 2872 4389 Karlomanno
2901 4346 3033 4388 ann.
3092 4335 3144 4402 3,
3195 4335 3409 4403 postea
3457 4344 3553 4388 so-

1826 4407 1881 4469 D
1912 4421 2005 4479 lus
2033 4423 2118 4477 42.

1980 4512 2032 4566 4.
2066 4509 2295 4582 (Ηριςί.)
2324 4510 2545 4581 Corpus
2570 4508 2757 4565 sancti
2787 4508 3048 4565 Othmari
3078 4512 3151 4567 10
3186 4521 3317 4564 ann.
3371 4506 3428 4563 in
3470 4506 3549 4578 in,

1913 4598 2058 4669 aula,
2097 4613 2210 4670 quo
2239 4603 2507 4655 mortuus
2537 4603 2650 4668 est,
2685 4598 3087 4670 incorruptum
3146 4597 3444 4670 reperitur
3492 4600 3555 4651 et

1910 4687 1969 4744 in
2002 4686 2243 4744 basilica
2274 4686 2458 4744 sancti
2493 4686 2637 4741 Galli
2668 4684 2971 4757 sepelitur.
3008 4685 3428 4743 Karlomannus
3449 4697 3554 4741 rex

1912 4775 2182 4845 moritur,
2209 4775 2389 4831 frater
2411 4773 2626 4831 Karoli.

1981 4868 2032 4919 5.
2068 4861 2279 4920 Karlus
2310 4862 2614 4920 Saxoniam
2645 4860 2836 4933 petiit.

1981 4956 2033 5010 6.
2067 4951 2312 5008 Italiam.

1981 5047 2033 5098 7.
2068 5042 2326 5115 Corpora
2356 5042 2688 5100 sanctorum
2721 5038 2993 5099 Gordiani
3036 5044 3095 5097 et
3135 5034 3430 5110 Epimachi
3479 5033 3555 5092 de

1909 5131 2091 5191 Roma
2122 5129 2180 5188 in
2211 5129 2607 5191 Alamanniam
2633 5130 2922 5187 translata
2956 5132 3112 5187 sunt.
3145 5123 3393 5184 Karolus
3412 5125 3557 5181 Lon-

215 5319 262 5354 ‘°
291 5317 416 5378 XlI°
439 5319 508 5379 in
528 5333 721 5393 marg.
756 5319 895 5380 add.
926 5333 975 5379 ο.
1013 5318 1060 5354 ⁸⁷
1105 5319 1242 5381 XVI.
1298 5332 1445 5380 corr.
1498 5229 2241 5383 “ng?
2267 5330 2315 5379 ο.
2371 5316 2420 5353 ⁸⁸
2446 5312 2860 5375 DCCLXXVIII.
2899 5326 3069 5375 corr.
3102 5309 3501 5371 DCCLXVIIII.
3527 5320 3560 5368 ο

221 5516 399 5595 (185')
446 5516 718 5594 Eamque
745 5548 815 5564 -—
860 5515 1144 5581 liberam
1171 5516 1242 5577 in
1272 5516 1620 5581 Herimanno
1668 5419 1792 5593 Sat:

1953 5515 2246 5597 leguntur.
2855 5468 2885 5485 .
