3982 6056
436 236 552 299 483

1595 238 2078 301 EKKEHARDI
2124 236 2680 300 URAUGIENSIS

3721 242 3843 305 484

431 372 727 443 gobardos
755 386 884 428 eum
922 370 1088 427 Italia
1116 368 1385 441 subjecit,
1408 374 1464 427 et
1488 387 1615 427 cum
1646 372 1943 442 triumpho
1975 372 2081 426 Ro-
2113 375 2163 431 Α
2265 372 2596 429 Gotefridus
2644 374 3141 431 Nordmannorum
3192 390 3295 430 rex
3353 379 3603 448 superbe
3664 380 3847 434 Karlo

438 476 584 517 mam
616 461 796 516 venit.

505 554 555 606 8.
593 547 838 605 Karolus
870 547 1169 604 Saxoniam
1204 547 1392 618 petiit.

504 640 558 692 9.
591 638 653 692 In
682 636 844 694 Italia
879 636 1216 705 Routgisum
1246 635 1480 691 occidit.

506 730 575 781 10
599 726 816 782 Iterum
847 725 892 759 ⁸⁰
924 724 981 779 in
1014 723 1318 780 Saxoniam
1351 724 1562 795 pergit.

502 820 561 870 11
601 813 930 885 Hispaniam
962 812 1135 883 cepit.

504 908 573 960 12
598 905 812 959 Iterum
843 901 1147 957 Saxoniam
1178 899 1377 971 sepius
1409 899 1789 956 rebellantem
1833 900 2072 957 invadit.

431 994 633 1049 Fames
662 996 720 1047 et
749 988 1076 1046 mortalitas
1105 989 1401 1044 Franciam
1434 994 1645 1045 vastat.

502 1085 588 1137 13.
621 1079 868 1136 Karolus
898 1077 1130 1134 tandem
1156 1077 1498 1133 Saxonicum
1515 1076 1751 1147 bellum,
1770 1081 1831 1134 ut
1855 1076 2078 1149 “puta-

429 1172 621 1241 batur,
655 1167 938 1238 subjectis
971 1166 1317 1235 Saxonibus,
1351 1169 1734 1222 consummat.

499 1262 585 1315 14.
619 1256 879 1327 {Karolus
918 1256 1128 1311 iterum
1169 1255 1406 1309 Romam
1448 1254 1628 1324 venit,
1675 1258 1733 1310 et
1767 1252 1918 1311 filius
1947 1254 2074 1325 ejus

426 1346 725 1420 Pyppinus
757 1344 1093 1416 baptizatur
1125 1343 1197 1398 ab
1229 1341 1483 1397 Adriano
1517 1356 1684 1413 papa.

494 1440 582 1492 15.
620 1437 679 1490 ln
712 1433 959 1490 Saxonia
991 1436 1339 1489 conventum
1380 1430 1602 1486 habuit.

493 1529 580 1581 17.
616 1522 894 1592 Hiltigert
918 1519 1135 1591 regina,
1162 1533 1311 1575 uxor
1328 1518 1542 1590 Karoli,
1568 1518 1761 1575 obiit2
1779 1518 1900 1575 Kal.
1922 1518 2071 1591 Maii,

422 1619 483 1671 et
513 1611 726 1669 Berhta
758 1609 923 1666 obiit.

2194 460 2466 517 minatur.

2263 551 2330 603 42
2362 549 2568 607 Karlus
2600 552 2880 620 synodum
2916 565 3179 621 magnam
3206 551 3253 585 ³⁵
3282 558 3620 624 congregat.

2263 641 2348 693 43.
2401 638 2665 711 Eclypsis
2716 640 2857 696 solis
2907 641 3056 696 facta
3106 645 3199 697 est
3250 646 3282 696 7
3332 641 3468 698 ldus
3513 644 3641 699 Jun.
3695 643 3845 700 hora

2192 726 2355 796 quasi
2389 729 2663 784 secunda.
2704 727 2851 785 Item
2892 730 3094 785 eodem
3144 743 3294 787 anno
3343 730 3583 801 eclipsis
3629 736 3663 787 2
3708 732 3839 787 Kal.

2188 815 2321 871 Dec.
2394 816 2535 873 hora
2605 818 2767 888 quasi
2837 822 2886 874 3.
2942 819 3225 890 Pippinus
3272 834 3396 891 rex,
3450 819 3604 877 filius
3653 820 3839 885 Karli,

2188 902 2356 959 obiit.

2259 993 2343 1047 44.
2379 992 2629 1049 Karolus
2659 994 2969 1051 thesauros
3000 995 3056 1050 in
3083 980 3382 1068 episcopia
3423 1001 3483 1054 et
3534 995 3839 1054 aecclesias

2186 1080 2414 1137 dividit.
2448 1082 2695 1139 Karolus
2726 1082 2879 1139 filius
2908 1084 3121 1153 Karoli,
3154 1085 3319 1140 obiit.

2253 1168 2323 1225 45
2352 1170 2721 1227 Bernhardus
2751 1186 2855 1227 rex
2877 1187 2907 1227 a
2940 1172 3148 1229 Karolo
3180 1173 3430 1231 efficitur
3455 1173 3502 1207 ⁸⁸
3524 1217 3537 1229 .
3591 1172 3841 1230 Karolus

2187 1256 2347 1313 febre
2376 1264 2436 1313 et
2460 1258 2710 1330 pleuresi
2738 1259 3002 1331 pulsatus
3023 1261 3191 1332 obiit,
3217 1261 3420 1318 indict.
3446 1268 3480 1319 7
3502 1267 3533 1318 ὅ
3555 1260 3677 1318 Kal.
3698 1262 3832 1318 Feb.

2185 1360 2333 1403 anno
2363 1347 2557 1404 aetatis
2584 1352 2672 1405 71.

2258 1498 2456 1553 Annus
2505 1497 2727 1552 Domini
2778 1501 2901 1555 815.
2951 1498 3321 1570 Ludewicus,
3372 1497 3567 1584 Karoli
3640 1500 3833 1570 magni

2187 1583 2362 1645 filius.
2392 1599 2523 1641 ann.
2558 1590 2627 1641 26
2656 1585 2719 1642 “.
3078 1608 3085 1613 ·

497 1707 563 1757 17
592 1698 837 1756 Karolus
871 1699 1126 1791 Saxones
1153 1694 1409 1752 rebelles
1439 1694 1608 1767 plaga
1629 1708 1831 1766 magna
1855 1696 2070 1753 occidit
2103 1726 2155 1785 B
2191 1779 2202 1791 .
2258 1694 2306 1746 3.
2344 1691 2453 1747 Leo
2486 1706 2629 1791 pa‘pa
2659 1693 2826 1749 obiit.
2854 1693 3205 1752 Ludewicus
3258 1709 3289 1750 a
3343 1694 3634 1767 Stephano
3686 1709 3832 1766 papa

424 1794 484 1848 et
515 1788 870 1847 christianos
901 1785 1057 1841 fecit.

497 1882 566 1935 19
614 1874 877 1946 Eclypsis
923 1873 1068 1930 solis
1117 1872 1266 1929 facta
1314 1878 1401 1929 est
1453 1876 1520 1928 16
1571 1870 1692 1927 Kal.
1747 1872 1875 1929 Oct.
1928 1872 2072 1929 hora

428 1965 592 2038 quasi
618 1968 671 2020 2.
706 1962 953 2019 Karolus
985 1962 1197 2017 iterum
1228 1961 1463 2016 Romam
1497 1961 1710 2032 pergit,
1759 1965 1817 2016 et
1867 1975 2072 2018 cruces

428 2052 485 2109 in
513 2050 781 2108 vestibus
812 2050 1229 2120 apparuerunt.

497 2144 585 2196 20.
621 2138 827 2195 Karlus
856 2151 960 2209 per
992 2135 1385 2191 Alamanniam
1416 2134 1487 2190 ad
1522 2136 1664 2192 lines
1688 2134 1964 2204 Bajoarize
1986 2150 2074 2190 re-

427 2226 702 2286 bellantis
732 2241 862 2283 cum
889 2224 1155 2285 exercitu
1182 2223 1360 2280 venit.

496 2320 559 2374 21
616 2314 838 2372 Tassilo
887 2314 1004 2370 dux
1055 2312 1351 2383 Bajoariaz,
1400 2312 1642 2381 jubente
1710 2310 1941 2381 Karolo,
2016 2311 2073 2367 in

426 2405 726 2462 Franciam
756 2402 935 2472 venit,
972 2405 1030 2457 et
1066 2400 1328 2470 Bajoaria
1358 2400 1572 2455 Karolo
1605 2399 1933 2469 subjicitur.

490 2498 580 2552 22.
644 2491 892 2551 Karolus
944 2489 1181 2546 Sclavos
1230 2489 1325 2560 qui
1374 2488 1542 2544 Wilci
1593 2489 1870 2545 dicuntur
1920 2487 2071 2545 bello

423 2582 593 2655 petit.

487 2674 575 2727 23.
607 2672 657 2725 4.
692 2670 834 2725 Non.
869 2667 1038 2723 Febr.
1073 2673 1313 2722 sanctus
1340 2664 1711 2721 Burchardus
1742 2664 1888 2720 obiit
1919 2679 2068 2723 anno

420 2758 663 2816 Domini.
697 2760 822 2814 791.
858 2757 1020 2813 Hunc
1051 2768 1261 2811 annum
1294 2754 1420 2809 sine
1454 2752 1606 2809 bello
1632 2752 1880 2810 Karolus
1910 2756 2069 2811 Wor-

419 2846 601 2904 macie
632 2845 804 2903 sedit.

483 2937 572 2991 24.
626 2932 836 2991 Karlus
883 2930 1256 3000 Pannoniam,
1309 2942 1550 3000 regnum
1602 2930 1920 3000 Hunorum,
1975 2945 2071 2987 va-

418 3026 557 3081 stat.

2187 1781 2505 1852 imperator
2539 1781 2727 1839 factus
2757 1786 2869 1839 est.

2258 1872 2307 1925 4.
2344 1870 2640 1927 Pascualis
2672 1885 2818 1943 papa
2848 1871 3114 1928 efficitur.

2257 1963 2307 2015 5.
2341 1961 2713 2017 Bernhardus
2745 1976 2850 2016 rex
2880 1960 3189 2017 Ludewico
3221 1957 3487 2016 rebellat.

2257 2052 2290 2105 6
2344 2049 2711 2106 Bernhardus
2753 2064 2857 2105 rex
2904 2050 3148 2105 interiit.
3210 2049 3535 2105 Luitwidus
3558 2047 3829 2104 rebellat.

2255 2142 2305 2193 7.
2341 2138 2651 2195 Exercitus
2685 2143 2887 2194 contra
2919 2137 3271 2194 Luitwidum
3302 2140 3711 2206 congregatur.

2256 2230 2339 2283 10.
2377 2228 2483 2282 Nix
2515 2241 2718 2296 magna
2759 2243 2790 2283 a
2841 2226 2961 2283 Kal.
3018 2226 3145 2297 Oct,
3201 2241 3382 2297 usque
3425 2230 3458 2280 2
3505 2225 3641 2282 Idus
3690 2228 3828 2297 Apr.

2184 2316 2522 2389 permansit.

2255 2409 2338 2461 14.
2376 2405 2591 2460 Wetthi
2623 2403 2932 2474 Augiensis
2970 2404 3288 2460 monachus
3335 2404 3389 2458 in
3437 2402 3654 2474 spiritu
3706 2417 3836 2474 rap-

2184 2499 2279 2549 tus
2309 2491 2708 2549 admirabilem
2743 2491 2887 2548 vidit
2917 2492 3220 2548 visionem.

2253 2586 2336 2638 16.
2371 2580 2673 2639 Pascualis
2704 2595 2850 2653 papa
2881 2580 3049 2636 obiit.

2254 2677 2340 2727 17.
2387 2674 2641 2742 Corpora
2687 2676 3020 2726 sanctorum
3067 2668 3328 2726 Valentis
3375 2673 3433 2726 et
3484 2667 3704 2725 Senesii
3764 2669 3822 2725 in

2182 2760 2422 2830 Augiam
2455 2758 2703 2815 insulam
2744 2758 3107 2815 deferuntur.

2254 2852 2335 2903 18.
2373 2854 2408 2904 2
2428 2848 2565 2904 Idus
2593 2849 2730 2904 Nov.
2765 2847 3094 2916 Wolfgerus
3123 2846 3435 2919 episcopus
3465 2846 3611 2903 obiit
3637 2845 3827 2914 ;sedit

2180 2951 2310 2994 ann.
2344 2941 2432 3006 22,
2468 2950 2693 2993 menses
2723 2938 2774 3002 6,
2808 2936 2934 2992 dies
2968 2941 3051 2991 11.
3380 2924 3390 2930 ’

2128 3078 2146 3101 ,
2252 3028 2336 3084 19.
2373 3026 2719 3082 Ludewicus
2748 3039 3015 3095 magnum
3048 3028 3395 3082 conventum
3425 3023 3482 3078 in
3522 3023 3827 3081 Novioma-

608 3115 642 3169 6
681 3109 804 3168 Kal.
859 3109 1062 3167 Octob.
1116 3107 1530 3179 Megingaudus
1570 3108 1882 3180 episcopus
1922 3108 2069 3164 obiit
2100 3077 2149 3138 Ο
2178 3077 2565 3185 goevthahait.

422 3215 571 3257 anno
602 3198 827 3258 Domini
857 3202 999 3266 794;
1041 3196 1190 3255 sedit
1236 3211 1363 3253 ann.
1415 3201 1467 3268 2,
1521 3209 1749 3252 menses
1802 3200 1884 3267 10,
1940 3196 2068 3253 dies

416 3291 505 3346 28.

485 3374 574 3432 26.
609 3376 863 3431 Saxones
894 3373 1063 3430 fidem
1114 3372 1328 3429 Christi
1379 3371 1804 3442 relinquentes,
1857 3376 2068 3429 iterum

416 3462 727 3520 rebellant.

489 3554 560 3609 27
592 3551 873 3608 Fastrada
905 3550 1106 3621 regina
1135 3549 1302 3607 obiit.
1342 3548 1590 3605 Karolus
1619 3548 1904 3619 synodum
1954 3563 2071 3605 ma-

421 3654 594 3711 gnam
625 3644 964 3710 congregat.

488 3729 577 3783 28.
627 3726 874 3784 Karolus
922 3728 1177 3784 Saxones
1221 3726 1388 3798 petit,
1440 3730 1499 3782 et
1550 3726 1791 3783 terciam
1843 3729 2067 3797 partem

421 3816 681 3874 virorum
712 3815 948 3872 obsides
977 3815 1225 3888 accepit.

488 3907 576 3961 30.
610 3903 762 3962 Huni
793 3918 1030 3962 munera
1059 3902 1397 3973 offerentes,
1430 3901 1603 3959 Karlo
1647 3901 2063 3971 subjiciuntur.

487 3995 575 4048 31.
609 3990 915 4064 Geroldus,
942 3991 1243 4065 piissimus
1268 3990 1511 4061 signifer
1538 3989 1753 4061 Karoli,
1793 3990 1849 4047 in
1875 4005 2064 4063 pugna

416 4078 728 4137 occiditur.

484 4171 575 4225 32.
603 4172 636 4224 6
666 4167 771 4225 Kal
802 4168 929 4227 Oct.
961 4167 1325 4227 Bernwell'us
1356 4168 1671 4240 episcOpus
1692 4166 1837 4224 obiit
1863 4184 1877 4234 ;
1910 4168 2063 4225 sedit

412 4270 546 4315 ann.
579 4261 631 4313 6.
666 4257 906 4315 Romani
935 4272 1143 4330 papam
1176 4258 1232 4313 in
1258 4256 1476 4314 letania
1510 4257 1725 4327 majore
1777 4261 2061 4313 excecant

410 4350 473 4403 et
502 4345 765 4417 linguam
787 4347 914 4418 ejus
943 4350 1267 4418 amputant.

482 4436 549 4489 33
571 4433 883 4503 Luitgarda
916 4434 1116 4504 regina
1145 4434 1292 4491 obiit
1320 4437 1355 4491 2
1384 4434 1523 4492 Non.
1556 4435 1688 4493 Jun.

479 4525 567 4580 34.
611 4520 861 4580 Karolus
910 4520 1195 4595 imperiali
1248 4522 1655 4581 benedictione
1702 4519 2057 4580 sublimatus

410 4614 699 4683 angustus
725 4615 787 4669 et
817 4624 1003 4670 caesar
1030 4611 1287 4670 Romano
1316 4626 1477 4670 more
1508 4610 1855 4685 appellatur.

480 4702 565 4757 33.
598 4703 629 4757 3
656 4697 779 4758 Kal.
810 4700 947 4758 Mar.
981 4699 1303 4758 Ludericus
1330 4700 1644 4773 episcopus
1675 4699 1822 4756 obiit
1856 4717 1872 4768 ;
1902 4698 2052 4757 sedit

411 4801 543 4847 ann.
577 4791 630 4861 3,
665 4802 896 4848 menses
926 4793 977 4846 5.
1012 4788 1178 4846 Greci
1210 4802 1409 4862 pacem
1438 4802 1571 4846 cum
1600 4787 1776 4845 Karlo
1799 4788 2050 4846 ﬁrmant.

480 4880 567 4935 36.
593 4878 968 4936 Terremotus
994 4882 1086 4936 est
1114 4881 1177 4934 et
1203 4874 1535 4934 mortalitas
1564 4877 1900 4936 subsecuta.

2249 3205 2336 3259 24.
2370 3204 2545 3258 Hatto
2576 3200 2917 3258 Basiliensis
2948 3202 3265 3273 episcopus
3299 3198 3461 3256 obiit.

2248 3296 2336 3348 26.
2372 3290 2597 3347 Poutho
2630 3290 2909 3347 diaconus
2937 3289 3138 3360 palatii
3170 3290 3226 3343 in
3248 3288 3598 3359 judaismum
3621 3285 3824 3358 lapsus

2179 3384 2269 3437 est
2300 3378 2364 3434 ⁵⁸.
2406 3378 2669 3450 Eclypsis
2718 3377 2860 3434 solis
2915 3378 3063 3434 facta
3113 3381 3205 3433 est
3246 3382 3275 3433 3
3324 3377 3465 3433 Non.
3518 3376 3622 3430 Mai
3677 3374 3822 3430 hora

2178 3473 2314 3524 ante
2361 3481 2590 3523 nonam.
2645 3466 2715 3522 Et
2773 3464 3120 3522 Ludewicus
3189 3464 3504 3536 imperator
3548 3462 3693 3519 obiit
3754 3466 3824 3518 12

2178 3556 2300 3613 Kal.
2331 3555 2443 3612 Jul.

2251 3711 2450 3764 Annus
2478 3706 2700 3763 Domini
2734 3708 2857 3762 841.
2894 3704 3257 3775 Ludewicus,
3300 3702 3590 3760 Ludewici
3640 3701 3817 3773 ﬁlius,

2178 3811 2309 3855 cum
2342 3795 2623 3853 fratribus
2654 3795 2946 3865 Lothario,
2982 3792 3193 3851 Karolo
3220 3798 3277 3849 et
3296 3792 3541 3864 Pippino
3570 3805 3701 3849 ann.
3729 3795 3817 3848 36.

2250 3909 2299 3960 1.
2333 3909 2366 3961 7
2396 3903 2472 3960 id.
2509 3905 2645 3959 Mar.
2681 3903 3037 3960 Humbertus
3064 3900 3383 3972 episGOpus
3430 3898 3616 3965 obiit;
3664 3897 3823 3955 sedit

2178 4008 2270 4051 an.
2303 3996 2390 4049 10.
2422 4006 2654 4050 menses
2685 3995 2737 4062 3,
2772 3992 2898 4048 dies
2925 3995 2978 4048 8.
3014 3988 3236 4048 Bellum
3286 3989 3438 4046 inter
3488 3988 3701 4044 fratres
3749 3986 3821 4042 de

2178 4080 2493 4154 partitione
2524 4081 2687 4152 regni
2715 4079 3050 4137 excanduit.

2245 4173 2296 4227 8.
2331 4170 2681 4226 Ludewicus
2715 4166 3097 4225 Germaniam.
3130 4164 3437 4222 Lotharius
3464 4178 3594 4222 cum
3644 4164 3824 4235 impe-

2175 4257 2388 4316 ratoris
2427 4256 2661 4313 nomine
2710 4255 2954 4327 Italiam,
3007 4254 3254 4311 Karolus
3303 4253 3536 4323 Gallias,
3577 4265 3822 4322 regnum

2174 4345 2521 4416 dividentes,
2557 4344 2872 4416 accipiunt.
2904 4342 3106 4400 Iudith
3142 4342 3503 4415 imperatrix,
3538 4355 3686 4397 uxor
3719 4341 3825 4397 Lu-

2088 4435 2142 4496 D
2172 4433 2380 4493 dewici
2413 4432 2645 4507 prioris,
2670 4432 2836 4489 obiit.

2243 4525 2328 4581 14.
2365 4525 2433 4581 12
2462 4521 2585 4579 Kal.
2617 4521 2744 4577 Oct.
2768 4520 3099 4579 Gozbaldus
3118 4521 3430 4593 episcopus
3451 4518 3637 4588 obiit;
3667 4517 3824 4577 sedit

2171 4626 2301 4671 ann.
2342 4613 2428 4683 13,
2463 4625 2536 4667 m.
2570 4614 2656 4683 10,
2692 4609 2747 4667 d.
2779 4615 2831 4669 8.

2242 4704 2328 4759 16.
2361 4698 2644 4756 Ecclesia
2676 4698 2862 4757 sancti
2892 4697 3116 4773 Kyliani
3146 4698 3203 4756 in
3255 4699 3588 4770 Wirciburg
3620 4696 3816 4756 fulmi-

2168 4789 2339 4850 nibus
2367 4793 2576 4849 exusta
2625 4794 2754 4859 est;
2786 4795 2848 4848 et
2888 4790 3199 4849 Lotharius
3253 4804 3358 4847 rex
3408 4793 3712 4846 tonsuram
3760 4791 3822 4844 et

2166 4876 2566 4936 monachicum
2596 4876 2858 4933 habitum
2884 4875 3145 4948 suscepit
3177 4876 3517 4940 moriturus;
3563 4873 3665 4945 (H.
3724 4873 3821 4945 δ’.)

481 4967 567 5022 39.
592 4964 839 5024 Karolus
870 4966 1156 5023 Saxonum
1186 4963 1595 5023 rebellantium
1614 4963 2051 5024 multitudinem
2168 4968 2393 5039 Corpus
2423 4964 2611 5022 sancti
2643 4963 2871 5022 Martini
2903 4964 2973 5021 de
3000 4963 3228 5023 tumulo
3257 4964 3504 5023 levatur.

408 5052 466 5111 in
495 5052 796 5112 Franciam
825 5054 1130 5113 transfert.

2236 5058 2306 5111 17
2332 5053 2445 5111 Leo
2476 5067 2644 5126 papa,
2681 5055 2927 5125 Trougo,
2957 5053 3250 5125 Rabanus,
3284 5052 3639 5111 Benedictus
3667 5065 3820 5126 papa

476 5141 566 5199 ιο.
620 5141 888 5218 Eclypsis
932 5141 1075 5203 solis
1125 5143 1275 5201 facta
1323 5145 1415 5202 est
1449 5145 1482 5201 3
1527 5141 1664 5202 Idus
1712 5143 1845 5203 Feb.
1907 5142 2049 5202 hora
2165 5146 2227 5201 et
2252 5141 2545 5215 Hiltegart
2573 5142 2774 5213 regina
2800 5142 3091 5201 obierunt.

413 5229 580 5301 quasi
610 5234 663 5289 6.

2235 5232 2325 5301 2o.
2361 5230 2670 5289 Lotharius
2700 5231 3019 5306 imperator
3048 5231 3212 5289 obiit.
3246 5232 3359 5290 Pro
3392 5244 3508 5303 quo
3562 5228 3831 5288 Ludewi-

1754 5355 1995 5414 VARIE
2052 5355 2458 5416 LECTIONES‘

477 5464 525 5501 ⁵ο
555 5466 638 5525 ite
663 5480 713 5527 ο.
739 5467 803 5528 ot
822 5467 1208 5602 regentibus
1232 5473 1432 5538 mnu.
1488 5470 1652 5543 (τιοά
1691 5469 1842 5529 certe
1882 5482 1941 5530 α.
1991 5474 2061 5528 26
2091 5470 2229 5532 item
2263 5470 2385 5544 logi
2412 5471 2645 5548 nequit.
2684 5471 2863 5532 “inc.
2909 5471 2955 5508 ⁸³
2972 5485 3175 5546 magna
3189 5486 3236 5534 ο.
3258 5472 3498 5533 “XLVI.
3517 5486 3825 5535 erasa/mc-

479 5537 697 5601 XXVII.
729 5553 847 5601 cor.
975 5539 1067 5602 VI.
1098 5555 1148 5602 ο.
1179 5541 1226 5579 ⁸⁸
1255 5540 1428 5602 novlo
1462 5554 1671 5602 magno
1698 5555 1747 5602 ο.
1780 5536 1827 5578 ⁸⁸
1851 5539 2066 5602 XXVII.
2099 5554 2339 5602 «nam
2366 5556 2415 5602 ο.

405 5534 457 5622 τ⁵⁴
479 5537 697 5601 XXVII.
729 5553 847 5601 cor.

975 5539 1067 5602 VI.
1098 5555 1148 5603 ο.
1179 5541 1226 5579 ⁸⁸
1255 5536 1429 5604 novlo
1462 5536 1671 5616 magno
1698 5555 1747 5603 ο.
1780 5536 1827 5578 ⁸⁸
1851 5539 2066 5603 XXVII.
2099 5536 2339 5607 oraturi
2366 5556 2415 5603 ο.
