  <div class='ocr_page' id='page_1' title='image "/cluster/home/n/w/nwhite01/storage/ocr_20150623/154/hvd.32044054760129/248.png"; bbox 0 0 3964 6044; ppageno 0'>
   <div class='ocr_carea' id='block_1_1' title="bbox 114 248 233 317">
    <p class='ocr_par' dir='ltr' id='par_1_1' title="bbox 114 248 233 317">
     <span class='ocr_line' id='line_1_1' title="bbox 114 248 233 317; baseline -0.017 0"><span class='ocrx_word' id='word_1_1' title='bbox 114 248 233 317; x_wconf 65' lang='grc'><strong>485</strong></span> 
     </span>
    </p>
   </div>
   <div class='ocr_carea' id='block_1_2' title="bbox 903 237 2750 312">
    <p class='ocr_par' dir='ltr' id='par_1_2' title="bbox 903 237 2750 312">
     <span class='ocr_line' id='line_1_2' title="bbox 903 237 2750 312; baseline -0.003 -1"><span class='ocrx_word' id='word_1_2' title='bbox 903 242 1340 312; x_wconf 85' lang='lat' dir='ltr'><strong>CHRONICA.</strong></span> <span class='ocrx_word' id='word_1_3' title='bbox 1376 283 1447 292; x_wconf 87' lang='lat'><strong>-—</strong></span> <span class='ocrx_word' id='word_1_4' title='bbox 1481 237 1958 308; x_wconf 82' lang='lat' dir='ltr'><strong>CHRONICON</strong></span> <span class='ocrx_word' id='word_1_5' title='bbox 2000 240 2750 307; x_wconf 83' lang='lat' dir='ltr'><strong>WIRZIBURGENSIS.</strong></span> 
     </span>
    </p>
   </div>
   <div class='ocr_carea' id='block_1_3' title="bbox 3406 242 3526 307">
    <p class='ocr_par' dir='ltr' id='par_1_3' title="bbox 3406 242 3526 307">
     <span class='ocr_line' id='line_1_3' title="bbox 3406 242 3526 307; baseline 0.017 -1"><span class='ocrx_word' id='word_1_6' title='bbox 3406 242 3526 307; x_wconf 79' lang='grc'><strong>486</strong></span> 
     </span>
    </p>
   </div>
   <div class='ocr_carea' id='block_1_4' title="bbox 114 378 3527 467">
    <p class='ocr_par' dir='ltr' id='par_1_4' title="bbox 114 378 3527 467">
     <span class='ocr_line' id='line_1_4' title="bbox 114 378 3527 467; baseline -0.001 -9"><span class='ocrx_word' id='word_1_7' title='bbox 114 402 244 459; x_wconf 71' lang='grc'><strong>0118,</strong></span> <span class='ocrx_word' id='word_1_8' title='bbox 296 385 454 444; x_wconf 60' lang='lat' dir='ltr'><strong>“ius</strong></span> <span class='ocrx_word' id='word_1_9' title='bbox 503 401 651 460; x_wconf 69' lang='grc' dir='ltr'><strong>θιιιε,</strong></span> <span class='ocrx_word' id='word_1_10' title='bbox 705 384 1011 457; x_wconf 75' lang='lat' dir='ltr'><strong>imperavit</strong></span> <span class='ocrx_word' id='word_1_11' title='bbox 1064 397 1195 441; x_wconf 74' lang='lat' dir='ltr'><strong>cum</strong></span> <span class='ocrx_word' id='word_1_12' title='bbox 1257 382 1437 439; x_wconf 61' lang='lat' dir='ltr'><strong>fratre</strong></span> <span class='ocrx_word' id='word_1_13' title='bbox 1489 378 1764 438; x_wconf 62' lang='lat' dir='ltr'><strong>LOthal‘iO</strong></span> <span class='ocrx_word' id='word_1_14' title='bbox 1794 378 1849 438; x_wconf 86' lang='grc' dir='ltr'><strong>Α</strong></span> <span class='ocrx_word' id='word_1_15' title='bbox 1950 399 2001 453; x_wconf 88' lang='lat'><strong>9.</strong></span> <span class='ocrx_word' id='word_1_16' title='bbox 2040 395 2313 454; x_wconf 90' lang='lat' dir='ltr'><strong>Arnolfus</strong></span> <span class='ocrx_word' id='word_1_17' title='bbox 2343 410 2445 453; x_wconf 91' lang='lat' dir='ltr'><strong>rex</strong></span> <span class='ocrx_word' id='word_1_18' title='bbox 2476 396 2714 453; x_wconf 85' lang='lat' dir='ltr'><strong>Romam</strong></span> <span class='ocrx_word' id='word_1_19' title='bbox 2745 395 3000 467; x_wconf 90' lang='lat' dir='ltr'><strong>veniens,</strong></span> <span class='ocrx_word' id='word_1_20' title='bbox 3037 396 3353 467; x_wconf 78' lang='lat' dir='ltr'><strong>imperator</strong></span> <span class='ocrx_word' id='word_1_21' title='bbox 3411 400 3527 455; x_wconf 81' lang='lat' dir='ltr'><strong>etil-</strong></span> 
     </span>
    </p>
   </div>
   <div class='ocr_carea' id='block_1_5' title="bbox 118 493 279 548">
    <p class='ocr_par' dir='ltr' id='par_1_5' title="bbox 118 493 279 548">
     <span class='ocr_line' id='line_1_5' title="bbox 118 493 279 548; baseline 0 -15"><span class='ocrx_word' id='word_1_22' title='bbox 118 493 279 548; x_wconf 89' lang='lat' dir='ltr'><strong>rege.</strong></span> 
     </span>
    </p>
   </div>
   <div class='ocr_carea' id='block_1_6' title="bbox 182 563 1487 635">
    <p class='ocr_par' dir='ltr' id='par_1_6' title="bbox 182 563 1487 635">
     <span class='ocr_line' id='line_1_6' title="bbox 182 563 1487 635; baseline -0.001 -14"><span class='ocrx_word' id='word_1_23' title='bbox 182 570 269 621; x_wconf 89' lang='lat'><strong>22.</strong></span> <span class='ocrx_word' id='word_1_24' title='bbox 312 564 679 635; x_wconf 80' lang='lat' dir='ltr'><strong>Meginradus</strong></span> <span class='ocrx_word' id='word_1_25' title='bbox 732 564 1014 620; x_wconf 89' lang='lat' dir='ltr'><strong>heremita</strong></span> <span class='ocrx_word' id='word_1_26' title='bbox 1067 563 1487 620; x_wconf 86' lang='lat' dir='ltr'><strong>martirizatur.</strong></span> 
     </span>
    </p>
   </div>
   <div class='ocr_carea' id='block_1_7' title="bbox 188 653 1594 723">
    <p class='ocr_par' dir='ltr' id='par_1_7' title="bbox 188 653 1594 723">
     <span class='ocr_line' id='line_1_7' title="bbox 188 653 1594 723; baseline -0.003 -11"><span class='ocrx_word' id='word_1_27' title='bbox 188 659 280 712; x_wconf 74' lang='grc'><strong>24.</strong></span> <span class='ocrx_word' id='word_1_28' title='bbox 318 654 465 711; x_wconf 86' lang='lat' dir='ltr'><strong>Huni</strong></span> <span class='ocrx_word' id='word_1_29' title='bbox 498 654 952 710; x_wconf 88' lang='lat' dir='ltr'><strong>christianitatis</strong></span> <span class='ocrx_word' id='word_1_30' title='bbox 974 667 1179 709; x_wconf 89' lang='lat' dir='ltr'><strong>nomen</strong></span> <span class='ocrx_word' id='word_1_31' title='bbox 1202 653 1424 723; x_wconf 86' lang='lat' dir='ltr'><strong>agressi</strong></span> <span class='ocrx_word' id='word_1_32' title='bbox 1458 659 1594 710; x_wconf 90' lang='lat' dir='ltr'><strong>sunt</strong></span> 
     </span>
    </p>
   </div>
   <div class='ocr_carea' id='block_1_8' title="bbox 189 742 1448 815">
    <p class='ocr_par' dir='ltr' id='par_1_8' title="bbox 189 742 1448 815">
     <span class='ocr_line' id='line_1_8' title="bbox 189 742 1448 815; baseline -0.001 -16"><span class='ocrx_word' id='word_1_33' title='bbox 189 747 282 800; x_wconf 86' lang='lat'><strong>27.</strong></span> <span class='ocrx_word' id='word_1_34' title='bbox 315 742 568 815; x_wconf 78' lang='lat' dir='ltr'><strong>Nycolao</strong></span> <span class='ocrx_word' id='word_1_35' title='bbox 601 756 746 815; x_wconf 90' lang='lat' dir='ltr'><strong>pape</strong></span> <span class='ocrx_word' id='word_1_36' title='bbox 776 743 1066 799; x_wconf 78' lang='lat' dir='ltr'><strong>Adrianus</strong></span> <span class='ocrx_word' id='word_1_37' title='bbox 1106 743 1448 801; x_wconf 90' lang='lat' dir='ltr'><strong>susccessit.</strong></span> 
     </span>
    </p>
   </div>
   <div class='ocr_carea' id='block_1_9' title="bbox 192 832 1659 900">
    <p class='ocr_par' dir='ltr' id='par_1_9' title="bbox 192 832 1659 900">
     <span class='ocr_line' id='line_1_9' title="bbox 192 832 1659 900; baseline 0.001 -12"><span class='ocrx_word' id='word_1_38' title='bbox 192 835 285 888; x_wconf 93' lang='lat'><strong>28.</strong></span> <span class='ocrx_word' id='word_1_39' title='bbox 318 834 691 889; x_wconf 88' lang='lat' dir='ltr'><strong>Terremotus</strong></span> <span class='ocrx_word' id='word_1_40' title='bbox 720 832 867 887; x_wconf 91' lang='lat' dir='ltr'><strong>facta</strong></span> <span class='ocrx_word' id='word_1_41' title='bbox 896 835 1007 900; x_wconf 89' lang='lat' dir='ltr'><strong>est,</strong></span> <span class='ocrx_word' id='word_1_42' title='bbox 1042 835 1099 887; x_wconf 91' lang='lat' dir='ltr'><strong>et</strong></span> <span class='ocrx_word' id='word_1_43' title='bbox 1132 836 1356 888; x_wconf 82' lang='lat' dir='ltr'><strong>cometa</strong></span> <span class='ocrx_word' id='word_1_44' title='bbox 1390 832 1515 888; x_wconf 89' lang='lat' dir='ltr'><strong>visa</strong></span> <span class='ocrx_word' id='word_1_45' title='bbox 1547 835 1659 889; x_wconf 91' lang='lat' dir='ltr'><strong>est.</strong></span> 
     </span>
    </p>
   </div>
   <div class='ocr_carea' id='block_1_10' title="bbox 192 920 1780 993">
    <p class='ocr_par' dir='ltr' id='par_1_10' title="bbox 192 920 1780 993">
     <span class='ocr_line' id='line_1_10' title="bbox 192 920 1780 993; baseline -0.001 -15"><span class='ocrx_word' id='word_1_46' title='bbox 192 925 286 978; x_wconf 87' lang='lat'><strong>29.</strong></span> <span class='ocrx_word' id='word_1_47' title='bbox 320 920 630 977; x_wconf 88' lang='lat' dir='ltr'><strong>Lotharius</strong></span> <span class='ocrx_word' id='word_1_48' title='bbox 660 934 785 989; x_wconf 91' lang='lat' dir='ltr'><strong>rex,</strong></span> <span class='ocrx_word' id='word_1_49' title='bbox 820 921 1001 976; x_wconf 92' lang='lat' dir='ltr'><strong>frater</strong></span> <span class='ocrx_word' id='word_1_50' title='bbox 1038 920 1332 977; x_wconf 90' lang='lat' dir='ltr'><strong>Ludewiei</strong></span> <span class='ocrx_word' id='word_1_51' title='bbox 1379 921 1780 993; x_wconf 80' lang='lat' dir='ltr'><strong>imperatoris,</strong></span> 
     </span>
    </p>
   </div>
   <div class='ocr_carea' id='block_1_11' title="bbox 121 1009 1687 1080">
    <p class='ocr_par' dir='ltr' id='par_1_11' title="bbox 121 1009 1687 1080">
     <span class='ocr_line' id='line_1_11' title="bbox 121 1009 1687 1080; baseline -0.001 -13"><span class='ocrx_word' id='word_1_52' title='bbox 121 1010 295 1067; x_wconf 85' lang='lat' dir='ltr'><strong>obiit.</strong></span> <span class='ocrx_word' id='word_1_53' title='bbox 330 1014 389 1065; x_wconf 87' lang='lat' dir='ltr'><strong>et</strong></span> <span class='ocrx_word' id='word_1_54' title='bbox 420 1009 665 1067; x_wconf 84' lang='lat' dir='ltr'><strong>Karolus</strong></span> <span class='ocrx_word' id='word_1_55' title='bbox 696 1009 1010 1067; x_wconf 85' lang='lat' dir='ltr'><strong>Galliarum</strong></span> <span class='ocrx_word' id='word_1_56' title='bbox 1045 1024 1147 1066; x_wconf 88' lang='lat' dir='ltr'><strong>rex</strong></span> <span class='ocrx_word' id='word_1_57' title='bbox 1180 1025 1422 1080; x_wconf 80' lang='lat' dir='ltr'><strong>regnum</strong></span> <span class='ocrx_word' id='word_1_58' title='bbox 1454 1010 1687 1067; x_wconf 83' lang='lat' dir='ltr'><strong>invasit.</strong></span> 
     </span>
    </p>
   </div>
   <div class='ocr_carea' id='block_1_12' title="bbox 194 1099 1631 1171">
    <p class='ocr_par' dir='ltr' id='par_1_12' title="bbox 194 1099 1631 1171">
     <span class='ocr_line' id='line_1_12' title="bbox 194 1099 1631 1171; baseline 0.001 -16"><span class='ocrx_word' id='word_1_59' title='bbox 194 1103 285 1156; x_wconf 88' lang='lat'><strong>30.</strong></span> <span class='ocrx_word' id='word_1_60' title='bbox 324 1099 666 1156; x_wconf 86' lang='lat' dir='ltr'><strong>Ludewicus</strong></span> <span class='ocrx_word' id='word_1_61' title='bbox 692 1099 1013 1171; x_wconf 90' lang='lat' dir='ltr'><strong>imperator</strong></span> <span class='ocrx_word' id='word_1_62' title='bbox 1045 1099 1114 1155; x_wconf 91' lang='lat' dir='ltr'><strong>de</strong></span> <span class='ocrx_word' id='word_1_63' title='bbox 1153 1100 1366 1157; x_wconf 91' lang='lat' dir='ltr'><strong>solario</strong></span> <span class='ocrx_word' id='word_1_64' title='bbox 1396 1100 1631 1158; x_wconf 88' lang='lat' dir='ltr'><strong>cecidit.</strong></span> 
     </span>
    </p>
   </div>
   <div class='ocr_carea' id='block_1_13' title="bbox 197 1187 1781 1261">
    <p class='ocr_par' dir='ltr' id='par_1_13' title="bbox 197 1187 1781 1261">
     <span class='ocr_line' id='line_1_13' title="bbox 197 1187 1781 1261; baseline 0.002 -17"><span class='ocrx_word' id='word_1_65' title='bbox 197 1192 286 1244; x_wconf 86' lang='lat'><strong>31.</strong></span> <span class='ocrx_word' id='word_1_66' title='bbox 322 1187 667 1245; x_wconf 88' lang='lat' dir='ltr'><strong>Ludewicus</strong></span> <span class='ocrx_word' id='word_1_67' title='bbox 693 1192 751 1244; x_wconf 94' lang='lat' dir='ltr'><strong>et</strong></span> <span class='ocrx_word' id='word_1_68' title='bbox 799 1187 1047 1246; x_wconf 86' lang='lat' dir='ltr'><strong>Karolus</strong></span> <span class='ocrx_word' id='word_1_69' title='bbox 1098 1203 1228 1245; x_wconf 91' lang='lat' dir='ltr'><strong>cum</strong></span> <span class='ocrx_word' id='word_1_70' title='bbox 1280 1192 1447 1261; x_wconf 86' lang='lat' dir='ltr'><strong>patre</strong></span> <span class='ocrx_word' id='word_1_71' title='bbox 1469 1190 1781 1261; x_wconf 84' lang='lat' dir='ltr'><strong>pacifican-</strong></span> 
     </span>
    </p>
   </div>
   <div class='ocr_carea' id='block_1_14' title="bbox 118 1280 251 1334">
    <p class='ocr_par' dir='ltr' id='par_1_14' title="bbox 118 1280 251 1334">
     <span class='ocr_line' id='line_1_14' title="bbox 118 1280 251 1334; baseline 0.015 -3"><span class='ocrx_word' id='word_1_72' title='bbox 118 1280 251 1334; x_wconf 90' lang='lat' dir='ltr'><strong>tur.</strong></span> 
     </span>
    </p>
   </div>
   <div class='ocr_carea' id='block_1_15' title="bbox 196 1364 1781 1439">
    <p class='ocr_par' dir='ltr' id='par_1_15' title="bbox 196 1364 1781 1439">
     <span class='ocr_line' id='line_1_15' title="bbox 196 1364 1781 1439; baseline 0.003 -18"><span class='ocrx_word' id='word_1_73' title='bbox 196 1369 290 1422; x_wconf 90' lang='lat'><strong>32.</strong></span> <span class='ocrx_word' id='word_1_74' title='bbox 352 1364 640 1423; x_wconf 83' lang='lat' dir='ltr'><strong>Adrianus</strong></span> <span class='ocrx_word' id='word_1_75' title='bbox 685 1380 831 1439; x_wconf 91' lang='lat' dir='ltr'><strong>papa</strong></span> <span class='ocrx_word' id='word_1_76' title='bbox 878 1367 1045 1423; x_wconf 91' lang='lat' dir='ltr'><strong>obiit.</strong></span> <span class='ocrx_word' id='word_1_77' title='bbox 1094 1368 1470 1425; x_wconf 91' lang='lat' dir='ltr'><strong>Wormatium</strong></span> <span class='ocrx_word' id='word_1_78' title='bbox 1523 1368 1781 1425; x_wconf 84' lang='lat' dir='ltr'><strong>fulminis</strong></span> 
     </span>
    </p>
   </div>
   <div class='ocr_carea' id='block_1_16' title="bbox 123 1454 596 1512">
    <p class='ocr_par' dir='ltr' id='par_1_16' title="bbox 123 1454 596 1512">
     <span class='ocr_line' id='line_1_16' title="bbox 123 1454 596 1512; baseline 0.002 -3"><span class='ocrx_word' id='word_1_79' title='bbox 123 1454 255 1510; x_wconf 88' lang='lat' dir='ltr'><strong>ictu</strong></span> <span class='ocrx_word' id='word_1_80' title='bbox 284 1460 596 1512; x_wconf 84' lang='lat' dir='ltr'><strong>crematur.</strong></span> 
     </span>
    </p>
   </div>
   <div class='ocr_carea' id='block_1_17' title="bbox 199 1543 1779 1617">
    <p class='ocr_par' dir='ltr' id='par_1_17' title="bbox 199 1543 1779 1617">
     <span class='ocr_line' id='line_1_17' title="bbox 199 1543 1779 1617; baseline 0.003 -19"><span class='ocrx_word' id='word_1_81' title='bbox 199 1548 291 1598; x_wconf 80' lang='grc'><strong>35.</strong></span> <span class='ocrx_word' id='word_1_82' title='bbox 326 1543 671 1601; x_wconf 87' lang='lat' dir='ltr'><strong>Ludewicus</strong></span> <span class='ocrx_word' id='word_1_83' title='bbox 696 1545 1013 1617; x_wconf 82' lang='lat' dir='ltr'><strong>imperator</strong></span> <span class='ocrx_word' id='word_1_84' title='bbox 1053 1546 1218 1616; x_wconf 90' lang='lat' dir='ltr'><strong>obiit,</strong></span> <span class='ocrx_word' id='word_1_85' title='bbox 1267 1550 1326 1602; x_wconf 91' lang='lat' dir='ltr'><strong>et</strong></span> <span class='ocrx_word' id='word_1_86' title='bbox 1379 1546 1625 1605; x_wconf 87' lang='lat' dir='ltr'><strong>Karolus</strong></span> <span class='ocrx_word' id='word_1_87' title='bbox 1676 1562 1779 1604; x_wconf 88' lang='lat' dir='ltr'><strong>rex</strong></span> 
     </span>
    </p>
   </div>
   <div class='ocr_carea' id='block_1_18' title="bbox 127 1631 1039 1707">
    <p class='ocr_par' dir='ltr' id='par_1_18' title="bbox 127 1631 1039 1707">
     <span class='ocr_line' id='line_1_18' title="bbox 127 1631 1039 1707; baseline 0.005 -19"><span class='ocrx_word' id='word_1_88' title='bbox 127 1631 453 1689; x_wconf 87' lang='lat' dir='ltr'><strong>Galliarum</strong></span> <span class='ocrx_word' id='word_1_89' title='bbox 485 1634 721 1691; x_wconf 85' lang='lat' dir='ltr'><strong>Romam</strong></span> <span class='ocrx_word' id='word_1_90' title='bbox 754 1636 1039 1707; x_wconf 88' lang='lat' dir='ltr'><strong>pervenit.</strong></span> 
     </span>
    </p>
   </div>
   <div class='ocr_carea' id='block_1_19' title="bbox 1882 485 2054 543">
    <p class='ocr_par' dir='ltr' id='par_1_19' title="bbox 1882 485 2054 543">
     <span class='ocr_line' id='line_1_19' title="bbox 1882 485 2054 543; baseline -0.006 -1"><span class='ocrx_word' id='word_1_91' title='bbox 1882 485 2054 543; x_wconf 87' lang='lat' dir='ltr'><strong>citur.</strong></span> 
     </span>
    </p>
   </div>
   <div class='ocr_carea' id='block_1_20' title="bbox 1956 564 3529 646">
    <p class='ocr_par' dir='ltr' id='par_1_20' title="bbox 1956 564 3529 646">
     <span class='ocr_line' id='line_1_20' title="bbox 1956 564 3529 646; baseline 0.002 -16"><span class='ocrx_word' id='word_1_92' title='bbox 1956 581 2037 632; x_wconf 98' lang='lat'><strong>11.</strong></span> <span class='ocrx_word' id='word_1_93' title='bbox 2072 577 2268 646; x_wconf 83' lang='lat' dir='ltr'><strong>Magna</strong></span> <span class='ocrx_word' id='word_1_94' title='bbox 2304 576 2485 631; x_wconf 90' lang='lat' dir='ltr'><strong>fames</strong></span> <span class='ocrx_word' id='word_1_95' title='bbox 2516 574 2779 631; x_wconf 86' lang='lat' dir='ltr'><strong>homines</strong></span> <span class='ocrx_word' id='word_1_96' title='bbox 2812 589 2871 631; x_wconf 91' lang='lat' dir='ltr'><strong>se</strong></span> <span class='ocrx_word' id='word_1_97' title='bbox 2924 564 3168 630; x_wconf 74' lang='lat' dir='ltr'><strong>invicem</strong></span> <span class='ocrx_word' id='word_1_98' title='bbox 3222 575 3529 633; x_wconf 90' lang='lat' dir='ltr'><strong>comedere</strong></span> 
     </span>
    </p>
   </div>
   <div class='ocr_carea' id='block_1_21' title="bbox 1888 665 2198 739">
    <p class='ocr_par' dir='ltr' id='par_1_21' title="bbox 1888 665 2198 739">
     <span class='ocr_line' id='line_1_21' title="bbox 1888 665 2198 739; baseline -0.01 -17"><span class='ocrx_word' id='word_1_99' title='bbox 1888 665 2198 739; x_wconf 79' lang='lat' dir='ltr'><strong>persuasit.</strong></span> 
     </span>
    </p>
   </div>
   <div class='ocr_carea' id='block_1_22' title="bbox 1960 751 3531 824">
    <p class='ocr_par' dir='ltr' id='par_1_22' title="bbox 1960 751 3531 824">
     <span class='ocr_line' id='line_1_22' title="bbox 1960 751 3531 824; baseline 0 -15"><span class='ocrx_word' id='word_1_100' title='bbox 1960 759 2041 810; x_wconf 90' lang='lat'><strong>12.</strong></span> <span class='ocrx_word' id='word_1_101' title='bbox 2077 753 2346 809; x_wconf 89' lang='lat' dir='ltr'><strong>Arnolfus</strong></span> <span class='ocrx_word' id='word_1_102' title='bbox 2378 752 2698 824; x_wconf 87' lang='lat' dir='ltr'><strong>imperator</strong></span> <span class='ocrx_word' id='word_1_103' title='bbox 2733 751 2899 808; x_wconf 89' lang='lat' dir='ltr'><strong>obiit.</strong></span> <span class='ocrx_word' id='word_1_104' title='bbox 2928 752 3140 809; x_wconf 87' lang='lat' dir='ltr'><strong>Gentes</strong></span> <span class='ocrx_word' id='word_1_105' title='bbox 3164 752 3531 821; x_wconf 68' lang='lat' dir='ltr'><strong>Pannonica),</strong></span> 
     </span>
    </p>
   </div>
   <div class='ocr_carea' id='block_1_23' title="bbox 1890 840 3396 914">
    <p class='ocr_par' dir='ltr' id='par_1_23' title="bbox 1890 840 3396 914">
     <span class='ocr_line' id='line_1_23' title="bbox 1890 840 3396 914; baseline -0.001 -15"><span class='ocrx_word' id='word_1_106' title='bbox 1890 858 2035 914; x_wconf 84' lang='lat' dir='ltr'><strong>quas</strong></span> <span class='ocrx_word' id='word_1_107' title='bbox 2065 842 2349 912; x_wconf 89' lang='lat' dir='ltr'><strong>Ungarios</strong></span> <span class='ocrx_word' id='word_1_108' title='bbox 2381 841 2649 912; x_wconf 90' lang='lat' dir='ltr'><strong>dicimus,</strong></span> <span class='ocrx_word' id='word_1_109' title='bbox 2686 840 2910 896; x_wconf 83' lang='lat' dir='ltr'><strong>Italiam</strong></span> <span class='ocrx_word' id='word_1_110' title='bbox 2943 840 3396 912; x_wconf 90' lang='lat' dir='ltr'><strong>depopulantur.</strong></span> 
     </span>
    </p>
   </div>
   <div class='ocr_carea' id='block_1_24' title="bbox 1964 928 3540 1001">
    <p class='ocr_par' dir='ltr' id='par_1_24' title="bbox 1964 928 3540 1001">
     <span class='ocr_line' id='line_1_24' title="bbox 1964 928 3540 1001; baseline 0 -14"><span class='ocrx_word' id='word_1_111' title='bbox 1964 934 2162 987; x_wconf 89' lang='lat' dir='ltr'><strong>Annus</strong></span> <span class='ocrx_word' id='word_1_112' title='bbox 2190 930 2412 987; x_wconf 90' lang='lat' dir='ltr'><strong>Domini</strong></span> <span class='ocrx_word' id='word_1_113' title='bbox 2441 934 2563 985; x_wconf 86' lang='lat'><strong>900.</strong></span> <span class='ocrx_word' id='word_1_114' title='bbox 2597 928 2954 999; x_wconf 87' lang='lat' dir='ltr'><strong>Ludewicus,</strong></span> <span class='ocrx_word' id='word_1_115' title='bbox 2993 928 3208 987; x_wconf 84' lang='lat' dir='ltr'><strong>Arnolﬁ</strong></span> <span class='ocrx_word' id='word_1_116' title='bbox 3233 928 3409 1001; x_wconf 84' lang='lat' dir='ltr'><strong>illius,</strong></span> <span class='ocrx_word' id='word_1_117' title='bbox 3441 928 3540 987; x_wconf 86' lang='lat' dir='ltr'><strong>ad-</strong></span> 
     </span>
    </p>
   </div>
   <div class='ocr_carea' id='block_1_25' title="bbox 1891 1022 2572 1091">
    <p class='ocr_par' dir='ltr' id='par_1_25' title="bbox 1891 1022 2572 1091">
     <span class='ocr_line' id='line_1_25' title="bbox 1891 1022 2572 1091; baseline -0.007 -13"><span class='ocrx_word' id='word_1_118' title='bbox 1891 1022 2121 1078; x_wconf 91' lang='lat' dir='ltr'><strong>modum</strong></span> <span class='ocrx_word' id='word_1_119' title='bbox 2151 1034 2293 1091; x_wconf 90' lang='lat' dir='ltr'><strong>puer</strong></span> <span class='ocrx_word' id='word_1_120' title='bbox 2324 1034 2452 1075; x_wconf 89' lang='lat' dir='ltr'><strong>ann.</strong></span> <span class='ocrx_word' id='word_1_121' title='bbox 2494 1022 2572 1074; x_wconf 89' lang='lat'><strong>12.</strong></span> 
     </span>
    </p>
   </div>
   <div class='ocr_carea' id='block_1_26' title="bbox 1964 1105 3539 1180">
    <p class='ocr_par' dir='ltr' id='par_1_26' title="bbox 1964 1105 3539 1180">
     <span class='ocr_line' id='line_1_26' title="bbox 1964 1105 3539 1180; baseline -0.001 -13"><span class='ocrx_word' id='word_1_122' title='bbox 1964 1115 2011 1168; x_wconf 91' lang='lat'><strong>1.</strong></span> <span class='ocrx_word' id='word_1_123' title='bbox 2045 1108 2280 1180; x_wconf 88' lang='lat' dir='ltr'><strong>Ungarii</strong></span> <span class='ocrx_word' id='word_1_124' title='bbox 2317 1107 2636 1178; x_wconf 81' lang='lat' dir='ltr'><strong>Bajoariain</strong></span> <span class='ocrx_word' id='word_1_125' title='bbox 2669 1105 3099 1178; x_wconf 87' lang='lat' dir='ltr'><strong>ingrediuntur,</strong></span> <span class='ocrx_word' id='word_1_126' title='bbox 3134 1109 3190 1164; x_wconf 92' lang='lat' dir='ltr'><strong>et</strong></span> <span class='ocrx_word' id='word_1_127' title='bbox 3213 1106 3348 1180; x_wconf 91' lang='lat' dir='ltr'><strong>plus</strong></span> <span class='ocrx_word' id='word_1_128' title='bbox 3381 1107 3539 1166; x_wconf 93' lang='lat' dir='ltr'><strong>mille</strong></span> 
     </span>
    </p>
   </div>
   <div class='ocr_carea' id='block_1_27' title="bbox 1891 1198 2471 1256">
    <p class='ocr_par' dir='ltr' id='par_1_27' title="bbox 1891 1198 2471 1256">
     <span class='ocr_line' id='line_1_27' title="bbox 1891 1198 2471 1256; baseline -0.007 0"><span class='ocrx_word' id='word_1_129' title='bbox 1891 1216 1965 1256; x_wconf 89' lang='lat' dir='ltr'><strong>ex</strong></span> <span class='ocrx_word' id='word_1_130' title='bbox 1990 1200 2074 1256; x_wconf 89' lang='lat' dir='ltr'><strong>eis</strong></span> <span class='ocrx_word' id='word_1_131' title='bbox 2105 1198 2471 1255; x_wconf 89' lang='lat' dir='ltr'><strong>occiduntur.</strong></span> 
     </span>
    </p>
   </div>
   <div class='ocr_carea' id='block_1_28' title="bbox 1961 1284 3542 1358">
    <p class='ocr_par' dir='ltr' id='par_1_28' title="bbox 1961 1284 3542 1358">
     <span class='ocr_line' id='line_1_28' title="bbox 1961 1284 3542 1358; baseline -0.002 -13"><span class='ocrx_word' id='word_1_132' title='bbox 1961 1294 2013 1346; x_wconf 90' lang='lat'><strong>2.</strong></span> <span class='ocrx_word' id='word_1_133' title='bbox 2045 1286 2281 1358; x_wconf 89' lang='lat' dir='ltr'><strong>Ungarii</strong></span> <span class='ocrx_word' id='word_1_134' title='bbox 2315 1284 2758 1342; x_wconf 91' lang='lat' dir='ltr'><strong>Carenthaniam</strong></span> <span class='ocrx_word' id='word_1_135' title='bbox 2788 1285 3090 1357; x_wconf 84' lang='lat' dir='ltr'><strong>invadunt,</strong></span> <span class='ocrx_word' id='word_1_136' title='bbox 3123 1284 3261 1342; x_wconf 88' lang='lat' dir='ltr'><strong>etin</strong></span> <span class='ocrx_word' id='word_1_137' title='bbox 3294 1285 3542 1343; x_wconf 88' lang='lat' dir='ltr'><strong>sabbato</strong></span> 
     </span>
    </p>
   </div>
   <div class='ocr_carea' id='block_1_29' title="bbox 1890 1374 2842 1447">
    <p class='ocr_par' dir='ltr' id='par_1_29' title="bbox 1890 1374 2842 1447">
     <span class='ocr_line' id='line_1_29' title="bbox 1890 1374 2842 1447; baseline -0.006 -12"><span class='ocrx_word' id='word_1_138' title='bbox 1890 1376 2196 1435; x_wconf 88' lang='lat' dir='ltr'><strong>commissa</strong></span> <span class='ocrx_word' id='word_1_139' title='bbox 2230 1388 2441 1447; x_wconf 84' lang='lat' dir='ltr'><strong>pugna,</strong></span> <span class='ocrx_word' id='word_1_140' title='bbox 2477 1374 2842 1431; x_wconf 89' lang='lat' dir='ltr'><strong>occiduntur.</strong></span> 
     </span>
    </p>
   </div>
   <div class='ocr_carea' id='block_1_30' title="bbox 1965 1462 3545 1534">
    <p class='ocr_par' dir='ltr' id='par_1_30' title="bbox 1965 1462 3545 1534">
     <span class='ocr_line' id='line_1_30' title="bbox 1965 1462 3545 1534; baseline -0.001 -13"><span class='ocrx_word' id='word_1_141' title='bbox 1965 1470 2015 1522; x_wconf 85' lang='lat'><strong>6.</strong></span> <span class='ocrx_word' id='word_1_142' title='bbox 2056 1463 2291 1534; x_wconf 89' lang='lat' dir='ltr'><strong>Ungarii</strong></span> <span class='ocrx_word' id='word_1_143' title='bbox 2332 1462 2585 1519; x_wconf 90' lang='lat' dir='ltr'><strong>amarius</strong></span> <span class='ocrx_word' id='word_1_144' title='bbox 2630 1463 2996 1520; x_wconf 90' lang='lat' dir='ltr'><strong>occiduntur.</strong></span> <span class='ocrx_word' id='word_1_145' title='bbox 3034 1464 3343 1534; x_wconf 84' lang='lat' dir='ltr'><strong>Berenger,</strong></span> <span class='ocrx_word' id='word_1_146' title='bbox 3377 1464 3545 1534; x_wconf 83' lang='lat' dir='ltr'><strong>Regi-</strong></span> 
     </span>
    </p>
   </div>
   <div class='ocr_carea' id='block_1_31' title="bbox 1896 1551 3324 1621">
    <p class='ocr_par' dir='ltr' id='par_1_31' title="bbox 1896 1551 3324 1621">
     <span class='ocr_line' id='line_1_31' title="bbox 1896 1551 3324 1621; baseline -0.003 -10"><span class='ocrx_word' id='word_1_147' title='bbox 1896 1554 2020 1613; x_wconf 89' lang='lat' dir='ltr'><strong>nolt</strong></span> <span class='ocrx_word' id='word_1_148' title='bbox 2050 1558 2109 1610; x_wconf 91' lang='lat' dir='ltr'><strong>et</strong></span> <span class='ocrx_word' id='word_1_149' title='bbox 2140 1551 2384 1608; x_wconf 89' lang='lat' dir='ltr'><strong>Gerhart</strong></span> <span class='ocrx_word' id='word_1_150' title='bbox 2420 1552 2678 1621; x_wconf 85' lang='lat' dir='ltr'><strong>germani</strong></span> <span class='ocrx_word' id='word_1_151' title='bbox 2716 1552 2929 1608; x_wconf 88' lang='lat' dir='ltr'><strong>fratres</strong></span> <span class='ocrx_word' id='word_1_152' title='bbox 2956 1552 3324 1610; x_wconf 89' lang='lat' dir='ltr'><strong>occiduntur.</strong></span> 
     </span>
    </p>
   </div>
   <div class='ocr_carea' id='block_1_32' title="bbox 1966 1640 3549 1713">
    <p class='ocr_par' dir='ltr' id='par_1_32' title="bbox 1966 1640 3549 1713">
     <span class='ocr_line' id='line_1_32' title="bbox 1966 1640 3549 1713; baseline -0.003 -12"><span class='ocrx_word' id='word_1_153' title='bbox 1966 1650 2017 1702; x_wconf 91' lang='lat'><strong>7.</strong></span> <span class='ocrx_word' id='word_1_154' title='bbox 2063 1645 2260 1712; x_wconf 88' lang='lat' dir='ltr'><strong>Pugna</strong></span> <span class='ocrx_word' id='word_1_155' title='bbox 2309 1640 2460 1697; x_wconf 90' lang='lat' dir='ltr'><strong>inter</strong></span> <span class='ocrx_word' id='word_1_156' title='bbox 2521 1640 2924 1713; x_wconf 83' lang='lat' dir='ltr'><strong>Adalbertum,</strong></span> <span class='ocrx_word' id='word_1_157' title='bbox 2975 1641 3183 1698; x_wconf 83' lang='lat' dir='ltr'><strong>fratem</strong></span> <span class='ocrx_word' id='word_1_158' title='bbox 3230 1656 3452 1711; x_wconf 91' lang='lat' dir='ltr'><strong>eorum,</strong></span> <span class='ocrx_word' id='word_1_159' title='bbox 3488 1645 3549 1697; x_wconf 90' lang='lat' dir='ltr'><strong>et</strong></span> 
     </span>
    </p>
   </div>
   <div class='ocr_carea' id='block_1_33' title="bbox 203 1721 3552 1803">
    <p class='ocr_par' dir='ltr' id='par_1_33' title="bbox 203 1721 3552 1803">
     <span class='ocr_line' id='line_1_33' title="bbox 203 1721 3552 1803; baseline 0.002 -25"><span class='ocrx_word' id='word_1_160' title='bbox 203 1725 296 1778; x_wconf 84' lang='lat'><strong>36.</strong></span> <span class='ocrx_word' id='word_1_161' title='bbox 332 1721 675 1781; x_wconf 85' lang='lat' dir='ltr'><strong>Ludewicus</strong></span> <span class='ocrx_word' id='word_1_162' title='bbox 704 1739 807 1781; x_wconf 88' lang='lat' dir='ltr'><strong>rex</strong></span> <span class='ocrx_word' id='word_1_163' title='bbox 837 1725 1155 1784; x_wconf 68' lang='lat' dir='ltr'><strong>Germaniae</strong></span> <span class='ocrx_word' id='word_1_164' title='bbox 1186 1727 1356 1799; x_wconf 90' lang='lat' dir='ltr'><strong>obiit,</strong></span> <span class='ocrx_word' id='word_1_165' title='bbox 1393 1732 1424 1783; x_wconf 73' lang='grc'><strong>11</strong></span> <span class='ocrx_word' id='word_1_166' title='bbox 1456 1728 1577 1785; x_wconf 87' lang='lat' dir='ltr'><strong>Kal.</strong></span> <span class='ocrx_word' id='word_1_167' title='bbox 1623 1730 1781 1801; x_wconf 88' lang='lat' dir='ltr'><strong>Sept.</strong></span> <span class='ocrx_word' id='word_1_168' title='bbox 1816 1730 1869 1791; x_wconf 94' lang='lat' dir='ltr'>B</span> <span class='ocrx_word' id='word_1_169' title='bbox 1900 1731 2286 1799; x_wconf 87' lang='lat' dir='ltr'><strong>Cuonradum,</strong></span> <span class='ocrx_word' id='word_1_170' title='bbox 2313 1729 2547 1785; x_wconf 80' lang='lat' dir='ltr'><strong>fratrem</strong></span> <span class='ocrx_word' id='word_1_171' title='bbox 2573 1728 2862 1785; x_wconf 87' lang='lat' dir='ltr'><strong>Ludewiei</strong></span> <span class='ocrx_word' id='word_1_172' title='bbox 2887 1728 3552 1803; x_wconf 89' lang='lat' dir='ltr'><strong>imperatoris,commit-</strong></span> 
     </span>
    </p>
   </div>
   <div class='ocr_carea' id='block_1_34' title="bbox 133 1810 1785 1877">
    <p class='ocr_par' dir='ltr' id='par_1_34' title="bbox 133 1810 1785 1877">
     <span class='ocr_line' id='line_1_34' title="bbox 133 1810 1785 1877; baseline 0.005 -9"><span class='ocrx_word' id='word_1_173' title='bbox 133 1810 361 1868; x_wconf 85' lang='lat' dir='ltr'><strong>Bellum</strong></span> <span class='ocrx_word' id='word_1_174' title='bbox 394 1811 449 1867; x_wconf 91' lang='lat' dir='ltr'><strong>in</strong></span> <span class='ocrx_word' id='word_1_175' title='bbox 476 1811 755 1869; x_wconf 83' lang='lat' dir='ltr'><strong>Ribuaria</strong></span> <span class='ocrx_word' id='word_1_176' title='bbox 788 1812 939 1870; x_wconf 89' lang='lat' dir='ltr'><strong>inter</strong></span> <span class='ocrx_word' id='word_1_177' title='bbox 980 1815 1351 1873; x_wconf 90' lang='lat' dir='ltr'><strong>Ludewicum</strong></span> <span class='ocrx_word' id='word_1_178' title='bbox 1400 1821 1461 1874; x_wconf 93' lang='lat' dir='ltr'><strong>et</strong></span> <span class='ocrx_word' id='word_1_179' title='bbox 1514 1818 1785 1877; x_wconf 84' lang='lat' dir='ltr'><strong>Karolum</strong></span> 
     </span>
    </p>
   </div>
   <div class='ocr_carea' id='block_1_35' title="bbox 127 1899 547 1959">
    <p class='ocr_par' dir='ltr' id='par_1_35' title="bbox 127 1899 547 1959">
     <span class='ocr_line' id='line_1_35' title="bbox 127 1899 547 1959; baseline -0.01 0"><span class='ocrx_word' id='word_1_180' title='bbox 127 1899 547 1959; x_wconf 87' lang='lat' dir='ltr'><strong>committitur.</strong></span> 
     </span>
    </p>
   </div>
   <div class='ocr_carea' id='block_1_36' title="bbox 205 1989 1795 2066">
    <p class='ocr_par' dir='ltr' id='par_1_36' title="bbox 205 1989 1795 2066">
     <span class='ocr_line' id='line_1_36' title="bbox 205 1989 1795 2066; baseline 0.005 -21"><span class='ocrx_word' id='word_1_181' title='bbox 205 1992 412 2046; x_wconf 86' lang='lat' dir='ltr'><strong>Annus</strong></span> <span class='ocrx_word' id='word_1_182' title='bbox 442 1989 660 2046; x_wconf 89' lang='lat' dir='ltr'><strong>Domini</strong></span> <span class='ocrx_word' id='word_1_183' title='bbox 691 1994 814 2049; x_wconf 89' lang='lat'><strong>877.</strong></span> <span class='ocrx_word' id='word_1_184' title='bbox 846 1993 1113 2066; x_wconf 86' lang='lat' dir='ltr'><strong>Karolus,</strong></span> <span class='ocrx_word' id='word_1_185' title='bbox 1161 1994 1356 2065; x_wconf 90' lang='lat' dir='ltr'><strong>junior</strong></span> <span class='ocrx_word' id='word_1_186' title='bbox 1406 1996 1561 2054; x_wconf 82' lang='lat' dir='ltr'><strong>filius</strong></span> <span class='ocrx_word' id='word_1_187' title='bbox 1614 1995 1795 2053; x_wconf 90' lang='lat' dir='ltr'><strong>Lude-</strong></span> 
     </span>
    </p>
   </div>
   <div class='ocr_carea' id='block_1_37' title="bbox 132 2077 1793 2147">
    <p class='ocr_par' dir='ltr' id='par_1_37' title="bbox 132 2077 1793 2147">
     <span class='ocr_line' id='line_1_37' title="bbox 132 2077 1793 2147; baseline 0.007 -16"><span class='ocrx_word' id='word_1_188' title='bbox 132 2077 299 2147; x_wconf 84' lang='lat' dir='ltr'><strong>wici,</strong></span> <span class='ocrx_word' id='word_1_189' title='bbox 317 2091 449 2134; x_wconf 91' lang='lat' dir='ltr'><strong>cum</strong></span> <span class='ocrx_word' id='word_1_190' title='bbox 470 2078 751 2136; x_wconf 83' lang='lat' dir='ltr'><strong>fratribus</strong></span> <span class='ocrx_word' id='word_1_191' title='bbox 774 2080 1122 2138; x_wconf 83' lang='lat' dir='ltr'><strong>Karlmanno</strong></span> <span class='ocrx_word' id='word_1_192' title='bbox 1143 2087 1202 2139; x_wconf 91' lang='lat' dir='ltr'><strong>et</strong></span> <span class='ocrx_word' id='word_1_193' title='bbox 1223 2085 1532 2144; x_wconf 89' lang='lat' dir='ltr'><strong>Ludewico</strong></span> <span class='ocrx_word' id='word_1_194' title='bbox 1546 2100 1677 2144; x_wconf 91' lang='lat' dir='ltr'><strong>ann.</strong></span> <span class='ocrx_word' id='word_1_195' title='bbox 1700 2088 1793 2142; x_wconf 85' lang='grc'><strong>11-</strong></span> 
     </span>
    </p>
   </div>
   <div class='ocr_carea' id='block_1_38' title="bbox 207 2165 1219 2228">
    <p class='ocr_par' dir='ltr' id='par_1_38' title="bbox 207 2165 1219 2228">
     <span class='ocr_line' id='line_1_38' title="bbox 207 2165 1219 2228; baseline 0.005 -6"><span class='ocrx_word' id='word_1_196' title='bbox 207 2169 265 2223; x_wconf 90' lang='lat'><strong>2.</strong></span> <span class='ocrx_word' id='word_1_197' title='bbox 299 2165 546 2223; x_wconf 84' lang='lat' dir='ltr'><strong>Karolus</strong></span> <span class='ocrx_word' id='word_1_198' title='bbox 574 2181 676 2223; x_wconf 89' lang='lat' dir='ltr'><strong>rex</strong></span> <span class='ocrx_word' id='word_1_199' title='bbox 708 2168 1020 2226; x_wconf 85' lang='lat' dir='ltr'><strong>Galliarum</strong></span> <span class='ocrx_word' id='word_1_200' title='bbox 1052 2171 1219 2228; x_wconf 91' lang='lat' dir='ltr'><strong>obiit.</strong></span> 
     </span>
    </p>
   </div>
   <div class='ocr_carea' id='block_1_39' title="bbox 210 2253 1560 2333">
    <p class='ocr_par' dir='ltr' id='par_1_39' title="bbox 210 2253 1560 2333">
     <span class='ocr_line' id='line_1_39' title="bbox 210 2253 1560 2333; baseline 0.007 -24"><span class='ocrx_word' id='word_1_201' title='bbox 210 2259 266 2310; x_wconf 87' lang='lat'><strong>3.</strong></span> <span class='ocrx_word' id='word_1_202' title='bbox 304 2253 648 2312; x_wconf 86' lang='lat' dir='ltr'><strong>Ludewicus</strong></span> <span class='ocrx_word' id='word_1_203' title='bbox 680 2256 915 2328; x_wconf 88' lang='lat' dir='ltr'><strong>Balbus,</strong></span> <span class='ocrx_word' id='word_1_204' title='bbox 952 2258 1108 2316; x_wconf 82' lang='lat' dir='ltr'><strong>illius</strong></span> <span class='ocrx_word' id='word_1_205' title='bbox 1142 2261 1355 2333; x_wconf 87' lang='lat' dir='ltr'><strong>Karoli,</strong></span> <span class='ocrx_word' id='word_1_206' title='bbox 1392 2261 1560 2319; x_wconf 89' lang='lat' dir='ltr'><strong>ohiit.</strong></span> 
     </span>
    </p>
   </div>
   <div class='ocr_carea' id='block_1_40' title="bbox 215 2342 1798 2422">
    <p class='ocr_par' dir='ltr' id='par_1_40' title="bbox 215 2342 1798 2422">
     <span class='ocr_line' id='line_1_40' title="bbox 215 2342 1798 2422; baseline 0.005 -21"><span class='ocrx_word' id='word_1_207' title='bbox 215 2347 270 2401; x_wconf 83' lang='grc'><strong>4.</strong></span> <span class='ocrx_word' id='word_1_208' title='bbox 297 2342 645 2401; x_wconf 88' lang='lat' dir='ltr'><strong>Ludewicus</strong></span> <span class='ocrx_word' id='word_1_209' title='bbox 668 2345 898 2404; x_wconf 89' lang='lat' dir='ltr'><strong>vivente</strong></span> <span class='ocrx_word' id='word_1_210' title='bbox 921 2348 1101 2405; x_wconf 85' lang='lat' dir='ltr'><strong>fratre</strong></span> <span class='ocrx_word' id='word_1_211' title='bbox 1114 2364 1221 2407; x_wconf 84' lang='grc' dir='ltr'>8υο</span> <span class='ocrx_word' id='word_1_212' title='bbox 1235 2352 1309 2406; x_wconf 78' lang='lat' dir='ltr'><strong>Ka</strong></span> <span class='ocrx_word' id='word_1_213' title='bbox 1321 2350 1583 2409; x_wconf 89' lang='lat' dir='ltr'><strong>rimanno</strong></span> <span class='ocrx_word' id='word_1_214' title='bbox 1602 2350 1798 2422; x_wconf 89' lang='lat' dir='ltr'><strong>Bajoa-</strong></span> 
     </span>
    </p>
   </div>
   <div class='ocr_carea' id='block_1_41' title="bbox 139 2432 1292 2503">
    <p class='ocr_par' dir='ltr' id='par_1_41' title="bbox 139 2432 1292 2503">
     <span class='ocr_line' id='line_1_41' title="bbox 139 2432 1292 2503; baseline 0.005 -14"><span class='ocrx_word' id='word_1_215' title='bbox 139 2433 296 2490; x_wconf 91' lang='lat' dir='ltr'><strong>riam</strong></span> <span class='ocrx_word' id='word_1_216' title='bbox 324 2432 670 2503; x_wconf 80' lang='lat' dir='ltr'><strong>ingreditur.</strong></span> <span class='ocrx_word' id='word_1_217' title='bbox 707 2436 1093 2494; x_wconf 86' lang='lat' dir='ltr'><strong>Karlmannus</strong></span> <span class='ocrx_word' id='word_1_218' title='bbox 1125 2439 1292 2495; x_wconf 91' lang='lat' dir='ltr'><strong>obiit.</strong></span> 
     </span>
    </p>
   </div>
   <div class='ocr_carea' id='block_1_42' title="bbox 218 2521 1802 2600">
    <p class='ocr_par' dir='ltr' id='par_1_42' title="bbox 218 2521 1802 2600">
     <span class='ocr_line' id='line_1_42' title="bbox 218 2521 1802 2600; baseline 0.004 -22"><span class='ocrx_word' id='word_1_219' title='bbox 218 2527 275 2578; x_wconf 75' lang='lat'><strong>5.</strong></span> <span class='ocrx_word' id='word_1_220' title='bbox 309 2521 555 2579; x_wconf 82' lang='lat' dir='ltr'><strong>Karolus</strong></span> <span class='ocrx_word' id='word_1_221' title='bbox 577 2523 778 2593; x_wconf 87' lang='lat' dir='ltr'><strong>junior</strong></span> <span class='ocrx_word' id='word_1_222' title='bbox 802 2540 932 2582; x_wconf 88' lang='lat' dir='ltr'><strong>cum</strong></span> <span class='ocrx_word' id='word_1_223' title='bbox 965 2541 1148 2583; x_wconf 88' lang='lat' dir='ltr'><strong>uxore</strong></span> <span class='ocrx_word' id='word_1_224' title='bbox 1179 2543 1283 2585; x_wconf 92' lang='lat' dir='ltr'><strong>sua</strong></span> <span class='ocrx_word' id='word_1_225' title='bbox 1313 2528 1666 2600; x_wconf 84' lang='lat' dir='ltr'><strong>Rihcgartha</strong></span> <span class='ocrx_word' id='word_1_226' title='bbox 1701 2530 1802 2585; x_wconf 89' lang='lat' dir='ltr'><strong>im-</strong></span> 
     </span>
    </p>
   </div>
   <div class='ocr_carea' id='block_1_43' title="bbox 148 2610 1203 2683">
    <p class='ocr_par' dir='ltr' id='par_1_43' title="bbox 148 2610 1203 2683">
     <span class='ocr_line' id='line_1_43' title="bbox 148 2610 1203 2683; baseline 0.007 -19"><span class='ocrx_word' id='word_1_227' title='bbox 148 2610 362 2683; x_wconf 89' lang='lat' dir='ltr'><strong>periali</strong></span> <span class='ocrx_word' id='word_1_228' title='bbox 396 2611 800 2669; x_wconf 84' lang='lat' dir='ltr'><strong>benedictione</strong></span> <span class='ocrx_word' id='word_1_229' title='bbox 831 2614 1203 2672; x_wconf 91' lang='lat' dir='ltr'><strong>sublimatur.</strong></span> 
     </span>
    </p>
   </div>
   <div class='ocr_carea' id='block_1_44' title="bbox 221 2699 1805 2781">
    <p class='ocr_par' dir='ltr' id='par_1_44' title="bbox 221 2699 1805 2781">
     <span class='ocr_line' id='line_1_44' title="bbox 221 2699 1805 2781; baseline 0.006 -25"><span class='ocrx_word' id='word_1_230' title='bbox 221 2700 280 2756; x_wconf 92' lang='lat'><strong>6.</strong></span> <span class='ocrx_word' id='word_1_231' title='bbox 302 2699 648 2757; x_wconf 88' lang='lat' dir='ltr'><strong>Ludewicus</strong></span> <span class='ocrx_word' id='word_1_232' title='bbox 670 2714 774 2758; x_wconf 89' lang='lat' dir='ltr'><strong>rex</strong></span> <span class='ocrx_word' id='word_1_233' title='bbox 803 2703 1176 2776; x_wconf 84' lang='lat' dir='ltr'><strong>Francorum,</strong></span> <span class='ocrx_word' id='word_1_234' title='bbox 1206 2706 1387 2764; x_wconf 84' lang='lat' dir='ltr'><strong>frater</strong></span> <span class='ocrx_word' id='word_1_235' title='bbox 1408 2707 1602 2764; x_wconf 89' lang='lat' dir='ltr'><strong>Karoli</strong></span> <span class='ocrx_word' id='word_1_236' title='bbox 1628 2708 1805 2781; x_wconf 86' lang='lat' dir='ltr'><strong>impe-</strong></span> 
     </span>
    </p>
   </div>
   <div class='ocr_carea' id='block_1_45' title="bbox 152 2788 593 2857">
    <p class='ocr_par' dir='ltr' id='par_1_45' title="bbox 152 2788 593 2857">
     <span class='ocr_line' id='line_1_45' title="bbox 152 2788 593 2857; baseline -0.002 -12"><span class='ocrx_word' id='word_1_237' title='bbox 152 2788 395 2857; x_wconf 89' lang='lat' dir='ltr'><strong>ratoris,</strong></span> <span class='ocrx_word' id='word_1_238' title='bbox 428 2788 593 2846; x_wconf 92' lang='lat' dir='ltr'><strong>obiit.</strong></span> 
     </span>
    </p>
   </div>
   <div class='ocr_carea' id='block_1_46' title="bbox 228 2877 1682 2956">
    <p class='ocr_par' dir='ltr' id='par_1_46' title="bbox 228 2877 1682 2956">
     <span class='ocr_line' id='line_1_46' title="bbox 228 2877 1682 2956; baseline 0.005 -24"><span class='ocrx_word' id='word_1_239' title='bbox 228 2883 317 2934; x_wconf 89' lang='lat'><strong>11.</strong></span> <span class='ocrx_word' id='word_1_240' title='bbox 350 2877 595 2935; x_wconf 82' lang='lat' dir='ltr'><strong>Karolus</strong></span> <span class='ocrx_word' id='word_1_241' title='bbox 626 2878 946 2952; x_wconf 86' lang='lat' dir='ltr'><strong>imperator</strong></span> <span class='ocrx_word' id='word_1_242' title='bbox 973 2882 1142 2940; x_wconf 86' lang='lat' dir='ltr'><strong>vivus</strong></span> <span class='ocrx_word' id='word_1_243' title='bbox 1171 2882 1393 2941; x_wconf 90' lang='lat' dir='ltr'><strong>dimisit</strong></span> <span class='ocrx_word' id='word_1_244' title='bbox 1421 2898 1682 2956; x_wconf 79' lang='lat' dir='ltr'><strong>regnum.</strong></span> 
     </span>
    </p>
   </div>
   <div class='ocr_carea' id='block_1_47' title="bbox 229 2968 1804 3045">
    <p class='ocr_par' dir='ltr' id='par_1_47' title="bbox 229 2968 1804 3045">
     <span class='ocr_line' id='line_1_47' title="bbox 229 2968 1804 3045; baseline 0.004 -23"><span class='ocrx_word' id='word_1_245' title='bbox 229 2969 432 3023; x_wconf 83' lang='lat' dir='ltr'><strong>Annus</strong></span> <span class='ocrx_word' id='word_1_246' title='bbox 460 2968 681 3038; x_wconf 83' lang='lat' dir='ltr'><strong>Domini</strong></span> <span class='ocrx_word' id='word_1_247' title='bbox 722 2972 843 3026; x_wconf 89' lang='lat'><strong>888.</strong></span> <span class='ocrx_word' id='word_1_248' title='bbox 899 2970 1191 3044; x_wconf 85' lang='lat' dir='ltr'><strong>Arnolfus,</strong></span> <span class='ocrx_word' id='word_1_249' title='bbox 1246 2972 1401 3031; x_wconf 76' lang='lat' dir='ltr'><strong>filius</strong></span> <span class='ocrx_word' id='word_1_250' title='bbox 1450 2973 1804 3045; x_wconf 84' lang='lat' dir='ltr'><strong>Karlmanni,</strong></span> 
     </span>
    </p>
   </div>
   <div class='ocr_carea' id='block_1_48' title="bbox 155 3058 413 3112">
    <p class='ocr_par' dir='ltr' id='par_1_48' title="bbox 155 3058 413 3112">
     <span class='ocr_line' id='line_1_48' title="bbox 155 3058 413 3112; baseline 0 0"><span class='ocrx_word' id='word_1_251' title='bbox 155 3058 413 3112; x_wconf 89' lang='lat' dir='ltr'><strong>ann.12.</strong></span> 
     </span>
    </p>
   </div>
   <div class='ocr_carea' id='block_1_49' title="bbox 228 3144 1807 3223">
    <p class='ocr_par' dir='ltr' id='par_1_49' title="bbox 228 3144 1807 3223">
     <span class='ocr_line' id='line_1_49' title="bbox 228 3144 1807 3223; baseline 0.006 -24"><span class='ocrx_word' id='word_1_252' title='bbox 228 3150 280 3200; x_wconf 93' lang='lat'><strong>1.</strong></span> <span class='ocrx_word' id='word_1_253' title='bbox 317 3144 563 3202; x_wconf 81' lang='lat' dir='ltr'><strong>Karolus</strong></span> <span class='ocrx_word' id='word_1_254' title='bbox 589 3147 786 3216; x_wconf 91' lang='lat' dir='ltr'><strong>junior</strong></span> <span class='ocrx_word' id='word_1_255' title='bbox 815 3148 1132 3220; x_wconf 85' lang='lat' dir='ltr'><strong>imperator</strong></span> <span class='ocrx_word' id='word_1_256' title='bbox 1159 3150 1325 3207; x_wconf 87' lang='lat' dir='ltr'><strong>obiit.</strong></span> <span class='ocrx_word' id='word_1_257' title='bbox 1359 3149 1666 3223; x_wconf 88' lang='lat' dir='ltr'><strong>Luitperto</strong></span> <span class='ocrx_word' id='word_1_258' title='bbox 1719 3167 1807 3209; x_wconf 89' lang='lat' dir='ltr'><strong>ar-</strong></span> 
     </span>
    </p>
   </div>
   <div class='ocr_carea' id='block_1_50' title="bbox 156 3234 1805 3306">
    <p class='ocr_par' dir='ltr' id='par_1_50' title="bbox 156 3234 1805 3306">
     <span class='ocr_line' id='line_1_50' title="bbox 156 3234 1805 3306; baseline 0.004 -18"><span class='ocrx_word' id='word_1_259' title='bbox 156 3234 538 3306; x_wconf 72' lang='lat' dir='ltr'><strong>chiepiscopo</strong></span> <span class='ocrx_word' id='word_1_260' title='bbox 568 3235 876 3293; x_wconf 89' lang='lat' dir='ltr'><strong>Sunderolt</strong></span> <span class='ocrx_word' id='word_1_261' title='bbox 906 3238 1214 3295; x_wconf 87' lang='lat' dir='ltr'><strong>successit.</strong></span> <span class='ocrx_word' id='word_1_262' title='bbox 1251 3244 1281 3294; x_wconf 91' lang='lat'>3</span> <span class='ocrx_word' id='word_1_263' title='bbox 1330 3238 1467 3298; x_wconf 86' lang='lat' dir='ltr'><strong>Idus</strong></span> <span class='ocrx_word' id='word_1_264' title='bbox 1503 3239 1615 3297; x_wconf 85' lang='lat' dir='ltr'><strong>Jul.</strong></span> <span class='ocrx_word' id='word_1_265' title='bbox 1670 3244 1805 3298; x_wconf 87' lang='lat' dir='ltr'><strong>Arn.</strong></span> 
     </span>
    </p>
   </div>
   <div class='ocr_carea' id='block_1_51' title="bbox 163 3322 1814 3396">
    <p class='ocr_par' dir='ltr' id='par_1_51' title="bbox 163 3322 1814 3396">
     <span class='ocr_line' id='line_1_51' title="bbox 163 3322 1814 3396; baseline 0.005 -20"><span class='ocrx_word' id='word_1_266' title='bbox 163 3322 657 3391; x_wconf 80' lang='lat' dir='ltr'><strong>Wirciburgensis</strong></span> <span class='ocrx_word' id='word_1_267' title='bbox 686 3324 998 3396; x_wconf 83' lang='lat' dir='ltr'><strong>episcopus</strong></span> <span class='ocrx_word' id='word_1_268' title='bbox 1041 3326 1095 3381; x_wconf 86' lang='lat' dir='ltr'><strong>in</strong></span> <span class='ocrx_word' id='word_1_269' title='bbox 1140 3327 1387 3384; x_wconf 88' lang='lat' dir='ltr'><strong>Saxonia</strong></span> <span class='ocrx_word' id='word_1_270' title='bbox 1438 3328 1669 3386; x_wconf 89' lang='lat' dir='ltr'><strong>occisus</strong></span> <span class='ocrx_word' id='word_1_271' title='bbox 1720 3334 1814 3386; x_wconf 89' lang='lat' dir='ltr'><strong>est</strong></span> 
     </span>
    </p>
   </div>
   <div class='ocr_carea' id='block_1_52' title="bbox 163 3409 1810 3490">
    <p class='ocr_par' dir='ltr' id='par_1_52' title="bbox 163 3409 1810 3490">
     <span class='ocr_line' id='line_1_52' title="bbox 163 3409 1810 3490; baseline 0.007 -26"><span class='ocrx_word' id='word_1_272' title='bbox 163 3410 321 3465; x_wconf 88' lang='lat' dir='ltr'><strong>inter</strong></span> <span class='ocrx_word' id='word_1_273' title='bbox 368 3409 672 3467; x_wconf 90' lang='lat' dir='ltr'><strong>missarum</strong></span> <span class='ocrx_word' id='word_1_274' title='bbox 721 3411 1054 3480; x_wconf 87' lang='lat' dir='ltr'><strong>sollemnia;</strong></span> <span class='ocrx_word' id='word_1_275' title='bbox 1103 3413 1259 3471; x_wconf 84' lang='lat' dir='ltr'><strong>sedit</strong></span> <span class='ocrx_word' id='word_1_276' title='bbox 1309 3429 1439 3474; x_wconf 89' lang='lat' dir='ltr'><strong>ann.</strong></span> <span class='ocrx_word' id='word_1_277' title='bbox 1493 3420 1579 3472; x_wconf 88' lang='grc'><strong>36.</strong></span> <span class='ocrx_word' id='word_1_278' title='bbox 1629 3432 1702 3474; x_wconf 92' lang='lat' dir='ltr'><strong>m.</strong></span> <span class='ocrx_word' id='word_1_279' title='bbox 1756 3424 1810 3490; x_wconf 88' lang='lat'><strong>7,</strong></span> 
     </span>
    </p>
   </div>
   <div class='ocr_carea' id='block_1_53' title="bbox 166 3496 347 3553">
    <p class='ocr_par' dir='ltr' id='par_1_53' title="bbox 166 3496 347 3553">
     <span class='ocr_line' id='line_1_53' title="bbox 166 3496 347 3553; baseline -0.011 0"><span class='ocrx_word' id='word_1_280' title='bbox 166 3496 347 3553; x_wconf 75' lang='lat' dir='ltr'><strong>d.12.</strong></span> 
     </span>
    </p>
   </div>
   <div class='ocr_carea' id='block_1_54' title="bbox 240 3586 1818 3666">
    <p class='ocr_par' dir='ltr' id='par_1_54' title="bbox 240 3586 1818 3666">
     <span class='ocr_line' id='line_1_54' title="bbox 240 3586 1818 3666; baseline 0.006 -24"><span class='ocrx_word' id='word_1_281' title='bbox 240 3591 294 3642; x_wconf 86' lang='lat'><strong>3.</strong></span> <span class='ocrx_word' id='word_1_282' title='bbox 331 3586 606 3645; x_wconf 87' lang='lat' dir='ltr'><strong>Arnolfus</strong></span> <span class='ocrx_word' id='word_1_283' title='bbox 634 3602 739 3645; x_wconf 93' lang='lat' dir='ltr'><strong>rex</strong></span> <span class='ocrx_word' id='word_1_284' title='bbox 757 3590 1078 3648; x_wconf 87' lang='lat' dir='ltr'><strong>exercitum</strong></span> <span class='ocrx_word' id='word_1_285' title='bbox 1112 3591 1614 3651; x_wconf 83' lang='lat' dir='ltr'><strong>Nordmannorum</strong></span> <span class='ocrx_word' id='word_1_286' title='bbox 1655 3608 1818 3666; x_wconf 91' lang='lat' dir='ltr'><strong>pror-</strong></span> 
     </span>
    </p>
   </div>
   <div class='ocr_carea' id='block_1_55' title="bbox 169 3674 543 3732">
    <p class='ocr_par' dir='ltr' id='par_1_55' title="bbox 169 3674 543 3732">
     <span class='ocr_line' id='line_1_55' title="bbox 169 3674 543 3732; baseline 0 0"><span class='ocrx_word' id='word_1_287' title='bbox 169 3690 273 3732; x_wconf 85' lang='lat' dir='ltr'><strong>sus</strong></span> <span class='ocrx_word' id='word_1_288' title='bbox 301 3674 543 3732; x_wconf 88' lang='lat' dir='ltr'><strong>delevit.</strong></span> 
     </span>
    </p>
   </div>
   <div class='ocr_carea' id='block_1_56' title="bbox 243 3763 1209 3839">
    <p class='ocr_par' dir='ltr' id='par_1_56' title="bbox 243 3763 1209 3839">
     <span class='ocr_line' id='line_1_56' title="bbox 243 3763 1209 3839; baseline 0.007 -21"><span class='ocrx_word' id='word_1_289' title='bbox 243 3765 298 3819; x_wconf 75' lang='grc'><strong>4.</strong></span> <span class='ocrx_word' id='word_1_290' title='bbox 327 3763 647 3837; x_wconf 81' lang='lat' dir='ltr'><strong>Ratispona</strong></span> <span class='ocrx_word' id='word_1_291' title='bbox 680 3765 950 3823; x_wconf 88' lang='lat' dir='ltr'><strong>incendio</strong></span> <span class='ocrx_word' id='word_1_292' title='bbox 981 3766 1209 3839; x_wconf 78' lang='lat' dir='ltr'><strong>ﬂagrat.</strong></span> 
     </span>
    </p>
   </div>
   <div class='ocr_carea' id='block_1_57' title="bbox 242 3851 1818 3930">
    <p class='ocr_par' dir='ltr' id='par_1_57' title="bbox 242 3851 1818 3930">
     <span class='ocr_line' id='line_1_57' title="bbox 242 3851 1818 3930; baseline 0.005 -23"><span class='ocrx_word' id='word_1_293' title='bbox 242 3853 297 3907; x_wconf 85' lang='lat'><strong>6.</strong></span> <span class='ocrx_word' id='word_1_294' title='bbox 332 3851 653 3910; x_wconf 80' lang='lat' dir='ltr'><strong>Sunderolf</strong></span> <span class='ocrx_word' id='word_1_295' title='bbox 676 3868 707 3909; x_wconf 94' lang='lat' dir='ltr'><strong>a</strong></span> <span class='ocrx_word' id='word_1_296' title='bbox 739 3854 1128 3915; x_wconf 86' lang='lat' dir='ltr'><strong>Nordmannis</strong></span> <span class='ocrx_word' id='word_1_297' title='bbox 1177 3857 1489 3915; x_wconf 87' lang='lat' dir='ltr'><strong>occiditur.</strong></span> <span class='ocrx_word' id='word_1_298' title='bbox 1541 3859 1656 3915; x_wconf 88' lang='lat' dir='ltr'><strong>Pro</strong></span> <span class='ocrx_word' id='word_1_299' title='bbox 1704 3872 1818 3930; x_wconf 89' lang='lat' dir='ltr'><strong>quo</strong></span> 
     </span>
    </p>
   </div>
   <div class='ocr_carea' id='block_1_58' title="bbox 174 3960 375 4017">
    <p class='ocr_par' dir='ltr' id='par_1_58' title="bbox 174 3960 375 4017">
     <span class='ocr_line' id='line_1_58' title="bbox 174 3960 375 4017; baseline -0.01 -1"><span class='ocrx_word' id='word_1_300' title='bbox 174 3960 375 4017; x_wconf 78' lang='lat' dir='ltr'><strong>Hatto.</strong></span> 
     </span>
    </p>
   </div>
   <div class='ocr_carea' id='block_1_59' title="bbox 245 4048 1850 4127">
    <p class='ocr_par' dir='ltr' id='par_1_59' title="bbox 245 4048 1850 4127">
     <span class='ocr_line' id='line_1_59' title="bbox 245 4048 1850 4127; baseline 0.003 -21"><span class='ocrx_word' id='word_1_301' title='bbox 245 4054 304 4106; x_wconf 88' lang='lat'>8.</span> <span class='ocrx_word' id='word_1_302' title='bbox 348 4048 625 4106; x_wconf 86' lang='lat' dir='ltr'><strong>Arnolfus</strong></span> <span class='ocrx_word' id='word_1_303' title='bbox 671 4048 895 4107; x_wconf 85' lang='lat' dir='ltr'><strong>italiam</strong></span> <span class='ocrx_word' id='word_1_304' title='bbox 946 4050 1453 4127; x_wconf 81' lang='lat' dir='ltr'><strong>Burgundiamque</strong></span> <span class='ocrx_word' id='word_1_305' title='bbox 1492 4068 1600 4112; x_wconf 89' lang='lat' dir='ltr'><strong>suo</strong></span> <span class='ocrx_word' id='word_1_306' title='bbox 1641 4067 1850 4125; x_wconf 72' lang='lat' dir='ltr'><strong>regno-</strong></span> 
     </span>
    </p>
   </div>
   <div class='ocr_carea' id='block_1_60' title="bbox 177 4136 457 4209">
    <p class='ocr_par' dir='ltr' id='par_1_60' title="bbox 177 4136 457 4209">
     <span class='ocr_line' id='line_1_60' title="bbox 177 4136 457 4209; baseline -0.007 -15"><span class='ocrx_word' id='word_1_307' title='bbox 177 4136 457 4209; x_wconf 88' lang='lat' dir='ltr'><strong>subjecit.</strong></span> 
     </span>
    </p>
   </div>
   <div class='ocr_carea' id='block_1_61' title="bbox 821 4298 1571 4360">
    <p class='ocr_par' dir='ltr' id='par_1_61' title="bbox 821 4298 1571 4360">
     <span class='ocr_line' id='line_1_61' title="bbox 821 4298 1571 4360; baseline 0.003 -5"><span class='ocrx_word' id='word_1_308' title='bbox 821 4298 1110 4358; x_wconf 82' lang='lat' dir='ltr'><strong>Liutolfus</strong></span> <span class='ocrx_word' id='word_1_309' title='bbox 1139 4300 1259 4359; x_wconf 88' lang='lat' dir='ltr'><strong>dux</strong></span> <span class='ocrx_word' id='word_1_310' title='bbox 1289 4301 1571 4360; x_wconf 67' lang='lat' dir='ltr'><strong>Saxoniaa.</strong></span> 
     </span>
    </p>
   </div>
   <div class='ocr_carea' id='block_1_62' title="bbox 183 4387 1608 4448">
    <p class='ocr_par' dir='ltr' id='par_1_62' title="bbox 183 4387 1608 4448">
     <span class='ocr_line' id='line_1_62' title="bbox 183 4387 1608 4448; baseline 0 -2"><span class='ocrx_word' id='word_1_311' title='bbox 183 4390 341 4447; x_wconf 88' lang='lat' dir='ltr'><strong>Brun</strong></span> <span class='ocrx_word' id='word_1_312' title='bbox 373 4387 490 4446; x_wconf 89' lang='lat' dir='ltr'><strong>dux</strong></span> <span class='ocrx_word' id='word_1_313' title='bbox 517 4403 549 4445; x_wconf 91' lang='lat' dir='ltr'><strong>a</strong></span> <span class='ocrx_word' id='word_1_314' title='bbox 580 4388 753 4446; x_wconf 89' lang='lat' dir='ltr'><strong>Danis</strong></span> <span class='ocrx_word' id='word_1_315' title='bbox 784 4388 1038 4446; x_wconf 89' lang='lat' dir='ltr'><strong>occisus.</strong></span> <span class='ocrx_word' id='word_1_316' title='bbox 1260 4389 1439 4447; x_wconf 91' lang='lat' dir='ltr'><strong>Ottho</strong></span> <span class='ocrx_word' id='word_1_317' title='bbox 1471 4390 1608 4448; x_wconf 87' lang='lat' dir='ltr'><strong>dux.</strong></span> 
     </span>
    </p>
   </div>
   <div class='ocr_carea' id='block_1_63' title="bbox 898 4476 1352 4535">
    <p class='ocr_par' dir='ltr' id='par_1_63' title="bbox 898 4476 1352 4535">
     <span class='ocr_line' id='line_1_63' title="bbox 898 4476 1352 4535; baseline 0.002 -3"><span class='ocrx_word' id='word_1_318' title='bbox 898 4476 1204 4535; x_wconf 83' lang='lat' dir='ltr'><strong>Heinricus</strong></span> <span class='ocrx_word' id='word_1_319' title='bbox 1230 4491 1352 4535; x_wconf 87' lang='lat' dir='ltr'><strong>rex.</strong></span> 
     </span>
    </p>
   </div>
   <div class='ocr_carea' id='block_1_64' title="bbox 184 4564 1694 4638">
    <p class='ocr_par' dir='ltr' id='par_1_64' title="bbox 184 4564 1694 4638">
     <span class='ocr_line' id='line_1_64' title="bbox 184 4564 1694 4638; baseline 0.001 -17"><span class='ocrx_word' id='word_1_320' title='bbox 184 4564 446 4623; x_wconf 89' lang='lat' dir='ltr'><strong>einricus</strong></span> <span class='ocrx_word' id='word_1_321' title='bbox 477 4564 595 4621; x_wconf 91' lang='lat' dir='ltr'><strong>dux</strong></span> <span class='ocrx_word' id='word_1_322' title='bbox 627 4564 923 4635; x_wconf 71' lang='lat' dir='ltr'><strong>Bajoariae.</strong></span> <span class='ocrx_word' id='word_1_323' title='bbox 1143 4564 1320 4621; x_wconf 89' lang='lat' dir='ltr'><strong>Ottho</strong></span> <span class='ocrx_word' id='word_1_324' title='bbox 1353 4565 1694 4638; x_wconf 86' lang='lat' dir='ltr'><strong>imperator.</strong></span> 
     </span>
    </p>
   </div>
   <div class='ocr_carea' id='block_1_65' title="bbox 184 4652 974 4724">
    <p class='ocr_par' dir='ltr' id='par_1_65' title="bbox 184 4652 974 4724">
     <span class='ocr_line' id='line_1_65' title="bbox 184 4652 974 4724; baseline 0 -16"><span class='ocrx_word' id='word_1_325' title='bbox 184 4652 496 4709; x_wconf 84' lang='lat' dir='ltr'><strong>Heinricus</strong></span> <span class='ocrx_word' id='word_1_326' title='bbox 526 4652 645 4709; x_wconf 91' lang='lat' dir='ltr'><strong>dux</strong></span> <span class='ocrx_word' id='word_1_327' title='bbox 676 4652 974 4724; x_wconf 69' lang='lat' dir='ltr'><strong>Bajoariaa.</strong></span> 
     </span>
    </p>
   </div>
   <div class='ocr_carea' id='block_1_66' title="bbox 186 4739 1024 4811">
    <p class='ocr_par' dir='ltr' id='par_1_66' title="bbox 186 4739 1024 4811">
     <span class='ocr_line' id='line_1_66' title="bbox 186 4739 1024 4811; baseline -0.001 -13"><span class='ocrx_word' id='word_1_328' title='bbox 186 4739 496 4798; x_wconf 78' lang='lat' dir='ltr'><strong>Hoinricus</strong></span> <span class='ocrx_word' id='word_1_329' title='bbox 524 4740 1024 4811; x_wconf 86' lang='lat' dir='ltr'><strong>Babenbergensis</strong></span> 
     </span>
    </p>
   </div>
   <div class='ocr_carea' id='block_1_67' title="bbox 188 4827 1037 4901">
    <p class='ocr_par' dir='ltr' id='par_1_67' title="bbox 188 4827 1037 4901">
     <span class='ocr_line' id='line_1_67' title="bbox 188 4827 1037 4901; baseline -0.001 -16"><span class='ocrx_word' id='word_1_330' title='bbox 188 4828 311 4885; x_wconf 87' lang='lat' dir='ltr'><strong>dux</strong></span> <span class='ocrx_word' id='word_1_331' title='bbox 357 4827 635 4898; x_wconf 72' lang='lat' dir='ltr'><strong>Bajoariae</strong></span> <span class='ocrx_word' id='word_1_332' title='bbox 683 4832 893 4901; x_wconf 89' lang='lat' dir='ltr'><strong>postea</strong></span> <span class='ocrx_word' id='word_1_333' title='bbox 936 4828 1037 4885; x_wconf 92' lang='lat' dir='ltr'><strong>im-</strong></span> 
     </span>
    </p>
   </div>
   <div class='ocr_carea' id='block_1_68' title="bbox 189 4916 1040 4989">
    <p class='ocr_par' dir='ltr' id='par_1_68' title="bbox 189 4916 1040 4989">
     <span class='ocr_line' id='line_1_68' title="bbox 189 4916 1040 4989; baseline 0.002 -17"><span class='ocrx_word' id='word_1_334' title='bbox 189 4919 451 4989; x_wconf 87' lang='lat' dir='ltr'><strong>perator.</strong></span> <span class='ocrx_word' id='word_1_335' title='bbox 504 4916 681 4987; x_wconf 88' lang='lat' dir='ltr'><strong>Cujus</strong></span> <span class='ocrx_word' id='word_1_336' title='bbox 730 4930 878 4973; x_wconf 88' lang='lat' dir='ltr'><strong>uxor</strong></span> <span class='ocrx_word' id='word_1_337' title='bbox 933 4918 1040 4974; x_wconf 90' lang='lat' dir='ltr'><strong>Cu-</strong></span> 
     </span>
    </p>
   </div>
   <div class='ocr_carea' id='block_1_69' title="bbox 188 5002 1010 5077">
    <p class='ocr_par' dir='ltr' id='par_1_69' title="bbox 188 5002 1010 5077">
     <span class='ocr_line' id='line_1_69' title="bbox 188 5002 1010 5077; baseline -0.002 -16"><span class='ocrx_word' id='word_1_338' title='bbox 188 5003 399 5075; x_wconf 76' lang='lat' dir='ltr'><strong>nigunt</strong></span> <span class='ocrx_word' id='word_1_339' title='bbox 427 5003 647 5077; x_wconf 84' lang='lat' dir='ltr'><strong>absque</strong></span> <span class='ocrx_word' id='word_1_340' title='bbox 678 5002 815 5061; x_wconf 80' lang='lat' dir='ltr'><strong>ﬁliis</strong></span> <span class='ocrx_word' id='word_1_341' title='bbox 842 5003 1010 5061; x_wconf 88' lang='lat' dir='ltr'><strong>obiit.</strong></span> 
     </span>
    </p>
   </div>
   <div class='ocr_carea' id='block_1_70' title="bbox 1153 4653 1702 4727">
    <p class='ocr_par' dir='ltr' id='par_1_70' title="bbox 1153 4653 1702 4727">
     <span class='ocr_line' id='line_1_70' title="bbox 1153 4653 1702 4727; baseline 0 -17"><span class='ocrx_word' id='word_1_342' title='bbox 1153 4653 1332 4711; x_wconf 88' lang='lat' dir='ltr'><strong>Ottho</strong></span> <span class='ocrx_word' id='word_1_343' title='bbox 1363 4655 1702 4727; x_wconf 89' lang='lat' dir='ltr'><strong>imperator.</strong></span> 
     </span>
    </p>
   </div>
   <div class='ocr_carea' id='block_1_71' title="bbox 260 5200 1837 5276">
    <p class='ocr_par' dir='ltr' id='par_1_71' title="bbox 260 5200 1837 5276">
     <span class='ocr_line' id='line_1_71' title="bbox 260 5200 1837 5276; baseline 0.003 -17"><span class='ocrx_word' id='word_1_344' title='bbox 260 5204 464 5260; x_wconf 84' lang='lat' dir='ltr'><strong>Annus</strong></span> <span class='ocrx_word' id='word_1_345' title='bbox 496 5201 718 5260; x_wconf 87' lang='lat' dir='ltr'><strong>Domini</strong></span> <span class='ocrx_word' id='word_1_346' title='bbox 749 5205 873 5260; x_wconf 84' lang='lat'><strong>919.</strong></span> <span class='ocrx_word' id='word_1_347' title='bbox 909 5200 1010 5273; x_wconf 85' lang='grc' dir='ltr'><strong>(Η.</strong></span> <span class='ocrx_word' id='word_1_348' title='bbox 1042 5201 1472 5276; x_wconf 78' lang='lat' dir='ltr'><strong>S.).Heinricus</strong></span> <span class='ocrx_word' id='word_1_349' title='bbox 1501 5218 1700 5264; x_wconf 88' lang='lat' dir='ltr'><strong>comes</strong></span> <span class='ocrx_word' id='word_1_350' title='bbox 1733 5218 1837 5264; x_wconf 89' lang='lat' dir='ltr'><strong>rex</strong></span> 
     </span>
    </p>
   </div>
   <div class='ocr_carea' id='block_1_72' title="bbox 189 5289 1038 5363">
    <p class='ocr_par' dir='ltr' id='par_1_72' title="bbox 189 5289 1038 5363">
     <span class='ocr_line' id='line_1_72' title="bbox 189 5289 1038 5363; baseline -0.004 -12"><span class='ocrx_word' id='word_1_351' title='bbox 189 5289 439 5351; x_wconf 60' lang='lat' dir='ltr'><strong>eiectus</strong></span> <span class='ocrx_word' id='word_1_352' title='bbox 470 5289 738 5363; x_wconf 78' lang='lat' dir='ltr'><strong>regnavit</strong></span> <span class='ocrx_word' id='word_1_353' title='bbox 766 5304 906 5348; x_wconf 89' lang='lat' dir='ltr'><strong>ann.</strong></span> <span class='ocrx_word' id='word_1_354' title='bbox 943 5294 1038 5350; x_wconf 84' lang='lat'><strong>17.</strong></span> 
     </span>
    </p>
   </div>
   <div class='ocr_carea' id='block_1_73' title="bbox 262 5396 1161 5471">
    <p class='ocr_par' dir='ltr' id='par_1_73' title="bbox 262 5396 1161 5471">
     <span class='ocr_line' id='line_1_73' title="bbox 262 5396 1161 5471; baseline 0 -13"><span class='ocrx_word' id='word_1_355' title='bbox 262 5405 317 5458; x_wconf 88' lang='lat'><strong>1.</strong></span> <span class='ocrx_word' id='word_1_356' title='bbox 351 5396 623 5455; x_wconf 87' lang='lat' dir='ltr'><strong>Salomon</strong></span> <span class='ocrx_word' id='word_1_357' title='bbox 647 5397 964 5471; x_wconf 88' lang='lat' dir='ltr'><strong>episcopus</strong></span> <span class='ocrx_word' id='word_1_358' title='bbox 992 5397 1161 5458; x_wconf 85' lang='lat' dir='ltr'><strong>obiit.</strong></span> 
     </span>
    </p>
   </div>
   <div class='ocr_carea' id='block_1_74' title="bbox 263 5483 1587 5549">
    <p class='ocr_par' dir='ltr' id='par_1_74' title="bbox 263 5483 1587 5549">
     <span class='ocr_line' id='line_1_74' title="bbox 263 5483 1587 5549; baseline -0.002 -1"><span class='ocrx_word' id='word_1_359' title='bbox 263 5493 319 5549; x_wconf 76' lang='grc' dir='ltr'><strong>ι.</strong></span> <span class='ocrx_word' id='word_1_360' title='bbox 350 5483 604 5545; x_wconf 78' lang='lat' dir='ltr'><strong>Karolus</strong></span> <span class='ocrx_word' id='word_1_361' title='bbox 633 5499 738 5544; x_wconf 90' lang='lat' dir='ltr'><strong>rex</strong></span> <span class='ocrx_word' id='word_1_362' title='bbox 768 5485 965 5545; x_wconf 65' lang='lat' dir='ltr'><strong>Gallia:</strong></span> <span class='ocrx_word' id='word_1_363' title='bbox 988 5487 1044 5546; x_wconf 89' lang='lat' dir='ltr'><strong>in</strong></span> <span class='ocrx_word' id='word_1_364' title='bbox 1075 5488 1375 5549; x_wconf 85' lang='lat' dir='ltr'><strong>Franciam</strong></span> <span class='ocrx_word' id='word_1_365' title='bbox 1403 5487 1587 5548; x_wconf 87' lang='lat' dir='ltr'><strong>venit.</strong></span> 
     </span>
    </p>
   </div>
   <div class='ocr_carea' id='block_1_75' title="bbox 1900 1818 2974 1890">
    <p class='ocr_par' dir='ltr' id='par_1_75' title="bbox 1900 1818 2974 1890">
     <span class='ocr_line' id='line_1_75' title="bbox 1900 1818 2974 1890; baseline -0.004 -12"><span class='ocrx_word' id='word_1_366' title='bbox 1900 1822 2077 1887; x_wconf 90' lang='lat' dir='ltr'><strong>titur;</strong></span> <span class='ocrx_word' id='word_1_367' title='bbox 2111 1820 2167 1875; x_wconf 93' lang='lat' dir='ltr'><strong>in</strong></span> <span class='ocrx_word' id='word_1_368' title='bbox 2201 1833 2311 1890; x_wconf 91' lang='lat' dir='ltr'><strong>qua</strong></span> <span class='ocrx_word' id='word_1_369' title='bbox 2336 1818 2634 1875; x_wconf 89' lang='lat' dir='ltr'><strong>Conradus</strong></span> <span class='ocrx_word' id='word_1_370' title='bbox 2664 1818 2974 1875; x_wconf 90' lang='lat' dir='ltr'><strong>occiditur.</strong></span> 
     </span>
    </p>
   </div>
   <div class='ocr_carea' id='block_1_76' title="bbox 1971 1906 3554 1979">
    <p class='ocr_par' dir='ltr' id='par_1_76' title="bbox 1971 1906 3554 1979">
     <span class='ocr_line' id='line_1_76' title="bbox 1971 1906 3554 1979; baseline -0.002 -12"><span class='ocrx_word' id='word_1_371' title='bbox 1971 1916 2021 1968; x_wconf 93' lang='lat'>8.</span> <span class='ocrx_word' id='word_1_372' title='bbox 2059 1913 2089 1965; x_wconf 90' lang='lat'><strong>3</strong></span> <span class='ocrx_word' id='word_1_373' title='bbox 2121 1910 2262 1965; x_wconf 89' lang='lat' dir='ltr'><strong>Non.</strong></span> <span class='ocrx_word' id='word_1_374' title='bbox 2298 1910 2440 1977; x_wconf 85' lang='lat' dir='ltr'><strong>Aug.</strong></span> <span class='ocrx_word' id='word_1_375' title='bbox 2491 1906 2819 1964; x_wconf 83' lang='lat' dir='ltr'><strong>Ruodolfus</strong></span> <span class='ocrx_word' id='word_1_376' title='bbox 2871 1907 3187 1979; x_wconf 90' lang='lat' dir='ltr'><strong>episcopus</strong></span> <span class='ocrx_word' id='word_1_377' title='bbox 3235 1906 3554 1965; x_wconf 84' lang='lat' dir='ltr'><strong>Wircibur-</strong></span> 
     </span>
    </p>
   </div>
   <div class='ocr_carea' id='block_1_77' title="bbox 1900 1995 3559 2069">
    <p class='ocr_par' dir='ltr' id='par_1_77' title="bbox 1900 1995 3559 2069">
     <span class='ocr_line' id='line_1_77' title="bbox 1900 1995 3559 2069; baseline -0.002 -14"><span class='ocrx_word' id='word_1_378' title='bbox 1900 1998 2098 2069; x_wconf 79' lang='lat' dir='ltr'><strong>gensis</strong></span> <span class='ocrx_word' id='word_1_379' title='bbox 2129 1996 2307 2063; x_wconf 89' lang='lat' dir='ltr'><strong>obiit;</strong></span> <span class='ocrx_word' id='word_1_380' title='bbox 2338 1995 2511 2052; x_wconf 86' lang='lat' dir='ltr'><strong>sedit.</strong></span> <span class='ocrx_word' id='word_1_381' title='bbox 2552 2010 2681 2051; x_wconf 88' lang='lat' dir='ltr'><strong>ann.</strong></span> <span class='ocrx_word' id='word_1_382' title='bbox 2722 1999 2807 2066; x_wconf 81' lang='lat'><strong>1‘7,</strong></span> <span class='ocrx_word' id='word_1_383' title='bbox 2842 2008 2916 2052; x_wconf 92' lang='lat' dir='ltr'><strong>m.</strong></span> <span class='ocrx_word' id='word_1_384' title='bbox 2954 2000 3039 2068; x_wconf 89' lang='lat'><strong>12,</strong></span> <span class='ocrx_word' id='word_1_385' title='bbox 3075 1995 3127 2052; x_wconf 92' lang='lat' dir='ltr'><strong>d.</strong></span> <span class='ocrx_word' id='word_1_386' title='bbox 3171 1999 3223 2053; x_wconf 88' lang='lat'><strong>2.</strong></span> <span class='ocrx_word' id='word_1_387' title='bbox 3278 1995 3559 2053; x_wconf 85' lang='lat' dir='ltr'><strong>Adalber-</strong></span> 
     </span>
    </p>
   </div>
   <div class='ocr_carea' id='block_1_78' title="bbox 1905 2083 3562 2158">
    <p class='ocr_par' dir='ltr' id='par_1_78' title="bbox 1905 2083 3562 2158">
     <span class='ocr_line' id='line_1_78' title="bbox 1905 2083 3562 2158; baseline -0.001 -16"><span class='ocrx_word' id='word_1_388' title='bbox 1905 2091 2001 2144; x_wconf 90' lang='lat' dir='ltr'><strong>tus</strong></span> <span class='ocrx_word' id='word_1_389' title='bbox 2021 2085 2263 2158; x_wconf 84' lang='lat' dir='ltr'><strong>perfidia</strong></span> <span class='ocrx_word' id='word_1_390' title='bbox 2291 2084 2556 2141; x_wconf 87' lang='lat' dir='ltr'><strong>Hattonis</strong></span> <span class='ocrx_word' id='word_1_391' title='bbox 2574 2084 2999 2155; x_wconf 85' lang='lat' dir='ltr'><strong>archiepiscopi</strong></span> <span class='ocrx_word' id='word_1_392' title='bbox 3015 2083 3389 2155; x_wconf 88' lang='lat' dir='ltr'><strong>etcujusdam</strong></span> <span class='ocrx_word' id='word_1_393' title='bbox 3403 2083 3562 2142; x_wconf 90' lang='lat' dir='ltr'><strong>Luit-</strong></span> 
     </span>
    </p>
   </div>
   <div class='ocr_carea' id='block_1_79' title="bbox 1907 2171 3561 2248">
    <p class='ocr_par' dir='ltr' id='par_1_79' title="bbox 1907 2171 3561 2248">
     <span class='ocr_line' id='line_1_79' title="bbox 1907 2171 3561 2248; baseline -0.002 -17"><span class='ocrx_word' id='word_1_394' title='bbox 1907 2174 2062 2248; x_wconf 90' lang='lat' dir='ltr'><strong>paldi</strong></span> <span class='ocrx_word' id='word_1_395' title='bbox 2096 2174 2399 2246; x_wconf 89' lang='lat' dir='ltr'><strong>deceptus,</strong></span> <span class='ocrx_word' id='word_1_396' title='bbox 2432 2173 2745 2229; x_wconf 89' lang='lat' dir='ltr'><strong>Ludewico</strong></span> <span class='ocrx_word' id='word_1_397' title='bbox 2772 2172 3038 2243; x_wconf 90' lang='lat' dir='ltr'><strong>jubente,</strong></span> <span class='ocrx_word' id='word_1_398' title='bbox 3075 2171 3425 2230; x_wconf 90' lang='lat' dir='ltr'><strong>decollatur.</strong></span> <span class='ocrx_word' id='word_1_399' title='bbox 3456 2174 3561 2228; x_wconf 89' lang='lat' dir='ltr'><strong>Ba-</strong></span> 
     </span>
    </p>
   </div>
   <div class='ocr_carea' id='block_1_80' title="bbox 1901 2260 2958 2335">
    <p class='ocr_par' dir='ltr' id='par_1_80' title="bbox 1901 2260 2958 2335">
     <span class='ocr_line' id='line_1_80' title="bbox 1901 2260 2958 2335; baseline -0.004 -15"><span class='ocrx_word' id='word_1_400' title='bbox 1901 2263 2077 2335; x_wconf 90' lang='lat' dir='ltr'><strong>joarii</strong></span> <span class='ocrx_word' id='word_1_401' title='bbox 2110 2265 2180 2320; x_wconf 92' lang='lat' dir='ltr'><strong>ab</strong></span> <span class='ocrx_word' id='word_1_402' title='bbox 2212 2260 2481 2332; x_wconf 87' lang='lat' dir='ltr'><strong>Ungariis</strong></span> <span class='ocrx_word' id='word_1_403' title='bbox 2508 2260 2958 2318; x_wconf 85' lang='lat' dir='ltr'><strong>interficiuntur.</strong></span> 
     </span>
    </p>
   </div>
   <div class='ocr_carea' id='block_1_81' title="bbox 1980 2349 3561 2421">
    <p class='ocr_par' dir='ltr' id='par_1_81' title="bbox 1980 2349 3561 2421">
     <span class='ocr_line' id='line_1_81' title="bbox 1980 2349 3561 2421; baseline -0.003 -12"><span class='ocrx_word' id='word_1_404' title='bbox 1980 2356 2030 2409; x_wconf 87' lang='lat'><strong>9.</strong></span> <span class='ocrx_word' id='word_1_405' title='bbox 2066 2351 2294 2421; x_wconf 90' lang='lat' dir='ltr'><strong>Ungarii</strong></span> <span class='ocrx_word' id='word_1_406' title='bbox 2320 2350 2626 2407; x_wconf 89' lang='lat' dir='ltr'><strong>Saxoniam</strong></span> <span class='ocrx_word' id='word_1_407' title='bbox 2649 2353 2705 2406; x_wconf 90' lang='lat' dir='ltr'><strong>et</strong></span> <span class='ocrx_word' id='word_1_408' title='bbox 2754 2349 3087 2420; x_wconf 83' lang='lat' dir='ltr'><strong>Turingiam</strong></span> <span class='ocrx_word' id='word_1_409' title='bbox 3114 2351 3367 2407; x_wconf 88' lang='lat' dir='ltr'><strong>vastant.</strong></span> <span class='ocrx_word' id='word_1_410' title='bbox 3402 2349 3561 2407; x_wconf 88' lang='lat' dir='ltr'><strong>Luit-</strong></span> 
     </span>
    </p>
   </div>
   <div class='ocr_carea' id='block_1_82' title="bbox 1912 2439 2455 2515">
    <p class='ocr_par' dir='ltr' id='par_1_82' title="bbox 1912 2439 2455 2515">
     <span class='ocr_line' id='line_1_82' title="bbox 1912 2439 2455 2515; baseline -0.009 -16"><span class='ocrx_word' id='word_1_411' title='bbox 1912 2440 2118 2515; x_wconf 89' lang='lat' dir='ltr'><strong>paldus</strong></span> <span class='ocrx_word' id='word_1_412' title='bbox 2148 2439 2455 2496; x_wconf 90' lang='lat' dir='ltr'><strong>occiditur.</strong></span> 
     </span>
    </p>
   </div>
   <div class='ocr_carea' id='block_1_83' title="bbox 1984 2526 3030 2599">
    <p class='ocr_par' dir='ltr' id='par_1_83' title="bbox 1984 2526 3030 2599">
     <span class='ocr_line' id='line_1_83' title="bbox 1984 2526 3030 2599; baseline -0.005 -12"><span class='ocrx_word' id='word_1_413' title='bbox 1984 2535 2071 2587; x_wconf 92' lang='lat'><strong>10.</strong></span> <span class='ocrx_word' id='word_1_414' title='bbox 2105 2528 2340 2599; x_wconf 87' lang='lat' dir='ltr'><strong>Ungarii</strong></span> <span class='ocrx_word' id='word_1_415' title='bbox 2374 2526 2770 2585; x_wconf 90' lang='lat' dir='ltr'><strong>Alamanniam</strong></span> <span class='ocrx_word' id='word_1_416' title='bbox 2803 2530 3030 2599; x_wconf 90' lang='lat' dir='ltr'><strong>petunt.</strong></span> 
     </span>
    </p>
   </div>
   <div class='ocr_carea' id='block_1_84' title="bbox 1932 2615 3193 2685">
    <p class='ocr_par' dir='ltr' id='par_1_84' title="bbox 1932 2615 3193 2685">
     <span class='ocr_line' id='line_1_84' title="bbox 1932 2615 3193 2685; baseline -0.002 -10"><span class='ocrx_word' id='word_1_417' title='bbox 1932 2618 1937 2623; x_wconf 86' lang='grc'><strong>’</strong></span> <span class='ocrx_word' id='word_1_418' title='bbox 1985 2624 2071 2675; x_wconf 88' lang='grc'><strong>11.</strong></span> <span class='ocrx_word' id='word_1_419' title='bbox 2106 2616 2327 2674; x_wconf 92' lang='lat' dir='ltr'><strong>Bellum</strong></span> <span class='ocrx_word' id='word_1_420' title='bbox 2361 2619 2712 2673; x_wconf 88' lang='lat' dir='ltr'><strong>Francorum</strong></span> <span class='ocrx_word' id='word_1_421' title='bbox 2744 2630 2874 2673; x_wconf 90' lang='lat' dir='ltr'><strong>cum</strong></span> <span class='ocrx_word' id='word_1_422' title='bbox 2907 2615 3193 2685; x_wconf 81' lang='lat' dir='ltr'><strong>Ungariis.</strong></span> 
     </span>
    </p>
   </div>
   <div class='ocr_carea' id='block_1_85' title="bbox 1987 2702 3562 2764">
    <p class='ocr_par' dir='ltr' id='par_1_85' title="bbox 1987 2702 3562 2764">
     <span class='ocr_line' id='line_1_85' title="bbox 1987 2702 3562 2764; baseline -0.001 0"><span class='ocrx_word' id='word_1_423' title='bbox 1987 2711 2071 2764; x_wconf 89' lang='lat'><strong>12.</strong></span> <span class='ocrx_word' id='word_1_424' title='bbox 2106 2705 2451 2764; x_wconf 88' lang='lat' dir='ltr'><strong>Ludewicus</strong></span> <span class='ocrx_word' id='word_1_425' title='bbox 2482 2719 2586 2761; x_wconf 87' lang='lat' dir='ltr'><strong>rex</strong></span> <span class='ocrx_word' id='word_1_426' title='bbox 2613 2704 2879 2762; x_wconf 89' lang='lat' dir='ltr'><strong>moritur.</strong></span> <span class='ocrx_word' id='word_1_427' title='bbox 2914 2702 3286 2762; x_wconf 88' lang='lat' dir='ltr'><strong>Burchardus</strong></span> <span class='ocrx_word' id='word_1_428' title='bbox 3317 2702 3437 2764; x_wconf 87' lang='lat' dir='ltr'><strong>dux</strong></span> <span class='ocrx_word' id='word_1_429' title='bbox 3466 2719 3562 2763; x_wconf 91' lang='lat' dir='ltr'><strong>oc-</strong></span> 
     </span>
    </p>
   </div>
   <div class='ocr_carea' id='block_1_86' title="bbox 1916 2787 2961 2853">
    <p class='ocr_par' dir='ltr' id='par_1_86' title="bbox 1916 2787 2961 2853">
     <span class='ocr_line' id='line_1_86' title="bbox 1916 2787 2961 2853; baseline -0.011 0"><span class='ocrx_word' id='word_1_430' title='bbox 1916 2795 2154 2853; x_wconf 90' lang='lat' dir='ltr'><strong>ciditur.</strong></span> <span class='ocrx_word' id='word_1_431' title='bbox 2940 2787 2961 2801; x_wconf 79' lang='lat'>‘</span> 
     </span>
    </p>
   </div>
   <div class='ocr_carea' id='block_1_87' title="bbox 1979 2880 3562 2952">
    <p class='ocr_par' dir='ltr' id='par_1_87' title="bbox 1979 2880 3562 2952">
     <span class='ocr_line' id='line_1_87' title="bbox 1979 2880 3562 2952; baseline -0.004 -10"><span class='ocrx_word' id='word_1_432' title='bbox 1979 2887 2178 2941; x_wconf 87' lang='lat' dir='ltr'><strong>Annus</strong></span> <span class='ocrx_word' id='word_1_433' title='bbox 2226 2881 2450 2939; x_wconf 91' lang='lat' dir='ltr'><strong>Domini</strong></span> <span class='ocrx_word' id='word_1_434' title='bbox 2502 2884 2626 2939; x_wconf 88' lang='grc'><strong>912.</strong></span> <span class='ocrx_word' id='word_1_435' title='bbox 2682 2881 3040 2952; x_wconf 89' lang='lat' dir='ltr'><strong>Counradus,</strong></span> <span class='ocrx_word' id='word_1_436' title='bbox 3100 2880 3255 2940; x_wconf 87' lang='lat' dir='ltr'><strong>filius</strong></span> <span class='ocrx_word' id='word_1_437' title='bbox 3276 2880 3562 2939; x_wconf 89' lang='lat' dir='ltr'><strong>Counradi</strong></span> 
     </span>
    </p>
   </div>
   <div class='ocr_carea' id='block_1_88' title="bbox 1919 2969 3564 3045">
    <p class='ocr_par' dir='ltr' id='par_1_88' title="bbox 1919 2969 3564 3045">
     <span class='ocr_line' id='line_1_88' title="bbox 1919 2969 3564 3045; baseline -0.004 -14"><span class='ocrx_word' id='word_1_438' title='bbox 1919 2974 2077 3031; x_wconf 91' lang='lat' dir='ltr'><strong>illius</strong></span> <span class='ocrx_word' id='word_1_439' title='bbox 2105 2987 2272 3045; x_wconf 87' lang='lat' dir='ltr'><strong>quem</strong></span> <span class='ocrx_word' id='word_1_440' title='bbox 2306 2970 2659 3027; x_wconf 87' lang='lat' dir='ltr'><strong>Adalbertus</strong></span> <span class='ocrx_word' id='word_1_441' title='bbox 2700 2970 3203 3039; x_wconf 78' lang='lat' dir='ltr'><strong>Babenbergensis</strong></span> <span class='ocrx_word' id='word_1_442' title='bbox 3243 2969 3564 3040; x_wconf 90' lang='lat' dir='ltr'><strong>interfecit,</strong></span> 
     </span>
    </p>
   </div>
   <div class='ocr_carea' id='block_1_89' title="bbox 1839 3058 3087 3151">
    <p class='ocr_par' dir='ltr' id='par_1_89' title="bbox 1839 3058 3087 3151">
     <span class='ocr_line' id='line_1_89' title="bbox 1839 3058 3087 3151; baseline -0.006 -32"><span class='ocrx_word' id='word_1_443' title='bbox 1839 3088 1890 3151; x_wconf 69' lang='grc' dir='ltr'>Ο</span> <span class='ocrx_word' id='word_1_444' title='bbox 1920 3063 1976 3119; x_wconf 90' lang='lat' dir='ltr'><strong>in</strong></span> <span class='ocrx_word' id='word_1_445' title='bbox 2005 3075 2245 3133; x_wconf 85' lang='lat' dir='ltr'><strong>regnum</strong></span> <span class='ocrx_word' id='word_1_446' title='bbox 2276 3058 2543 3115; x_wconf 90' lang='lat' dir='ltr'><strong>elevatus</strong></span> <span class='ocrx_word' id='word_1_447' title='bbox 2576 3058 2840 3127; x_wconf 84' lang='lat' dir='ltr'><strong>regnavit</strong></span> <span class='ocrx_word' id='word_1_448' title='bbox 2874 3072 3002 3113; x_wconf 89' lang='lat' dir='ltr'><strong>ann.</strong></span> 
     </span>
    </p>
   </div>
   <div class='ocr_carea' id='block_1_90' title="bbox 1992 3144 3570 3220">
    <p class='ocr_par' dir='ltr' id='par_1_90' title="bbox 1992 3144 3570 3220">
     <span class='ocr_line' id='line_1_90' title="bbox 1992 3144 3570 3220; baseline -0.004 -13"><span class='ocrx_word' id='word_1_449' title='bbox 1992 3158 2042 3207; x_wconf 92' lang='lat'><strong>1.</strong></span> <span class='ocrx_word' id='word_1_450' title='bbox 2077 3148 2310 3220; x_wconf 87' lang='lat' dir='ltr'><strong>Ungarii</strong></span> <span class='ocrx_word' id='word_1_451' title='bbox 2341 3147 2413 3204; x_wconf 90' lang='lat' dir='ltr'><strong>ab</strong></span> <span class='ocrx_word' id='word_1_452' title='bbox 2463 3146 2797 3203; x_wconf 86' lang='lat' dir='ltr'><strong>Alamannis</strong></span> <span class='ocrx_word' id='word_1_453' title='bbox 2851 3150 2910 3200; x_wconf 92' lang='lat' dir='ltr'><strong>et</strong></span> <span class='ocrx_word' id='word_1_454' title='bbox 2965 3144 3242 3216; x_wconf 88' lang='lat' dir='ltr'><strong>Bajoariis</strong></span> <span class='ocrx_word' id='word_1_455' title='bbox 3264 3145 3436 3216; x_wconf 86' lang='lat' dir='ltr'><strong>juxta</strong></span> <span class='ocrx_word' id='word_1_456' title='bbox 3464 3145 3570 3202; x_wconf 86' lang='lat' dir='ltr'><strong>flu-</strong></span> 
     </span>
    </p>
   </div>
   <div class='ocr_carea' id='block_1_91' title="bbox 1919 3236 2603 3297">
    <p class='ocr_par' dir='ltr' id='par_1_91' title="bbox 1919 3236 2603 3297">
     <span class='ocr_line' id='line_1_91' title="bbox 1919 3236 2603 3297; baseline -0.012 0"><span class='ocrx_word' id='word_1_457' title='bbox 1919 3238 2076 3297; x_wconf 90' lang='lat' dir='ltr'><strong>vium</strong></span> <span class='ocrx_word' id='word_1_458' title='bbox 2103 3240 2203 3294; x_wconf 92' lang='lat' dir='ltr'><strong>Ine</strong></span> <span class='ocrx_word' id='word_1_459' title='bbox 2232 3236 2603 3294; x_wconf 89' lang='lat' dir='ltr'><strong>occiduntur.</strong></span> 
     </span>
    </p>
   </div>
   <div class='ocr_carea' id='block_1_92' title="bbox 1990 3318 3568 3392">
    <p class='ocr_par' dir='ltr' id='par_1_92' title="bbox 1990 3318 3568 3392">
     <span class='ocr_line' id='line_1_92' title="bbox 1990 3318 3568 3392; baseline -0.005 -9"><span class='ocrx_word' id='word_1_460' title='bbox 1990 3331 2043 3383; x_wconf 91' lang='lat'><strong>2.</strong></span> <span class='ocrx_word' id='word_1_461' title='bbox 2077 3327 2329 3382; x_wconf 69' lang='lat' dir='ltr'><strong>Cometaa</strong></span> <span class='ocrx_word' id='word_1_462' title='bbox 2352 3321 2977 3381; x_wconf 81' lang='lat' dir='ltr'><strong>videntur.Roudolfus</strong></span> <span class='ocrx_word' id='word_1_463' title='bbox 3004 3336 3110 3378; x_wconf 88' lang='lat' dir='ltr'><strong>rex</strong></span> <span class='ocrx_word' id='word_1_464' title='bbox 3133 3320 3302 3378; x_wconf 87' lang='lat' dir='ltr'><strong>obiit.</strong></span> <span class='ocrx_word' id='word_1_465' title='bbox 3330 3318 3568 3392; x_wconf 79' lang='lat' dir='ltr'><strong>Ungarii</strong></span> 
     </span>
    </p>
   </div>
   <div class='ocr_carea' id='block_1_93' title="bbox 1923 3409 3571 3484">
    <p class='ocr_par' dir='ltr' id='par_1_93' title="bbox 1923 3409 3571 3484">
     <span class='ocr_line' id='line_1_93' title="bbox 1923 3409 3571 3484; baseline -0.004 -12"><span class='ocrx_word' id='word_1_466' title='bbox 1923 3414 2315 3472; x_wconf 88' lang='lat' dir='ltr'><strong>Alamanniam</strong></span> <span class='ocrx_word' id='word_1_467' title='bbox 2363 3410 2814 3484; x_wconf 91' lang='lat' dir='ltr'><strong>depopulantur.</strong></span> <span class='ocrx_word' id='word_1_468' title='bbox 2868 3412 3042 3466; x_wconf 88' lang='lat' dir='ltr'><strong>Hatto</strong></span> <span class='ocrx_word' id='word_1_469' title='bbox 3090 3409 3571 3483; x_wconf 89' lang='lat' dir='ltr'><strong>archiepiscopus</strong></span> 
     </span>
    </p>
   </div>
   <div class='ocr_carea' id='block_1_94' title="bbox 1922 3497 2945 3570">
    <p class='ocr_par' dir='ltr' id='par_1_94' title="bbox 1922 3497 2945 3570">
     <span class='ocr_line' id='line_1_94' title="bbox 1922 3497 2945 3570; baseline -0.005 -10"><span class='ocrx_word' id='word_1_470' title='bbox 1922 3503 2187 3560; x_wconf 90' lang='lat' dir='ltr'><strong>moritur.</strong></span> <span class='ocrx_word' id='word_1_471' title='bbox 2226 3502 2326 3558; x_wconf 90' lang='lat' dir='ltr'><strong>Cui</strong></span> <span class='ocrx_word' id='word_1_472' title='bbox 2360 3500 2603 3570; x_wconf 84' lang='lat' dir='ltr'><strong>Heriger</strong></span> <span class='ocrx_word' id='word_1_473' title='bbox 2635 3497 2945 3557; x_wconf 90' lang='lat' dir='ltr'><strong>successit.</strong></span> 
     </span>
    </p>
   </div>
   <div class='ocr_carea' id='block_1_95' title="bbox 1994 3586 3570 3661">
    <p class='ocr_par' dir='ltr' id='par_1_95' title="bbox 1994 3586 3570 3661">
     <span class='ocr_line' id='line_1_95' title="bbox 1994 3586 3570 3661; baseline -0.003 -13"><span class='ocrx_word' id='word_1_474' title='bbox 1994 3596 2045 3648; x_wconf 79' lang='lat'><strong>5.</strong></span> <span class='ocrx_word' id='word_1_475' title='bbox 2081 3590 2349 3647; x_wconf 92' lang='lat' dir='ltr'><strong>Salomon</strong></span> <span class='ocrx_word' id='word_1_476' title='bbox 2376 3588 2689 3661; x_wconf 89' lang='lat' dir='ltr'><strong>episcopus</strong></span> <span class='ocrx_word' id='word_1_477' title='bbox 2718 3590 2929 3659; x_wconf 90' lang='lat' dir='ltr'><strong>captus</strong></span> <span class='ocrx_word' id='word_1_478' title='bbox 2960 3590 3069 3644; x_wconf 90' lang='lat' dir='ltr'><strong>est.</strong></span> <span class='ocrx_word' id='word_1_479' title='bbox 3105 3586 3343 3657; x_wconf 84' lang='lat' dir='ltr'><strong>Ungarii</strong></span> <span class='ocrx_word' id='word_1_480' title='bbox 3386 3590 3570 3643; x_wconf 87' lang='lat' dir='ltr'><strong>totam</strong></span> 
     </span>
    </p>
   </div>
   <div class='ocr_carea' id='block_1_96' title="bbox 1924 3675 3073 3748">
    <p class='ocr_par' dir='ltr' id='par_1_96' title="bbox 1924 3675 3073 3748">
     <span class='ocr_line' id='line_1_96' title="bbox 1924 3675 3073 3748; baseline -0.004 -12"><span class='ocrx_word' id='word_1_481' title='bbox 1924 3679 2316 3736; x_wconf 81' lang='lat' dir='ltr'><strong>Alamanniam</strong></span> <span class='ocrx_word' id='word_1_482' title='bbox 2347 3677 2477 3748; x_wconf 79' lang='lat' dir='ltr'><strong>igne</strong></span> <span class='ocrx_word' id='word_1_483' title='bbox 2507 3678 2565 3733; x_wconf 89' lang='lat' dir='ltr'><strong>et</strong></span> <span class='ocrx_word' id='word_1_484' title='bbox 2588 3675 2784 3746; x_wconf 88' lang='lat' dir='ltr'><strong>gladio</strong></span> <span class='ocrx_word' id='word_1_485' title='bbox 2816 3680 3073 3733; x_wconf 88' lang='lat' dir='ltr'><strong>vastant.</strong></span> 
     </span>
    </p>
   </div>
   <div class='ocr_carea' id='block_1_97' title="bbox 1993 3762 3573 3837">
    <p class='ocr_par' dir='ltr' id='par_1_97' title="bbox 1993 3762 3573 3837">
     <span class='ocr_line' id='line_1_97' title="bbox 1993 3762 3573 3837; baseline -0.004 -13"><span class='ocrx_word' id='word_1_486' title='bbox 1993 3771 2045 3823; x_wconf 88' lang='lat'><strong>6.</strong></span> <span class='ocrx_word' id='word_1_487' title='bbox 2076 3767 2410 3837; x_wconf 84' lang='lat' dir='ltr'><strong>Erchenger</strong></span> <span class='ocrx_word' id='word_1_488' title='bbox 2440 3765 2557 3821; x_wconf 88' lang='lat' dir='ltr'><strong>dux</strong></span> <span class='ocrx_word' id='word_1_489' title='bbox 2588 3767 2645 3821; x_wconf 93' lang='lat' dir='ltr'><strong>et</strong></span> <span class='ocrx_word' id='word_1_490' title='bbox 2679 3763 2853 3820; x_wconf 90' lang='lat' dir='ltr'><strong>Berht</strong></span> <span class='ocrx_word' id='word_1_491' title='bbox 2866 3763 3020 3821; x_wconf 90' lang='lat' dir='ltr'><strong>olfus</strong></span> <span class='ocrx_word' id='word_1_492' title='bbox 3050 3763 3312 3834; x_wconf 75' lang='lat' dir='ltr'><strong>germani</strong></span> <span class='ocrx_word' id='word_1_493' title='bbox 3357 3762 3573 3821; x_wconf 84' lang='lat' dir='ltr'><strong>fratres</strong></span> 
     </span>
    </p>
   </div>
   <div class='ocr_carea' id='block_1_98' title="bbox 1926 3848 3579 3925">
    <p class='ocr_par' dir='ltr' id='par_1_98' title="bbox 1926 3848 3579 3925">
     <span class='ocr_line' id='line_1_98' title="bbox 1926 3848 3579 3925; baseline -0.004 -11"><span class='ocrx_word' id='word_1_494' title='bbox 1926 3856 2298 3914; x_wconf 88' lang='lat' dir='ltr'><strong>decollantur</strong></span> <span class='ocrx_word' id='word_1_495' title='bbox 2326 3858 2394 3911; x_wconf 93' lang='lat'><strong>12</strong></span> <span class='ocrx_word' id='word_1_496' title='bbox 2420 3852 2541 3910; x_wconf 85' lang='lat' dir='ltr'><strong>Kal.</strong></span> <span class='ocrx_word' id='word_1_497' title='bbox 2580 3852 2744 3910; x_wconf 81' lang='lat' dir='ltr'><strong>Febr.</strong></span> <span class='ocrx_word' id='word_1_498' title='bbox 2780 3852 3006 3911; x_wconf 90' lang='lat' dir='ltr'><strong>Basilea</strong></span> <span class='ocrx_word' id='word_1_499' title='bbox 3038 3853 3110 3909; x_wconf 93' lang='lat' dir='ltr'><strong>ab</strong></span> <span class='ocrx_word' id='word_1_500' title='bbox 3164 3851 3437 3925; x_wconf 80' lang='lat' dir='ltr'><strong>Ungariis</strong></span> <span class='ocrx_word' id='word_1_501' title='bbox 3479 3848 3579 3909; x_wconf 86' lang='lat' dir='ltr'><strong>de-</strong></span> 
     </span>
    </p>
   </div>
   <div class='ocr_carea' id='block_1_99' title="bbox 1927 3944 2198 4002">
    <p class='ocr_par' dir='ltr' id='par_1_99' title="bbox 1927 3944 2198 4002">
     <span class='ocr_line' id='line_1_99' title="bbox 1927 3944 2198 4002; baseline -0.015 0"><span class='ocrx_word' id='word_1_502' title='bbox 1927 3944 2198 4002; x_wconf 86' lang='lat' dir='ltr'><strong>struitur.</strong></span> 
     </span>
    </p>
   </div>
   <div class='ocr_carea' id='block_1_100' title="bbox 1998 4025 3577 4101">
    <p class='ocr_par' dir='ltr' id='par_1_100' title="bbox 1998 4025 3577 4101">
     <span class='ocr_line' id='line_1_100' title="bbox 1998 4025 3577 4101; baseline -0.004 -13"><span class='ocrx_word' id='word_1_503' title='bbox 1998 4038 2049 4089; x_wconf 92' lang='lat'><strong>7.</strong></span> <span class='ocrx_word' id='word_1_504' title='bbox 2083 4029 2318 4101; x_wconf 89' lang='lat' dir='ltr'><strong>Ungarii</strong></span> <span class='ocrx_word' id='word_1_505' title='bbox 2348 4041 2451 4100; x_wconf 91' lang='lat' dir='ltr'><strong>per</strong></span> <span class='ocrx_word' id='word_1_506' title='bbox 2504 4026 2921 4097; x_wconf 87' lang='lat' dir='ltr'><strong>Alamanniam,</strong></span> <span class='ocrx_word' id='word_1_507' title='bbox 2977 4025 3278 4097; x_wconf 87' lang='lat' dir='ltr'><strong>Alsatiam,</strong></span> <span class='ocrx_word' id='word_1_508' title='bbox 3335 4038 3577 4097; x_wconf 74' lang='lat' dir='ltr'><strong>regnum</strong></span> 
     </span>
    </p>
   </div>
   <div class='ocr_carea' id='block_1_101' title="bbox 1930 4112 3572 4179">
    <p class='ocr_par' dir='ltr' id='par_1_101' title="bbox 1930 4112 3572 4179">
     <span class='ocr_line' id='line_1_101' title="bbox 1930 4112 3572 4179; baseline -0.004 -1"><span class='ocrx_word' id='word_1_509' title='bbox 1930 4119 2182 4179; x_wconf 88' lang='lat' dir='ltr'><strong>Lotharii</strong></span> <span class='ocrx_word' id='word_1_510' title='bbox 2232 4116 2529 4174; x_wconf 90' lang='lat' dir='ltr'><strong>invadunt.</strong></span> <span class='ocrx_word' id='word_1_511' title='bbox 2583 4115 2957 4173; x_wconf 88' lang='lat' dir='ltr'><strong>Burchardus</strong></span> <span class='ocrx_word' id='word_1_512' title='bbox 3008 4115 3126 4174; x_wconf 88' lang='lat' dir='ltr'><strong>dux</strong></span> <span class='ocrx_word' id='word_1_513' title='bbox 3182 4112 3572 4173; x_wconf 78' lang='lat' dir='ltr'><strong>constituitur</strong></span> 
     </span>
    </p>
   </div>
   <div class='ocr_carea' id='block_1_102' title="bbox 1933 4204 2594 4266">
    <p class='ocr_par' dir='ltr' id='par_1_102' title="bbox 1933 4204 2594 4266">
     <span class='ocr_line' id='line_1_102' title="bbox 1933 4204 2594 4266; baseline -0.008 -2"><span class='ocrx_word' id='word_1_514' title='bbox 1933 4206 2273 4266; x_wconf 91' lang='lat' dir='ltr'><strong>Counradus</strong></span> <span class='ocrx_word' id='word_1_515' title='bbox 2302 4219 2407 4262; x_wconf 89' lang='lat' dir='ltr'><strong>rex</strong></span> <span class='ocrx_word' id='word_1_516' title='bbox 2429 4204 2594 4262; x_wconf 88' lang='lat' dir='ltr'><strong>obiit.</strong></span> 
     </span>
    </p>
   </div>
   <div class='ocr_carea' id='block_1_103' title="bbox 2537 4442 2710 4499">
    <p class='ocr_par' dir='ltr' id='par_1_103' title="bbox 2537 4442 2710 4499">
     <span class='ocr_line' id='line_1_103' title="bbox 2537 4442 2710 4499; baseline -0.012 0"><span class='ocrx_word' id='word_1_517' title='bbox 2537 4442 2710 4499; x_wconf 90' lang='lat' dir='ltr'><strong>Baba.</strong></span> 
     </span>
    </p>
   </div>
   <div class='ocr_carea' id='block_1_104' title="bbox 2009 4442 3291 4614">
    <p class='ocr_par' dir='ltr' id='par_1_104' title="bbox 2009 4442 3291 4614">
     <span class='ocr_line' id='line_1_104' title="bbox 2537 4442 2710 4499; baseline -0.006 0"><span class='ocrx_word' id='word_1_518' title='bbox 2537 4442 2579 4499; x_wconf 92' lang='lat' dir='ltr'><strong>B</strong></span> <span class='ocrx_word' id='word_1_519' title='bbox 2659 4456 2710 4499; x_wconf 93' lang='lat' dir='ltr'><strong>a.</strong></span> 
     </span>
     <span class='ocr_line' id='line_1_105' title="bbox 2009 4442 3291 4614; baseline -0.008 -11"><span class='ocrx_word' id='word_1_520' title='bbox 2009 4543 2361 4603; x_wconf 86' lang='lat' dir='ltr'><strong>Adalbertus</strong></span> <span class='ocrx_word' id='word_1_521' title='bbox 2385 4555 2556 4614; x_wconf 89' lang='lat' dir='ltr'><strong>quem</strong></span> <span class='ocrx_word' id='word_1_522' title='bbox 2583 4442 2929 4601; x_wconf 49' lang='lat' dir='ltr'><strong>:zdewicus</strong></span> <span class='ocrx_word' id='word_1_523' title='bbox 2960 4535 3291 4596; x_wconf 88' lang='lat' dir='ltr'><strong>decollavit.</strong></span> 
     </span>
    </p>
   </div>
   <div class='ocr_carea' id='block_1_105' title="bbox 1150 4739 2137 4815">
    <p class='ocr_par' dir='ltr' id='par_1_105' title="bbox 1150 4739 2137 4815">
     <span class='ocr_line' id='line_1_106' title="bbox 1150 4739 2137 4815; baseline -0.003 -18"><span class='ocrx_word' id='word_1_524' title='bbox 1150 4741 1328 4798; x_wconf 89' lang='lat' dir='ltr'><strong>Ottho</strong></span> <span class='ocrx_word' id='word_1_525' title='bbox 1374 4742 1696 4814; x_wconf 88' lang='lat' dir='ltr'><strong>imperator</strong></span> <span class='ocrx_word' id='word_1_526' title='bbox 1727 4743 1950 4815; x_wconf 86' lang='lat' dir='ltr'><strong>absque</strong></span> <span class='ocrx_word' id='word_1_527' title='bbox 1982 4739 2137 4796; x_wconf 85' lang='lat' dir='ltr'><strong>filiis.</strong></span> 
     </span>
    </p>
   </div>
   <div class='ocr_carea' id='block_1_106' title="bbox 1863 4831 1918 4891">
    <p class='ocr_par' dir='ltr' id='par_1_106' title="bbox 1863 4831 1918 4891">
     <span class='ocr_line' id='line_1_107' title="bbox 1863 4831 1918 4891; baseline 0 0"><span class='ocrx_word' id='word_1_528' title='bbox 1863 4831 1918 4891; x_wconf 93' lang='lat' dir='ltr'><strong>D</strong></span> 
     </span>
    </p>
   </div>
   <div class='ocr_carea' id='block_1_107' title="bbox 2010 5213 3593 5291">
    <p class='ocr_par' dir='ltr' id='par_1_107' title="bbox 2010 5213 3593 5291">
     <span class='ocr_line' id='line_1_108' title="bbox 2010 5213 3593 5291; baseline -0.001 -14"><span class='ocrx_word' id='word_1_529' title='bbox 2010 5224 2065 5277; x_wconf 89' lang='lat'><strong>7.</strong></span> <span class='ocrx_word' id='word_1_530' title='bbox 2097 5216 2291 5291; x_wconf 70' lang='lat' dir='ltr'><strong>(ES.</strong></span> <span class='ocrx_word' id='word_1_531' title='bbox 2320 5213 2616 5290; x_wconf 79' lang='lat' dir='ltr'><strong>)Sanguis</strong></span> <span class='ocrx_word' id='word_1_532' title='bbox 2659 5213 2883 5274; x_wconf 89' lang='lat' dir='ltr'><strong>Domini</strong></span> <span class='ocrx_word' id='word_1_533' title='bbox 2930 5214 2988 5273; x_wconf 91' lang='lat' dir='ltr'><strong>in</strong></span> <span class='ocrx_word' id='word_1_534' title='bbox 3042 5215 3285 5288; x_wconf 78' lang='lat' dir='ltr'><strong>Augiam</strong></span> <span class='ocrx_word' id='word_1_535' title='bbox 3340 5213 3593 5276; x_wconf 84' lang='lat' dir='ltr'><strong>insulam</strong></span> 
     </span>
    </p>
   </div>
   <div class='ocr_carea' id='block_1_108' title="bbox 1941 5307 2121 5365">
    <p class='ocr_par' dir='ltr' id='par_1_108' title="bbox 1941 5307 2121 5365">
     <span class='ocr_line' id='line_1_109' title="bbox 1941 5307 2121 5365; baseline -0.006 0"><span class='ocrx_word' id='word_1_536' title='bbox 1941 5307 2121 5365; x_wconf 86' lang='lat' dir='ltr'><strong>venit.</strong></span> 
     </span>
    </p>
   </div>
   <div class='ocr_carea' id='block_1_109' title="bbox 2012 5390 3597 5469">
    <p class='ocr_par' dir='ltr' id='par_1_109' title="bbox 2012 5390 3597 5469">
     <span class='ocr_line' id='line_1_110' title="bbox 2012 5390 3597 5469; baseline -0.003 -13"><span class='ocrx_word' id='word_1_537' title='bbox 2012 5400 2066 5456; x_wconf 91' lang='lat'>8.</span> <span class='ocrx_word' id='word_1_538' title='bbox 2102 5391 2357 5469; x_wconf 63' lang='lat' dir='ltr'><strong>Mi</strong></span> <span class='ocrx_word' id='word_1_539' title='bbox 2405 5397 2592 5452; x_wconf 85' lang='lat' dir='ltr'><strong>totam</strong></span> <span class='ocrx_word' id='word_1_540' title='bbox 2643 5391 2967 5466; x_wconf 87' lang='lat' dir='ltr'><strong>Franciam,</strong></span> <span class='ocrx_word' id='word_1_541' title='bbox 3016 5391 3259 5451; x_wconf 84' lang='lat' dir='ltr'><strong>Galliam</strong></span> <span class='ocrx_word' id='word_1_542' title='bbox 3314 5390 3597 5451; x_wconf 78' lang='lat' dir='ltr'><strong>Alsatiam</strong></span> 
     </span>
    </p>
   </div>
   <div class='ocr_carea' id='block_1_110' title="bbox 1942 5478 3602 5562">
    <p class='ocr_par' dir='ltr' id='par_1_110' title="bbox 1942 5478 3602 5562">
     <span class='ocr_line' id='line_1_111' title="bbox 1942 5478 3602 5562; baseline -0.001 -16"><span class='ocrx_word' id='word_1_543' title='bbox 1942 5491 2121 5562; x_wconf 82' lang='lat' dir='ltr'><strong>atque</strong></span> <span class='ocrx_word' id='word_1_544' title='bbox 2148 5482 2551 5547; x_wconf 78' lang='lat' dir='ltr'><strong>Alamanniam</strong></span> <span class='ocrx_word' id='word_1_545' title='bbox 2575 5478 2783 5557; x_wconf 65' lang='lat' dir='ltr'><strong>gladio</strong></span> <span class='ocrx_word' id='word_1_546' title='bbox 2806 5484 2869 5543; x_wconf 83' lang='lat' dir='ltr'><strong>et</strong></span> <span class='ocrx_word' id='word_1_547' title='bbox 2914 5483 3045 5556; x_wconf 75' lang='lat' dir='ltr'><strong>igne</strong></span> <span class='ocrx_word' id='word_1_548' title='bbox 3093 5483 3427 5547; x_wconf 62' lang='lat' dir='ltr'><strong>devastat.</strong></span> <span class='ocrx_word' id='word_1_549' title='bbox 3456 5482 3602 5545; x_wconf 83' lang='lat' dir='ltr'><strong>Bur-</strong></span> 
     </span>
    </p>
   </div>
  </div>
