3964 6044
393 207 509 275 48³7

1508 282 1509 285 γ
1557 196 2041 264 EKKEHARDI
2086 195 2641 263 URAUGIENSIS

3686 194 3822 261 488

331 354 346 391 δ
393 344 647 402 chardus
714 345 830 400 dux
896 341 1206 398 occiditur.
1287 342 1633 397 IIerimanno
1703 338 2040 392 Alamanma
2072 337 2126 396 A
2226 338 2312 390 26.
2346 335 2524 391 Ottho
2556 350 2657 391 rex
2688 336 2926 390 Romam
2960 332 3216 403 veniens,
3273 332 3592 404 imperator
3632 333 3824 390 eﬂici-

393 449 518 490 com
529 434 799 489 mittitur.

468 528 552 578 11.
586 522 827 591 Heriger
854 519 1334 591 archiepiscopus
1363 517 1529 573 obiit.
1567 518 1679 571 Pro
1723 529 1837 584 quo
1880 511 2047 568 IIilti-

400 612 623 667 bertus.

472 704 555 757 12.
592 697 899 753 Heinricus
932 711 1034 752 rex
1064 694 1350 752 Boemiam
1379 693 1545 764 petit.

469 791 555 844 13.
592 792 660 842 17
690 785 813 841 Kal.
848 787 979 841 Dec.
1009 784 1209 840 Thieto
1230 780 2046 851 Wirciburgensisepiscopus

404 875 591 941 obiit;
623 874 779 931 sedit
810 887 939 928 ann.
970 876 1057 942 24,
1094 887 1166 927 m.
1202 876 1254 939 2,
1288 871 1461 943 (1.14.
1499 869 1804 925 Heinricus
1852 882 2045 936 regem

400 963 815 1019 Abodritarum
845 966 904 1017 et
933 961 1433 1016 Nordmannorum
1464 957 1843 1013 christianum
1886 954 2043 1010 fecit.

471 1055 558 1108 15.
595 1050 902 1107 Heinricus
920 1048 1205 1118 Ungarios
1239 1048 1295 1102 in
1327 1046 1555 1103 Suirbia
1588 1044 1900 1102 interfecit.

469 1143 553 1195 16.
591 1138 876 1208 Notingus
909 1135 1372 1194 Constantiensis
1400 1135 1712 1206 episcOpus
1742 1133 1907 1189 obiit.
1935 1133 2046 1187 Pro

399 1242 514 1299 quo
545 1226 907 1293 Counradus.

467 1321 553 1372 17.
585 1314 629 1348 ⁸⁷
659 1315 968 1371 Heinricus
999 1328 1100 1370 rex
1134 1313 1297 1370 obiit.

469 1407 667 1461 Annus
696 1404 925 1460 Domini
960 1407 1081 1459 937.
1118 1401 1257 1458 Otto
1289 1402 1545 1472 Magnus,
1576 1398 1825 1455 Heinrici
1867 1396 2043 1469 Illius,

396 1508 528 1549 ann.
563 1493 650 1549 38.

469 1587 518 1637 1.
572 1580 809 1650 Ungarii
859 1579 1181 1649 Franciam,
1234 1576 1914 1648 Alamanniam,Galliam
1958 1591 2046 1632 us-

2158 426 2271 479 tur.
2306 424 2538 493 Signum
2571 424 2626 478 in
2660 424 2803 480 sole.

2225 515 2312 566 27.
2358 512 2538 569 Ottho
2587 512 2905 584 imperator
2948 510 3145 566 natale
3186 510 3412 567 Domini
3461 511 3654 583 Papia}
3698 526 3829 565 mo—

2158 605 2339 657 ratur.

2224 693 2310 745 28.
2344 691 2485 745 Item
2519 689 2697 744 Ottho
2726 688 2918 745 natale
2950 688 3175 744 Domini
3208 690 3402 745 Romae
3452 693 3739 745 moratur.

2228 781 2312 834 31.
2350 777 2527 832 Ottho
2562 777 2877 848 imperator
2910 778 2981 832 de
3010 777 3176 832 Italia
3212 776 3381 832 redit.

2227 870 2312 921 32.
2349 867 2418 921 Et
2448 865 2817 922 Burchardus
2847 865 2965 920 dux
2996 865 3054 919 in
3090 864 3257 920 Italia
3295 864 3549 921 rebelles
3604 866 3823 922 caesari

2158 953 2314 1009 vicit.
2350 953 2613 1024 Eclypsis
2647 952 2789 1009 solis
2822 953 2971 1008 facta
3001 958 3110 1008 est.
3146 957 3203 1009 11
3242 953 3364 1008 Kal.
3393 955 3527 1009 Dec.

2227 1047 2313 1097 35.
2347 1042 2581 1111 Signum
2616 1040 2903 1112 quoddam
2936 1040 3090 1110 ignei
3125 1041 3344 1098 coloris
3373 1042 3430 1097 in
3461 1041 3615 1098 coelo
3638 1056 3826 1114 appa-

2158 1131 2295 1188 ruit.

2229 1223 2313 1275 38.
2352 1219 2529 1275 Ottho
2560 1219 2880 1290 imperator
2910 1220 3053 1274 Non.
3091 1220 3196 1275 Mai
3228 1220 3375 1275 obiit
3398 1220 3646 1276 Sanctus
3703 1220 3823 1276 Ou-

2158 1307 2418 1364 dalricus
2450 1307 2591 1363 obiit
2627 1320 2777 1363 anno
2805 1307 3185 1379 episcopatus
3214 1308 3304 1365 sui
3332 1313 3418 1365 50.

2230 1399 2426 1453 Annus
2466 1397 2689 1452 Domini
2741 1401 2863 1452 975.
2917 1396 3097 1452 Ottho
3145 1396 3458 1468 secundus,
3529 1396 3823 1453 Otthonis

2157 1484 2342 1555 Magni
2377 1483 2552 1556 ﬁlius,
2588 1500 2718 1540 ann.
2755 1491 2807 1542 9.

2228 1577 2278 1629 8.
2312 1573 2490 1630 Ottho
2536 1573 2876 1644 imperator,
2930 1573 3083 1645 apud
3140 1573 3466 1630 Galabriam
3528 1574 3735 1630 occiso
3788 1589 3823 1630 a

398 1684 510 1741 que
544 1670 837 1725 Oceanum
865 1674 925 1724 et
954 1666 1341 1738 Burgundiam
1371 1667 1767 1734 devastantes,
1801 1680 1903 1737 per
1934 1666 2045 1719 Ita-
2076 1670 2127 1728 Β
2157 1663 2358 1718 Grecis
2387 1663 2673 1734 exercitu,
2728 1664 2798 1720 de
2847 1664 2977 1719 navi
3026 1663 3294 1731 exiliens,
3347 1663 3597 1732 aufugit.
3636 1663 3826 1719 Ottho

398 1758 534 1814 liam
570 1757 891 1813 redierunt.
926 1756 1271 1813 Monasteria
1325 1755 1511 1811 sancti
1558 1754 1701 1811 Galli
1752 1758 1809 1809 et
1856 1753 2042 1810 sancti

399 1845 680 1901 Bonifacii
709 1849 1062 1901 cremantur.
1106 1843 1380 1900 Arnolfus
1428 1843 1772 1900 Noricorum
1821 1843 1939 1899 dux
1985 1846 2042 1897 et

396 1932 724 1990 Roudolfus
757 1946 860 1989 rex
892 1933 1184 1989 obierunt.

466 2025 518 2077 2.
545 2021 852 2078 Heinricus
885 2022 1065 2078 frater
1099 2021 1348 2090 Ottonis,
1386 2021 1457 2076 ab
1509 2020 1843 2077 Eberhardo
1892 2034 2046 2077 com-

398 2110 726 2182 prehensus
758 2114 866 2167 est.

470 2203 520 2254 3.
557 2198 910 2255 Gisilbertus
938 2203 998 2254 et
1033 2197 1382 2255 Adalbertus
1412 2197 1593 2254 occisi
1627 2201 1785 2268 sunt,
1812 2202 1871 2251 et
1894 2196 2047 2268 cpis-

399 2286 529 2359 copi
562 2287 619 2342 in
650 2287 841 2357 fugam
872 2292 1004 2344 sunt
1039 2286 1203 2357 lapsi.

470 2378 520 2432 4.
555 2380 588 2431 8
620 2376 741 2431 Kal.
777 2378 913 2448 Apr.
943 2375 1139 2446 junior
1187 2374 1562 2431 Burchardus
1612 2374 2048 2443 Wirciburgen-

397 2464 480 2520 sis
520 2464 836 2536 episcopus
885 2465 1072 2531 obiit;
1128 2464 1280 2519 sedit
1329 2480 1460 2519 ann.
1512 2468 1563 2533 9,
1617 2479 1691 2517 In.
1746 2468 1797 2532 3,
1848 2462 1902 2518 d.
1956 2466 2042 2516 23.

397 2553 632 2625 Hiemps
662 2552 852 2609 valida
885 2557 941 2609 et
974 2551 1301 2608 mortalitas
1333 2551 1663 2608 animalium
1698 2552 1866 2607 facta.

466 2646 516 2695 5.
554 2641 732 2696 Ottho
763 2641 976 2697 Gallias
1005 2641 1175 2711 petit.

465 2731 517 2782 6.
556 2728 735 2784 Ottho
767 2743 870 2783 rex
904 2734 963 2784 et
994 2729 1338 2785 Ludewicus
1368 2728 1767 2799 paciﬁcautnr.

467 2818 518 2870 8.
552 2815 788 2883 Ungarii
813 2830 942 2872 cum
968 2815 1251 2885 Bajoariis
1273 2822 1533 2886 pugnant
1557 2820 1613 2871 et
1638 2816 1951 2872 vincuntur
1979 2813 2043 2871 ⁸⁸.

474 2907 560 2959 10.
599 2903 778 2959 Ottho
810 2919 911 2960 rex
942 2903 1184 2959 Galliam
1216 2904 1562 2974 ingreditur.

470 2992 941 3084 11.‘Berhtolfus
987 2992 1381 3084 Dajoariorum
1439 2992 1553 3084 dux
1614 2992 1879 3049 moritur.
1943 2991 2125 3084 GuiC

398 3080 727 3151 Heinricus,
761 3082 945 3137 frater
977 3082 1250 3139 Otthonis
1283 3081 1589 3138 successit.

467 3172 554 3224 13.
606 3170 995 3227 Herimannus
1040 3170 1159 3228 dux
1207 3170 1654 3226 Alamannorum
1705 3168 1872 3225 obiit.
1932 3170 2045 3223 Pro

396 3271 509 3329 quo
538 3256 857 3329 Luidolfus,
893 3257 1049 3315 filius
1083 3257 1354 3314 Otthonis
1385 3258 1563 3327 regis.

468 3347 554 3400 14.
583 3345 763 3402 Ottho
796 3360 899 3402 rex
930 3345 1152 3401 Italiam
1186 3346 1334 3417 petit
1359 3359 1602 3417 eamque
1623 3345 1734 3401 sibi
1761 3344 2043 3416 subjecit;

398 3431 788 3503 Berengerum
822 3447 1014 3504 regem
1047 3433 1294 3505 expulit.

466 3525 553 3576 15.
588 3520 868 3591 Beringer
895 3521 1048 3594 apud
1068 3524 1387 3592 Augustam
1403 3521 1459 3576 in
1480 3524 1770 3578 conventu
1791 3520 2030 3577 Otthoni

395 3607 467 3665 ad
500 3608 924 3666 deditionem“
952 3610 1129 3667 venit.
1180 3609 1319 3666 Inde
1365 3625 1496 3668 cum
1548 3610 1748 3680 regina
1795 3611 2042 3680 conjuge

395 3697 520 3767 ejus
548 3697 720 3754 Willa
752 3698 982 3755 nomine
1010 3697 1082 3756 ad
1106 3698 1413 3756 castellum
1438 3699 1814 3756 Babenberch
1831 3697 2071 3754 deduc-.

391 3788 508 3855 tus,
542 3791 890 3857 praesentem
920 3787 1099 3844 vitam
1128 3787 1363 3844 clausit.
1391 3787 1493 3857 (H.
1526 3788 1621 3858 δ’.)
1647 3787 1869 3857 Ignitus
1891 3786 2042 3857 lapis

392 3873 558 3944 quasi
586 3889 773 3931 massa
801 3876 1108 3933 candentis
1142 3876 1278 3933 ferri
1316 3876 1386 3932 ab
1433 3875 1741 3933 occidente
1793 3873 2043 3932 volitans

391 3961 551 4019 venit
579 3980 594 4029 ;
625 3966 687 4019 et
713 3963 890 4021 draco
921 3965 1081 4023 visus
1111 3968 1224 4022 est.

462 4054 550 4108 16.
583 4050 764 4109 Ottho
796 4066 900 4109 rex
927 4067 1040 4111 una
1082 4068 1214 4111 cum
1268 4052 1387 4109 ﬁlio
1434 4052 1659 4109 Italiam
1709 4052 1910 4122 intrat,
1977 4065 2042 4108 ac

392 4139 609 4212 nuptia
640 4140 868 4211 regales
898 4142 1092 4215 Papia;
1126 4143 1294 4199 factae
1326 4146 1483 4198 sunt.

460 4231 547 4286 17.
583 4228 869 4288 Luitolfus
899 4231 1018 4288 dux
1049 4230 1290 4287 Otthoni
1316 4229 1440 4301 regi
1464 4228 1616 4302 patri
1641 4243 1746 4286 suo
1771 4225 2038 4284 rebellat.

393 4313 753 4374 Adalbertus
778 4332 974 4376 comes
1000 4319 1312 4376 occiditur.

466 4406 555 4460 18.
589 4405 827 4476 Ungarii
867 4406 1156 4479 Noricam,
1215 4405 1515 4463 Franciam
1556 4402 1898 4475 Italiamque
1948 4416 2046 4474 pe-
2073 4376 2128 4436 D

396 4492 553 4548 tunt.

465 4584 554 4636 19.
591 4580 830 4653 Ungarii
858 4585 1042 4641 totam
1064 4579 1393 4654 Bajoariam
1417 4577 1863 4656 depOpulantes,
1879 4578 2049 4651 juxta

395 4668 718 4739 Augustam
750 4670 1105 4730 Alamanniae
1138 4673 1340 4730 urbem
1372 4673 1444 4729 ab
1477 4671 1730 4728 Otthone
1764 4681 1900 4741 rege
1951 4682 2051 4740 pu-

396 4767 509 4826 gna
540 4756 703 4831 victi,
738 4759 998 4818 inmensa
1029 4760 1189 4820 caade
1218 4764 1522 4818 necantur.

474 4848 563 4906 20.
600 4848 893 4906 Luitolfus
925 4849 1046 4906 dux
1073 4847 1373 4907 hostiliter
1404 4847 1629 4904 Italiam
1660 4845 1893 4903 invasit.

469 4946 559 4999 21.
592 4938 879 4996 Luitolfus
911 4937 1291 4994 Adalbertum
1324 4936 1479 4994 bello
1509 4936 1674 5007 vicit,
1707 4938 1766 4991 et
1800 4934 1927 5007 ipso
1959 4948 2056 4991 eo-

397 5027 526 5087 dem
568 5042 718 5086 anno
748 5025 1015 5083 moritur.

475 5119 563 5171 23.
603 5115 822 5171 Cruces
854 5113 911 5171 in
941 5113 1209 5171 vestibus
1241 5114 1662 5185 apparuerunt.

477 5200 568 5261 24.
606 5206 674 5258 15
700 5202 824 5259 Kal.
857 5201 992 5258 Mar.
1038 5202 1240 5259 Pobbo
1286 5198 1778 5268 Wirciburgensis
1824 5197 2058 5269 episco-

413 5304 528 5365 pus
556 5287 701 5348 obiit
728 5307 743 5357 ;
770 5288 924 5346 sedit
955 5302 1089 5346 ann.
1118 5292 1206 5361 20,
1240 5303 1313 5346 ω.
1349 5291 1434 5361 10,
1467 5287 1522 5343 d.
1554 5289 1639 5343 14.

2157 1751 2274 1808 dux
2305 1751 2472 1807 obiit.

2227 1844 2277 1896 9.
2327 1844 2388 1897 11
2442 1839 2564 1896 Kal.
2617 1842 2761 1909 Aug.
2814 1841 3012 1911 junior
3056 1842 3256 1897 Pobbo
3306 1841 3823 1912 Wirciburgensis

2155 1929 2468 2000 episcopus
2498 1928 2679 1994 obiit;
2714 1929 2873 1985 sedit
2904 1944 3035 1985 ann.
3067 1934 3156 2001 22,
3192 1945 3264 1985 m.
3318 1933 3369 2000 4,
3423 1931 3478 1987 d.
3531 1935 3621 1986 21.
3673 1932 3824 1987 Otto

2158 2021 2479 2093 imperator
2507 2022 2703 2078 Romae
2747 2026 2780 2076 6
2831 2021 2967 2078 Idus
3010 2024 3144 2078 Dec.
3199 2022 3446 2079 moritur
3492 2026 3553 2077 et
3603 2022 3823 2094 sepeli-

2156 2114 2273 2167 tur.

2230 2201 2430 2256 Annus
2455 2200 2678 2255 Domini
2707 2203 2831 2257 984.
2859 2201 2997 2256 Otto
3020 2199 3264 2270 tercius,
3283 2199 3820 2257 Otthonissecundi

2159 2286 2330 2355 filius,
2364 2287 2671 2344 admodum
2705 2303 2870 2360 puer,
2902 2304 3033 2344 ann.
3071 2292 3154 2343 18.

2231 2380 2279 2429 5.
2319 2377 2519 2432 Fames
2548 2391 2772 2446 magna.

2228 2465 2278 2516 6.
2315 2463 2347 2515 4
2383 2463 2505 2518 Kal.
2560 2466 2717 2534 Sept.
2780 2466 2901 2521 Huc
2950 2464 3450 2534 Wirciburgensis
3493 2466 3822 2537 episcopus

2158 2549 2326 2615 obiit;
2358 2551 2509 2606 sedit
2543 2567 2713 2607 annn.
2741 2556 2793 2621 6,
2831 2568 2902 2608 m.
2933 2559 2987 2623 7,
3021 2553 3076 2608 d.
3110 2557 3198 2609 28.

2234 2644 2318 2696 11.
2355 2640 2604 2696 Sanctus
2635 2640 3008 2710 Adalbertus,
3043 2642 3357 2713 episcopus
3380 2640 3452 2697 de
3472 2642 3823 2712 Pragacivi-

2159 2732 2303 2798 tate,
2338 2744 2365 2783 a
2401 2729 2608 2785 Prucis
2640 2730 2918 2800 martyrio
2947 2735 3284 2786 coronatur.
3312 2735 3381 2787 12
3403 2730 3525 2787 Kal.
3553 2732 3684 2788 Oct.
3716 2733 3824 2787 Be-

2158 2817 2506 2874 renwardus
2539 2817 3034 2887 Wirciburgensis
3060 2818 3378 2890 episcopus
3426 2819 3609 2887 obiit;
3660 2821 3819 2877 sedit

2157 2919 2287 2961 ann.
2326 2911 2376 2971 5,
2409 2921 2480 2961 m.
2516 2912 2569 2977 8,
2605 2906 2660 2961 d.
2696 2911 2780 2962 19.

2230 2997 2315 3049 14.
2352 2994 2452 3064 (Η.
2487 2997 2581 3066 S.)
2614 2996 2956 3053 Counradus
2986 2996 3103 3053 dux
3131 2997 3294 3053 obiit.

2228 3086 2312 3137 18.
2349 3082 2527 3138 Ottho
2558 3082 2880 3153 imperator
2904 3085 2961 3139 in
2992 3084 3157 3140 Italia
3189 3085 3354 3141 obiit.
3391 3089 3423 3139 5
3454 3084 3577 3140 Kal.
3616 3086 3817 3153 Febr.,

2155 3167 2321 3237 cujus
2354 3168 2632 3225 intestina
2664 3171 2964 3243 Augustae,
2997 3170 3285 3241 reliquum
3334 3186 3554 3243 corpus
3602 3173 3822 3243 Aquis-

2153 3256 2318 3327 grani
2350 3256 2661 3328 sepelitur.

2226 3344 2532 3402 Heinricus
2561 3345 2680 3420 dux
2714 3346 2999 3417 Bajoaria:
3034 3362 3139 3404 rex
3169 3347 3413 3406 effectus
3444 3362 3577 3406 ann.
3611 3353 3709 3420 23,
3748 3365 3824 3405 ω.

2150 3437 2186 3490 2
2212 3432 2275 3486 ⁸ο.

2220 3526 2270 3578 2.
2308 3522 2618 3581 Heinricus
2654 3539 2757 3581 rex
2796 3526 3131 3584 Heinricum
3156 3527 3547 3584 marchionem
3569 3532 3629 3584 et
3674 3528 3829 3585 alios

2150 3610 2263 3667 sibi
2294 3610 2638 3669 resistentes
2664 3628 2794 3669 cum
2825 3614 3095 3670 exercitu
3130 3616 3298 3686 petit.

2224 3702 2274 3754 3.
2320 3698 2626 3756 Heinricus
2654 3715 2760 3756 rex
2782 3700 3030 3771 Italiam,
3066 3703 3356 3759 Boemiam
3406 3706 3464 3759 et
3516 3701 3827 3760 Bolizaum

2152 3786 2367 3844 ducem
2397 3802 2530 3844 cum
2562 3788 2715 3844 omni
2745 3794 2921 3857 gente
2951 3789 3291 3847 Sclavorum
3320 3791 3687 3861 subjugavit.

2228 3880 2278 3932 4.
2314 3877 2513 3946 Magna
2544 3877 2724 3933 fames
2759 3876 2910 3933 facta
2943 3881 3057 3933 est.

2226 3969 2276 4020 6.
2315 3964 2689 4036 Episcopium
2723 3965 3064 4036 Babenberg
3084 3980 3113 4023 a
3139 3979 3278 4038 rege
3296 3967 3570 4023 Heinrico
3600 3972 3827 4025 consti-

2153 4052 2361 4123 tuitur,
2397 4057 2456 4109 et
2487 4052 2863 4110 Eberhardus
2895 4053 2973 4110 ibi
3003 4055 3317 4126 episcopus
3347 4054 3680 4112 ordinatur.

2225 4145 2277 4196 8.
2314 4141 2467 4197 Brun
2495 4141 2810 4212 episcopus
2839 4145 2899 4197 et
2931 4142 3250 4199 monachus
3282 4158 3312 4198 a
3352 4143 3557 4200 Prucis
3608 4144 3824 4202 multis

2155 4229 2464 4302 suppliciis
2495 4229 2763 4300 amictus,
2790 4234 2849 4287 et
2874 4231 3141 4289 manibus
3158 4230 3523 4303 pedibusque
3537 4233 3822 4306 abscisns,

2158 4322 2457 4391 postremo
2483 4317 2676 4389 capite
2709 4318 2941 4390 pluxus,
2973 4319 3152 4376 caelos
3187 4320 3380 4391 petiit.

2231 4409 2314 4461 13.
2350 4406 2459 4477 (Η.
2495 4406 2589 4477 S.)
2618 4406 2922 4463 Heinricus
2962 4408 3156 4464 Romae
3211 4406 3496 4480 imperiali
3544 4407 3827 4466 benedic-

2158 4493 2315 4550 tione
2346 4498 2662 4551 coronatur
2689 4509 2720 4551 a
2752 4494 3070 4552 Benedicto
3104 4510 3275 4568 papa.

2228 4582 2315 4636 14.
2351 4579 2563 4635 Ernest
2593 4579 2712 4636 dux
2741 4580 2800 4637 in
2834 4584 3051 4638 venatu
3083 4581 3396 4640 occiditur.

2235 4669 2320 4723 16.
2356 4669 2423 4722 18
2455 4666 2576 4723 Kal.
2617 4669 2752 4724 Dec.
2804 4668 3111 4726 Heinricus
3155 4670 3651 4742 Wirciburgensis
3696 4672 3827 4744 epi-

2162 4770 2382 4829 scopus
2409 4755 2552 4813 obiit
2581 4774 2597 4826 ;
2629 4756 2783 4815 sedit
2813 4772 2942 4815 ann.
2977 4762 3066 4832 23,
3108 4774 3183 4817 m.
3214 4764 3264 4832 5,
3300 4760 3356 4817 d.
3391 4763 3479 4817 22.

2231 4845 2651 4916 Megingaudus
2693 4847 3073 4905 Treverorum
3120 4848 3441 4920 episcopus
3486 4849 3651 4906 obiit.
3702 4849 3826 4907 Pro

2163 4947 2277 5005 quo
2306 4934 2529 5005 Poppo.

2235 5026 2302 5077 17
2334 5022 2684 5094 Lantpertus
2713 5023 3031 5096 episcopus
3056 5024 3228 5082 obiit-

2200 5109 2646 5168 19.Benedictus
2668 5112 3183 5184 papa,Babenberg
3202 5113 3712 5185 veniens,aacclesi
3726 5129 3825 5173 am

2165 5197 2353 5254 sancti
2369 5197 2644 5270 Stephani
2666 5198 2978 5257 dedicavit.
3000 5200 3210 5258 Eodem
3225 5216 3374 5259 anno
3400 5202 3829 5261 Werenharius

2166 5285 2482 5356 Argentine
2495 5287 2951 5360 episcopuscum
2966 5288 3523 5348 Alamanniscontra
3556 5292 3829 5363 Burgun-

1753 5399 1992 5456 VARUE
2049 5398 2456 5459 LECTIONES.

500 5497 547 5536 ⁸⁷
576 5496 768 5562 XVIII.
790 5509 1034 5565 erasum
1057 5512 1108 5559 ο.
1152 5499 1200 5539 ⁸⁸
1242 5498 1518 5560 vicuntur
1571 5511 1619 5557 ο.
1667 5496 1713 5536 ⁵³
1759 5496 1983 5559 deditio
2020 5512 2069 5560 ο.
2144 5498 2193 5536 ιο
2217 5498 2286 5560 in
2313 5499 2436 5561 loco
2454 5510 2595 5562 raro
2614 5512 2662 5561 ο.
