3982 6056
192 202 318 263 489

992 197 1431 265 CHRONICA.
1468 241 1545 251 ——
1576 202 2053 268 CHRONICON
2100 202 2817 269 VVIRZIBUBGENSE.

3496 211 3617 272 490

270 340 361 403 20.
397 335 500 406 (Η.
535 336 603 393 S.
638 335 1032 393 Terraemotus
1065 351 1308 407 magnus
1334 339 1525 395 factus
1546 343 1635 395 est
1658 339 1849 395 Aldus
1878 340 1935 401 A
2036 341 2119 393 14.
2146 338 2437 407 Cunigunt
2468 339 2665 408 regina
2696 339 2862 394 obiit.
2898 340 3280 398 llerimannus
3303 342 3421 413 dux
3442 345 3611 399 obiit.

198 425 332 481 Maii
363 424 505 480 feria
537 429 589 480 6.
614 424 961 481 Heribertus
985 425 1345 483 Coloniensis
1370 428 1848 499 archiepiscopus

195 512 368 570 obiit.
402 514 516 569 Pro
547 527 659 584 quo
694 512 1029 582 Piligrinus.

269 605 362 658 21.
396 602 705 660 Heinricus
724 601 1045 673 imperator
1066 605 1283 661 Novam
1305 604 1529 675 Trojam
1555 604 1852 662 deditione

198 690 382 762 cepit,
414 693 474 746 et
506 689 838 747 mortalitas
866 690 912 724 ⁶¹
940 706 1143 762 magna
1176 693 1232 749 in
1264 692 1537 751 exercitu
1560 694 1712 750 facta
1737 697 1849 750 est.

266 782 358 835 22.
395 778 771 835 Gebehardus
818 779 1277 852 Badisponensis
1326 782 1637 855 episCOpus
1683 782 1849 839 obiit.

199 869 318 925 Pro
350 882 465 940 quo
495 868 707 924 iterum
735 867 779 900 ⁶²
811 868 1206 926 Gebehardus.

270 960 361 1013 23.
397 956 704 1013 Heinricus
736 957 1054 1028 imperator
1086 962 1116 1013 3
1146 957 1281 1014 Idus
1326 959 1437 1015 Jul.
1494 959 1640 1015 obiit
1687 964 1747 1016 et
1798 960 1854 1016 in

198 1045 547 1115 Babenberg
559 1044 863 1117 episcopio
886 1061 916 1103 a
939 1060 1000 1102 se
1023 1045 1179 1103 facto
1202 1047 1255 1101 in
1282 1048 1645 1105 monasterio
1669 1049 1854 1106 sancti

202 1133 368 1191 Petri
400 1133 657 1206 apostoli
691 1134 997 1206 sepelitur.

279 1223 624 1280 Counradus
654 1238 786 1279 ann.
823 1224 944 1280 fere
978 1228 1042 1279 13
1074 1226 1357 1295 regnavit.

278 1316 331 1367 1.
367 1312 565 1381 Magna
596 1311 883 1369 dissensio
916 1310 972 1368 in
1008 1327 1186 1383 regno
1235 1319 1439 1371 contra
1490 1315 1857 1373 Counradum

203 1414 407 1471 regem
438 1400 711 1457 efﬁcitur.

276 1494 334 1562 2.
369 1489 712 1547 Counradus
744 1505 844 1548 rex
875 1490 1056 1549 ﬁlium
1097 1506 1264 1548 suum
1298 1493 1632 1550 Heinricum
1665 1507 1857 1563 regem

207 1580 373 1650 fecit,
406 1584 466 1635 et
497 1579 621 1651 ipse
652 1579 887 1637 Romam
917 1594 1170 1652 pergens
1220 1581 1539 1653 imperator
1587 1580 1856 1638 efﬁcitur.

1965 426 2290 499 Stephanus
2319 428 2676 485 Christianus
2729 429 3109 498 Ungariorum
3164 446 3267 484 rex
3313 432 3479 503 obiit,
3517 434 3611 502 qui

1964 530 2095 571 cum
2128 516 2281 571 omni
2314 521 2489 585 gente
2520 530 2624 572 sua
2657 516 2726 571 ad
2761 517 2929 573 ﬁdem
2973 517 3191 574 Christi
3220 520 3611 576 convertitur.

2037 608 2120 659 15.
2164 604 2505 661 Counradus
2558 605 2876 676 imperator
2924 610 2956 661 2
3009 607 3146 661 Non.
3193 608 3323 662 Jun.
3379 609 3525 664 obiit
3556 615 3612 664 et

1965 692 2128 764 Spire
2160 692 2761 765 sepelitur.§Eclypsis
2783 693 2927 749 solis
2962 699 3021 747 11
3056 694 3177 749 Kal.
3214 695 3371 766 Sept.
3409 696 3616 765 Regin-

1967 780 2174 836 haldus
2204 780 2493 851 Spirensis
2525 780 2841 851 episcopus
2874 782 3017 837 obiit
3050 787 3081 837 3
3132 781 3263 838 ldus
3300 783 3503 838 Octob.

2038 869 2346 927 Ileinricus
2393 885 2494 925 rex
2537 870 2689 941 pius,
2726 870 2880 926 ﬁlius
2934 870 3242 940 Counradi,
3280 871 3482 942 incipit
3529 887 3615 927 re—

1965 972 2165 1028 gnare.

2038 1051 2088 1102 2.
2116 1047 2421 1105 Ileinricus
2453 1063 2553 1104 rex
2586 1049 2792 1105 ducem
2818 1048 3065 1105 Boemize
3090 1049 3432 1107 Fratislaum
3461 1051 3614 1108 bello

1968 1136 2117 1207 petit
2136 1154 2150 1203 ;
2167 1135 2265 1192 sed
2282 1136 2481 1193 multis
2503 1137 2848 1208 proceribus
2868 1139 2926 1191 et
2950 1138 3236 1194 militibus
3262 1137 3315 1192 in
3342 1144 3617 1209 praestru-

1971 1225 2165 1281 ctione
2200 1224 2365 1281 silvae
2395 1225 2542 1281 citra
2572 1232 2627 1281 ct
2664 1226 2816 1281 ultra
2846 1225 3057 1282 occisis
3080 1225 3171 1281 vel
3194 1228 3405 1298 captis,
3431 1227 3511 1282 nil
3535 1228 3617 1282 di-

1970 1328 2146 1385 gnum
2187 1313 2414 1369 efficere
2448 1314 2660 1385 potuit.
2696 1315 2908 1369 Petrus
2954 1328 3183 1385 quoque
3233 1315 3615 1385 Ungariorum

1970 1417 2077 1458 rex
2106 1403 2295 1460 eidem
2327 1402 2460 1459 duci
2500 1402 2545 1435 ⁸⁷
2576 1407 2781 1460 contra
2811 1402 3140 1460 Heinricum
3174 1417 3367 1472 regem
3400 1405 3614 1462 auxilia

1973 1491 2146 1547 misit.

2045 1584 2094 1635 3.
2116 1579 2351 1650 Ungarii
2377 1580 2661 1650 quendam
2677 1579 2932 1634 Ovonem
2958 1594 3150 1649 regem
3173 1580 3285 1637 sibi
3308 1581 3612 1653 eligentes,

281 1673 335 1723 3.
372 1669 525 1725 Brun
573 1669 961 1739 Augustensis
1007 1670 1319 1741 episcopus
1365 1675 1422 1726 et
1475 1670 1628 1726 Welt'
1665 1685 1861 1727 comes
1891 1692 1946 1753 B
1977 1668 2213 1725 Petrum
2249 1681 2444 1737 regem
2478 1683 2645 1725 suum
2689 1667 3069 1739 expellentes.
3105 1669 3210 1736 Qui
3245 1672 3527 1741 profugus
3559 1677 3615 1728 et

206 1756 441 1830 praedas
466 1760 528 1813 et
560 1756 824 1813 incendia
857 1757 1011 1813 inter
1043 1773 1103 1814 se
1138 1758 1377 1815 faciunt.

282 1866 336 1917 4.
367 1864 576 1920 Ernest
605 1862 723 1920 dux
748 1867 809 1919 et
839 1862 995 1919 Well‘
1015 1860 1214 1920 comes
1259 1865 1565 1921 Counrado
1617 1865 1865 1937 impera-

207 1951 329 2008 tori
364 1952 435 2007 ad
467 1951 822 2008 deditionem
855 1952 1112 2008 veniunt.

285 2064 337 2114 5.
376 2060 566 2115 Bruno
611 2059 1005 2130 Augustensis
1051 2059 1366 2132 episcopus
1406 2061 1572 2118 obiit.
1608 2062 1721 2118 Pro
1751 2075 1864 2132 quo

209 2147 652 2206 Heberbardus.

291 2258 345 2310 6.
373 2254 713 2313 Counradus
735 2255 1055 2327 imperator
1071 2256 1425 2330 Stephanum
1447 2258 1760 2314 Pannoniae
1780 2272 1865 2313 re-

208 2362 348 2419 gem
379 2360 509 2402 cum
540 2345 808 2401 exercitu
844 2345 1011 2417 petit.
1043 2346 1274 2403 Interea
1310 2346 1362 2403 in
1401 2346 1735 2403 Alamannia
1767 2348 1866 2402 Er-

211 2439 353 2492 nost
382 2434 499 2490 dux
527 2439 584 2490 et
622 2432 1020 2490 Werinbarius
1066 2450 1260 2492 comes
1303 2449 1433 2491 cum
1483 2432 1616 2490 aliis
1664 2432 1864 2491 multis

213 2522 570 2581 occiduntur
590 2520 635 2554 ⁸³
665 2524 732 2578 16
762 2521 884 2579 Kal.
919 2522 1079 2594 Sept.

284 2637 340 2687 7.
376 2630 704 2702 Stephanus
735 2645 836 2686 rex
869 2629 1062 2687 missis
1094 2630 1306 2701 legatis
1345 2645 1477 2687 cum
1511 2629 1865 2702 imperatore

214 2718 525 2778 Connrado
576 2718 937 2791 paciﬁcatur.

285 2832 339 2884 8.
374 2826 695 2884 Roudolfus
747 2841 850 2882 rex
899 2827 1248 2898 Burgundize
1296 2827 1553 2885 moriens
1601 2827 1865 2885 diadema

211 2931 385 2974 suum
417 2916 725 2973 Counrado
753 2916 1094 2988 imperatori
1128 2916 1302 2973 misit.

1975 1755 2113 1813 exul
2146 1756 2403 1811 lleinrici
2438 1756 2614 1826 regis,
2648 1756 2740 1812 cui
2775 1757 2957 1827 priori
3007 1772 3155 1813 anno
3206 1758 3614 1832 rebellaverat,

1975 1845 2222 1916 gratiam
2257 1845 2449 1916 querit
2480 1849 2539 1899 et
2583 1844 2821 1900 invenit.
2857 1846 3165 1903 Heinricus
3196 1862 3297 1902 rex
3329 1849 3616 1905 Boemiam

1978 1933 2300 2003 ingressus,
2327 1933 2458 2003 igne
2483 1932 2795 2004 praedaque
2813 1938 3023 1990 cuncta
3047 1933 3335 2008 devastat,
3350 1941 3407 1992 et
3433 1938 3621 1994 rebel-

1977 2023 2087 2095 lem
2120 2023 2326 2078 ducem
2357 2022 2592 2078 obsides
2620 2022 2759 2078 dare
2789 2028 2847 2078 et
2879 2023 3063 2094 ipsum
3097 2028 3227 2095 post
3260 2039 3321 2081 sc
3344 2025 3623 2098 Radispo-

1976 2125 2104 2168 nam
2137 2111 2210 2167 ad
2238 2110 2592 2167 deditionem
2617 2111 2913 2167 humiliter
2935 2113 3132 2169 venire
3157 2114 3622 2187 sibiquejureju-

1977 2200 2159 2256 rando
2193 2199 2534 2258 ﬁdelitatem
2559 2200 2979 2272 servitiumque
3000 2203 3346 2260 conﬁrmare
3369 2210 3615 2263 coartat.

1978 2282 2219 2345 Ovo’rex
2237 2289 2641 2359 Ungariorum,
2666 2290 2739 2345 ob
2763 2296 3100 2361 susceptum
3130 2306 3160 2345 a
3188 2292 3458 2350 Ileinrico
3484 2309 3619 2364 rege

1977 2378 2212 2434 Petrum
2243 2393 2273 2434 a
2305 2393 2369 2434 se
2399 2378 2725 2449 expulsum,
2754 2380 2896 2434 ﬁnes
2929 2380 3206 2448 Bajoarize
3231 2382 3519 2451 praidiset
3539 2384 3621 2440 in-

1977 2465 2202 2523 cendiis
2227 2466 2646 2539 depopulatur;
2663 2468 2767 2523 sed
2790 2482 2991 2536 magna
3016 2482 3153 2539 pars
3172 2470 3470 2527 exercitus
3491 2473 3619 2542 ejus

1979 2554 2051 2609 ab
2083 2553 2447 2610 Adelberone
2490 2555 2824 2611 marchione
2855 2555 3045 2611 deleta
3077 2562 3187 2612 est.

2050 2646 2108 2698 4.
2146 2644 2449 2711 lleinricus
2482 2659 2584 2699 rex
2614 2645 2965 2701 Pannoniam
3014 2646 3313 2716 ingressus
3345 2647 3489 2705 duas
3520 2663 3592 2721 po

1978 2732 2381 2806 pulosissimas
2399 2733 2674 2789 civitates
2697 2734 2929 2805 evertit,
2951 2734 3147 2805 plures
3169 2736 3465 2792 deditione
3485 2739 3619 2794 sub-

1973 2822 2135 2893 jecit.
2154 2823 2262 2879 Sed
2281 2837 2415 2894 cum
2434 2824 2671 2878 Petrum
2690 2837 2906 2893 regem,
2925 2838 3093 2893 quem
3109 2838 3326 2895 secum,
3345 2824 3614 2898 ducebat,

1977 2912 2369 2983 provinciales
2410 2911 2676 2983 recipere
2718 2911 2957 2977 nollent,
2992 2911 3169 2969 alium
3199 2927 3310 2983 que
3344 2914 3620 2985 petebant

284 3028 339 3080 9-
376 3028 435 3079 “
472 3021 596 3079 Kal-
624 3025 759 3095 Αρν·
787 3021 1196 3093 Μθὲίηὴθνάυε
1226 3022 1721 3094 ννίτοίδυνεθηείε
1748 3023 1868 3095 ep"
1897 3050 1947 3114 c
1979 3000 3621 3114 ?_“ie."ffiﬁi°'lffifi‘i‘i933?93399i‘313‘i‘???91‘1fi}?

212 3127 430 3184 scopus
459 3111 600 3168 obiit
629 3129 643 3178 ;
674 3112 826 3168 sedit
858 3125 987 3168 ann.
1026 3117 1111 3183 15,
1145 3127 1216 3168 m.
1252 3116 1304 3183 2,
1332 3112 1386 3168 d.
1411 3117 1498 3168 21.
1525 3111 1865 3170 Counradus

209 3201 404 3257 hieme
434 3199 822 3271 Burgundiam
857 3201 1024 3273 petit.
1065 3201 1325 3272 Eclypsis
1358 3200 1500 3259 solis
1532 3203 1680 3259 facta
1711 3206 1804 3258 est
1834 3205 1864 3257 3

207 3289 334 3347 Kal.
369 3289 481 3346 Jul.
513 3288 654 3367 hora
683 3293 734 3345 6.

284 3401 369 3454 10.
404 3396 750 3455 Counradus
779 3396 1128 3455 orientalem
1179 3397 1478 3456 Franciam
1519 3402 1721 3455 contra
1756 3399 1866 3456 Ou-

206 3486 450 3543 thonem
496 3485 665 3558 petit.
723 3484 1068 3544 Counradus
1117 3487 1330 3545 iterum
1377 3486 1422 3520 “
1472 3487 1863 3558 Burgundiam

206 3578 425 3633 vastat.

283 3686 367 3737 11.
401 3680 724 3739 Wirbinam
751 3681 1059 3739 castellum
1093 3682 1149 3738 in
1194 3682 1442 3740 conﬁnio
1472 3683 1734 3741 Saxoniaa
1767 3699 1863 3757 pa-

205 3770 344 3841 gani
365 3770 465 3842 qui
489 3770 727 3827 Luittici
750 3771 1046 3843 dicuntur,
1065 3771 1266 3829 multis
1289 3772 1626 3830 christianis
1650 3774 1863 3831 occisis

203 3863 268 3915 et
299 3858 508 3931 captis,
540 3859 848 3927 obtinent;
880 3874 1029 3932 quos
1063 3860 1402 3918 Counradus
1433 3876 1563 3918 cum
1594 3862 1859 3918 exercitu

205 3948 378 4021 petit.

278 4059 364 4111 12.
395 4055 557 4112 Italia
579 4054 738 4113 civili
762 4054 1053 4113 discordia
1084 4055 1330 4114 laborat.
1353 4057 1730 4116 Gebehardus
1756 4061 1861 4117 Ra-

201 4145 451 4217 dispona
482 4146 795 4217 cpiscOpus
842 4145 1010 4202 obiit.
1045 4148 1156 4203 Pro
1201 4161 1314 4217 quo
1362 4147 1579 4205 iterum
1607 4147 1652 4181 “
1681 4150 1860 4206 Gebe-

200 4232 442 4292 hardus.
475 4234 704 4306 Nuptiae
746 4234 1002 4291 Ileinrici
1055 4236 1227 4307 regis.
1264 4237 1477 4306 Pagani
1529 4236 1857 4308 supradicti

203 4322 513 4380 Counrado
543 4322 885 4395 imperatori
908 4323 1208 4381 tributarii
1229 4323 1274 4357 “
1299 4324 1432 4381 facti
1455 4329 1610 4397 sunt,
1630 4326 1858 4397 Piligri-

1979 3090 2034 3146 in
2068 3090 2357 3147 Boemiam
2393 3089 2628 3162 repulit.
2658 3089 2848 3145 Gisela
2876 3090 3236 3162 imperatrix,
3257 3096 3442 3147 mater
3464 3092 3603 3148 llcin

1978 3180 2083 3237 rici
2114 3180 2287 3251 regis,
2324 3184 2389 3236 16
2417 3179 2538 3235 Kal.
2576 3181 2711 3235 Mar.
2748 3179 2894 3235 obiit
2933 3183 2989 3236 et
3024 3180 3178 3252 apud
3209 3181 3429 3253 Spiram
3460 3196 3621 3252 sepe-

1978 3270 2137 3327 litur.

2048 3362 2099 3415 6.
2134 3358 2439 3416 Heinricus
2471 3374 2576 3415 rex
2606 3360 2817 3415 iterum
2851 3358 3174 3415 Pannonias
3208 3359 3506 3426 invadens,
3533 3375 3622 3418 sa-

1974 3447 2393 3520 tisfactionem,
2430 3448 2686 3519 obsides,
2723 3462 2981 3519 munera,
3011 3447 3169 3519 pacis
3200 3463 3306 3520 per
3329 3448 3623 3519 jusjuran-

1978 3537 2114 3594 dum
2142 3526 2645 3594 confirmationem
2693 3537 3005 3608 accipiens,
3038 3536 3330 3594 discessit.
3366 3536 3503 3595 Inde
3536 3553 3623 3594 re-

1976 3640 2207 3698 versus,
2231 3626 2665 3683 Constanticnsi
2691 3626 2914 3696 synodo
2934 3624 3096 3681 aﬁ‘uit
3123 3643 3137 3692 ;
3163 3626 3261 3681 ubi
3284 3627 3512 3683 cunctis
3533 3627 3625 3684 de-

1977 3715 2095 3772 bita
2117 3715 2369 3781 dimisit;
2402 3715 2840 3785 destructisque
2863 3715 3131 3770 omnibus
3157 3714 3502 3785 inimiciciis,
3530 3731 3623 3788 pa-

1974 3819 2097 3861 cem
2131 3804 2415 3861 hactenus
2449 3804 2766 3860 inauditam
2793 3809 2906 3859 tam
2927 3802 2973 3835 ⁸⁸
2994 3803 3049 3857 in
3078 3807 3197 3859 tota
3225 3804 3429 3861 Suevia
3450 3820 3620 3876 quam

1976 3894 2033 3949 in
2063 3893 2192 3949 aliis
2224 3893 2312 3949 sui
2346 3894 2508 3963 regni
2542 3893 2856 3964 provinciis
2898 3892 3056 3962 regia
3090 3907 3335 3949 censura
3372 3910 3474 3966 per
3503 3894 3623 3950 edi-

1974 3988 2132 4039 ctum
2165 3982 2548 4038 confirmavit.
2595 3982 2734 4037 Dein
2767 3983 3029 4051 Agnetcn
3060 3979 3125 4052 ‘9,
3157 3982 3505 4038 Willehalmi
3533 3983 3622 4037 Pi-

1975 4072 2295 4128 ctaviensis
2319 4071 2599 4142 principis
2618 4070 2815 4139 ﬁliam,
2832 4070 3090 4140 reginam
3106 4070 3259 4141 apud
3274 4072 3619 4140 Magontiam

1977 4161 2152 4230 ungui
2186 4160 2423 4231 faciens,
2461 4159 2757 4230 regalibus
2804 4160 2915 4216 sibi
2964 4160 3186 4230 nuptiis
3232 4161 3619 4231 lngelenheim

1974 4248 2305 4320 copulavit;
2337 4247 2486 4304 unde
2536 4248 2818 4303 inﬁnitam
2867 4249 3215 4305 histrionum
3249 4254 3305 4304 et
3333 4248 3622 4318 joculato-

1974 4352 2103 4393 rum
2134 4337 2563 4393 multitudinem
2598 4336 2722 4393 sine
2755 4338 2886 4394 cibo
2921 4343 2978 4393 et
3013 4339 3352 4395 muneribus
3382 4352 3619 4393 vacuam

200 4424 316 4467 nus
345 4409 709 4470 Coloniensis
739 4412 1053 4486 episc0pus
1084 4412 1254 4469 obiit.
1277 4415 1392 4469 Pro
1416 4429 1531 4484 quo
1562 4415 1858 4471 Heriman-

1985 4433 2035 4483 et
2066 4432 2385 4482 merentem
2415 4427 2578 4481 abire
2629 4428 2911 4498 permisit.
2949 4427 3291 4497 Lnitpaldns
3342 4427 3618 4497 marchio,

202 4514 337 4557 nus.

279 4612 367 4681 15,
388 4608 734 4666 Counradus
751 4609 1072 4681 imperator
1087 4608 1310 4667 Italiam
1325 4624 1454 4669 cum
1474 4611 1739 4669 exercitu
1765 4627 1861 4684 pe-

204 4697 303 4769 tit,
329 4703 387 4753 et
410 4697 897 4755 Mediolanensem
929 4700 1270 4772 episcopum
1301 4700 1356 4756 in
1380 4702 1707 4758 custodiam
1731 4701 1861 4756 mit-

203 4787 318 4854 tit;
343 4788 442 4858 qui
465 4787 594 4858 fuga
620 4788 820 4861 lapsus
844 4788 1181 4862 imperatori
1205 4789 1471 4846 rebellat.
1492 4791 1683 4847 Outho
1708 4789 1864 4862 prin-

203 4888 350 4947 ceps
369 4874 885 4947 Karlingorum“a
913 4877 1237 4936 Gozzelone
1266 4878 1415 4938 duce
1448 4896 1639 4955 pugna
1670 4880 1863 4937 victus

204 4962 564 5037 fugiensque
598 4980 628 5024 a
661 4963 910 5037 quodam
942 4968 1125 5025 milite
1164 4970 1472 5028 occiditur.

1975 4515 2276 4572 Adelberti
2326 4514 2501 4586 ﬁlius,
2537 4516 2783 4572 maxima
2831 4516 3218 4586 Ungariorum
3265 4516 3484 4586 clades,
3523 4516 3623 4570 im-

1974 4609 2200 4661 mature
2254 4604 2421 4660 ohiit.
2476 4605 2667 4662 Pestis
2727 4607 3011 4677 pecudum
3073 4604 3338 4661 maxime.
3386 4606 3623 4676 Hiemps

1976 4695 2120 4751 dura
2164 4698 2221 4750 et
2258 4694 2479 4750 nivosa.

2047 4787 2098 4840 6.
2133 4789 2165 4840 6
2196 4784 2316 4839 Kal.
2347 4785 2475 4840 Jun.
2511 4785 2684 4840 Brun.
2736 4785 3083 4841 Wirciburc.
3117 4783 3426 4855 episcopus
3476 4782 3619 4839 obiit

1978 4892 2129 4934 anno
2165 4873 2383 4931 Domini
2418 4876 2590 4942 1045;
2627 4873 2779 4929 sedit
2812 4890 2939 4929 ann.
2980 4879 3062 4942 11,
3100 4889 3169 4927 in.
3210 4878 3260 4937 1,
3294 4873 3350 4929 d.
3388 4873 3469 4927 14.
3511 4872 3619 4940 (Cf.

1983 4967 2169 5021 Hann.
2227 4979 2277 5020 a.
2333 4964 2680 5036 1044-1045.)
2728 4963 3033 5019 Heinricus
3095 4962 3242 5033 (186)
3288 4976 3392 5016 rex
3439 4962 3623 5018 tercio

1590 5094 1827 5152 VARIIE
1870 5091 2270 5152 LECTIONES.

276 5205 323 5284 ξι
359 5206 684 5284 __m_ortalita
736 5222 785 5267 ο.
843 5208 889 5284 °_’
929 5211 1024 5284 ite
1080 5225 1127 5268 ο.
1186 5212 1355 5284 quod
1391 5212 1492 5271 hic
1542 5214 1726 5284 etiam
1774 5213 1912 5268 item
1964 5212 2082 5284 ἱεθὶ

2111 5210 2332 5283 potest.
2387 5205 2433 5241 ⁸³
2486 5205 2765 5267 occidunt
2796 5222 2843 5265 c.
2877 5203 2921 5241 “
2950 5206 3030 5264 ite
3061 5221 3107 5265 c.
3143 5202 3186 5241 ⁸³
3214 5202 3514 5264 trubutari
3570 5221 3619 5265 ο.

196 5278 246 5313 ⁸⁸
280 5277 630 5336 kalinlorum
662 5294 812 5338 corr.
852 5277 1214 5338 kalinlorum"
1229 5297 1277 5340 c.
1311 5282 1356 5316 ⁸⁷
1388 5284 1541 5341 duce
1576 5297 1623 5341 ο.
1657 5283 1703 5317 ⁸⁸
1731 5284 1895 5342 deest
1915 5297 1962 5342 ο.
1995 5277 2040 5316 “'9
2071 5277 2335 5352 agnetaan
2366 5293 2412 5338 ο.

1679 5406 1685 5412 ’
1791 5406 1993 5465 ΝΟΤΔΕ
2007 5452 2021 5467 .

284 5500 441 5576 (186)
475 5502 536 5559 ln
570 5503 959 5576 sequentibus
987 5517 1123 5560 raro
1154 5505 1335 5561 verba
1366 5504 1705 5570 Herimanni
1735 5506 1998 5580 retinuit,
2028 5521 2123 5566 res
2144 5520 2284 5565 vero
2315 5509 2538 5563 tantum
2573 5519 2682 5563 non
2712 5518 2912 5561 omnes
2946 5501 3018 5562 ab
3049 5504 3179 5578 ipso
3211 5468 3512 5564 mutuatus
3533 5496 3623 5564 est

493 5601 766 5664 Parnm.
812 5602 1020 5665 CLIV.

3311 5604 3384 5664 16
