3982 6056
305 253 319 267 ,
376 163 491 235 491
1540 160 2020 231 EKKEHARDI
2064 160 2627 230 URAUGIENSIS
3669 162 3790 229 492

379 308 709 368 Pannonias
739 306 924 365 iratus
958 304 1313 377 ingrediens,
1342 305 1440 362 Dei
1467 304 1696 362 favente
1727 301 2033 360 clementia
2066 302 2122 362 A
2152 299 2290 358 inibi
2330 302 2557 374 occisis,
2592 302 2849 375 pacifice,
2886 300 3150 374 quamvis
3201 301 3413 373 inacte,
3450 300 3521 358 ad
3555 302 3791 374 propria

378 407 438 457 et
462 402 634 457 beato
656 397 973 454 Oudalrico
997 396 1272 468 episcopo
1298 397 1622 469 imperante
1642 393 1708 465 7°,
1745 394 1931 449 victor
1958 393 2041 446 fa-
2150 406 2279 447 cum
2313 392 2664 465 imperatore
2698 394 3018 449 redierunt.

380 489 809 560 ctus,0bonem
832 501 961 543 cum
978 502 1159 543 uxore
1177 482 2038 555 etfiliiseognatisque,quibus
2226 485 2305 536 13.
2340 480 2451 550 (Ib.
2486 498 2534 537 a.
2574 483 2923 553 1052-1053.)
2971 480 3274 538 Heinricus
3323 482 3643 552 imperator
3693 484 3798 540 ite-

382 579 548 636 locus
574 577 858 633 evadendi
893 581 1039 645 erat,
1076 576 1387 644 effugabat.
1422 577 1658 629 Petrum
1693 573 1746 627 in
1797 586 2035 641 regnum
2148 584 2274 626 rum
2298 571 2650 627 Pannoniam
2676 572 2920 642 petit,et
2942 571 3132 626 inacte
3155 569 3327 641 redit,
3353 571 3573 628 habens
3596 588 3794 629 secum

383 666 650 724 restituit
678 683 692 732 ;
724 664 1083 735 subditoque
1115 662 1224 720 sibi
1260 663 1641 733 Ungariorum
1662 676 1860 731 regno,
1884 674 2039 716 sum-
2148 657 2203 712 in
2235 660 2517 717 comitatu
2550 662 2876 717 Brunonem
2910 658 3248 731 apostolicae
3279 660 3434 716 sedis
3483 661 3791 732 prwsulem

385 771 477 811 nio
508 769 637 811 cum
673 754 893 809 honore
948 752 1282 807 revertitUr.
1318 749 1693 806 Gothefridus
1726 751 1842 806 dux
1875 752 2039 805 Lota-
2145 751 2201 803 et
2238 749 2563 819 proximum
2596 749 2788 806 natale
2818 750 3037 806 Domini
3067 749 3292 820 pariter
3330 749 3611 806 ducentes
3632 752 3793 807 Wor-

384 843 603 909 rjorum
654 841 925 898 IIeinrico
976 840 1098 909 regi
1130 838 1174 872 ⁷1
1205 839 1520 909 rebellans,
1556 838 1626 894 ad
1674 838 2030 894 deditionem
2144 837 2356 904 matize,
2382 838 2742 909 apostolicus
2774 840 3008 894 Romam
3042 837 3193 893 redit
3227 841 3361 893 1053
3390 853 3557 908 anno,
3584 838 3786 895 multis

382 901 643 1002 c'bactus,
678 931 733 986 in
767 928 1012 986 castello
1043 901 1484 985 Eiibichenstein
1508 901 1686 1000 ’(187)
1726 941 1912 997 usque
1958 926 2028 982 ad
2140 939 2269 982 eum
2303 901 2661 985 diversarum
2696 927 3125 998 provinciarum
3160 926 3446 984 militibus
3495 901 3783 999 imperiali

380 1021 610 1090 dignam
641 1018 1104 1075 satisfactionem
1166 1018 1275 1073 sub
1322 1017 1593 1073 custodia
1640 1016 2023 1087 mancipatur.
2141 1014 2531 1084 praeceptione
2566 1020 2625 1071 et
2663 1016 2980 1071 amicorum
3020 1014 3410 1071 subventione
3450 1016 3784 1072 comitanti-

447 1115 498 1164 7.
536 1108 639 1177 (Cf.
673 1108 855 1163 Hann.
892 1120 941 1161 a.
980 1107 1162 1178 1046.)
1196 1106 1504 1162 IIeinricus
1554 1120 1657 1160 rex
1687 1104 1911 1160 Italiam
1944 1104 2026 1158 in-
2139 1102 2348 1167 bus;et
2382 1106 2513 1172 post
2548 1103 2755 1173 pascha
2780 1104 3101 1159 exercitum
3127 1104 3347 1160 ducens
3377 1117 3479 1176 per
3512 1102 3780 1175 Apuliam

375 1211 637 1268 gressus,
675 1194 914 1268 pacifice
945 1209 975 1249 a
1002 1195 1274 1251 Romanis
1300 1194 1642 1265 suscipitur,
1679 1208 1860 1265 papas
1904 1198 2024 1247 tres
2134 1194 2335 1246 contra
2362 1190 2784 1262 Nordmannos,
2817 1192 2972 1248 illius
3002 1196 3178 1249 terra
3212 1191 3500 1262 quondam
3524 1193 3781 1249 advenas

376 1302 488 1342 non
513 1285 686 1356 digne
715 1284 1075 1341 constitutos
1103 1282 1463 1354 synodaliter
1495 1282 1786 1354 deposuit,
1820 1286 1877 1337 et
1902 1281 2024 1336 Sui-
2135 1278 2233 1334 sed
2266 1283 2404 1335 tunc
2428 1281 2664 1335 Romani
2689 1280 2913 1352 imperii
2940 1281 3226 1351 inimicos,
3254 1280 3596 1352 infinitaque
3620 1286 3783 1338 utro-

376 1374 650 1445 degerum
670 1373 1206 1442 Babenbergensem
1221 1372 1561 1444 episcopum
1576 1385 1782 1443 papam
1806 1369 2023 1426 consti-
2135 1366 2307 1436 bique
2332 1367 2472 1423 cede
2492 1373 2750 1439 peracta,
2775 1384 2918 1440 papa
2943 1384 3071 1424 eum
3097 1369 3295 1440 paucis
3317 1369 3541 1438 fugiens
3558 1370 3783 1441 absque

374 1464 530 1530 tuit;
564 1462 804 1535 ipseque
834 1467 892 1517 et
919 1460 1173 1530 conjunx
1204 1461 1331 1531 ejus
1367 1463 1556 1530 Agnes
1590 1459 1786 1529 regina
1819 1457 2017 1514 eadem
2132 1455 2380 1512 victoria
2416 1456 2772 1528 regreditur,
2804 1456 3027 1514 relictis
3072 1456 3193 1514 illic
3227 1458 3545 1515 Suevorum
3580 1471 3645 1514 ac
3676 1460 3784 1515 No-

376 1552 471 1607 die
505 1550 790 1623 imperiali
813 1550 1216 1606 benedictione
1241 1548 1651 1605 sublimantur.
1677 1547 2021 1619 lmperatrix
2133 1544 2388 1601 ricorum
2422 1544 2707 1603 militibus
2731 1546 2997 1614 obtimis;
3020 1551 3079 1603 et
3112 1546 3167 1602 in
3198 1547 3342 1603 urbe
3374 1547 3781 1604 Beneventana

374 1655 515 1696 vero
544 1643 735 1709 Agnes
764 1638 938 1694 filiam
970 1638 1123 1709 apud
1156 1639 1482 1694 Ravennam
1510 1638 1732 1707 genuit.
1767 1638 1897 1730 Ipse
1929 1651 2022 1730 au-
2050 1670 2104 1730 B
2133 1633 2423 1730 consedit.

374 1733 491 1785 tem
529 1728 845 1799 imperator
880 1741 981 1798 per
1014 1726 1279 1797 Apuliam
1327 1726 1657 1796 multasque
1689 1725 2021 1797 provincias

376 1816 532 1873 felici
566 1816 814 1873 victoria
844 1816 1167 1872 exercitum
1200 1815 1438 1886 ducens,
1463 1815 1683 1871 honore
1706 1829 1914 1884 magno
1933 1830 2019 1870 re-

375 1906 649 1962 vertitur.

443 2014 494 2067 8.
528 2010 633 2083 (Cf'.
671 2012 853 2067 Hann.
875 2026 925 2067 a.
955 2013 1304 2082 1046-1047.)
1336 2012 1564 2065 Interea
1595 2011 1804 2066 Petrus
1835 2011 2019 2079 Unga-

376 2101 590 2157 riorum
616 2114 718 2155 rex
739 2116 769 2156 a
795 2100 1042 2171 quodam
1078 2104 1323 2171 tyranno
1353 2099 1685 2155 Pannonico
1718 2102 1926 2171 captus
1958 2104 2016 2154 et

373 2196 631 2260 cecatus,
657 2189 754 2245 ille
777 2189 872 2260 qui
904 2204 1035 2245 eum
1067 2188 1374 2260 expulerat
1394 2203 1636 2259 regnare
1658 2188 1854 2260 coepit.
1884 2189 2018 2244 Cor-

372 2295 481 2352 pus
512 2280 697 2335 sancti
731 2279 991 2334 Widonis
1022 2278 1092 2333 de
1127 2277 1289 2333 Italia
1321 2277 1560 2333 allatum
1583 2282 1673 2333 est
1697 2277 1919 2348 Spiram
1942 2277 2014 2333 ab

372 2369 725 2440 imperatore
749 2368 1016 2423 Heinrico
1043 2370 1076 2422 8
1109 2381 1256 2422 anno
1288 2367 1449 2436 regni
1468 2368 1614 2437 ejus,
1640 2366 1864 2438 imperii
1885 2367 2011 2436 ejus

371 2472 520 2515 anno
554 2462 604 2527 1,
638 2458 710 2513 ab
762 2456 1162 2512 incarnatione
1211 2456 1435 2511 Domini
1483 2469 1631 2511 anno
1678 2459 1834 2526 1047,
1870 2456 2012 2510 indi-

374 2546 529 2601 tione
562 2548 646 2599 15.
674 2544 1027 2613 Suidegerus
1063 2557 1206 2615 papa
1240 2542 1382 2598 obiit
1416 2543 1619 2598 eodem
1654 2557 1767 2613 quo
1797 2548 2011 2599 consti-

369 2635 561 2691 tuitur
588 2648 738 2689 anno
767 2632 830 2688 ⁷³.
866 2634 979 2688 Pro
1018 2646 1133 2703 quo
1169 2634 1362 2703 Βορρο
1394 2631 1722 2687 ordinatur.

439 2744 491 2796 9.
542 2739 748 2810 (Hann.
812 2752 861 2793 a.
926 2738 1265 2807 1047-1048.)
1322 2737 1461 2792 Otto
1517 2736 1634 2792 dux
1692 2738 2009 2793 Suevorum

368 2827 533 2883 obiit.
569 2829 681 2882 Pro
712 2841 827 2897 quo
859 2825 999 2881 Otto
1045 2825 1116 2880 de
1161 2824 1459 2880 Suinvurti
1505 2825 1778 2880 surrexit.
1816 2828 2010 2899 Boppo

367 2931 515 2988 papa
539 2915 686 2972 obiit
709 2930 858 2970 anno
883 2929 995 2985 quo
1016 2913 1420 2969 constituitur.
1440 2914 1652 2984 Bruno,
1680 2914 1774 2985 qui
1795 2919 1853 2971 et
1873 2916 2006 2985 Leo,

363 3004 768 3062 Tolanensium
801 3003 1069 3072 antistes,
1106 3017 1252 3074 papa
1291 3002 1615 3058 ordinatur.

438 3118 522 3169 10.
559 3113 666 3184 (Cf.
699 3111 779 3170 ib.
822 3127 871 3167 a.
908 3112 1090 3183 1049.)
1134 3110 1445 3166 lIeinricus
1492 3110 1808 3182 imperator
1857 3124 2007 3167 anno

365 3202 593 3274 imperii
627 3201 716 3258 sui
764 3201 940 3257 tertio
986 3199 1265 3270 quasdam
1302 3204 1498 3270 partes
1543 3197 1741 3255 Gallia:
1793 3198 2004 3255 invasit

363 3293 569 3345 contra
603 3286 962 3343 Gotefridum
987 3292 1045 3341 et
1070 3284 1464 3341 Baldewinum
1484 3303 1498 3352 ;
1519 3284 1731 3354 quibus
1755 3283 1825 3340 ad
1849 3283 2007 3339 dedi-

360 3378 577 3433 tionem
607 3375 852 3443 coactis,
885 3379 943 3429 et
994 3388 1172 3443 regno
1223 3373 1313 3428 his
1364 3373 1631 3443 partibus
1673 3373 2000 3444 pacificate,

359 3467 551 3523 victor
591 3478 721 3521 cum
772 3463 988 3518 honore
1034 3461 1371 3517 revertitur.
1406 3460 1666 3532 Synodus
1698 3461 2002 3529 Magontiae

360 3554 628 3611 habetur.
662 3551 762 3609 Cui
794 3550 961 3608 affuit
992 3552 1184 3606 Bruno
1212 3549 1577 3621 apostolicus
1607 3553 1663 3606 et
1696 3550 2003 3607 Heinricus

357 3644 694 3716 imperator.

429 3755 513 3806 11.
548 3748 660 3819 (Ib.
724 3762 774 3803 a.
838 3743 1020 3815 1050.)
1078 3746 1313 3815 Ungarii
1374 3746 1583 3803 iterum
1610 3746 1655 3780 ⁷³
1686 3746 1994 3804 rebellant.

356 3840 513 3906 Quos
553 3836 930 3894 Gebehardus
982 3837 1297 3908 episcopus
1354 3835 1833 3907 Radisponensis,
1873 3837 1998 3893 vice

354 3925 608 3982 IIeinrici
625 3924 995 3996 imperatoris
1011 3925 1240 3981 obviam
1256 3924 1463 3993 factus,
1481 3922 1537 3978 in
1554 3924 1743 3993 fugam
1760 3939 1998 3981 conver-

354 4029 452 4072 sos
467 4028 578 4071 non
592 4012 823 4069 minima
839 4014 980 4070 cede
996 4013 1230 4080 afflixit;
1257 4012 1493 4083 insuper
1508 4012 1708 4068 urbem
1724 4013 1995 4070 marchize

350 4101 413 4159 ⁷⁸.
438 4100 826 4158 Heimenburc
847 4100 1113 4157 aediﬁciis
1145 4105 1535 4156 restauratam
1570 4101 1806 4157 militari
1839 4102 1996 4157 obsi-

351 4190 520 4248 dione
536 4190 745 4247 muniri
762 4189 928 4257 fecit;
950 4190 1075 4261 ipse
1100 4204 1320 4245 summa
1336 4205 1464 4246 cum
1479 4205 1619 4261 pace
1632 4190 1990 4260 regreditur.

422 4302 507 4353 12.
542 4295 653 4367 (Ib.
698 4310 747 4351 a.
802 4298 986 4369 1051.)
1032 4296 1246 4352 Bartho
1296 4296 1776 4367 archiepiscopus
1823 4297 1987 4353 obiit.

2206 1725 2289 1777 14.
2326 1721 2437 1789 (Ib.
2475 1738 2525 1778 a.
2582 1724 2765 1794 1054.)
2816 1724 2953 1780 Dein
3004 1723 3318 1793 religiosus
3362 1738 3509 1797 papa
3559 1725 3773 1796 Bruno,

2134 1809 2229 1879 qui
2261 1814 2319 1865 et
2354 1811 2482 1882 Leo,
2518 1827 2667 1867 anno
2699 1812 3119 1868 incarnationis
3151 1811 3375 1868 Domini
3419 1815 3575 1884 1054,
3610 1814 3773 1883 regni

2130 1913 2270 1954 vero
2302 1899 2552 1955 IIeinrici
2584 1900 2952 1972 imperatoris
2976 1905 3059 1971 15,
3085 1899 3342 1971 gloriose
3361 1900 3541 1957 vitam
3564 1900 3771 1971 finivit,

2130 1988 2400 2058 sepultus
2429 1990 2622 2045 Romae
2655 1989 2708 2043 in
2740 1988 3002 2046 zecclesia
3034 1989 3189 2045 beati
3223 1990 3401 2045 Petri.
3430 1988 3774 2046 Counradus

2129 2075 2245 2130 dux
2269 2076 2630 2145 Noricorum,
2655 2077 2936 2133 federatis
2963 2076 3071 2133 sibi
3097 2077 3385 2147 Ungariis,
3405 2077 3663 2147 graviter
3684 2092 3776 2134 re-

2127 2162 2325 2218 bellat.
2364 2166 2505 2219 Item
2539 2164 2875 2221 Baldwinus
2905 2170 2964 2221 et
2995 2166 3348 2221 Gotefridus.

2198 2258 2284 2308 15.
2318 2254 2490 2309 Leoni
2534 2270 2700 2325 papae
2732 2254 3128 2324 Gebehardus,
3164 2254 3261 2325 qui
3303 2259 3360 2310 et
3392 2255 3610 2325 Victor,
3644 2270 3777 2312 suc-

2127 2343 2307 2397 cessit
2326 2344 2446 2412 (αφι.
2464 2348 2636 2415 1055).
2650 2344 3779 2401 Adalbertusmarchioobiit.Famesma-

2131 2446 2242 2499 gna
2279 2432 2406 2487 fuit.
2436 2432 2742 2488 Heinrieus
2777 2433 3093 2503 imperator
3116 2432 3338 2488 Italiam
3362 2447 3491 2489 cum
3514 2434 3775 2490 exercitu

2128 2524 2360 2591 petens,
2377 2521 2569 2575 omnia
2586 2537 2714 2577 cum
2733 2535 2871 2591 pace
2887 2521 3198 2593 disposuit;
3217 2525 3633 2592 revertensque
3648 2537 3780 2594 nep-

2131 2615 2245 2665 tam
2271 2624 2432 2666 suam
2461 2611 2777 2667 Beatrieem
2803 2625 2998 2666 secum
3023 2611 3460 2681 duxit,indigne
3477 2625 3602 2666 eam
3625 2615 3781 2667 trac-

2131 2705 2261 2755 tans
2295 2704 2539 2771 propter
2572 2700 2857 2770 quandam
2876 2699 3001 2769 ejus
3024 2699 3415 2771 insolentiam,
3440 2713 3551 2771 qua
3574 2701 3776 2758 vivere

2123 2794 2513 2845 consueverat
2545 2794 2778 2844 mortuo
2809 2788 2936 2844 viro
2969 2787 3095 2857 ejus
3116 2788 3411 2845 Bonifacio
3431 2788 3595 2846 duce.
3619 2789 3779 2845 Welf

2124 2877 2239 2933 dux
2266 2877 2697 2933 Carintbiorum
2721 2877 2885 2932 obiit.
2906 2877 3248 2933 Counradus
3270 2876 3387 2933 dux
3416 2884 3584 2933 antea
3606 2878 3772 2934 Nori-

2122 2981 2224 3022 cus
2248 2966 2319 3021 ah
2348 2965 2701 3037 imperatore
2733 2968 3035 3036 expulsus,
3062 2965 3116 3019 in
3148 2966 3440 3021 Pannonia
3464 2965 3595 3022 exul
3620 2964 3771 3022 male

2042 3029 2090 3091 Ο
2120 3054 2389 3110 moritur.
2413 3029 2651 3110 Arnolfo
2677 3029 2931 3125 Spirensi
2954 3029 3231 3126 episcopo
3262 3053 3605 3111 Counradus
3640 3069 3773 3111 suc-

2118 3143 2315 3199 cessit.

2191 3236 2274 3287 16.
2313 3232 2697 3287 IIerimannus
2746 3246 2941 3287 comes
2990 3231 3360 3288 orientalium
3408 3232 3761 3289 Francorum

2116 3321 2261 3377 obiit
2292 3325 2323 3376 6
2356 3320 2476 3376 Kal.
2505 3322 2637 3376 Feb.
2666 3320 2872 3392 (1056.)
2898 3321 3273 3377 Gebehardus
3304 3320 3762 3392 Radisponensis

2114 3410 2450 3481 episcopus,
2470 3410 2658 3479 magni
2678 3410 3051 3481 imperatoris
3071 3409 3321 3466 IIeinrici
3347 3415 3615 3481 patruus,
3631 3411 3764 3467 hos-

2113 3500 2193 3555 tis
2218 3497 2449 3555 occulte
2470 3499 2760 3569 pessimus
2784 3498 3201 3569 deprehensus,
3220 3498 3414 3555 victus
3430 3502 3605 3569 atque
3626 3513 3762 3556 cus-

2113 3588 2289 3644 todia
2315 3587 2701 3658 mancipatus,
2720 3588 2822 3643 sed
2840 3586 3625 3656 misericorditertractatus,
3642 3587 3765 3643 exi-

2112 3676 2189 3733 lio
2222 3676 2547 3733 remittitur
2579 3681 2638 3731 et
2671 3675 2794 3732 sedi
2830 3676 3092 3747 pristina;
3123 3675 3478 3734 restituitur.
3512 3675 3765 3732 Gotefri-

2110 3765 2219 3821 dus
2253 3765 2369 3821 dux
2403 3764 2475 3820 ad
2515 3764 2871 3821 deditionem
2915 3764 3093 3821 venit.
3149 3763 3253 3834 (Cf.
3290 3765 3526 3835 BERTH.)
3560 3764 3761 3834 Magna

2107 3854 2283 3910 cedes
2314 3870 2343 3910 a
2376 3854 2643 3910 barbaris
2693 3853 2789 3924 qui
2840 3853 3047 3909 Luitici
3094 3853 3369 3910 dicuntur
3400 3853 3456 3909 in
3489 3851 3762 3909 christia-

2108 3957 2216 4000 nos
2247 3943 2399 3999 facta
2431 3948 2559 4010 est;
2593 3957 2838 4012 quorum
2887 3942 3119 4013 quidam
3159 3940 3374 4012 gladio,
3410 3941 3643 4012 quidam
3673 3941 3760 3998 fu-

2105 4032 2334 4101 gientes
2383 4030 2428 4064 ⁷⁶
2471 4030 2526 4087 in
2577 4046 2723 4103 aqua
2773 4031 3117 4102 perierunt;
3166 4030 3318 4087 inter
3365 4046 3514 4101 quos
3563 4028 3761 4086 Wille-

2108 4120 2260 4194 halm
2296 4120 2553 4177 marehio
2585 4119 2896 4177 occiditur.
2926 4119 3159 4176 Hisdem
3185 4120 3552 4191 temporibus
3585 4118 3759 4175 multi

2105 4209 2467 4266 diversarum
2501 4208 2929 4281 provinciarum
2966 4208 3257 4280 principes
3290 4208 3614 4280 perierunt.
3657 4207 3761 4263 Fa-

2106 4312 2227 4354 mes
2259 4296 2476 4354 multas
2506 4297 2841 4369 provincias
2888 4297 3106 4353 afllixit.
3143 4299 3389 4367 Egestas
3418 4300 3477 4353 et
3511 4296 3758 4367 penuria

348 4387 462 4441 Pro
478 4400 588 4456 quo
604 4383 1992 4455 Luitpoldus.HeinricusimperatoriterumPan-
2023 4387 2074 4446 D
2107 4387 2362 4458 undique
2396 4386 2727 4458 praevaluit.
2753 4386 2930 4442 Multa
2961 4385 3108 4441 mala
3135 4391 3270 4442 tunc
3301 4385 3579 4457 temporis
3605 4385 3757 4441 facta

348 4473 577 4530 noniam
601 4473 923 4543 ingressus,
941 4472 1123 4529 divisa
1148 4473 1203 4528 in
1228 4472 1374 4529 duas
1396 4478 1595 4545 partes
1613 4472 1987 4531 multitudine

347 4562 615 4630 militum,
634 4561 928 4632 utrimque
952 4562 1243 4631 regionem
1263 4562 1447 4633 ipsam
1472 4561 1634 4617 silvis
1658 4567 1718 4617 et
1742 4563 1987 4619 maxime

345 4662 624 4722 aquarum
660 4649 1111 4707 collectionibus
1159 4652 1617 4720 circumseptam
1666 4665 1983 4722 occupans,

345 4738 583 4796 intravit
612 4755 625 4804 ;
660 4738 758 4796 sed
793 4738 890 4794 illa
921 4754 1064 4809 gens
1093 4739 1296 4795 durior
1322 4738 1539 4794 ceteris
1571 4753 1701 4794 cum
1724 4754 1857 4810 rege
1880 4755 1985 4796 suo

344 4827 546 4885 dolose
575 4831 633 4883 et
664 4827 954 4897 ignaviter
987 4842 1186 4897 agens,
1214 4842 1317 4883 sua
1354 4827 1572 4897 pariter
1594 4842 1724 4883 cum
1748 4827 1879 4885 aliis
1902 4828 1985 4884 di-

342 4916 563 4989 ripiens
594 4916 742 4972 fame
773 4920 830 4972 et
872 4916 967 4972 siti
1016 4915 1331 4985 multisque
1377 4913 1646 4972 cladibus
1697 4915 1981 4973 lassatum

339 5011 602 5063 nostrum
636 5006 864 5076 fugiens
892 5004 939 5038 ⁷⁸
967 5005 1173 5061 evasit.
1200 5003 1410 5060 Milites
1443 5009 1635 5061 autem
1674 5005 1984 5077 imperato-

2104 4479 2258 4531 sunt.
2288 4474 2594 4531 IIeinricus
2626 4475 2944 4547 imperator
2966 4474 3056 4529 his
3078 4473 3382 4530 doloribus
3398 4472 3764 4530 cordetenus

2103 4569 2494 4635 conpunctus,
2520 4564 2800 4619 infirmari
2825 4564 3022 4635 coepit,
3050 4569 3109 4619 et
3134 4562 3453 4634 perductus
3477 4576 3660 4632 usque
3685 4562 3757 4619 ad

2103 4658 2351 4707 mortem
2385 4670 2399 4719 ;
2426 4653 2678 4723 sapienti
2714 4656 2906 4708 tamen
2942 4666 3082 4709 usus
3104 4650 3369 4723 consilio,
3392 4651 3464 4706 ab
3487 4650 3759 4707 omnibus

2103 4741 2317 4810 quibus
2350 4742 2542 4811 potuit
2576 4740 2798 4797 veniam
2849 4746 3078 4813 petens,
3135 4739 3481 4811 quibusdam
3535 4738 3757 4811 prwdia

2102 4843 2232 4899 quae
2268 4830 2513 4885 abstulit
2559 4830 2902 4900 restituens,
2936 4830 3168 4886 eunetis
3215 4829 3312 4899 qui
3365 4832 3572 4884 contra
3625 4842 3758 4884 eum

2102 4917 2305 4989 culpas
2337 4918 2700 4975 damnabilcs
2734 4919 2996 4976 fecerunt
3037 4918 3329 4988 relaxans,
3364 4917 3544 4973 filium
3580 4930 3754 4973 suum

2102 5006 2432 5064 IIeinricum
2466 5008 2701 5064 Romani
2738 5007 3035 5079 pontificis
3078 5012 3526 5077 ceterorumque
3560 5005 3763 5077 ponti-

339 5094 442 5165 ris,
464 5097 693 5151 vastata
725 5108 927 5166 magna
962 5096 1129 5166 parte
1160 5091 1478 5165 provinciae
1510 5093 1706 5151 multis
1737 5094 1975 5167 insuper
2086 5095 2254 5152 ficum
2282 5100 2341 5151 et
2375 5095 2701 5168 principum
2732 5095 3021 5153 electione
3054 5109 3249 5166 regem
3280 5094 3615 5153 constituit.
3642 5093 3747 5152 His

810 5312 819 5319 ,
1689 5246 1925 5303 vitam
1964 5246 2367 5305 LECTIONES.

402 5359 597 5436 τοιιασ
650 5360 1021 5436 impetrante.
1083 5360 1129 5397 τι
1163 5376 1307 5435 rege
1362 5375 1413 5423 ο.
1494 5361 1658 5424 deest
1731 5377 1778 5423 ο.
1862 5362 1908 5397 ⁷³
1967 5363 2049 5420 ite
2131 5379 2178 5423 ο.
2261 5364 2727 5425 "marchionem
2804 5378 2853 5426 ο.
2941 5363 3247 5437 “fugiens
3295 5378 3349 5424 ο.
3425 5363 3472 5399 ⁷⁸
3537 5361 3763 5439 ﬁgien-

1912 5505 2146 5569 NOTE.

328 5435 502 5498 ιοσο.

402 5575 552 5659 (187)
586 5576 671 5639 Ita
699 5573 831 5638 cod.
861 5575 1149 5640 Murensis
1196 5576 1552 5640 Herimanni.
