3982 6056
223 277 345 341 497
1098 283 1536 348 CHRONICA.
1581 323 1637 332 -
1681 284 2157 351 CHRONICON
2201 268 2749 351 UNIVERSALE.
3513 287 3633 351 498

397 566 1352 707 .EKKEHARDI
1448 570 2307 680 CHBONICON
2420 572 3384 682 UNIVERSALE.

834 734 892 793 id
916 741 1007 792 est
1040 737 1426 796 abbreviatio.

684 838 1292 929 EPYTHOME
1390 842 1834 931 EUSEBlI
1920 846 2063 932 Dii
2148 844 2692 949 SEQUENTI
2775 846 3181 934 OPEBE.
3273 831 3281 838 ’

1722 1035 2145 1046 -———————.—_

295 1148 515 1219 (Ηιειι.)
546 1149 799 1222 Moysen,
829 1153 1069 1226 188-89),
1089 1155 1283 1225 gentis
1329 1156 1625 1214 Hebraieze
1666 1157 1871 1213 ducto-
1901 1157 1950 1216 A
1984 1162 2329 1228 computans
2363 1171 2639 1214 annorum
2663 1171 2986 1224 numerum,
3013 1157 3261 1215 alterum
3301 1156 3632 1228 Dariiregis

222 1250 371 1307 rem,
407 1239 505 1310 qni
526 1240 751 1312 primus
775 1244 1029 1300 omnium
1050 1247 1461 1318 prophetarum
1487 1250 1621 1303 ante
1660 1246 1873 1303 adven-
1985 1247 2289 1302 Persarum
2314 1251 2519 1317 querat
2545 1247 2900 1318 annum,sub
2931 1262 3047 1318 quo
3070 1245 3348 1319 templum
3364 1245 3633 1304 Hieroso-

224 1331 349 1382 tum
375 1328 597 1384 Domini
619 1329 942 1388 Salvatoris
983 1332 1211 1390 divinas
1240 1334 1402 1405 leges
1443 1336 1628 1392 sacris
1658 1334 1876 1391 litteris
1985 1331 2273 1406 limorum,
2335 1335 2486 1406 quod
2527 1348 2557 1390 a
2605 1334 2937 1406 Babyloniis
2984 1334 3350 1392 destructum
3418 1335 3628 1405 fuerat,

223 1414 567 1487 explicavit,
613 1419 806 1477 Inachi
840 1421 1022 1479 fuisse
1062 1425 1444 1495 temporibus,
1487 1423 1872 1481 eruditissimi
1987 1422 2376 1479 instauratum
2395 1427 2504 1494 est,
2564 1424 2872 1495 reperieta
2923 1423 3149 1494 Tyberii
3200 1428 3264 1479 15
3316 1438 3499 1494 usque
3560 1422 3630 1478 ad

224 1502 1346 1576 viritradiderunt,exnostrisClemens
1367 1513 1772 1582 etAfrieanus,
1805 1528 1877 1568 ex
1990 1513 2219 1567 Darium
2250 1528 2431 1569 annos
2481 1515 2600 1568 540.
2647 1512 2795 1585 (190)
2843 1512 2997 1568 Darii
3061 1512 3276 1584 quippe
3337 1510 3631 1569 secundus

222 1592 430 1649 Judeis
457 1595 747 1667 Iosephus
772 1601 828 1653 et
860 1599 1084 1669 Justus,
1120 1602 1337 1657 veteris
1360 1601 1638 1673 hysterize
1682 1616 1877 1656 monn-
1989 1614 2174 1657 annus
2208 1602 2587 1672 sexagesima:
2619 1602 2836 1672 quinta)
2861 1600 3193 1673 olimpiadis
3246 1616 3394 1657 anno
3445 1600 3632 1673 primo

227 1682 821 1755 mentareplicantes.
848 1687 1030 1743 Porro
1052 1689 1299 1745 Inachus
1323 1691 1657 1761 quingentis
1712 1689 1877 1745 annis
1991 1689 2117 1760 fuit,
2170 1690 2477 1761 etTyherii
2536 1694 2709 1746 15ωιιδ
2746 1690 2819 1760 ,ἱη
2886 1694 2982 1746 201
3037 1689 3366 1760 olimpiadis
3421 1704 3631 1746 annum

224 1769 774 1840 Trojanumbellum
798 1775 1209 1832 antecedit.Ex
1233 1779 1635 1835 ethnicisvero
1668 1779 1880 1850 impius
1990 1785 2261 1849 quartum
2323 1779 2588 1836 incurrit.
2650 1779 2814 1836 Fiunt
2867 1793 3006 1849 ergo
3080 1778 3232 1834 inter
3294 1777 3527 1833 Darium
3574 1781 3631 1833 et

228 1855 331 1913 ille
353 1859 697 1930 Porphirius
729 1862 784 1917 in
809 1869 1018 1934 quarto
1042 1865 1130 1921 sui
1165 1868 1360 1937 cperis
1391 1867 1563 1938 libro,
1597 1868 1750 1939 quod
1782 1868 1879 1923 ad-
1989 1869 2216 1940 Tyberii
2242 1872 2307 1924 15
2352 1878 2475 1907 mum
2506 1883 2715 1924 annum
2763 1866 3110 1940 olimpiades
3157 1870 3275 1937 136,
3329 1867 3459 1923 anni
3508 1869 3630 1937 516,

226 1959 462 2003 versum
495 1963 603 2004 nos
625 1951 1022 2009 cassolabore
1077 1956 1398 2025 contexuit,
1461 1960 1588 2028 post
1646 1958 1875 2027 Moysen
1991 1957 2373 2027 quadriennio
2415 1957 2469 2012 in
2500 1970 2611 2013 una
2658 1955 2969 2028 olimpiade
3018 1956 3359 2027 subputato.
3417 1953 3635 2011 Deinde
3684 1995 3699 2005 ,

225 2033 1750 2117 Semiramidemfuisseamrmat,quzeapudAssyrios
1784 2061 1881 2101 an-
1989 2045 2246 2102 secundo
2296 2045 2447 2100 Darii
2497 2060 2644 2100 anno
2695 2044 3167 2117 septuagesimus
3253 2042 3635 2100 desolationis

225 2123 574 2181 telnachum
600 2130 866 2197 regnavit
891 2134 1880 2206 annos150.1taquejuxtaeum800
1989 2134 2188 2207 templi
2219 2148 2404 2190 annus
2431 2132 2720 2205 expletur,
2755 2147 2785 2188 a
2844 2147 2959 2204 quo
3014 2147 3201 2204 usque
3244 2131 3316 2188 ad
3365 2131 3631 2205 primam,

223 2224 380 2281 pene
403 2217 460 2268 et
484 2217 554 2269 50
578 2215 745 2273 annis
764 2218 1007 2289 Trojano
1032 2221 1184 2278 bello
1216 2222 1437 2292 Moyses
1480 2222 1675 2278 senior
1725 2223 1881 2278 inve-
1988 2223 2355 2295 olimpiadem
2386 2227 2706 2278 retrorsum
2731 2227 3111 2279 numerantur
3150 2220 3496 2294 olimpiades
3543 2224 3633 2286 64,

225 2298 412 2355 nitur.
441 2302 577 2358 Cum
601 2303 727 2361 haec
763 2306 841 2362 ita
875 2321 936 2364 se
981 2308 1252 2381 habeant,
1305 2311 1696 2367 necessarium
1739 2310 1876 2367 duxi
1990 2312 2269 2381 anni256,
2305 2311 2404 2382 qui
2437 2311 2708 2367 similiter
2741 2300 3140 2381 subputantur
3171 2324 3202 2365 a
3248 2324 3428 2381 supra
3477 2308 3636 2367 dicto

222 2387 539 2445 veritatem
555 2391 896 2462 diligentius
916 2399 1273 2469 persequi,et
1290 2404 1552 2471 tempora
1569 2414 1876 2469 regnorum
1992 2399 2372 2456 desolationis
2392 2399 2590 2470 templi
2625 2413 2774 2454 anno
2810 2412 2993 2469 usque
3045 2397 3114 2454 ad
3150 2402 3216 2455 40
3246 2412 3455 2453 annum
3481 2397 3637 2455 Oziae

223 2480 435 2533 contra
459 2492 520 2572 se
553 2479 798 2538 invicem
822 2500 1055 2556 ponere,
1110 2501 1176 2542 ac
1215 2487 1572 2558 singularum
1613 2488 1873 2557 gentium
1907 2515 1961 2572 Β
1992 2488 2148 2559 regis
2169 2489 2521 2557 Iudaeorum,
2557 2488 2664 2543 sub
2701 2501 2816 2556 quo
2836 2486 3035 2542 Ysaias
3059 2490 3115 2542 et
3173 2485 3321 2542 Osee
3379 2484 3635 2541 fuerunt.
3742 2518 3745 2527 ς

225 2579 415 2621 annos
446 2566 908 2642 dinumerare,ut
930 2575 1065 2645 quid
1083 2575 1294 2647 cuique
1316 2582 1674 2633 coaetaneum
1702 2577 1876 2632 fuerit
1908 2566 1956 2572 ’”
1993 2578 2189 2648 Itaque
2211 2576 2396 2647 prima
2426 2574 2697 2647 olimpias
2741 2574 2796 2629 in
2829 2575 3015 2630 Ysaize
3038 2579 3098 2629 et
3140 2572 3497 2644 reliquorum
3536 2571 3634 2642 qui

228 2654 466 2711 curioso
501 2658 796 2728 possimus
824 2662 1024 2718 ordine
1057 2668 1278 2720 notare.
1299 2666 1494 2736 Neque
1519 2679 1605 2720 me
1632 2665 1798 2735 fugit,
1822 2664 1878 2719 in
1992 2680 2123 2723 cum
2146 2679 2215 2721 eo
2240 2664 2737 2737 prophetaverunt
2774 2661 3020 2718 incurrit
3045 2665 3296 2717 aetatem.
3322 2662 3568 2717 Rursum
3588 2660 3634 2717 si

231 2743 477 2801 Hebreis
506 2746 809 2805 codicibus
838 2750 1111 2808 dissonos
1133 2757 1369 2809 aetatum
1394 2768 1575 2810 annos
1608 2752 1876 2823 inveniri,
1994 2770 2023 2811 a
2055 2754 2242 2826 prima
2270 2752 2583 2825 olimpiade
2607 2751 2675 2808 ad
2700 2750 3002 2823 superiora
3032 2754 3293 2821 tempora
3350 2752 3412 2806 et
3458 2763 3639 2820 usque

234 2828 486 2904 plusque
508 2834 598 2890 vel
633 2836 837 2909 minus,
872 2844 1043 2911 prout
1078 2841 1505 2913 interpretibus
1553 2843 1738 2899 visum
1765 2845 1879 2912 est,
1993 2842 2061 2898 ad
2097 2840 2499 2912 captivitatem
2531 2839 2713 2909 Trojaa
2744 2836 3102 2910 proveharis,
3146 2835 3407 2892 invenies
3459 2850 3642 2892 annos

229 2918 489 2978 lectitari
513 2927 990 3000 sequendumque
1015 2929 1160 2987 illud
1187 2931 1382 3002 potius
1399 2930 1553 3002 quod
1587 2931 1882 3004 exempla-
1992 2931 2092 2984 405
2121 2928 2166 2961 δ’
2189 2943 2337 2999 quos
2367 2926 2763 2984 curiosissima
2825 2927 3138 2982 Grecorum
3195 2923 3452 2995 hystoria
3507 2938 3640 2980 cou-

230 3008 453 3066 riorum
483 3012 797 3072 multitudo
828 3016 883 3071 in
914 3017 1080 3074 fidem
1113 3020 1315 3077 traxit.
1992 3017 2221 3075 scribit.
2249 3018 2388 3072 Item
2421 3015 2573 3088 apud
2589 3015 2846 3070 Hebreos
2873 3028 2903 3069 a
2928 3028 3107 3084 supra
3131 3012 3458 3068 dictoOziae
3489 3026 3639 3068 anno

1993 3111 2052 3161 et
2081 3105 2443 3176 temporibus
2471 3103 2655 3159 Ysaiae
2678 3103 2979 3175 propheta;
3041 3115 3226 3172 usque
3278 3101 3350 3157 ad
3399 3100 3638 3156 Samson

301 3188 514 3248 Verum
549 3197 861 3266 utcumque
887 3196 1017 3268 quis
1040 3197 1197 3255 volet
1220 3202 1539 3271 computet,
1601 3199 1879 3272 reperiet,
1993 3197 2050 3250 et
2086 3193 2332 3250 tercium
2367 3207 2576 3249 annum
2604 3190 2834 3263 Lapdon
2863 3188 3081 3261 judicis
3111 3188 3641 3261 subputatisannos

228 3280 425 3337 Inachi
461 3283 841 3356 temporibus,
889 3300 1056 3356 quem
1090 3287 1333 3359 primum
1376 3289 1543 3359 Argis
1608 3303 1882 3359 regnasse
1995 3287 2095 3340 405
2120 3283 2184 3338 ⁸³.
2215 3284 2453 3339 Samson
2486 3286 2679 3337 autem
2722 3284 2809 3335 est
2836 3293 3003 3350 quem
3036 3277 3091 3332 in
3122 3277 3388 3348 corporis
3428 3277 3641 3334 robore

228 3368 416 3440 aiunt,
440 3372 829 3442 patriarcham
885 3376 1243 3431 Hebreorum
1284 3376 1463 3432 fuisse
1508 3378 1819 3434 Israhelem
1852 3394 1881 3434 a
1994 3372 2223 3429 Herculi
2255 3371 2502 3428 similem
2537 3367 2972 3440 feruntposteri
3003 3367 3355 3423 Iudaeorum.
3382 3365 3639 3423 Etmichi

230 3472 349 3529 quo
382 3462 450 3515 12
491 3460 682 3517 tribus
715 3462 990 3520 lsrahelis
1035 3464 1384 3521 vocabulum
1460 3467 1687 3523 sortitae
1724 3471 1878 3523 sunt.
1991 3461 2268 3517 videntur
2312 3473 2424 3515 non
2457 3458 2698 3515 multum
2756 3457 2975 3513 distare
3037 3458 3302 3527 tempore
3351 3455 3639 3527 siquidem

232 3546 672 3605 Semiramidem
712 3556 905 3608 autem
965 3557 1021 3608 et
1077 3553 1363 3609 Abraham
1417 3556 1887 3627 contemporales
1994 3551 2163 3606 ambo
2194 3549 2348 3605 circa
2379 3547 2561 3617 Trojze
2603 3545 3003 3617 captivitatem
3048 3543 3302 3600 fuerunt.
3338 3545 3480 3601 Post
3518 3544 3642 3601 haec

233 3634 416 3693 fuisse
449 3638 818 3696 manifestum
861 3644 969 3699 est.
1018 3643 1157 3698 Nam
1212 3644 1455 3714 Moyses,
1508 3643 1647 3701 licet
1687 3643 1886 3714 jtmior
1995 3638 2205 3695 iterum
2239 3637 2307 3693 ad
2334 3636 2529 3708 priora
2547 3636 3143 3701 convertere,etcum
3168 3635 3271 3689 329
3318 3647 3499 3689 annos
3540 3647 3642 3690 nu-
3694 3654 3709 3659 ~

232 3724 712 3799 supradictissit,
752 3730 1571 3803 omnibustamenquosGreci
1612 3733 1887 3803 antiquis-
1995 3742 2190 3783 merus
2266 3729 2426 3782 retro
2512 3726 2681 3779 actus
2729 3721 2836 3776 tibi
2925 3719 3268 3793 expleverit,
3325 3721 3639 3793 Cecropem

232 3811 419 3869 simos
444 3816 1358 3892 putantseniordeprehenditur,
1386 3822 1633 3876 Homero
1657 3820 1881 3878 scilicet
1917 3869 1960 3892 η
1993 3816 2187 3872 Deﬁen
2215 3813 2260 3847 ⁸³
2289 3815 2603 3870 Grecorum
2636 3815 2691 3867 et
2716 3811 2947 3883 Moysen
2992 3808 3251 3866 invenies
3282 3809 3640 3867 Hebreorum

232 3904 297 3956 et
354 3870 1884 3981 Hesiodo,
1916 3870 1963 3926 Ο
1994 3870 2141 3960 ᾗδῶ
2183 3918 2213 3959 a
2248 3907 2313 3959 45
2366 3899 2641 3971 Cecropis
2692 3870 2838 3955 anno
2890 3912 3074 3969 usque
3123 3896 3193 3952 ad
3237 3897 3640 3970 captivitatem

233 3989 505 4061 Hercule,
531 3992 743 4065 Museo,
776 3996 934 4067 Lino,
971 3997 1240 4067 Chirone,
1266 3997 1518 4069 Orpheo,
1547 3999 1786 4054 Castore
1818 4013 1883 4054 ac
1993 3992 2176 4062 Troiae
2216 3996 2274 4047 et
2299 3992 2370 4046 ab
2398 3992 2467 4046 80
2488 3998 2559 4026 m0
2579 3987 2774 4044 anatis
2835 3986 3034 4059 Moysi,
3090 3985 3143 4040 in
3199 4001 3315 4056 quo
3366 3985 3639 4058 populum

231 4076 493 4150 Polluce,
530 4083 857 4154 Appolline,
885 4084 1212 4158 Esculapio,
1240 4087 1466 4156 Libero,
1512 4085 1794 4143 Mercurio
1824 4091 1882 4142 et
1995 4079 2417 4140 Israheliticum
2442 4078 2512 4133 de
2536 4078 2779 4146 .=Egypto
2800 4072 3023 4143 eduxit,
3059 4088 3245 4143 usque
3291 4072 3359 4128 ad
3392 4073 3640 4130 tercium

231 4168 454 4224 ceteris
487 4168 599 4225 diis
630 4173 890 4241 gentium
938 4174 1242 4247 sacrisque
1273 4175 1365 4233 vel
1388 4175 1643 4244 vatibus,
1694 4175 1881 4247 ipsius
1993 4182 2202 4227 annum
2237 4164 2704 4239 Lapdonjudicis
2745 4165 3158 4233 computantur
3188 4161 3319 4217 anni
3352 4165 3474 4217 329.
3533 4162 3644 4218 Ita-

230 4264 468 4326 quoque
489 4259 870 4332 Jovisgestis,
899 4276 1065 4333 quem
1082 4263 1284 4320 Grecia
1308 4264 1361 4319 in
1389 4278 1521 4320 arce
1555 4262 1879 4319 divinitatis
1993 4272 2105 4330 que
2128 4257 2253 4314 sine
2276 4255 2394 4313 ulla
2436 4250 3071 4323 ambiguitate‘Moyses
3103 4254 3162 4304 et
3214 4252 3484 4320 Cecrops,
3543 4250 3639 4321 qui

228 4342 567 4402 collocavit.
593 4349 722 4419 Hos,
751 4350 1003 4421 inquam,
1027 4367 1226 4409 omnes
1257 4352 1882 4424 quosenumeravimus
1992 4346 2217 4420 primus
2248 4341 2684 4401 Atheniensium
2710 4353 2813 4395 rex
2833 4338 2961 4408 fuit,
2985 4337 3210 4395 hisdem
3233 4338 3392 4394 fuere
3421 4340 3643 4410 tempo-

229 4431 409 4488 etiam
432 4439 565 4505 post
581 4436 893 4510 Cecropem
917 4439 1174 4511 Diiien“,
1201 4457 1444 4513 primum
1463 4441 1669 4497 Atticae
1683 4455 1877 4511 regem
1993 4436 2176 4492 ribus.
2204 4437 2382 4489 Porro
2416 4431 2525 4488 iste
2555 4434 2642 4486 est
2678 4429 2932 4499 Cecrops
2956 4425 3130 4482 Ditles
3148 4424 3192 4459 ⁸⁸
3216 4424 3505 4496 indigena,
3532 4427 3641 4483 sub

231 4520 418 4577 fuisse
446 4524 865 4598 convincimus,
902 4529 1213 4602 CecrOpem
1240 4534 1428 4587 autem
1458 4531 1632 4601 Moysi
1671 4535 1883 4585 coaeta-
1993 4540 2107 4597 quo
2139 4523 2384 4595 primum
2415 4520 2470 4575 in
2496 4532 2628 4576 arce
2648 4516 2800 4573 oliva
2831 4520 2960 4571 orta
2994 4519 3106 4585 est,
3165 4519 3224 4571 et
3280 4515 3421 4571 urbs
3475 4515 3645 4573 Athe-

237 4622 412 4666 neum
446 4610 722 4682 hysteriae
745 4616 1061 4673 ostendunt
1095 4621 1151 4673 et
1170 4623 1303 4673 ante
1324 4618 1630 4689 Trojanum
1666 4618 1880 4675 bellum
1994 4612 2278 4670 nicnsium
2312 4624 2381 4665 ex
2416 4608 2682 4663 Minervae
2736 4602 3131 4676 appellatione
3163 4617 3368 4659 nomen
3428 4603 3640 4660 sortita

236 4696 425 4769 fuisse
457 4701 624 4757 annis
654 4706 776 4759 350.
807 4703 969 4770 Quod
994 4721 1064 4762 ne
1094 4707 1186 4763 cui
1213 4707 1450 4763 dubium
1484 4708 1771 4779 videatur,
1798 4723 1886 4763 sc-
1995 4707 2102 4760 est.
2131 4701 2231 4757 Hic
2263 4699 2486 4771 primus
2516 4694 2769 4752 omnium
2792 4696 2987 4749 Jovem
3026 4691 3366 4764 appellavit,
3401 4707 3559 4747 aram
3589 4692 3639 4748 ei

234 4801 421 4857 quens
452 4790 603 4845 ratio
649 4790 731 4847 sic
770 4795 1063 4862 probabit.
1123 4795 1574 4866 Quadragesimo
1630 4796 1885 4852 secundo
1995 4789 2202 4850 statuit
2239 4789 2559 4857 bovemque
2610 4782 2949 4851 immolavit,
3004 4779 3353 4837 simulachra
3398 4780 3636 4852 reperit,

238 4890 392 4932 anno
416 4876 642 4951 imperii
675 4882 919 4951 Augusti
946 4883 1215 4939 Christus
1232 4888 1522 4955 natusest,
1577 4885 1883 4956 15Tyberii
1996 4885 2052 4936 et
2084 4878 2355 4935 victimas
2382 4874 2619 4943 obtulit,
2645 4885 3007 4943 nequaquam
3054 4869 3229 4925 istius
3289 4867 3441 4924 modi
3467 4869 3643 4956 rebus

241 4978 398 5021 anno
432 4967 739 5038 predicare
771 4984 942 5028 orsus
964 4976 1073 5027 est.
1103 4973 1156 5028 Si
1181 4972 1312 5044 quis
1362 4973 1538 5043 igitur
1571 4955 1887 5031 reuersum
2000 4971 2055 5025 in
2083 4965 2283 5024 Grecia
2303 4977 2553 5034 unquam
2585 4960 2728 5017 visis
2758 4977 2772 5023 ;
2804 4963 2999 5015 cetera
3052 4971 3283 5028 quoque
3305 4971 3435 5026 quae
3489 4955 3641 5027 apud

1599 5097 1834 5153 VARl/E
1874 5090 2273 5150 LECTIONES.

315 5184 361 5219 ει
392 5187 461 5243 in
498 5187 617 5247 loco
642 5204 780 5247 raso
813 5196 862 5247 1.
894 5189 939 5224 “
967 5191 1012 5247 V
1042 5206 1246 5251 σοονφ.
1282 5197 1330 5249 1.
1369 5193 1625 5251 VIHier.
1661 5193 1682 5227 ⁸
1706 5193 1798 5250 ita
1826 5207 1856 5250 ε
1881 5206 2032 5250 corr.
2074 5196 2118 5247 t.
2150 5189 2194 5223 ⁸⁵
2226 5200 2407 5246 ecorr
2436 5189 2485 5239 1.

1830 5315 2051 5372 ΝΟΤᾹΞ.
2680 5338 2689 5351 ι
3577 5353 3581 5357 .

322 5409 569 5490 “QQ-89)
591 5421 727 5476 Tota
754 5418 1019 5485 praefatio
1042 5415 1245 5490 paucis
1268 5416 1509 5490 mutatis
1539 5430 1610 5471 ex
1640 5416 1890 5472 Eusebio
2004 5413 2378 5490 Ekkehardus
2411 5412 2468 5469 id
2499 5411 2881 5490 sequentibus
2921 5408 3094 5483 paulo
3133 5406 3398 5477 mutavit,
3450 5406 3645 5463 verbis

242 5478 1056 5561 ﬁbulﬂwonymo’translatd
1107 5488 1403 5560 descripta
1458 5491 1571 5543 est.
1709 5556 1719 5561 _
2001 5491 2195 5541 tamen
2223 5483 2553 5555 Hieronymi
2580 5478 2831 5539 servatis

328 5549 479 5621 (190)
511 5549 793 5621 Numeros
823 5567 879 5620 et
905 5566 1086 5620 totam
1120 5549 1400 5616 annorum
1421 5556 1893 5630 supputationem
