3982 6056
305 202 425 269 499

1451 204 1932 269 EKKEHABDI
1973 204 2529 276 URAUGIENSIS

3588 201 3718 269 500

312 338 527 398 Greeos
555 334 1030 411 mirajactantur
1088 337 1415 414 posteriora
1464 338 1741 413 Cecropis
1789 338 2042 402 annisA
2070 345 2673 420 mordioincipientes,
2698 340 3107 416 generationes
3127 344 3357 413 patrum
3410 337 3483 397 ab
3532 336 3718 395 Adam

312 428 851 502 deprehenduntur.
885 428 970 486 Sit
998 444 1138 501 ergo
1162 430 1437 502 Cecropis
1469 429 1955 500 eonsequentiaet

312 516 507 589 Moysi.
530 519 666 574 Post
690 517 842 574 hune
874 518 1231 575 describitur
1269 518 1549 578 diluvium
1587 519 1695 575 sub
1742 519 1959 575 Deuca-

313 604 487 676 lione,
504 604 829 662 incendium
845 605 954 662 sub
976 605 1279 676 Phetonte,
1297 605 1685 675 Eriethonius,
1716 605 1957 663 Vulcani

313 695 371 748 et
400 692 592 749 Terra
621 691 795 749 filius.
827 691 1245 763 Dardanusque
1275 692 1733 764 quiDardaniam
1762 691 1959 750 condi-

315 779 423 850 dit,
460 779 635 837 Libia
667 794 897 851 quoque
925 784 1130 852 raptus
1161 785 1217 837 et
1241 783 1508 853 Europa,
1526 780 1957 839 saerisCereris

314 873 493 939 atque
522 868 828 926 delubrum
850 869 1063 942 Ysidis,
1099 869 1154 926 in
1170 869 1440 927 Eleusina
1460 871 1766 941 frumenta,
1799 868 1957 942 Trip-

312 955 538 1028 tolemi,
563 971 802 1027 regnum
818 958 998 1029 Trois,

388 1046 579 1118 Cujus
599 1047 692 1105 dii
710 1047 918 1105 natum
935 1046 1322 1107 Ganimedem
1341 1048 1424 1106 ad
1457 1049 1665 1109 sidera
1715 1049 1959 1120 raptum

396 1134 549 1191 Vina
575 1134 715 1192 Joei
742 1136 983 1209 magnis
1005 1137 1322 1195 voluerunt
1328 1137 1597 1210 fundere
1623 1138 1865 1196 mensis.

316 1232 438 1297 Quo
462 1234 723 1304 tempore
753 1232 1028 1291 Tantalus
1053 1238 1111 1290 et
1140 1234 1345 1305 Tycius
1377 1236 1611 1293 fuerunt
1642 1238 1701 1292 et
1751 1233 1957 1307 Apollo

316 1324 488 1378 natus
507 1323 598 1377 est
631 1335 800 1387 ;nam
834 1323 1069 1393 Latona,
1102 1325 1264 1381 Iovis
1305 1325 1576 1395 conjunx,
1639 1339 1742 1396 per
1790 1323 1958 1396 Tyeia

318 1407 461 1478 fugit
494 1422 713 1478 regna;
748 1409 978 1467 Latona
1002 1414 1193 1468 autem
1215 1416 1272 1467 et
1312 1412 1471 1468 Iovis
1516 1412 1672 1469 {ilius
1730 1411 1956 1484 Apollo.

317 1496 454 1552 Post
486 1510 633 1568 quos
664 1497 941 1556 Cathmus
960 1500 1183 1557 Thebas
1213 1500 1391 1557 venit.

392 1584 509 1650 Qui
535 1584 809 1643 Semelen
822 1587 1050 1658 genuit,
1083 1588 1154 1646 de
1173 1602 1298 1661 qua
1314 1588 1732 1660 pulcherrima
1763 1589 1964 1660 proles

388 1670 563 1731 Liber
579 1672 939 1747 condignam
946 1677 1141 1749 partu
1160 1673 1311 1735 me:
1333 1677 1775 1750 editaﬁ'ugem.

320 1761 508 1817 Porro
541 1760 691 1817 liber
718 1765 779 1818 et
809 1777 1100 1832 quosmox
1120 1764 1422 1822 inferimus
1473 1771 1605 1838 post
1639 1763 1971 1823 ducentesi-

319 1863 474 1905 mum
523 1863 733 1906 annum
765 1850 1040 1923 Cecropis
1073 1853 1327 1925 fuerunt,
1388 1856 1564 1912 Linus
1638 1854 1869 1912 scilicet
1915 1857 1977 1910 et

322 1936 505 1994 Zetus
521 1937 917 2010 etAmphyon,
934 1941 1183 2013 Museus,
1203 1942 1486 2014 Orpheus,
1510 1943 1711 2014 Minos,
1728 1944 1980 2000 Perseus

321 2024 691 2097 Eseulapius,
717 2029 925 2084 Castor
946 2033 1004 2085 et
1029 2029 1487 2103 Polluxgemini,
1521 2031 1823 2103 Hercules,
1849 2045 1979 2088 eum

324 2126 437 2182 quo
471 2113 676 2186 Apollo
732 2115 974 2173 servivit
1006 2117 1272 2175 Admeto.
1324 2121 1466 2177 Post
1499 2136 1646 2192 quos
1701 2121 1856 2177 facta
1887 2125 1982 2177 est

330 2200 514 2271 Troja
546 2203 877 2272 subversio,
922 2220 1090 2277 quam
1151 2208 1436 2266 Homerus
1499 2210 1671 2280 longe
1720 2210 1986 2281 sequitur

331 2288 644 2348 intervallo
670 2309 685 2355 ;
720 2293 1001 2351 Homerus
1031 2300 1225 2352 autem
1247 2296 1457 2353 Solone
1481 2297 1748 2355 etTalete
1765 2297 1987 2354 Milesio

329 2377 675 2450 ceterisque
710 2381 806 2451 qui
836 2397 965 2439 cum
990 2382 1080 2439 his
1126 2388 1351 2457 septem
1383 2386 1681 2458 sapientes
1712 2385 1990 2459 appellati

334 2471 472 2523 sunt
522 2467 709 2524 multo
774 2469 936 2541 prior
984 2473 1328 2545 reperitur;
1380 2474 1590 2532 deinde
1631 2476 1990 2548 Pythagoras

335 2552 565 2624 extitit,
594 2555 690 2625 qui
717 2570 781 2612 se
813 2571 927 2613 non
959 2559 1283 2631 sapientem
1309 2564 1374 2617 ut
1418 2562 1672 2634 priores,
1702 2562 1802 2619 sed
1860 2563 1997 2634 phy-

341 2639 676 2713 losophum,
707 2643 763 2699 id
785 2650 878 2701 est
901 2652 1217 2704 amatorem
1249 2649 1570 2721 sapientia,
1605 2649 1719 2707 dici
1758 2650 1945 2707 voluit
1978 2668 1992 2718 ;

334 2742 505 2797 quem
528 2734 772 2788 secutus
809 2732 1104 2806 Socrates,
1124 2736 1221 2806 qui
1238 2737 1538 2794 Platonem
1554 2738 1866 2809 erudivit,a
1884 2753 1995 2809 quo

337 2816 590 2874 famosas
626 2818 683 2874 in
709 2825 906 2892 partes
938 2822 1319 2897 phylosophia
1361 2826 1548 2884 divisa
1604 2832 1716 2884 est.
1778 2828 1994 2883 Horum

337 2903 798 2978 singulosjuxta
830 2911 1094 2969 ordinem
1137 2914 1397 2973 historia
1441 2916 1566 2973 suis
1594 2915 1740 2974 locis
1780 2916 1996 2973 insere-

343 3007 491 3050 mus.
519 2994 705 3065 igitur
725 2999 952 3072 Moyses
977 3007 1222 3060 cunetos
1255 3018 1401 3075 quos
1431 3018 1609 3077 supra
1657 3005 1996 3062 memoravi-

352 3096 479 3139 mus
495 3085 811 3159 antecedit,
834 3089 967 3159 quia
981 3095 1158 3149 atate
1172 3093 1452 3164 CecrOpis
1501 3094 1681 3151 fuisse
1711 3097 1996 3150 monstra'

339 3175 439 3227 tus
466 3177 577 3228 est.
617 3175 702 3231 Ab
717 3179 1082 3247 octogesimo
1106 3186 1299 3237 autem
1326 3196 1474 3239 anno
1502 3183 1678 3255 Moysi
1711 3188 1770 3239 et
1799 3183 1996 3252 egres‘

341 3258 505 3316 sione
537 3262 723 3320 Israel
742 3279 815 3320 ex
837 3267 1061 3339 Egypto
1088 3283 1321 3327 rursum
1339 3270 1411 3326 ad
1430 3270 1736 3342 superiora
1755 3273 1997 3327 conver'

339 3362 440 3403 sus
463 3363 648 3420 usque
667 3350 737 3407 ad
755 3354 1005 3424 primum
1023 3370 1234 3415 annum
1252 3359 1500 3415 Abraha
1541 3359 1802 3431 reperies
1816 3374 1997 3417 annos

339 3439 441 3491 505
501 3435 567 3508 ⁸⁸,
628 3454 742 3510 quo
797 3441 1072 3501 similiter
1118 3450 1242 3502 345
1294 3460 1441 3503 anno
1501 3447 1775 3517 Cecropis
1813 3462 1998 3520 usque

342 3522 412 3579 ad
443 3524 650 3582 Nidum
675 3532 735 3584 et
786 3530 1221 3590 Semiramidem
1280 3535 1655 3606 Assyriorum
1705 3535 2001 3608 principes

341 3614 444 3669 505
510 3612 556 3646 ⁸⁸
604 3615 960 3688 subputatis.
1035 3621 1266 3679 Primus
1341 3623 1558 3695 quippe
1606 3624 1761 3680 omni
1820 3624 1997 3695 Asia,

338 3701 805 3781 exceptislndis,
831 3706 1034 3779 Ninus,
1063 3709 1182 3766 Beli
1217 3710 1373 3768 filius
1410 3712 1739 3783 imperavit.
1788 3714 1995 3784 Itaque

346 3788 715 3885 manifestum
746 3798 841 3850 est
874 3796 1164 3854 Abraham
1215 3799 1341 3855 Nini
1400 3804 1575 3857 atate
1631 3805 2001 3871 generatum,

338 3881 505 3944 juxta
554 3894 688 3936 eum
744 3888 935 3940 tamen
992 3901 1296 3945 numerum
1334 3904 1503 3960 quem
1542 3890 2000 3947 contractiorem

343 3964 604 4024 editione
625 3969 859 4055 vulgata
885 3988 1077 4031 Sermo
1107 3979 1315 4047 prebet
1354 3978 1631 4035 lIebreus.
1700 3980 1909 4035 Verum
1945 3979 2000 4034 in

345 4054 693 4115 curiositate
719 4076 788 4116 ne
817 4077 1039 4134 cesses,
1066 4068 1126 4119 et
1187 4082 1317 4122 eum
1352 4067 1603 4123 divinam
1638 4067 1998 4139 Seripturam

349 4142 662 4215 diligenter
698 4148 1007 4221 evolveris,
1038 4168 1068 4209 a
1091 4154 1400 4210 nativitate
1463 4156 1751 4212 Abraham
1817 4170 2001 4226 usque

351 4231 422 4286 ad
451 4233 633 4290 totius
663 4237 827 4294 orbis
857 4238 1138 4298 diluvium
1173 4243 1432 4301 invenies
1462 4249 1788 4300 retrorsum
1819 4259 2000 4299 annos

350 4323 457 4376 292
488 4319 657 4395 (191),
694 4324 830 4382 item
871 4343 902 4384 a
935 4329 1155 4386 diluvio
1187 4331 1258 4387 ad
1305 4332 1485 4388 Adam
1541 4347 1723 4390 annos
1766 4336 1920 4402 1656,
1944 4332 2000 4387 in

2071 451 2256 509 usque
2287 438 2354 493 ad
2387 438 2526 507 Noe,
2577 440 2684 491 eta
2726 436 2843 491 Noe
2884 434 3016 505 post
3076 429 3363 488 diluvium
3416 442 3601 499 usque
3641 426 3715 482 ad

2070 525 2353 582 Abraham
2384 526 2808 595 describamus,
2834 521 3044 579 deinde
3066 536 3195 578 eum
3219 517 3437 577 ceteris
3465 516 3720 588 scripto-

2069 613 2234 669 ribus
2258 615 2328 670 ab
2361 612 2645 669 Abraham
2664 617 2721 668 et
2752 627 2783 668 a
2806 611 2948 667 Nino
2974 623 3157 679 usque
3188 607 3259 663 ad
3291 611 3549 663 nostram
3579 609 3721 660 ata-

2070 707 2186 757 tem
2217 702 2489 759 inferiora
2521 706 2783 773 tempora
2827 711 3270 771 prosequamur,
3305 698 3363 751 et
3421 692 3622 751 statim
3657 692 3717 748 in

2069 789 2359 862 principio
2380 790 2490 861 sui,
2513 791 2967 846 commemorato
3009 784 3165 852 Belo,
3221 783 3349 839 Nini
3404 785 3592 854 patre,
3656 783 3719 836 et

2069 879 2663 947 EgialoSieioniorum
2685 891 2839 946 rege,
2899 876 3254 931 Hebreorum
3308 870 3596 928 Abraham
3655 872 3714 924 et

2069 967 2439 1037 Assyriorum
2462 967 2667 1023 Ninum
2695 971 2755 1022 et
2799 962 3239 1021 Semiramidem
3299 973 3713 1033 preponamus,

2071 1057 2205 1127 quia
2222 1071 2408 1128 neque
2432 1057 2785 1113 Athenarum
2800 1054 2986 1110 adhuc
3001 1053 3144 1109 urbs
3158 1064 3347 1121 neque
3366 1049 3717 1119 Argivorum

2071 1161 2312 1214 regnum
2336 1160 2540 1202 nomen
2564 1147 2892 1217 acceperat,
2918 1141 3062 1198 solis
3104 1138 3374 1196 Sicioniis
3420 1137 3479 1193 in
3512 1134 3717 1192 Grecia

2074 1234 2435 1304 florentibus,
2470 1233 2624 1306 apud
2646 1248 2795 1304 quos
2826 1230 3190 1303 temporibus
3224 1226 3471 1284 Abraha
3504 1228 3563 1282 et
3592 1223 3726 1280 Nini

2073 1325 2362 1396 Europem
2411 1321 2727 1380 secundum
2788 1334 3061 1390 regnasse
3113 1319 3325 1374 ferunt.
3402 1314 3566 1381 Quod
3619 1327 3728 1370 cur

2076 1414 2250 1470 etiam
2273 1418 2451 1469 etnos
2472 1415 2766 1484 putemus,
2802 1406 3303 1466 demonstrabitur
3329 1404 3386 1461 in
3435 1401 3733 1475 sequenti-

2081 1503 2189 1558 bus
2211 1499 2274 1557 ⁸⁷.

2152 1589 2206 1645 Si
2230 1589 2380 1645 enim
2405 1589 2717 1660 diligenter
2746 1600 3051 1644 enumeres
3080 1599 3110 1640 a
3145 1579 3588 1654 quadragesimo
3612 1581 3732 1634 ter-

2000 1694 2052 1753 B
2082 1679 2174 1736 cio
2198 1694 2346 1735 anno
2371 1678 2498 1734 Nini
2529 1690 2711 1749 usque
2730 1675 2802 1732 ad
2821 1674 2867 1710 ⁸⁸
2895 1674 3079 1745 Troja
3107 1670 3530 1745 captivitatem,
3573 1667 3734 1723 inve-

2086 1768 2210 1824 nies
2232 1782 2415 1825 annos
2434 1769 2556 1838 834,
2589 1766 2725 1821 item
2749 1765 2804 1821 in
2839 1764 3064 1821 Sicione
3093 1776 3124 1819 a
3153 1765 3223 1819 22
3254 1774 3402 1817 anno
3438 1756 3594 1829 regis
3623 1757 3736 1812 Eu-

2090 1856 2248 1929 ropis
2278 1870 2466 1928 usque
2493 1856 2563 1913 ad
2597 1854 2999 1928 supradictum
3031 1857 3262 1924 tempus
3282 1847 3518 1907 eosdem
3549 1860 3736 1904 annos

2092 1946 2354 2003 invenies
2409 1948 2534 2016 834,
2593 1945 2745 2016 apud
2798 1944 3061 1999 Hebreos
3134 1952 3366 2012 quoque
3423 1935 3735 1993 nativitate

2098 2032 2381 2088 Abraham
2413 2047 2597 2102 usque
2621 2030 2689 2086 ad
2725 2030 2970 2087 tercium
3011 2042 3221 2085 annum
3273 2025 3505 2096 Lapdon
3562 2020 3607 2057 ⁸³
3641 2022 3736 2093 ju-

2097 2121 2246 2178 dieis
2300 2122 2677 2190 Hebreorum,
2706 2119 2800 2191 qui
2843 2117 3102 2188 Trojanis
3130 2114 3491 2187 temporibus
3520 2110 3739 2184 populo

2098 2208 2335 2282 prefuit,
2359 2222 2524 2278 aque
2545 2207 2591 2241 ’°
2612 2207 2961 2279 supputabis
2992 2220 3175 2262 annos
3223 2207 3346 2273 834,
3396 2203 3534 2259 item
3583 2198 3740 2272 apud

2099 2298 2392 2369 Egyplios
2406 2298 2477 2353 ah
2493 2301 2666 2354 atate
2688 2296 2817 2352 Nini
2832 2301 2889 2352 et
2905 2292 3456 2364 Seiuiramidis,quo
3475 2293 3743 2361 tempore

2103 2390 2167 2442 16
2185 2387 2299 2458 jam
2322 2384 2573 2442 dinastia
2591 2384 2802 2441 Thebei
2832 2382 3115 2455 Egyptiis
3136 2381 3519 2453 imperabant,
3554 2392 3743 2448 usque

2101 2475 2169 2532 ad
2186 2474 2519 2532 vicesimam
2532 2473 2865 2543 dinastiam,
2886 2473 2942 2528 id
2960 2476 3053 2528 est
3066 2473 3447 2543 potestatem,
3463 2472 3522 2524 et
3544 2479 3742 2537 regem

2099 2563 2627 2635 EgyptiTheoren,
2660 2562 2760 2633 qui
2791 2561 2862 2617 ab
2906 2557 3152 2617 Homero
3187 2556 3424 2630 Polipus
3471 2558 3740 2622 vocatur,

2102 2652 2211 2708 sub
2243 2666 2357 2723 quo
2387 2653 2561 2707 etiam
2584 2651 2750 2722 Troja
2778 2653 2952 2722 capta
2998 2652 3107 2720 est,
3159 2645 3519 2716 colliguntur
3566 2655 3746 2715 supra

2104 2739 2242 2796 dicti
2275 2739 2545 2797 anni834.

2172 2826 2356 2896 Igitur
2377 2829 2809 2896 consequenter
2857 2838 2972 2880 uno
3025 2822 3344 2893 eodemque
3388 2824 3648 2890 tempore
3688 2816 3743 2872 in

2103 2914 2307 2971 ordine
2336 2913 2751 2986 descriptionis
2786 2926 3066 2984 ponemus
3081 2911 3388 2983 Abraham,
3414 2907 3620 2964 Ninum
3652 2904 3748 2962 vel

2105 3003 2562 3074 Semiramidem,
2639 3004 2945 3073 Europem,
3027 2999 3423 3072 Egyptiorum
3464 2995 3746 3053 Thebeos.

2106 3094 2266 3149 Nunc
2292 3092 2467 3148 etiam
2497 3089 2639 3147 illud
2664 3090 2719 3146 in
2752 3104 2890 3147 cura
2906 3093 3015 3159 est,
3050 3093 3116 3146 ut
3142 3089 3497 3145 Hebreorum
3520 3097 3754 3156 quoque

2108 3195 2290 3237 annos
2310 3181 2365 3236 in
2398 3183 2648 3251 quatuor
2678 3183 2938 3250 tempora
2974 3177 3322 3246 dividamus,
3368 3175 3438 3231 ab
3460 3170 3753 3230 Abraham

2108 3283 2292 3342 usque
2316 3269 2386 3326 ad
2406 3271 2654 3341 Moysen,
2681 3283 2709 3323 a
2744 3268 2934 3338 Moyse
2967 3280 3148 3337 usque
3180 3265 3253 3321 ad
3303 3264 3542 3336 primam
3575 3260 3759 3318 aditi-

2107 3358 2395 3415 eationem
2426 3357 2650 3428 templi,
2678 3357 2749 3412 ab
2780 3354 3166 3413 adiﬁcatione
3218 3351 3420 3425 templi
3445 3364 3631 3423 usque
3681 3348 3758 3406 ad

2109 3445 2418 3504 secundam
2452 3461 2562 3517 qua
2595 3446 2981 3501 instauratum
3013 3447 3099 3500 est
3140 3442 3205 3513 θί,
3240 3438 3758 3498 abinstauratione

2110 3538 2236 3607 ejus
2256 3550 2442 3607 usque
2462 3535 2530 3592 ad
2558 3535 2869 3593 adventum
2890 3532 3105 3590 Christi
3123 3531 3367 3589 Domini.
3388 3532 3428 3587 A
3445 3529 3759 3587 nativitate

2113 3626 2327 3699 quippe
2358 3623 2646 3681 Abraham
2679 3638 2862 3695 usque
2918 3622 2987 3679 ad
3054 3623 3283 3693 Moysen
3336 3624 3394 3677 et
3452 3631 3757 3689 egressum

2114 3714 2292 3770 Israel
2349 3727 2421 3769 ex
2479 3714 2722 3784 Egypto
2745 3714 3160 3783 computantur
3200 3708 3334 3766 anni
3374 3711 3495 3776 505,
3546 3703 3759 3762 exinde

2115 3817 2300 3873 usque
2333 3802 2400 3858 ad
2436 3800 2796 3857 Salomonem
2814 3806 2871 3856 et
2889 3799 3128 3871 primam
3156 3797 3596 3855 aedificationem
3612 3798 3762 3848 tcm-

2114 3891 2193 3962 pli
2226 3890 2356 3947 anni
2391 3889 2560 3959 478”,
2605 3888 2924 3945 secundum
2982 3887 3260 3943 minorem
3318 3890 3511 3942 tamen
3562 3896 3761 3938 nume-

2114 3996 2260 4050 rum,
2289 3993 2457 4049 quem
2492 3978 2708 4034 tercius
2738 3979 3069 4048 Regnorum
3102 3976 3251 4032 liber
3283 3974 3544 4032 continet
3580 3989 3595 4038 ;
3626 3984 3760 4026 nam

2107 4068 2274 4137 juxta
2306 4068 2575 4123 volumen
2613 4066 2884 4122 Iudicum
2945 4069 3341 4137 supputantur
3368 4061 3498 4119 anni
3556 4064 3700 4123 600;
3728 4073 3760 4112 a

2114 4154 2416 4212 Salomone
2449 4169 2584 4209 vero
2644 4167 2828 4223 usque
2883 4152 2954 4207 ad
3005 4151 3482 4209 instaurationem
3531 4145 3758 4216 templi,

2116 4257 2243 4315 qua
2262 4244 2371 4298 sub
2398 4241 2888 4298 DarioPersarum
2907 4255 3043 4310 rege
3088 4241 3363 4308 factaest,
3401 4235 3764 4305 colliguntur

2116 4331 2247 4387 anni
2303 4333 2608 4401 512,-porro
2656 4344 2686 4385 a
2728 4329 2899 4385 Dario
2950 4344 3136 4399 usque
3171 4329 3242 4385 ad
3299 4323 3761 4399 predicationem

353 4408 568 4477 quibus
598 4412 754 4470 nulla
784 4415 1017 4486 penitus
1040 4432 1146 4475 nec
1178 4420 1380 4491 Greca,
1411 4435 1518 4477 nee
1540 4421 1807 4489 barbara,
1833 4423 1891 4476 et
1938 4424 2001 4477 ut
2034 4403 2083 4461 D
2120 4418 2336 4474 Domini
2366 4417 2543 4473 Jhesu
2574 4416 2785 4473 Christi
2844 4420 2900 4472 et
2934 4431 3119 4487 usque
3168 4415 3239 4472 ad
3300 4418 3494 4470 15mm
3549 4425 3760 4467 annum

357 4496 413 4551 in
427 4511 728 4556 commune
742 4501 1130 4575 loquar,nulla
1145 4509 1386 4577 gentilis
1402 4508 1695 4566 invenitur
1714 4508 1998 4579 hystoria.

358 4581 506 4657 (192)
530 4586 709 4653 Quam
741 4590 815 4645 ob
847 4607 967 4649 rem
998 4610 1198 4652 omnes
1219 4597 2004 4668 hystoriarumseriptoresa

355 4671 522 4745 Nino,
557 4676 653 4746 qui
676 4692 782 4736 suo
812 4695 990 4752 regno
1030 4697 1142 4740 non
1198 4689 1512 4742 contentus
1546 4685 1733 4741 aliena
1790 4683 2005 4740 invasit

2114 4506 2339 4578 Tyberii
2371 4505 2654 4577 principis
2677 4506 3065 4561 Romanorum
3089 4504 3403 4576 explentur
3430 4497 3759 4558 anni547”.

2117 4599 2318 4666 Itaque
2342 4592 2513 4650 simul
2545 4594 2687 4650 fiunt
2716 4595 2787 4650 ab
2848 4595 3136 4649 Abraham
3192 4607 3375 4663 usque
3433 4589 3504 4646 ad
3568 4593 3765 4645 15mm

2115 4683 2341 4754 Tyberii
2402 4698 2610 4738 annum
2646 4682 2775 4737 anni
2807 4685 2947 4739 2042
2991 4682 3054 4738 ⁸⁸.
3090 4680 3367 4737 Similiter
3426 4696 3457 4735 a
3516 4681 3583 4734 43
3616 4692 3767 4733 anno

357 4754 561 4821 etideo
585 4765 806 4837 primus
829 4784 1104 4841 regnasse
1123 4772 2007 4845 dieitur,temporumincipiunt
2116 4772 2244 4827 Nini
2274 4768 2319 4803 "
2370 4783 2551 4841 usque
2602 4770 2672 4826 ad
2707 4770 2899 4826 46mm
2940 4769 3216 4841 Cecropis
3277 4772 3413 4824 sunt
3469 4765 3600 4821 anni
3661 4768 3768 4819 505

361 4847 740 4920 digestiones.
778 4857 892 4915 Nos
914 4859 986 4915 ah
1011 4858 1138 4931 ipso
1196 4860 1498 4920 mundana
1539 4861 1855 4919 ereationis
1893 4861 2011 4933 pri-

2119 4859 2328 4915 exinde
2385 4873 2569 4930 usque
2592 4858 2663 4914 ad
2703 4858 3107 4931 captivitatem
3152 4856 3334 4928 Troja
3383 4854 3517 4912 anni
3558 4857 3682 4924 329,
3735 4868 3769 4909 a

1724 5038 1960 5095 VARIE
2000 5037 2087 5094 LE
2097 5034 2406 5096 CTIONES.

429 5151 476 5186 ⁸⁵
531 5153 576 5207 ν
622 5168 654 5211 e
706 5170 857 5216 corr.
907 5159 1035 5217 1.“
1074 5175 1105 5219 e
1140 5176 1289 5221 corr.
1353 5162 1479 5219 1."
1525 5164 1581 5221 in
1612 5177 1896 5223 s.ecorr.
1932 5168 1981 5219 1.
2016 5160 2119 5218 “a

2152 5161 2356 5233 quadr.
2390 5192 2460 5202 —
2524 5160 2595 5216 ad
2642 5230 2656 5233 _
2670 5173 2704 5233 e
2723 5173 2874 5217 corr.
2922 5164 2945 5216 1
2990 5177 3004 5226 ;
3057 5158 3115 5215 et
3136 5156 3357 5228 ubique
3389 5156 3774 5233 fligi-cyma:

364 5236 638 5352 aii/{mra
663 5212 956 5311 amicicie.—
981 5230 1027 5265 ⁸⁸
1075 5212 1251 5290 1'3:
1276 5212 1312 5291 I.
1347 5212 1415 5293 ire
1460 5212 1581 5318 rei};
1612 5212 2028 5316 ’ξιζξθδῖι
2060 5212 2490 5304 ἑᾳῦἷῖὸογν.
2513 5212 2601 5315 :1".
2639 5212 2693 5264 9“
2715 5212 2872 5288 tum’
2910 5212 3004 5287 est
3023 5212 3269 5287 ev
3286 5212 3333 5285 1.
3388 5212 3554 5284 ’ΠΧ
3576 5212 3767 5284 'H‘ier.

615 5299 788 5352 Hier.
824 5300 867 5334 9‘
895 5301 1009 5352 dun
1037 5318 1234 5352 gmw-
1298 5311 1345 5352 1-
1380 5308 1450 5352 IV
1497 5309 1660 5352 nam»-
1693 5306 1739 5342 ³⁸
1764 5321 1876 5352 ηιηι
1906 5336 1976 5346 -
2006 5306 2097 5352 ην
2121 5318 2151 5352 e
2171 5318 2344 5352 mir“
2378 5303 2450 5352 ut
2465 5302 2726 5352 videtur.
2756 5307 2804 5352 1.

615 5299 788 5357 Hier.
824 5300 867 5334 9‘
895 5301 1009 5359 duo
1037 5318 1235 5363 ecorr.
1298 5311 1346 5364 1.
1380 5308 1450 5364 IV
1487 5307 1661 5366 Hier.
1693 5306 1739 5342 ⁸⁸
1760 5305 1877 5362 nini
1906 5336 1976 5346 -

2121 5299 2151 5361 ἐ
2171 5318 2345 5375 eam,
2378 5303 2450 5361 ut
2465 5302 2726 5373 videtur,
2756 5307 2804 5358 1.

1958 5428 2161 5486 NOTAE
2176 5472 2189 5486 .

445 5542 596 5619 (191)
624 5547 908 5609 Numeros
945 5551 1275 5626 Hieronymi
1330 5554 1707 5614 Ekkehardus
1755 5553 2022 5612 mutavit.

2209 5552 2358 5625 (192)
2388 5552 2523 5609 Hae
2554 5548 2691 5607 Ekk.
2718 5547 2952 5620 adjecit.
