3964 6044
233 249 350 313 501

1123 245 1563 314 CHHONICA.
1596 279 1674 290 —
1703 236 2180 307 CHRONICON
2221 239 2752 306 UNIVERSALE

3521 237 3640 305 502

232 385 582 458 captivitate
603 386 788 459 Troiae
805 402 988 460 usque
1003 383 1727 462 ad'primamolimpiadem
1747 379 1878 438 anni
1909 374 1967 437 A
2067 380 2277 436 Cainan
2311 396 2460 438 anno
2484 381 2615 440 vitze
2633 397 2752 440 sua;
2778 380 3210 454 septuagesimo
3231 380 3428 452 genuit
3463 380 3633 440 Mala-

236 474 419 544 405⁸⁸,
445 491 474 532 6
508 478 687 549 prima
720 477 1032 550 olimpiade
1065 491 1250 549 usque
1273 477 1342 534 ad
1365 475 1683 534 secundum
1727 469 1884 528 Darii

236 579 452 622 annum
481 571 539 623 et
591 567 1077 625 instaurationem
1125 568 1329 639 templi
1361 567 1494 624 anni
1525 569 1650 634 256,
1685 565 1756 620 ab
1804 563 1886 619 16-

237 656 605 714 stauratione
633 657 838 730 templi
871 673 1056 728 usque
1089 658 1160 714 ad
1193 662 1387 714 15mm
1417 655 1642 728 Tyberii
1674 667 1883 709 annum

237 749 297 798 et
330 745 790 816 predicationem
843 746 1058 803 Christi
1090 748 1221 802 anni
1271 745 1449 802 547⁸⁷.
1485 745 1626 799 Sunt
1684 757 1824 809 ergo
1855 756 1884 796 a

235 836 387 892 Nino
439 840 495 892 et
555 834 1008 894 Semiramide"
1039 852 1220 908 usque
1275 837 1347 891 ad
1405 839 1602 891 15mm
1656 830 1885 902 Tyberii

239 924 493 982 Caesaris
517 939 726 982 annum
775 927 916 982 2042
939 925 1072 981 anni
1112 925 1176 996 ⁸⁸,
1227 940 1372 997 quos
1403 928 1464 980 et
1493 924 1566 980 ab
1600 921 1886 977 Abraham

236 1029 433 1086 usque
461 1013 532 1070 ad
561 1014 869 1086 Tyberium
901 1017 1252 1085 supputatos
1280 1011 1670 1070 ostendimus.

315 1104 430 1160 Sed
463 1117 532 1159 ne
580 1102 790 1174 longus
838 1103 989 1159 forte
1042 1116 1415 1158 numerorum
1465 1099 1609 1156 ordo
1669 1093 1888 1168 aliquid

234 1192 604 1250 turbationis
616 1192 842 1263 afferat,
863 1207 892 1247 a
910 1190 1244 1248 conditione
1270 1190 1437 1263 primi
1456 1187 1706 1246 hominis
1728 1187 1885 1256 Adae,

239 1281 343 1352 qui
378 1286 544 1338 sexto
595 1281 898 1338 mundanae
951 1279 1267 1336 creationis
1303 1279 1396 1334 die
1457 1279 1742 1334 formatus
1773 1279 1886 1346 est,

235 1371 620 1441 genealogias
646 1370 1017 1442 antiquorum
1045 1373 1272 1442 patrum
1295 1383 1482 1438 usque
1506 1367 1576 1424 ad
1605 1354 1888 1422 Abraham

237 1461 635 1530 conferamus,
689 1465 755 1516 ut
788 1458 976 1516 facilis
1029 1459 1366 1531 praebeatur
1409 1457 1687 1519 inventio,
1721 1455 1888 1525 cujus

242 1548 416 1605 Croci
439 1548 530 1604 vel
555 1549 787 1605 barbari
812 1552 984 1604 611616
1007 1547 1310 1620 prophetze
1341 1551 1398 1603 et
1424 1560 1594 1616 reges
1617 1548 1673 1601 et
1699 1559 1891 1601 sacer-

240 1637 421 1694 dotes
440 1637 796 1694 Hebreorum
831 1637 1066 1707 fuerint,
1091 1635 1343 1706 itemque
1377 1635 1736 1692 diversarum
1755 1648 1892 1703 gen-

1995 469 2126 542 Ieel,
2151 471 2320 541 cujus
2359 487 2564 528 nomen
2604 473 3044 545 interpretatur
3067 471 3372 543 plantatio
3393 471 3524 543 Dei,
3551 471 3634 528 vi-

1994 565 2164 616 vente
2196 561 2304 616 adh
2317 577 2382 618 uc
2406 561 2585 618 Adam
2607 568 2666 617 et
2688 563 2940 618 habente
2963 577 3146 619 annos
3164 565 3286 618 395.
3314 561 3527 618 Cainan
3545 573 3643 617 au-

1994 651 2111 704 tem
2135 654 2441 720 postquam
2475 651 2615 707 vixit
2645 655 2964 721 66668910,
2982 655 3249 708 mortuus
3279 657 3388 708 est.

2071 737 2255 807 (1816.)
2287 739 2583 794 Malalehel
2607 753 2756 794 anno
2779 739 2915 797 vitae
2939 754 3058 796 sum
3105 743 3173 796 65
3229 740 3432 810 genuit
3459 741 3638 809 Jaret,

1999 827 2094 897 qui
2128 828 2554 898 interpretatur
2583 828 2934 886 descendens
2965 829 3089 884 sive
3117 843 3425 902 superans,
3461 829 3641 887 Adam

1997 915 2186 973 adhuc
2205 916 2440 974 vivente
2462 921 2519 972 et
2543 918 2792 974 habente
2817 932 2999 974 annos
3036 917 3156 974 460.
3183 919 3519 990 Ipseautem
3534 920 3643 976 Ma-

1999 1003 2205 1062 lalehel
2226 1021 2355 1062 eum
2383 1006 2628 1063 vixisset
2643 1019 2824 1064 annos
2845 1009 2971 1076 895,
2992 1010 3258 1063 mortuus
3279 1010 3388 1062 est.

2067 1095 2264 1150 Jareth
2297 1108 2446 1150 anno
2501 1095 2640 1150 vitae
2671 1109 2790 1151 sure
2823 1098 2925 1150 162
2955 1094 3158 1163 genuit
3211 1095 3427 1166 Enoch,
3466 1096 3642 1153 Adam

1999 1181 2186 1238 adhuc
2215 1182 2447 1238 vivente
2476 1187 2536 1239 et
2564 1185 2669 1238 622
2697 1197 2878 1239 annos
2907 1183 3179 1240 habente.
3220 1183 3420 1240 Jareth
3450 1187 3642 1241 autem

1998 1282 2126 1324 eum
2159 1272 2318 1325 esset
2349 1282 2627 1324 annorum
2656 1271 2780 1338 942,
2805 1273 3070 1326 mortuus
3101 1275 3214 1324 est.

2069 1357 2264 1412 Enoch
2319 1371 2466 1414 anno
2519 1358 2656 1414 vitae
2687 1371 2809 1414 sure
2859 1359 2928 1414 65
2983 1357 3184 1428 genuit
3239 1357 3641 1430 Mathusalam,

2000 1446 2230 1501 vivente
2261 1446 2451 1503 adhuc
2485 1447 2664 1502 Adam
2696 1451 2756 1501 et
2799 1445 3050 1502 habente
3080 1461 3264 1504 annos
3294 1450 3417 1504 687.
3450 1447 3644 1506 Enoch

2001 1539 2193 1592 autem
2235 1540 2544 1607 postquam
2568 1535 2714 1590 vixit
2737 1549 2914 1590 annos
2937 1537 3061 1604 365,
3095 1541 3300 1606 raptus
3319 1540 3411 1592 est
3443 1551 3474 1592 a
3503 1537 3642 1605 Deo,

2005 1625 2252 1696 ideoque
2269 1624 2398 1680 11618
2421 1624 2674 1692 ejusnon
2691 1623 2984 1680 invenitur
3008 1624 3401 1694 conscriptus.
3421 1625 3646 1680 Dicitur

242 1726 394 1783 tium
432 1726 572 1783 falso
595 1726 802 1782 crediti
829 1727 928 1795 dii,
957 1725 1052 1796 qui
1077 1725 1306 1792 heroes,
1339 1739 1466 1794 qua)
1491 1724 1633 1780 urbs
1659 1723 1888 1794 quando
1919 1727 1974 1789 B
2002 1718 2195 1770 autem
2226 1712 2402 1770 multa
2437 1712 2770 1782 scripsisse,
2808 1712 2910 1767 sed
2945 1713 3016 1768 ab
3056 1711 3409 1782 antiquitate
3441 1726 3644 1784 suspe-

238 1814 504 1884 eondita,
541 1814 637 1885 qui
663 1813 733 1870 de
765 1813 1096 1870 illustribus
1112 1812 1256 1869 viris
1280 1812 1648 1884 phylosophi,
1681 1815 1888 1882 poetze,

244 1903 568 1976 principes,
593 1903 688 1974 qui
722 1901 1134 1974 scriptores100
1159 1903 1450 1958 variorum
1483 1915 1721 1972 operum
1747 1899 1894 1956 exti-

241 1992 454 2062 terint,
489 1995 542 2048 et
580 1991 626 2048 si
661 2006 772 2062 qua
825 1991 934 2048 alia
965 1991 1136 2060 digna
1185 1990 1458 2046 memoria
1494 1989 1717 2060 putavit
1749 1987 1896 2043 anti-

243 2080 466 2152 quitas,
518 2094 646 2150 quze
704 2079 976 2136 universa
1009 2079 1062 2134 in
1126 2079 1244 2136 suis
1275 2077 1424 2134 locis
1483 2092 1612 2133 eum
1674 2090 1894 2132 summa

244 2168 544 2225 brevitate
576 2181 876 2240 ponemus.

324 2255 507 2328 (lsm.)
541 2257 652 2312 Sex
684 2255 750 2289 ¹⁰¹
772 2256 978 2312 (11611118
1010 2270 1200 2311 rerum
1253 2259 1581 2310 creaturam
1606 2255 1756 2310 Deus
1788 2254 1898 2309 for-

247 2345 451 2415 mavit,
479 2345 664 2417 primo
686 2345 777 2401 die
795 2345 1059 2402 condidit
1083 2343 1289 2408 lucem,
1318 2343 1575 2399 secundo
1596 2343 1688 2398 die
1713 2343 1899 2396 ﬁrma-

249 2437 535 2503 mentum,
591 2433 774 2490 tercio
805 2434 1058 2504 speciem
1117 2432 1293 2488 maris
1325 2435 1381 2486 et
1441 2437 1634 2498 terrae,
1691 2435 1898 2500 quarto

254 2521 471 2590 sidera,
509 2522 712 2592 quinto
745 2523 934 2592 pisces
963 2527 1022 2576 et
1056 2520 1347 2588 volucres,
1398 2524 1563 2575 sexto
1596 2518 1812 2575 bestias
1840 2523 1895 2572 et
1957 2563 1962 2568 .

246 2611 538 2681 jumenta,
571 2615 628 2666 et
664 2610 974 2666 novissime
999 2610 1068 2664 ad
1099 2608 1537 2665 similitudinem
1573 2621 1730 2662 suam
1765 2605 1902 2660 fecit

259 2698 510 2770 primum
545 2699 831 2754 hominem
865 2698 1040 2754 Adam
1083 2697 1252 2770 (193).
1291 2699 1332 2754 A
1365 2696 1530 2764 eujm
1563 2695 1900 2751 conditione

251 2791 315 2842 et
344 2786 541 2844 mundi
601 2786 898 2844 creatione
939 2800 1124 2856 usque
1157 2785 1226 2841 ad
1269 2783 1547 2839 diluvium
1583 2783 1898 2839 secundum

255 2877 540 2948 quosdam
601 2877 784 2943 (Jonn.
819 2877 907 2932 De
941 2877 1009 2932 R.
1041 2876 1142 2940 St;
1177 2876 1328 2928 BEDA
1360 2875 1444 2930 De
1481 2873 1568 2930 VI
1589 2874 1706 2944 cet.)
1750 2886 1904 2928 com-

257 2970 544 3037 putantur
601 2966 934 3034 66612242,
993 2963 1311 3020 secundum
1371 2961 1708 3018 Ilebraicam
1766 2975 1903 3016 vero

257 3055 403 3110 verit
416 3058 568 3110 atem
585 3053 740 3110 mille
756 3053 1018 3110 sexcenti
1035 3051 1451 3122 quinquaginta
1467 3065 1568 3106 sex
1587 3068 1601 3118 ;
1619 3049 1674 3104 in
1690 3049 1904 3120 quibus
1935 3081 1983 3142 Ο

253 3143 425 3200 annis
446 3143 633 3199 adhuc
669 3143 798 3199 rudi
837 3147 895 3198 et
935 3141 1182 3213 simplici
1227 3139 1515 3197 hominum
1548 3142 1750 3194 natura
1792 3152 1899 3194 non

256 3247 430 3302 reges
477 3232 579 3288 sed
611 3231 954 3288 familiarum
1000 3231 1189 3302 capita
1242 3245 1348 3286 suo
1381 3229 1434 3284 in
1467 3241 1680 3298 genere
1711 3230 1898 3294 erant,

257 3336 507 3392 quorum
541 3321 684 3376 ordo
713 3319 1044 3390 hujusmodi
1079 3319 1204 3376 fuit.
1499 3369 1506 3378 .

332 3408 522 3482 (1816.)
557 3409 733 3465 Adam
770 3423 918 3464 anno
947 3408 1082 3464 vita:
1111 3423 1228 3464 suae
1261 3410 1364 3462 130
1385 3405 1581 3476 genuit
1613 3405 1768 3473 Seth,
1805 3403 1900 3473 qui

257 3511 366 3568 pro
399 3495 540 3552 Abel
587 3500 759 3552 natus
807 3498 917 3565 est,
949 3495 1494 3566 interpretaturque
1523 3491 1900 3558 resurrectio,

253 3585 390 3657 quia
426 3585 483 3640 in
515 3598 584 3642 eo
604 3583 670 3617 ¹⁰²
693 3583 1109 3640 resuscitatum
1130 3586 1223 3637 est
1255 3581 1712 3651 scmenjustum,
1751 3579 1904 3649 quod

249 3677 342 3731 est
377 3673 585 3744 stirpis
629 3671 879 3728 filiorum
914 3671 1033 3741 Dei,
1098 3671 1387 3742 quoniam,
1452 3683 1580 3724 cum
1631 3673 1790 3723 68861
1817 3666 1904 3721 vir

251 3760 900 3832 egregius,imitatores
922 3760 1010 3816 sui
1039 3759 1188 3814 ﬁlios
1221 3757 1478 3828 reliquit,
1515 3755 1610 3827 qui
1649 3754 1908 3824 discipli-

260 3865 390 3906 nam
427 3863 618 3904 rerum
651 3847 976 3905 caelestium
998 3853 1347 3902 etornatum
1395 3859 1592 3900 earum
1639 3843 1908 3913 primitus

257 3939 624 3995 invenerunt.
649 3937 826 3994 Adam
842 3951 980 3992 vero
994 3951 1122 3992 cum
1139 3939 1294 3991 esset
1317 3936 1735 4001 annoru111930,
1762 3946 1910 3986 mor-

260 4033 400 4083 tuus
431 4033 521 4083 est
547 4031 606 4083 et
639 4039 1126 4082 rerumsummam
1146 4023 1262 4078 ﬁlio
1287 4038 1393 4078 suo
1414 4021 1548 4076 Seth
1577 4020 1833 4090 reliquit.

333 4117 522 4187 (1811).)
555 4115 690 4170 Seth
753 4129 903 4169 anno
963 4113 1099 4168 vitae
1149 4127 1270 4168 811111
1337 4114 1430 4166 1015
1486 4109 1688 4179 genuit
1739 4109 1908 4176 Enos,

263 4205 499 4261 vivente
532 4203 706 4258 Adam
745 4213 803 4258 et
856 4202 1108 4258 habente
1157 4215 1339 4257 annos
1391 4201 1516 4255 235.
1603 4197 1705 4253 llic
1762 4198 1914 4251 Enos

262 4293 470 4366 erepit,
501 4293 624 4348 sive
657 4297 720 4349 ut
743 4295 982 4348 sanctus
1003 4287 1548 4359 Augustinusjuxta
1578 4285 1916 4341 translatio-

263 4398 395 4440 nem
430 4382 601 4439 aliam
653 4381 792 4438 dicit
827 4380 936 4450 (De
962 4380 1072 4438 civ.
1109 4380 1240 4448 Dei,
1275 4393 1364 4448 xv,
1400 4381 1487 4448 18)
1521 4374 1799 4448 speravit,
1834 4375 1914 4429 in-

2003 1801 2199 1859 cisam
2232 1802 2362 1858 ﬁdei
2388 1801 2691 1872 repudiata
2717 1805 2870 1856 sunt.
2903 1799 3084 1857 Iudas
3120 1803 3306 1856 tamen
3343 1799 3648 1871 apostolus

2005 1892 2059 1948 in
2084 1891 2331 1963 epistola
2355 1905 2457 1946 sua
2486 1889 2813 1960 exemplum
2837 1889 2907 1944 de
2937 1888 3096 1946 illius
3126 1888 3302 1946 dictis
3325 1888 3506 1960 ponit.
3531 1889 3650 1946 Hae

2003 1979 2380 2048 generatione
2419 1977 2842 2048 concupierunt
2879 1975 2978 2030 11111
3010 1976 3109 2032 Dei
3153 1975 3300 2032 ﬁlias
3332 1975 3648 2046 hominum,

2005 2070 2115 2125 hoc
2146 2073 2237 2124 est
2272 2066 2370 2122 11111
2404 2065 2538 2121 86111
2575 2064 2724 2121 111168
2751 2064 2908 2120 Cain.

2077 2155 2452 2213 Hathusalem
2505 2169 2652 2209 anno
2672 2153 2810 2209 vitze
2839 2167 2961 2209 suae
3019 2155 3120 2208 187
3155 2153 3358 2221 genuit
3389 2152 3646 2222 Lamech,

2007 2243 2194 2299 adhuc
2229 2243 2405 2298 Adam
2451 2240 2684 2297 vivente
2712 2245 2770 2296 et
2803 2254 2986 2294 annos
3031 2241 3137 2294 874
3183 2239 3452 2294 habente.
3488 2240 3651 2294 Anno

2009 2338 2199 2388 autem
2235 2328 2569 2386 Mathusalae
2590 2331 2714 2397 243,
2745 2342 2876 2383 61116
2909 2326 3063 2382 111168
3081 2326 3206 2394 ejus
3227 2325 3470 2382 Lamech
3492 2331 3649 2380 esset

2009 2433 2288 2475 annorum
2323 2421 2408 2479 56.
2437 2421 2702 2472 mortuus
2729 2419 2821 2471 est
2846 2414 3024 2470 Adam
3055 2429 3204 2470 anno
3228 2413 3360 2470 vitae
3383 2426 3504 2469 suas
3524 2416 3647 2468 930.

2011 2510 2125 2562 Hae
2155 2506 2535 2576 generatione
2583 2503 2700 2559 nati
2732 2505 2866 2560 sunt
2915 2504 3214 2572 gygantes.
3276 2502 3394 2556 Hac
3423 2513 3653 2570 quoque

2009 2599 2183 2652 aetate
2209 2595 2398 2664 Jubal,
2435 2593 2531 2664 qui
2563 2597 2689 2649 erat
2723 2591 2793 2647 de
2823 2605 3038 2660 genere
3070 2589 3226 2658 Cain,
3261 2591 3444 2644 artem
3478 2587 3654 2643 musi-

2009 2699 2133 2740 cam
2166 2683 2403 2754 reperit,
2431 2682 2600 2752 cujus
2628 2681 2800 2738 etiam
2835 2680 3016 2735 frater
3045 2677 3356 2734 Tubalcain
3387 2675 3655 2732 16118161--

2015 2773 2179 2842 rique
2205 2771 2474 2827 inventor
2497 2769 2622 2826 1611.
2645 2767 3022 2824 Μ6111118616111
3047 2767 3226 2836 igitur
3241 2765 3402 2834 juxta
3427 2766 3658 2835 septua-

2010 2861 2168 2930 ginta
2193 2861 2582 2929 Interpretum
2599 2855 3092 2928 computationem
3116 2853 3409 2925 reperitur
3439 2851 3658 2908 vixisse

2015 2953 2147 3020 post
2173 2947 2452 3004 diluvium
2476 2961 2657 3001 annos
2681 2948 2766 3014 14,
2795 2948 3036 3014 propter
3059 2941 3210 3013 quod
3241 2938 3505 2997 nonnulli
3525 2953 3654 2995 eum

2015 3051 2145 3094 eum
2172 3041 2335 3108 patre
2359 3050 2465 3091 suo
2489 3034 2701 3102 Enoch,
2729 3033 2826 3104 qui
2849 3029 3176 3088 translatus
3195 3033 3304 3099 est,
3331 3028 3659 3099 aliquantu-

2016 3125 2130 3182 lum
2149 3125 2350 3192 fuisse,
2368 3123 2553 3179 donec
2569 3121 2850 3178 diluvium
2872 3119 3208 3191 preteriret,
3228 3117 3366 3173 falsa
3381 3115 3658 3188 opinione

2014 3212 2370 3270 existimant.
2399 3213 2632 3267 Certum
2653 3215 2842 3265 tamen
2877 3213 2986 3277 est,
3021 3215 3080 3263 ut
3115 3211 3356 3262 sanctus
3387 3203 3660 3274 Augusti-

2015 3317 2123 3358 nus
2156 3301 2211 3355 in
2245 3298 2394 3355 libro
2426 3299 2497 3355 de
2527 3299 2775 3354 Civitate
2806 3295 3029 3352 Domini
3063 3294 3177 3364 (xv,
3213 3295 3300 3365 11)
3331 3292 3494 3363 dicit,
3529 3306 3659 3348 eum

2015 3393 2148 3462 post
2183 3389 2464 3450 diluvium
2497 3403 2608 3443 non
2668 3385 2906 3454 vixisse,
2963 3384 3063 3440 sed
3096 3383 3152 3438 in
3184 3382 3311 3454 ipso
3343 3396 3492 3438 anno
3545 3395 3662 3452 quo

2016 3483 2297 3539 diluvium
2356 3481 2571 3535 factum
2627 3479 2718 3530 est
2799 3479 3088 3530 mortuum
3144 3485 3294 3541 esse,
3355 3470 3662 3526 habentem

2015 3586 2198 3627 annos
2229 3572 2554 3638 nongentos
2581 3563 2883 3632 sexaginta
2917 3575 3143 3618 novem.

2090 3658 2334 3715 Lamech
2375 3671 2524 3712 anno
2573 3653 2709 3709 vitae
2742 3653 2996 3708 81116182
3023 3648 3226 3718 genuit
3257 3647 3395 3717 Noe,
3457 3645 3552 3703 cui
3583 3645 3666 3703 di-

2021 3748 2154 3804 vino
2181 3749 2422 3818 jubetur
2462 3741 2701 3798 oraculo
2749 3739 3040 3796 aediﬁcare
3071 3751 3262 3793 aream
3296 3749 3444 3792 anno
3475 3733 3668 3791 atatis

2022 3851 2142 3893 suae
2166 3831 2654 3905 quingentesimo,
2679 3828 2973 3883 6116106118
2995 3825 3191 3882 delere
3214 3825 3554 3895 disponeret
3574 3823 3669 3877 ho-

2022 3925 2204 3980 mines
2229 3927 2472 3994 propter
2497 3917 2776 3973 maliciam
2810 3929 3008 3970 eorum
3035 3912 3192 3981 (1816.
3214 3929 3228 3977 ;
3250 3913 3462 3968 ,10811611
3519 3925 3557 3978 1,
3589 3911 3664 3981 4).

2023 4012 2293 4069 1161111668
2342 4013 2534 4064 autem
2566 4005 2726 4061 illius
2770 4001 3072 4072 temporis,
3109 4000 3206 4069 qui
3244 4013 3345 4070 per
3376 3997 3667 4068 ingenium

2023 4100 2305 4158 divinitus
2335 4096 2612 4152 traditum
2662 4107 2766 4162 per
2787 4095 2869 4146 tot
2895 4102 3174 4144 annorum
3199 4087 3333 4142 vita;
3361 4085 3561 4157 spacia
3587 4085 3673 4141 di-

2024 4201 2323 4246 versarum
2340 4184 2552 4241 artium
2577 4186 2636 4236 et
2670 4177 3107 4250 disciplinarum
3125 4177 3458 4245 repertores
3478 4177 3667 4241 erant,

2027 4293 2154 4335 eum
2184 4273 2530 4347 predixisset
2555 4272 2643 4324 618
2678 4267 2852 4324 Adam
2879 4265 3087 4337 spiritu
3115 4263 3213 4320 Dei
3231 4261 3456 4334 plenus,
3479 4265 3672 4318 exter-

2029 4365 2401 4422 minationem
2433 4359 2685 4416 omnium
2738 4370 2950 4424 rerum,
2990 4369 3158 4409 unam
3219 4351 3370 4421 ignis
3429 4349 3672 4419 virtute,

259 4485 479 4528 vocare
509 4484 714 4526 nomen
745 4441 989 4524 Domini.
1027 4441 1284 4536 Cumque
1307 4441 1708 4522 vixisset'Seth
1733 4441 1916 4518 annos
1943 4441 1996 4499 D
2029 4456 2272 4513 alteram
2307 4465 2587 4522 aquarum
2615 4447 2670 4504 vi
2695 4461 2761 4501 ac
2795 4442 3169 4536 multitudine
3192 4441 3315 4497 fore
3345 4443 3671 4536 venturam,

260 4564 388 4628 912,
421 4564 689 4615 mortuus
713 4564 822 4614 est.

336 4649 532 4720 (1811).)
577 4649 728 4704 Ε668
779 4663 928 4704 anno
961 4647 1097 4703 vitze
1127 4661 1248 4702 sum
1309 4641 1684 4712 nonagesimo
1715 4639 1917 4710 genuit

263 4737 504 4806 Cainan,
523 4735 619 4806 qui
639 4735 1062 4808 interpretatur
1083 4735 1306 4791 natura
1325 4732 1457 4799 Dei,
1484 4730 1714 4786 vivente
1739 4726 1916 4783 Adam

258 4830 320 4881 et
355 4825 603 4880 habente
635 4839 820 4880 annos
843 4828 965 4880 325.
997 4823 1254 4893 Cumque
1279 4824 1440 4876 esset
1462 4821 1614 4875 Enos
1637 4831 1916 4872 annorum

257 4917 388 4982 905,
423 4918 692 4969 mortuus
718 4918 836 4969 est.

2029 4541 2469 4602 facientesduas
2497 4538 2822 4604 columnas,
2841 4547 3009 4590 unam
3035 4531 3266 4602 quidem
3281 4527 3672 4596 exlateribus,

2029 4635 2272 4691 alteram
2303 4646 2372 4686 ex
2425 4627 2740 4700 lapidibus,
2790 4621 3003 4680 studiis
3054 4619 3178 4676 suis
3233 4619 3467 4675 inventa
3498 4615 3554 4672 16
3586 4615 3677 4670 1118

2028 4719 2529 4790 conscripserunt,
2555 4728 2626 4770 ne
2649 4711 2990 4769 delerentur
3007 4707 3281 4762 memoria
3307 4719 3434 4774 quae
3451 4701 3678 4790 sapien-

2030 4818 2120 4866 ter
2151 4788 2513 4865 invenerunt.
2572 4802 2825 4868 Quarum
2885 4795 3112 4868 lapidea
3168 4795 3353 4848 fertur
3383 4788 3666 4846 diluvium

2030 4899 2285 4956 evasisse
2316 4899 2376 4950 et
2408 4895 2690 4949 hactenus
2713 4889 2767 4944 in
2793 4885 2952 4957 Syria
2978 4893 3339 4954 permanere.
3377 4878 3562 4948 (1816.)
3588 4877 3688 4931 La-

1625 5026 1862 5085 VARUE
1903 5027 2032 5085 LEC
2049 5023 2302 5082 [‘IONES.

329 5143 378 5177 “
407 5158 438 5201 θ
467 5157 616 5202 corr.
653 5151 694 5200 ι.
728 5144 798 5199 Vl
826 5143 998 5200 Hier.

259 5215 335 5290 ,ου
365 5231 418 5287 q.
453 5229 500 5272 s.
533 5229 732 5275 οσανν.
770 5219 817 5290 1Ζ

264 5281 432 5343 ico'e
459 5301 611 5346 corr.
643 5292 692 5342 1.
803 5284 847 5318 1°
876 5286 1170 5355 susceptae
1195 5287 1243 5337 1.
1278 5281 1382 5338 etc.

1103 5138 1148 5172 "7
1192 5139 1288 5194 VII
1334 5153 1362 5193 ε
1388 5150 1536 5194 corr.
1577 5141 1624 5190 1.
1679 5135 1797 5189 VIII
1829 5135 2000 5190 Hier.
2105 5135 2151 5202 νε
2189 5135 2480 5202 semirade
2515 5135 2560 5178 1.
2603 5191 2612 5202 ⁸
2666 5135 3200 5202 "nuojauui‘c‘cﬂ

917 5181 998 5246 ἵέί
1013 5181 1286 5269 Αιιιιίίέἶ
1311 5181 1560 5266 ais-"ia
1582 5181 1624 5263 ἐ’
1641 5181 1961 5277 1116161ἶί111

2027 5220 2031 5234 υ
2059 5201 2153 5274 qui
2190 5181 2424 5255 dicetur
2453 5191 2822 5251 cronieorum
2853 5186 2978 5242 sive
3011 5181 3262 5240 annalis.

2666 5118 2851 5174 9°duo
2899 5112 3032 5169 anni
3066 5125 3095 5168 e
3125 5121 3276 5168 om:
3315 5113 3364 5164 1.
3401 5108 3472 5162 IV
3506 5106 3682 5164 Hier.

2105 5129 2151 5164 9'
2189 5125 2480 5186 semirade
2515 5129 2560 5178 1.
2666 5125 2851 5174 “duo
2899 5127 3032 5169 6661
3066 5125 3095 5168 e
3125 5125 3276 5168 omn
3315 5125 3364 5164 1.
3403 5125 3464 5162 11
3506 5125 3682 5164 mer.

2105 5201 2152 5250 ni
2192 5199 2424 5250 dicetur
2453 5191 2822 5250 cronieorum
2853 5186 2978 5242 sive
3011 5181 3262 5240 annalis.
3364 5177 3430 5212 ¹⁰²
3464 5177 3600 5250 quia
3631 5175 3689 5231 in

1877 5361 2079 5417 NOTAE
2093 5401 2105 5416 .

341 5489 496 5560 (193)
553 5489 732 5559 Cujus
787 5484 1214 5560 chronicamin
1273 5480 1480 5560 Chron.
1538 5475 1975 5560 W_irzb_urgensi
2026 5474 2093 5528 ad
2147 5467 2388 5523 verbum
2447 5463 2811 5537 exscriptam
2844 5455 2982 5514 dixi.
3043 5455 3180 5510 Ekk.
3242 5464 3382 5505 vero
3438 5444 3534 5499 hic
3581 5441 3712 5507 eius

272 5550 670 5618 narrationem
704 5575 775 5617 ex
807 5559 938 5616 aliis
973 5556 1237 5615 fontibus
1267 5551 1434 5611 valde
1461 5550 1782 5622 ampliavit.

1467 5668 1502 5690 δ
