3964 6044
302 243 420 307 508

1465 241 1951 304 EKKEHARDI
1993 241 2553 307 URAUGIENSIS

3594 236 3717 303 504

305 376 469 437 mcch
500 392 642 439 vero
691 394 820 437 cum
852 383 1010 437 esset
1036 392 1316 438 annorum
1348 384 1471 451 777,
1506 378 1762 451 quinque
1788 379 1955 438 annis
1987 376 2036 438 A
2068 393 2254 450 usque
2283 378 2355 436 ad
2406 379 2525 436 Noe
2555 381 2615 435 et
2663 372 2966 443 diluvium,
3027 371 3335 432 continens
3366 388 3549 432 annos
3580 374 3719 433 1656

307 474 441 525 ante
475 469 754 526 diluvium
788 476 1054 527 mortuus
1083 475 1193 526 est.
1239 472 1322 526 Ex
1350 483 1521 541 supra
1555 469 1731 525 dictis
1760 474 1952 527 autem

2068 469 2388 525 secundum
2438 469 2683 535 Hebros,
2711 466 2876 536 juxta
2921 464 3299 537 septuaginta
3333 465 3715 537 Interpretes,

308 556 528 628 liquido
556 558 760 627 claret,
818 557 1120 615 exordium
1152 558 1478 615 litterarum
1512 560 1583 614 ab
1612 559 1741 630 ipso
1775 559 1956 630 primo
2067 563 2224 614 2262.
2262 557 2364 623 (Cf.
2419 558 2554 612 Ann.
2618 556 2861 626 Cicron.)
2895 554 3030 609 Dein
3091 554 3348 609 secunda
3399 558 3544 610 aetas
3578 554 3721 610 inci-

306 646 536 702 homine
578 647 848 718 coepisse,
911 648 1004 717 qui
1037 647 1225 702 adhuc
1278 650 1536 718 superat,
1596 648 1827 718 quando
1856 648 1957 703 ﬁlii

309 733 437 802 ejus
469 734 521 790 in
554 736 855 807 sapientia;
887 736 1083 793 studio
1116 737 1439 793 fervebant.

381 823 495 879 Noe
526 839 655 880 cum
716 825 1358 895 quingentorumesset
1421 840 1721 894 annorum,
1757 827 1959 895 genuit

311 912 460 983 Sem,
497 912 668 969 Cbam
700 918 759 969 et
796 915 1005 987 Japhet
1034 913 1122 986 10‘,
1154 919 1390 972 centum
1448 915 1616 972 annis
1647 919 1782 971 ante
1816 914 1963 971 dilu-

310 999 485 1071 vium,
549 1002 603 1056 in
650 1002 862 1073 quibus
913 1004 1087 1059 etiam
1138 1005 1307 1061 annis
1362 1019 1554 1061 arcam
1612 1003 1959 1069 fabricavit;

312 1091 741 1148 sexcentesimo
772 1097 965 1149 autem
997 1092 1125 1162 ejus
1158 1106 1306 1150 anno
1331 1092 1611 1149 diluvium
1638 1092 1958 1149 inundavit.

310 1177 367 1232 In
400 1177 489 1233 his
540 1192 681 1248 ergo
710 1181 1192 1250 generationibus
1226 1181 1422 1238 decem
1457 1184 1528 1238 ab
1558 1180 1732 1237 inicio
1765 1174 1961 1236 mundi

310 1279 495 1336 usque
526 1266 597 1321 ad
652 1268 1124 1340 diluviumjuxta
1186 1270 1562 1341 septuaginta
1598 1270 1963 1339 Interpretes

308 1358 728 1426 computantur
760 1358 891 1413 anni
914 1358 1256 1428 2262,juxta
1288 1358 1630 1415 Hebraicam
1653 1373 1793 1414 vero
1817 1357 1964 1412 veri-

309 1447 491 1499 tatem
526 1448 682 1516 1656,
734 1450 796 1501 ut
829 1450 1067 1503 sanctus
1101 1447 1464 1518 Augustinus
1495 1450 1769 1503 testatur.
1804 1446 1967 1502 Jose-

311 1532 462 1602 Phus
476 1539 670 1589 autem
692 1536 800 1603 (De
820 1536 945 1592 ant.
971 1534 1113 1591 εἶπά.
1134 1552 1171 1605 1,
1189 1552 1241 1606 c,
1258 1536 1335 1606 5.)
1361 1536 1502 1591 dicit
1529 1536 1642 1592 duo
1668 1535 1822 1591 milia
1839 1536 1961 1589 656-

309 1623 414 1689 Qui
444 1623 618 1679 etiam
646 1623 787 1680 dicit
823 1642 834 1677 :
860 1623 1967 1695 Nullusitaqueperscruteturprisco-

2069 646 2175 717 pit.
2209 644 2313 714 (Cf.
2348 646 2510 717 15m.)

2143 734 2327 807 (Ism.)
2359 736 2484 789 Scm
2518 748 2649 790 cum
2704 738 2860 789 esset
2912 747 3189 789 annorum
3220 734 3477 801 centum,
3513 732 3724 802 genuit

2075 825 2369 897 Arpbaxat
2402 822 2633 879 biennio
2661 826 2787 893 post
2813 822 3115 878 diluvium.

2146 912 2436 983 Arphaxat
2468 927 2617 967 anno
2662 916 2728 967 35
2788 911 2970 982 [alias
3001 915 3102 967 135
3150 909 3237 980 ¹⁰⁶1
3270 910 3471 981 genuit
3506 909 3659 980 Sale,
3695 926 3724 967 a

2074 1015 2186 1071 quo
2219 999 2441 1085 antiqui
2474 1000 2793 1055 Samaritm.

2145 1088 2273 1145 Sale
2305 1103 2454 1144 anno
2485 1091 2553 1143 30
2584 1088 2784 1157 genuit
2814 1088 3025 1158 Heber,
3079 1103 3108 1144 a
3141 1102 3255 1159 quo
3318 1088 3528 1144 Hebrei
3584 1088 3727 1145 dicti

2077 1182 2231 1234 sunt.

2151 1268 2338 1322 llcber
2368 1282 2516 1323 anno
2548 1270 2617 1323 34
2640 1267 2831 1339 [alias
2864 1268 2965 1321 134
2995 1264 3091 1337 ¹⁰⁵]
3118 1266 3317 1336 genuit
3352 1266 3580 1323 Falech.
3619 1268 3729 1324 Cu-

2072 1356 2167 1425 jus
2202 1356 2562 1427 temporibus
2618 1356 2905 1411 :ediﬁcata
2959 1360 3051 1410 est
3084 1355 3281 1424 turris,
3320 1356 3600 1412 incitante
3632 1358 3735 1413 ho-

2081 1446 2263 1502 mines
2297 1446 2368 1501 ad
2418 1445 2685 1515 injuriam
2714 1449 2773 1501 et
2805 1449 3203 1515 contemptum
3259 1445 3359 1501 Dei
3409 1446 3733 1501 Nembroth

2078 1539 2349 1603 gygante,
2374 1540 2581 1605 nepote
2612 1536 2748 1603 Noe,
2788 1533 2903 1588 ﬁlio
2935 1532 3159 1589 scilicet
3192 1533 3368 1600 Chus,
3400 1533 3505 1589 ﬁlii
3530 1534 3731 1604 Cham,

2083 1622 2181 1677 ﬁlii
2206 1624 2339 1677 Noe.
2361 1622 2539 1692 llujus
2554 1628 2745 1679 autem
2762 1622 3010 1678 altitudo
3030 1622 3213 1678 turris
3232 1622 3450 1679 dicitur
3470 1623 3735 1680 tenuisse

308 1713 1973 1785 rumﬂnesguantumerumnis/iliiseorumqueacisaut
1996 1736 2050 1795 Β
2082 1727 2382 1768 numerum
2408 1713 2663 1783 quinque
2703 1711 2921 1768 milium
2954 1726 3229 1782 passuum
3261 1715 3315 1767 et
3354 1714 3475 1782 176,
3530 1714 3735 1785 paula-

312 1802 513 1859 atavis
568 1815 739 1859 suam
787 1803 927 1872 quis
950 1803 1296 1859 extenderet
1317 1802 1566 1873 (etatem,
1589 1803 1694 1860 sed
1735 1802 1969 1859 tantum

312 1890 508 1947 artum
534 1905 735 1948 eorum
763 1892 823 1948 et
837 1892 1259 1963 generationes
1289 1892 1579 1948 attendat.

386 1980 496 2037 Sed
532 1995 635 2036 nec
675 1979 784 2036 hos
811 1980 984 2040 solos.
1013 1981 1109 2051 qui
1142 1982 1197 2037 in
1227 1980 1336 2038 hoc
1365 1980 1570 2038 ordine
1602 1980 1962 2051 scribuntur,

313 2073 663 2138 genuerunt,
698 2082 827 2124 cum
878 2068 1165 2140 scriptum
1196 2070 1272 2126 sit
1305 2070 1375 2126 de
1432 2069 1680 2139 singulis
1717 2071 1974 2141 :genuit

302 2157 474 2226 filios
494 2157 754 2227 etﬂlias.
782 2171 984 2215 verum
1023 2156 1081 2212 hi
1112 2162 1337 2214 tantum
1364 2162 1738 2214 assumuntur
1760 2174 1789 2214 a
1821 2159 1969 2214 veri-

319 2245 450 2302 dico
500 2245 993 2318 hystoriographo
1038 2248 1250 2317 Moyse,
1316 2262 1388 2303 ex
1448 2247 1662 2317 quibus
1694 2249 1809 2304 Noe
1837 2262 1966 2305 cum

320 2334 455 2391 ﬁliis
468 2335 592 2392 suis
607 2333 859 2392 ducebat
882 2336 1185 2404 originem,
1204 2351 1309 2406 per
1328 2351 1481 2406 quos
1497 2341 1556 2392 et
1574 2335 1823 2393 mundus
1840 2341 1969 2407 post

317 2427 647 2479 ceterorum
682 2424 977 2480 hominum
1004 2424 1387 2496 perditionem
1408 2424 1463 2480 in
1489 2424 1708 2481 diluvio
1731 2430 1854 2480 erat
1881 2438 1971 2479 re-

318 2512 671 2568 staurandus
702 2513 806 2581 (Cf.
844 2515 983 2570 Anc.
1018 2515 1105 2570 De
1133 2514 1244 2571 civ.
1280 2515 1410 2583 Dei,
1446 2527 1534 2583 xc,
1571 2515 1680 2584 15).

390 2601 571 2673 (lsm.)
602 2602 918 2657 Transacto
945 2607 1137 2657 autem
1171 2601 1409 2669 diluvio,
1447 2618 1580 2658 area
1602 2603 1719 2659 Noe
1744 2604 1968 2659 sedisse

323 2689 644 2745 referturin
669 2689 967 2745 montibus
984 2690 1267 2745 Armenia:
1293 2690 1965 2760 quidicunturArarath.

321 2778 574 2833 Fuerunt
605 2781 798 2833 autem
860 2777 962 2832 filii
997 2777 1114 2832 Noe
1143 2782 1284 2845 tres,
1319 2794 1391 2833 ex
1422 2779 1635 2848 quibus
1664 2783 1733 2834 72
1762 2783 1970 2848 gentes

320 2869 466 2922 ortae
489 2870 643 2935 sunt,
672 2864 728 2920 id
747 2868 833 2921 est
870 2864 938 2921 de
958 2864 1162 2936 Japhct
1199 2870 1283 2935 15,
1320 2864 1390 2921 de
1415 2866 1586 2922 Cbam
1617 2870 1703 2937 30,
1739 2868 1809 2924 de
1841 2869 1967 2923 Scm

319 2957 405 3009 27.
442 2952 598 3008 Vixit
656 2958 848 3010 autem
881 2955 995 3010 Noe
1056 2959 1186 3024 post
1217 2953 1497 3012 diluvium
1530 2960 1635 3013 350
1691 2956 1877 3026 annis,
1912 2962 1973 3011 et

322 3046 586 3100 mortuus
617 3048 710 3099 est
740 3058 1019 3099 annorum
1048 3048 1167 3100 950.

395 3133 576 3202 (Jonn.
616 3133 696 3187 Cf.
753 3132 995 3205 BEDAM.)
1030 3136 1073 3189 A
1104 3133 1274 3201 cujus
1307 3134 1585 3203 regimine
1617 3136 1706 3189 vel
1739 3136 1811 3191 ab
1844 3136 1969 3207 ipso
2004 3106 2017 3153 ί

322 3220 542 3277 diluvio
573 3234 756 3291 usque
789 3220 857 3274 ad
894 3221 1236 3277 divisionem
1287 3222 1635 3294 linguarum,
1671 3238 1797 3294 quae
1832 3225 1968 3281 item

319 3310 393 3365 ob
417 3307 629 3365 delicta
689 3307 1102 3365 :ediﬁcantium
1133 3309 1341 3365 turrim
1376 3310 1432 3365 in
1462 3325 1667 3382 campo
1718 3314 1972 3370 Sennaar

325 3398 475 3453 facta
503 3400 615 3459 est,
639 3401 698 3452 et
727 3410 911 3467 usque
943 3398 1153 3467 lleber,
1180 3398 1234 3452 in
1261 3413 1375 3468 quo
1400 3398 1755 3457 Ilebreorum
1779 3408 1839 3458 et
1871 3402 1973 3458 lin-

324 3497 434 3554 gua
459 3485 649 3555 prisca
674 3485 972 3555 remansit,
998 3486 1131 3555 quia
1163 3500 1269 3542 nec
1298 3486 1354 3541 in
1388 3487 1487 3541 illa
1541 3490 1971 3561 conspiratione

324 3571 647 3628 aediﬁcandi
700 3572 991 3641 interfuit,
1023 3578 1158 3629 sunt
1192 3575 1323 3630 anni
1358 3576 1678 3632 secundum
1712 3579 1971 3636 Hebreos

324 3665 555 3717 centum
585 3666 644 3716 et
687 3675 856 3731 unus,
914 3662 1079 3731 juxta
1114 3662 1260 3719 alios
1288 3678 1428 3720 vero
1458 3668 1580 3735 531,
1645 3667 1739 3736 qui
1771 3668 1971 3739 plures

325 3764 506 3806 annos
525 3749 736 3819 cuique
757 3751 1123 3819 generationi
1138 3752 1552 3825 attribuentes,
1568 3755 1742 3812 etiam
1759 3757 1969 3814 Cainan

327 3838 612 3908 quendam
653 3838 805 3895 inter
862 3840 1160 3911 Arphaxat
1191 3847 1251 3897 et
1283 3842 1412 3898 Sale
1468 3850 1712 3915 ponunt,
1743 3846 1837 3902 cui
1872 3848 1973 3903 125

327 3926 808 3997 annostribuunt,
825 3926 1110 3994 dicentes,
1132 3930 1426 4001 Arphaxat
1448 3932 1720 4002 genuisse
1737 3934 1969 4005 Cainan,

329 4014 541 4071 Cainan
592 4031 731 4073 vero
764 4015 912 4072 Sale.
966 4018 1027 4072 In
1059 4017 1165 4074 hac
1198 4019 1470 4090 opinione
1527 4022 1709 4078 Lucas
1743 4039 1974 4095 quoque

325 4104 685 4173 evangelista
702 4109 938 4162 secutus
951 4107 1318 4177 septuaginta
1335 4108 1973 4181 lnterpretes,eundem

329 4191 540 4248 Cainan
574 4193 630 4247 in
678 4193 883 4249 ordine
926 4194 1282 4265 genealogiae
1315 4201 1542 4266 patrum
1574 4198 1631 4253 in
1662 4200 1973 4268 Evangelio

327 4294 430 4336 suo
456 4280 862 4351 ponitdicens:
893 4281 1325 4354 Qui/uitSale,
1343 4285 1591 4358 quifuit
1604 4285 1975 4359 0ainan,qm’

311 4367 458 4439 fuit
473 4370 808 4440 Ανρῖιιιωαι,
843 4372 1103 4442 qui/“uit
1140 4373 1299 4437 Sam,
1336 4376 1578 4430 sanctus
1614 4376 1977 4445 Augustinus

2079 1801 2181 1855 tim
2218 1801 2273 1855 in
2307 1801 2618 1857 altioribus
2648 1806 2932 1871 coartata,
2969 1805 3031 1856 ut
3063 1800 3291 1873 pondus
3321 1800 3629 1857 imminens
3654 1803 3737 1857 fa-

2079 1889 2250 1945 cilius
2284 1889 2599 1946 sustineret
2663 1890 2767 1959 (Cf.
2834 1891 2974 1950 Gen.
3020 1891 3346 1961 x.—Ism.)
3402 1889 3740 1947 Divisiones

2081 1986 2271 2035 autem
2294 1978 2619 2047 linguarum
2645 1983 2712 2034 72
2737 1978 2914 2034 fuisse
2944 1977 3222 2049 bystoriae
3255 1977 3579 2048 declarant,
3618 1994 3738 2036 non

2081 2068 2232 2137 quod
2254 2067 2618 2124 solummodo
2650 2073 2740 2123 tot
2764 2067 3029 2124 homines
3067 2072 3201 2124 tunc
3250 2068 3497 2124 fuissent
3527 2071 3584 2123 et
3620 2083 3739 2124 non

2082 2156 2310 2228 plures;
2346 2156 2445 2212 sed
2479 2160 2569 2213 tot
2608 2156 2724 2226 jam
2759 2156 3056 2228 principes
3116 2156 3459 2213 familiarum
3492 2171 3566 2213 ex
3593 2156 3739 2213 filiis

2082 2244 2199 2300 Noe
2234 2250 2576 2316 procreatos
2632 2246 2912 2314 ostendit,
2972 2244 3068 2317 qui
3126 2244 3372 2317 populos
3417 2250 3476 2301 et
3523 2251 3739 2316 gentes

2079 2333 2471 2390 condiderunt
2522 2333 2626 2403 (Cf.
2658 2336 2901 2404 Usum.)

2155 2426 2196 2478 A
2227 2423 2566 2479 confusione
2601 2438 2738 2478 vero
2789 2422 3116 2491 linguarum
3171 2426 3228 2477 et
3260 2421 3509 2494 primatu
3544 2424 3743 2479 Heber

2086 2526 2266 2580 usque
2298 2511 2370 2566 ad
2420 2511 2786 2567 nativitatem
2820 2510 3086 2580 Abrahae,
3124 2510 3219 2580 qui
3256 2514 3428 2567 natus
3459 2516 3552 2566 est
3584 2526 3742 2567 anno

2083 2603 2177 2656 430
2210 2600 2335 2655 Nini
2369 2600 2523 2669 regis
2564 2600 2959 2671 Assyriorum,
2994 2603 3406 2670 computantur
3459 2600 3592 2655 anni
3632 2604 3732 2656 191

2082 2688 2398 2744 secundum
2447 2689 2785 2744 Hebraicam
2847 2688 3176 2759 veritatem,
3233 2689 3552 2745 secundum
3586 2688 3740 2747 alios

2083 2779 2295 2849 (Jonn.)
2329 2793 2465 2833 vero
2495 2781 2617 2833 541.

2155 2865 2360 2922 Falech
2393 2880 2542 2922 anno
2574 2867 2709 2923 vitae
2740 2882 2859 2923 sum
2902 2870 2972 2922 30
3002 2866 3202 2936 [alias
3254 2869 3357 2921 130
3378 2864 3481 2936 10i‘]
3532 2870 3742 2935 genuit

2085 2957 2225 3011 Reu.
2284 2955 2468 3026 (lsm.)
2499 2956 2598 3010 His
2633 2956 2997 3027 temporibus
3054 2955 3299 3026 primum
3351 2953 3565 3026 templa
3600 2969 3742 3010 con-

2018 3100 2048 3119 .,
2082 3049 2307 3101 structa
2356 3049 2511 3111 sunt,
2550 3050 2612 3100 ut
2643 3043 2873 3115 quidam
2910 3043 3139 3114 dicunt,
3172 3049 3231 3099 et
3264 3043 3496 3115 quidam
3524 3043 3743 3114 princi-

2040 3134 2050 3153 ‘
2083 3148 2185 3205 pes
2214 3133 2472 3203 gentium
2502 3137 2774 3203 tanquam
2798 3132 2874 3188 dii
2912 3132 3144 3188 adorari
3175 3136 3500 3204 coeperunt.

2156 3223 2260 3277 Rui
2296 3237 2444 3278 anno
2476 3221 2670 3277 aetatis
2699 3238 2817 3278 suae
2849 3226 2916 3277 32
2940 3220 3135 3293 [alias
3168 3226 3264 3277 130
3285 3220 3381 3293 105]
3413 3220 3615 3290 genuit
3643 3222 3746 3276 Sa-

2086 3312 2248 3375 ruch,
2285 3312 2394 3367 sub
2444 3326 2558 3381 quo
2618 3311 2958 3381 Scytharum
3019 3325 3283 3381 regnum
3314 3315 3585 3366 exortum
3619 3315 3741 3377 est,

2089 3400 2181 3455 ubi
2216 3401 2439 3471 primus
2476 3400 2739 3470 regnavit
2767 3399 3011 3455 Thauus.

2158 3489 2376 3544 Saruch
2410 3504 2558 3544 anno
2612 3489 2747 3545 vitae
2780 3503 2900 3545 suae
2933 3492 3001 3544 30
3057 3487 3248 3559 [alias
3284 3492 3381 3543 130
3404 3485 3499 3558 ω’]
3530 3486 3743 3555 genuit

2086 3577 2330 3633 Nae-hor.

2156 3666 2383 3721 Nachor
2414 3680 2564 3721 anno
2594 3665 2789 3722 (etatis
2821 3680 2942 3721 suae
2971 3668 3059 3736 '29,
3096 3664 3218 3721 sive
3243 3668 3304 3720 ut
3334 3663 3429 3719 alii
3456 3662 3605 3736 (195)
3640 3680 3747 3721 vo-

2088 3754 2210 3809 lunt
2245 3758 2332 3819 '79,
2364 3753 2565 3823 genuit
2596 3754 2799 3824 Tharc,
2825 3755 2934 3810 sub
2957 3769 3071 3824 quo
3102 3768 3339 3823 regnum
3368 3753 3741 3823 Assyriorum

2086 3846 2142 3898 et
2176 3842 2559 3898 Sicioniorum
2592 3843 2877 3899 exoritur.
3484 3882 3495 3899 .

2159 3932 2323 4001 (Anc.
2371 3931 2522 3987 ibid.
2557 3946 2668 4001 xvr,
2718 3947 2767 3986 ο.
2807 3930 2876 4002 1.)
2910 3931 3091 3987 Tharc
3150 3945 3300 3987 anno
3330 3929 3467 3986 vitae
3496 3944 3619 3986 sua:
3652 3944 3745 3985 se-

2089 4022 2452 4092 ptuagesimo
2482 4021 2681 4090 genuit
2714 4021 3020 4090 Abraham,
3057 4034 3205 4076 anno
3228 4019 3354 4076 Nini
3380 4018 3533 4089 regis
3564 4020 3744 4090 Assy-

2090 4110 2306 4166 riorum
2340 4113 2454 4179 430,
2491 4110 2586 4180 qui
2640 4109 2703 4143 ¹⁰⁶
2740 4114 2829 4165 est
2889 4125 3073 4165 annus
3099 4109 3337 4166 circiter
3394 4106 3747 4164 millesimus

2087 4201 2250 4253 238‘"3
2281 4203 2414 4254 ante
2446 4198 2739 4254 conditam
2768 4199 3023 4268 Romam,
3058 4197 3217 4253 velut
3240 4196 3481 4253 alteram
3505 4195 3560 4251 in
3583 4195 3746 4251 occi-

2090 4286 2263 4341 dente
2292 4287 2682 4356 Babyloniam.

2163 4377 2241 4431 Eo
2274 4379 2465 4432 autem
2496 4379 2755 4448 tempore
2787 4391 2901 4447 quo
2933 4379 3104 4431 natus
3141 4378 3234 4431 est
3266 4373 3556 4430 Abraham
3586 4374 3736 4429 emi-

328 4455 438 4526 (De
468 4457 577 4512 civ.
630 4458 761 4528 Dei,
794 4474 907 4527 xw,
971 4463 1058 4530 10)
1091 4460 1263 4514 etiam
1319 4464 1374 4516 et
1408 4462 1682 4518 Jordanis
1732 4464 1898 4529 (Mun.
1936 4481 1973 4534 1,
2007 4453 2061 4514 D
2094 4464 2283 4520 nentia
2307 4464 2568 4533 gentium
2594 4479 2768 4534 regna
2793 4468 2959 4520 erant
2983 4464 3118 4533 tria,
3146 4463 3552 4532 Sicioniorum,
3574 4462 3748 4532 :Egy-

330 4558 382 4611 p.
419 4544 544 4611 222)
579 4543 894 4615 episcopus
927 4547 1171 4602 eundem
1205 4547 1823 4620 similimodoponuut,
1849 4566 1976 4608 cum

329 4630 384 4686 in
420 4629 770 4687 bibliotheca
800 4635 944 4705 (194)
970 4635 1159 4690 sancti
1184 4636 1499 4691 Hieronimi
1524 4638 1840 4695 secundum
1876 4636 1981 4696 He-

330 4719 583 4776 braicam
608 4720 913 4777 veritatem
942 4737 1049 4778 non
1076 4723 1379 4793 habeatur,
1408 4725 1507 4780 sed
1539 4726 1834 4796 Arphaxat
1850 4728 1977 4785 Sale

325 4809 598 4875 genuisse
623 4809 873 4880 dicatur,
898 4815 998 4867 aut
1035 4812 1157 4883 ipso
1183 4812 1513 4868 llicronimo
1544 4814 1742 4870 nescio
1766 4832 1874 4885 qua
1894 4832 1982 4872 ra-

294 4925 298 4929 ι
330 4895 483 4953 tione
505 4897 716 4954 Cainan
766 4903 1168 4969 pretereunte,
1203 4903 1300 4955 aut
1346 4900 1700 4971 scriptorum
1725 4903 1868 4959 vitio
1899 4905 1980 4959 ni-

326 4984 502 5039 mium
555 4980 950 5055 permanente.
986 4987 1152 5042 Ratio
1208 5002 1349 5044 vero
1407 5002 1687 5046 annorum
1746 4992 1889 5047 satis
1924 4992 1975 5047 in

326 5069 432 5127 hoc
466 5074 873 5130 conturbatur.

399 5159 588 5214 Prima
622 5167 814 5218 autem
851 5162 1049 5219 mundi
1079 5167 1226 5221 aetas
1283 5169 1625 5223 numeratur
1679 5168 1751 5223 ab
1801 5169 1977 5225 Adam

2095 4551 2370 4622 ptiorum,
2412 4553 2820 4624 Assyriorum;
2860 4552 2960 4607 sed
2993 4551 3362 4623 Assyriorum
3396 4549 3577 4606 multo
3608 4554 3745 4604 erat

2095 4640 2393 4710 potentius
2440 4643 2615 4710 atque
2657 4640 2986 4711 sublimius,
3026 4639 3118 4710 qui
3146 4639 3363 4696 rexille
3386 4639 3583 4708 Ninus,
3617 4639 3749 4695 Beli

2093 4728 2268 4797 ﬁlius,
2288 4730 2572 4787 universae
2602 4729 2750 4785 Asiae
2783 4729 3026 4800 populos
3043 4732 3289 4799 excepta
3315 4728 3471 4784 ludia
3496 4727 3630 4783 huic
3659 4743 3753 4784 re~

2089 4833 2201 4886 gno
2218 4817 2821 4887 subjugaverat.Unde
2840 4823 2896 4872 et
2914 4818 2998 4889 pri
3012 4834 3137 4874 mus
3153 4816 3206 4872 in
3225 4816 3437 4873 mundo
3453 4831 3745 4885 regnasse

2092 4905 2326 4973 dicitur,
2355 4921 2464 4960 non
2518 4906 2668 4976 quod
2695 4906 2789 4960 ille
2816 4906 3037 4978 primus
3061 4921 3160 4962 rex
3191 4909 3535 4973 esset,-cum
3570 4910 3750 4974 pater

2091 4992 2251 5048 illius
2280 4993 2450 5049 Belus
2508 4999 2641 5050 ante
2700 4994 2861 5049 illum
2890 4999 2957 5050 05
2990 5000 3317 5064 regnasset,
3352 4993 3451 5048 sed
3485 4993 3618 5063 quia
3654 5009 3747 5048 re-

2087 5080 2302 5150 gnandi
2324 5080 2645 5153 cupiditate
2670 5096 2842 5151 regna
2868 5087 3111 5138 externa
3132 5080 3462 5137 invasisset.
3491 5078 3547 5135 ln
3571 5081 3753 5149 Assy-

2092 5169 2175 5225 ria
2209 5168 2389 5238 igitur
2412 5170 2805 5242 prevaluerat,
2840 5171 3171 5227 dominatus
3204 5170 3393 5243 impia)
3424 5168 3692 5225 civitatis
3733 5184 3747 5219 :

1690 5265 1926 5322 VAerE
1968 5266 2262 5322 LECTION
2269 5268 2369 5322 ES.

395 5343 462 5378 ί⁰⁶
491 5344 583 5402 ita
610 5351 653 5401 1.
734 5346 801 5380 ¹⁰³
832 5348 925 5406 ita
952 5350 1020 5407 in
1046 5351 1323 5423 margine
1356 5357 1403 5408 1.
1484 5352 1551 5387 ιοδ
1581 5352 1678 5427 qui
1703 5355 2114 5411 CCXXXVHIus
2142 5369 2172 5412 e
2201 5369 2351 5414 corr.
2388 5362 2443 5413 1.

1917 5480 1960 5535 Ν
1970 5479 2141 5536 OTIE.

394 5558 547 5629 (194)
580 5558 638 5616 ld
670 5563 758 5617 est
788 5561 990 5617 Biblia.

2157 5568 2306 5641 (195)
2337 5570 2418 5627 lta
2452 5583 2683 5642 semper
2716 5568 2995 5627 Isidorus.
