3964 6044
183 236 328 301 505

1101 238 1531 305 CHRONICA.
1569 277 1643 287 --
1676 238 2152 308 CHRONICON
2196 239 2745 308 UNIVERSALE.

3493 231 3611 303 506

183 371 387 446 hujus
434 379 611 448 caput
659 380 787 432 erat
835 372 933 434 illa
993 375 1269 451 Babylon,
1324 392 1494 449 quam
1543 378 1857 437 aediﬁcavit
1885 379 1940 439 A
1969 378 2187 437 ceteris
2223 379 2519 452 potentius
2552 378 2805 449 fecisset,
2841 391 2991 436 anno
3022 372 3185 449 regni
3215 372 3614 435 suiwcondi-

182 464 485 520 Nembrot
515 479 713 536 gygas,
746 469 1116 538 contemptor
1145 467 1264 538 Dei,
1301 467 1355 523 in
1388 468 1736 541 principium
1768 485 1858 527 re-

180 553 299 622 gni
321 553 624 623 sui,cujus
648 554 955 624 terrigenae
976 555 1236 613 civitatis
1258 571 1465 613 nomen
1490 558 1856 628 aptissimum

185 646 315 710 est,
350 642 404 697 id
435 646 525 698 est
557 643 845 700 confusio.
882 645 942 700 In
977 660 1086 717 qua
1120 645 1359 703 civitate
1382 661 1481 703 rex
1507 647 1727 720 primus
1761 664 1859 720 ap-

189 728 467 803 pellatus
508 735 599 788 est
639 732 830 803 Belus,
876 739 1042 806 pater
1078 734 1228 804 Nini,
1268 737 1651 809 regnavitque
1703 738 1855 811 apud

190 820 484 890 Assyrios
516 836 695 879 annos
722 828 792 879 ’75
824 838 1011 895 usque
1040 824 1111 881 ad
1150 829 1348 882 27mum
1386 840 1596 884 annum
1632 828 1852 898 Tharaa,

188 909 402 981 patris
445 911 691 969 Abrahae
730 912 834 983 (Ci.
870 915 1066 983 Iliam;
1101 915 1273 972 Onos.
1307 930 1343 986 ι,
1377 918 1439 981 ις
1475 918 1613 973 Anc.
1650 915 1689 973 Ζ.
1726 916 1764 973 ι.
1797 920 1855 973 et

189 1013 249 1052 c.
293 1000 352 1069 4,
397 1002 507 1071 17).

275 1086 497 1161 (Hum)
554 1087 1009 1161 Quadragesimo
1056 1093 1261 1164 quinto
1310 1098 1501 1149 autem
1543 1108 1691 1151 anno
1737 1094 1854 1150 Beli

193 1176 372 1247 regis
412 1178 787 1249 Assyriorum
833 1180 1011 1251 cmpit
1051 1196 1290 1251 regnum
1332 1183 1756 1254 Sycioniorum,
1798 1184 1855 1239 in

192 1280 326 1337 quo
370 1268 637 1337 regnavit
676 1268 897 1340 primus
938 1269 1208 1339 Egialeus
1244 1286 1333 1327 an.
1369 1270 1654 1342 523usque
1684 1272 1756 1328 ad
1789 1275 1857 1329 49

192 1369 423 1411 annum
472 1356 692 1426 Tharze,
743 1358 925 1427 patris
973 1359 1236 1429 Abrahae,
1272 1365 1329 1416 et
1364 1361 1435 1415 ab
1466 1361 1592 1430 ejus
1625 1361 1867 1417 nomine.

193 1443 366 1499 dicta
415 1448 501 1500 est
554 1450 712 1501 terra
754 1446 871 1517 illa,
904 1446 957 1503 in
988 1462 1099 1518 qua
1134 1448 1415 1519 regnavit,
1450 1449 1689 1520 Egialia,
1728 1463 1854 1520 quas

195 1530 421 1588 deinde
444 1531 510 1566 ί⁰¹⁷
530 1532 948 1606 Peloponensis
978 1541 1369 1607 nuncupatur.
1405 1538 1627 1593 Mortuo
1659 1541 1852 1594 autem

193 1620 464 1690 Egialeo,
500 1623 796 1678 secundus
837 1623 1102 1692 regnavit
1142 1626 1368 1695 Europs
1398 1639 1527 1681 ann.
1564 1628 1650 1695 45,
1684 1626 1853 1693 cujus

191 1712 270 1763 22
315 1723 497 1803 anno,
529 1710 626 1781 qui
666 1714 794 1767 erat
834 1711 960 1767 Nini
1002 1714 1128 1767 43“!
1168 1716 1226 1767 et
1268 1712 1465 1769 Tharae
1495 1718 1643 1783 70‘“,
1680 1719 1851 1770 natus
1885 1744 1937 1803 Β

193 1803 294 1854 est
330 1798 633 1856 Abraham.

276 1888 342 1941 in
374 1901 551 1957 regno
593 1891 787 1943 autem
830 1887 1227 1959 .Egyptiorum
1266 1892 1427 1944 sexta
1463 1887 1683 1945 decima
1715 1892 1853 1944 tunc

194 1979 336 2031 erat
378 1979 659 2047 potestas,
706 1992 873 2046 quam
916 1976 997 2031 illi
1037 1982 1246 2033 vocant
1281 1977 1610 2048 dinastiam,
1643 1978 1715 2034 ab
1746 1977 1854 2034 hoc

196 2078 349 2119 vero
372 2069 636 2135 tempore
671 2065 1036 2136 imperabant
1065 2065 1151 2122 eis
1180 2064 1388 2122 Thebei
1419 2070 1650 2122 centum
1683 2080 1856 2122 nona-

195 2152 366 2223 ginta
400 2153 585 2211 annis.

278 2243 343 2297 In
376 2242 746 2313 Assyriorum
770 2258 909 2302 vero
932 2257 1111 2315 regno
1135 2250 1361 2302 mortuo
1387 2244 1523 2303 Belo
1548 2258 1682 2315 rege
1706 2260 1855 2302 anno

202 2330 372 2402 regni
408 2332 492 2387 sui
524 2336 638 2400 75°,
672 2332 769 2404 qui
796 2337 924 2388 erat
946 2337 1120 2389 27mm
1140 2334 1339 2390 Tharae
1374 2334 1558 2405 patris
1587 2333 1850 2403 Abrahae,

200 2420 497 2476 successit
539 2419 590 2477 ei
634 2420 790 2477 illius
827 2436 970 2478 suus
1011 2422 1210 2493 Ninus,
1262 2422 1356 2493 qui
1401 2422 1453 2476 in
1497 2423 1649 2478 serie
1693 2422 1855 2491 regni

202 2509 581 2579 Assyriorum
623 2510 845 2580 primus
889 2512 1141 2581 ponitur,
1187 2511 1340 2581 quia,
1387 2516 1450 2566 ut
1490 2511 1707 2566 dictum
1742 2514 1849 2579 cst,

200 2597 427 2653 ceteris
451 2598 690 2667 regibus
713 2599 936 2655 fraudis
960 2599 1176 2670 ignaris
1198 2605 1255 2655 ct
1280 2614 1587 2669 regnorum
1614 2613 1852 2655 suorum

202 2682 423 2739 finibus
448 2684 741 2741 contentis
771 2684 967 2756 (Onos.
1004 2702 1041 2758 ι,
1068 2687 1141 2758 4),
1177 2688 1299 2759 ipse
1335 2686 1723 2757 propaganda)
1757 2685 1847 2741 do-

202 2772 545 2829 minationis
584 2773 825 2831 libidine
865 2790 1021 2831 arma
1063 2776 1219 2832 foras
1268 2775 1500 2843 extulit,
1548 2779 1850 2829 cruentam

201 2862 385 2917 vitam
418 2861 585 2918 annis
609 2862 1026 2935 quinquaginta
1052 2864 1223 2921 bellis
1242 2864 1381 2934 egit,
1408 2863 1592 2920 donec
1624 2876 1851 2919 omnem

203 2950 402 3005 Asiam
443 2955 689 3023 excepta
734 2951 893 3008 India
936 2951 1042 3009 sibi
1094 2952 1362 3021 subjecit.
1402 2951 1726 3008 Novissime
1757 2951 1853 3005 Zo-

204 3044 516 3109 roastrem,
550 3041 990 3098 Bactrianorum
1018 3056 1209 3112 regem
1229 3042 1590 3111 eundemque
1615 3040 1853 3109 magiczn

205 3127 371 3197 artis,
398 3133 463 3184 ut
486 3129 701 3200 ferunt,
738 3135 1120 3201 repertorem,
1158 3145 1344 3202 pugna
1378 3130 1745 3201 obpressum,
1775 3128 1857 3182 in-

207 3216 463 3280 terfecit,
491 3218 561 3273 de
584 3233 696 3289 quo
721 3219 1084 3276 Aristotiless
1105 3219 1279 3275 crihit
1305 3219 1409 3289 (Cf.
1437 3220 1590 3273 PLIN.
1618 3232 1750 3285 xxx,
1779 3218 1852 3288 1),

208 3305 365 3375 quod
398 3306 580 3363 vicies
608 3313 839 3365 centum
874 3308 1031 3364 milia
1065 3322 1339 3365 versuum
1373 3306 1442 3362 ab
1468 3307 1593 3378 ipso
1622 3305 1854 3362 condita

204 3393 438 3451 indiciis
472 3395 830 3453 voluminum
874 3396 1034 3453 illius
1066 3396 1439 3453 declarentur
1472 3395 1734 3463 (01105.1.
1766 3395 1849 3465 ἰ.).

205 3482 342 3553 Ejus
375 3498 512 3540 vero
545 3489 729 3542 artem
760 3485 937 3542 multa
965 3490 1092 3557 post
1118 3485 1311 3541 secula
1348 3484 1711 3540 Democritus
1741 3497 1857 3539 am-

206 3570 430 3641 pliavit.
464 3573 643 3630 Ninus
677 3579 871 3630 autem
908 3579 1038 3646 post
1070 3577 1465 3645 expugnatum
1498 3587 1527 3627 a
1563 3587 1624 3628 se
1653 3573 1854 3628 orbem

206 3658 323 3715 ictu
356 3660 589 3730 sagitta:
624 3662 872 3719 interiit.
908 3662 1015 3730 Qui
1049 3677 1177 3718 cum
1211 3676 1449 3731 regnum
1490 3660 1855 3730 Assyriorum

1972 469 2057 525 dit
2085 468 2382 525 civitatem
2424 468 2676 526 nominis
2702 468 2794 525 sui
2827 467 3033 524 Ninum
3068 465 3276 537 (Ηιειι),
3310 478 3479 536 quam
3508 466 3616 521 He-

1972 558 2091 613 brei
2124 557 2322 614 dicunt
2367 557 2628 627 Niniven,
2675 557 3057 627 regnavitque
3097 554 3263 612 annis
3295 557 3380 624 52,
3416 552 3614 610 decem

1971 650 2273 721 postquam
2306 649 2478 704 natus
2505 648 2595 702 cst
2631 646 2936 701 Abraham.

2356 772 2515 829 Anni
2540 770 2692 832 Nini
2933 772 3094 854 Anni
3108 769 3370 854 Eget-opis

2962 843 3335 915 regiam/cio-

2214 915 2377 988 regis
2392 916 2796 1043 fssyrtorng.
2874 911 3114 973 nterim
3132 911 3399 1041 reiciendi.

2390 1064 2425 1117 2
2704 1062 2773 1113 23
3191 1059 3227 1112 2

2393 1135 2424 1186 3
2700 1132 2771 1185 24
3192 1131 3224 1183 3

2393 1204 2425 1258 4
2704 1204 2773 1256 25
3192 1201 3225 1254 4

2392 1277 2423 1328 5
2704 1275 2773 1328 26
3193 1272 3225 1325 5

2391 1348 2424 1400 6
2702 1346 2773 1397 27
3193 1345 3226 1396 6

2390 1420 2423 1470 7
2702 1417 2771 1469 28
3192 1416 3225 1466 7

2391 1490 2424 1541 8
2702 1488 2771 1539 29
3190 1486 3223 1537 8

2393 1561 2426 1612 9
2703 1558 2771 1609 30
3193 1559 3225 1609 9

2360 1632 2426 1682 10
2703 1630 2762 1680 31
3160 1628 3226 1679 10

2361 1703 2418 1751 11
2704 1701 2772 1751 32
3158 1698 3215 1749 11

2361 1773 2427 1823 1'2
2705 1771 2772 1822 33
3160 1768 3227 1819 12

2362 1843 2425 1894 13
2704 1840 2773 1893 34
3160 1838 3225 1889 13

2360 1913 2426 1965 14
2703 1913 2772 1965 35
3159 1910 3227 1963 14

2362 1984 2426 2035 15
2706 1978 2775 2035 36
3160 1981 3227 2033 15

2362 2056 2427 2108 16
2704 2056 2772 2106 37
3158 2051 3226 2104 16

2358 2125 2423 2178 17
2702 2125 2771 2178 38
3158 2122 3225 2174 17

2360 2197 2426 2249 18
2700 2195 2769 2249 39
3156 2191 3224 2245 18

2358 2261 2425 2320 19
2701 2265 2770 2319 40
3154 2263 3221 2315 19

2357 2338 2427 2391 20
2700 2336 2761 2389 61
3151 2333 3223 2387 20

2354 2410 2415 2461 21
2702 2407 2769 2460 42
3149 2404 3213 2456 21

1959 2570 1964 2574 .
2040 2511 2250 2584 (Hum)
2282 2513 2444 2567 Anno
2477 2509 2656 2581 igitur
2685 2510 2812 2566 Nini
2846 2508 2999 2579 regis
3032 2506 3398 2577 Assyriorum
3430 2505 3520 2572 63,
3552 2507 3612 2559 et

1968 2600 2214 2671 EurOpis
2243 2600 2398 2670 regis
2432 2600 2672 2657 secundi
2707 2598 3064 2672 Syciniorum
3097 2595 3165 2630 ίοθ
3193 2598 3283 2664 22,
3315 2596 3487 2649 natus
3516 2595 3612 2648 est

1968 2689 2255 2745 Abraham
2288 2688 2358 2745 de
2390 2690 2573 2745 Thare
2605 2686 3075 2761 septuagenario,
3108 2684 3430 2754 eodemque
3463 2693 3611 2737 anno

1967 2782 2269 2849 cmperunt
2316 2777 2525 2835 Thebei
2574 2776 2856 2849 .Egyptiis
2900 2775 3209 2846 imperare,
3258 2775 3315 2828 et
3367 2770 3477 2826 hoc
3509 2782 3613 2841 per

1968 2880 2147 2922 annos
2182 2863 2299 2923 190.
2336 2867 2421 2923 Α1)
2453 2867 2562 2923 hoc
2595 2865 2792 2937 itaque
2825 2863 2955 2921 loco
2983 2877 3185 2919 omnes
3214 2858 3609 2931 bystoriarum

1968 2954 2292 3026 scriptores
2320 2954 2608 3027 incipiunt
2638 2952 2895 3010 annales.

2039 3043 2140 3100 Hic
2179 3043 2355 3099 etiam
2396 3043 2598 3101 finitur
2635 3056 2913 3100 numerus
2950 3040 3146 3099 atatis
3183 3035 3476 3106 secundm,
3516 3034 3613 3091 ba-

1970 3131 2112 3188 bens
2134 3135 2460 3203 annos_292,
2481 3136 2537 3189 et
2559 3131 2701 3189 fiunt
2728 3130 2900 3187 simul
2924 3129 3056 3186 anni
3082 3128 3325 3185 duarum
3349 3128 3610 3191 aetatum,

1968 3219 2077 3275 hoc
2108 3221 2195 3275 est
2228 3220 2299 3275 ab
2332 3219 2508 3276 Adam
2543 3232 2730 3289 usque
2761 3217 2832 3273 ad
2868 3217 2981 3273 Noe
3009 3221 3067 3272 et
3090 3213 3371 3272 diluvium
3394 3215 3454 3267 et
3476 3227 3506 3267 a
3532 3209 3615 3268 di-

1968 3307 2127 3365 luvio
2162 3322 2343 3378 usque
2365 3307 2434 3364 ad
2459 3308 2745 3364 Abraham
2780 3308 2917 3364 1948
2939 3304 3006 3339 ³⁰⁹
3028 3304 3344 3363 secundum
3378 3299 3617 3357 Hebrai-

1967 3411 2091 3453 cam
2123 3397 2449 3453 veritatem.
2500 3396 2605 3466 (Cf.
2643 3396 2815 3454 Abbr.
2856 3395 3100 3467 Chron.)
3144 3392 3388 3451 Orosius
3415 3393 3610 3446 autem

1968 3490 2211 3542 secutus
2268 3486 2637 3556 septuaginta
2687 3487 3046 3557 lnterpretes
3096 3483 3256 3553 dicit,
3308 3481 3380 3538 ab
3431 3479 3610 3536 Adam

1968 3588 2153 3645 usque
2176 3572 2245 3630 ad
2274 3574 2558 3630 Abraham
2590 3587 2723 3631 esse
2757 3588 2936 3630 annos
2962 3574 3121 3642 3184,
3146 3575 3202 3628 et
3229 3570 3299 3625 ab
3324 3566 3611 3624 Abraham

1969 3675 2151 3732 usque
2180 3660 2252 3717 ad
2287 3662 2579 3718 Christum
2611 3665 2750 3718 2015
2782 3660 2842 3732 (ι,
2878 3677 2931 3719 c.
2967 3661 3039 3732 1).

276 3757 473 3814 Tercia
510 3774 649 3817 vero
681 3763 824 3816 aetas
851 3759 1057 3831 incipit
1088 3760 1159 3816 ab
1189 3758 1480 3816 Abraham
1514 3773 1697 3829 usque
1730 3758 1799 3814 ad
1834 3757 2030 3815 David.

206 3845 354 3894 Hebr.
438 3850 600 3909 Assyr.
632 3849 822 3909 Sycion.
854 3850 1044 3909 Egypt.

205 3909 387 3957 Abrah.
436 3911 607 3958 Ninus.
705 3911 764 3957 22
840 3912 1041 3959 Thebei.

1095 4113 1307 4192 (ῌῐεη.)
1332 4105 1528 4192 Ninus
1556 4105 1817 4192 condidit
1847 4105 2466 4192 civitatem'Ninu'm'in
2500 4112 2733 4192 regione
2754 4110 3363 4192 _Assyriorum,_guagn
3399 4105 3610 4192 Hebrei

1095 4178 1297 4241 dicunt
1328 4183 1589 4255 Niniven.
1626 4182 2119 4255 Quadragesimus
2144 4182 2412 4252 jubeleus
2452 4178 2657 4255 incipit
2687 4195 2718 4239 a
2749 4178 2936 4239 tercio
2968 4196 3118 4238 anno
3146 4178 3418 4237 'Abrabze.
3452 4179 3610 4235 Unus

311 3977 345 4097 2
915 3979 948 4099 2
1093 4041 1232 4098 Hinc
1276 4056 1459 4113 usque
1492 4042 1561 4098 ad
1593 4056 1894 4113 egressum
1927 4041 2101 4113 Israel
2138 4040 2207 4096 dc
2239 4042 2484 4113 Aigypto
2513 4042 2646 4113 anni
2678 4046 2800 4099 505.

313 4117 344 4167 3
490 4116 556 4171 45
701 4116 771 4169 24
916 4117 947 4169 3

314 4185 346 4238 4
491 4188 557 4240 46
702 4188 770 4239 25
916 4187 948 4240 4

314 4259 345 4309 5
492 4258 559 4311 47
703 4258 772 4310 26
918 4260 948 4310 5
1096 4260 1289 4311 autem
1317 4252 1587 4324 jubeleus
1618 4254 2037 4326 quinquaginta
2069 4262 2204 4310 sunt
2236 4255 2387 4311 anni.

314 4329 347 4521 Ξ
492 4329 563 4524 ἐξ
703 4329 774 4522 ἓξ
916 4330 953 4522 ’Ξ
1091 4397 1433 4454 Zoroastres
1466 4410 1565 4453 rex
1594 4395 2033 4452 Bactrianorum
2072 4396 2309 4466 magicae
2340 4396 2483 4453 artis
2514 4396 2781 4454 inventor
2810 4394 3046 4454 claruit.

314 4540 347 4593 9
491 4543 551 4595 51
705 4541 776 4593 30
914 4542 948 4593 9

282 4613 348 4665 10
489 4609 560 4665 52
704 4612 765 4664 31
883 4613 953 4665 10

284 4700 490 4767 (Ηιειιη
522 4698 721 4767 Οκοε.,
754 4698 941 4770 illam,
973 4698 1166 4767 Joan.)
1199 4697 1549 4767 Semiramis,
1585 4712 1730 4770 uxor
1762 4697 1909 4767 Nini,
1947 4698 2207 4767 regnavit
2243 4703 2375 4770 post
2404 4714 2532 4756 eum
2556 4699 2608 4756 in
2634 4700 2888 4769 Assyriis
2918 4714 3049 4757 ann.
3088 4702 3175 4769 42,
3207 4698 3277 4755 de
3308 4712 3418 4770 qua
3454 4695 3617 4770 innu-

214 4740 512 4849 merabilia
537 4740 867 4848 narra’ntur.
896 4740 1033 4849 Nam
1056 4740 1167 4849 non
1183 4773 1466 4849 contenta
1481 4740 1747 4849 te’rminis
1770 4740 1917 4849 quos
1988 4740 2114 4849 vliro
2140 4740 2267 4839 suci,
2289 4772 2570 4849 tunesolo
2592 4740 2897 4849 bellatore,
2920 4741 3248 4849 acceper’at,
3271 4740 3612 4849 Et'hy‘opia'm

216 4840 653 4916 belloprcssam
686 4839 1527 4916 suo_imperio_adjecit,‘Indis
1561 4838 2024 4916 bellum_intulit,
2058 4856 2171 4911 quo
2206 4847 2403 4911 preter
2436 4842 2589 4916 illam
2615 4846 2674 4916 ct
2698 4838 3087 4916 Alexandrum
3123 4839 3318 4895 nullus
3350 4838 3609 4916 intravit.

216 4914 342 4969 Haec
367 4909 514 4983 (196)
542 4909 919 4984 Babyloniam
939 4910 1122 4984 muris
1140 4909 1453 4984 coctilibus
1478 4910 1927 4984 instaur_avit,_et
1949 4909 2455 4984 aggeres—propter
2479 4912 2887 4970 inundationes
2910 4925 3188 4983 aquarum
3213 4909 3609 4973 construxit'.

214 4984 328 5040 Sub
350 4980 461 5053 qua
493 4980 552 5038 et
585 4981 875 5038 Abraham
908 4981 1196 5038 adolescit
1229 4980 1281 5035 in
1318 4980 1588 5051 Cbaldea,
1625 4981 1721 5051 qui
1754 4985 1811 5036 et
1847 4981 1972 5052 ipse
2004 4980 2240 5039 natione
2273 4980 2564 5041 Chaldeus
2596 4985 2721 5040 fuit.

386 5071 407 5092 ‘
442 5074 524 5125 11.
560 5069 773 5128 addit:
807 5070 941 5127 Hzee
992 5069 1141 5141 (197)
1191 5068 1520 5141 privignum
1573 5083 1737 5125 suum
1785 5068 2089 5126 Trebetam
2138 5085 2317 5141 regno
2360 5071 2605 5145 expulit,
2648 5074 2744 5143 qui
2785 5086 2888 5144 per
2932 5084 3090 5127 mare
3139 5074 3199 5125 et
3248 5067 3509 5126 Rhenum
3556 5070 3617 5123 et

1576 5183 1812 5240 VARUE
1851 5185 2251 5242 LECTIONES.

284 5283 349 5318 ιον
379 5283 668 5342 hactenus
698 5285 760 5340 G.
841 5283 908 5318 ¹⁰⁸
936 5284 1029 5343 ita
1056 5289 1105 5341 1.
1136 5283 1371 5356 sapius.
1452 5282 1519 5316 ¹⁰⁹
1550 5296 1580 5340 θ
1605 5296 1779 5354 com,
1814 5283 1885 5341 ut
1908 5284 2148 5342 videtur
2179 5289 2227 5341 1.

1796 5380 2019 5437 NOTAE.

216 5553 259 5610 Ο
283 5481 431 5553 (196)
463 5480 545 5608 Cé.
585 5480 775 5551 Ovid.,
809 5480 942 5537 Met.
976 5479 1065 5549 IV,
1101 5481 1189 5550 58,
1219 5482 1278 5535 et
1309 5492 1382 5535 ex
1414 5477 1544 5549 ipso
1572 5478 1727 5537 llier.
1764 5476 1834 5535 ad

264 5567 376 5610 see.
407 5567 460 5609 c.
540 5594 553 5606 .

264 5567 376 5623 see,
407 5567 460 5609 c.
501 5567 553 5608 2.

2054 5477 2202 5547 (191)
2236 5477 2316 5532 Cf.
2352 5478 2527 5535 Gesta
2556 5476 2783 5544 Trevir.
