3964 6044
172 176 271 238 557
1010 148 1452 238 CHRONICA.
1483 207 1565 220 -
1607 170 2081 237 CHRONICON
2128 170 2672 237 UNIVERSALE.
3423 174 3544 237 558

172 305 261 389 des
279 309 362 389 βξ,
386 304 586 389 inquit,
607 305 911 389 oeci‘detuhr
934 306 1222 389 Christus,
1249 311 1448 389 etnon
1474 304 1595 389 erit
1610 305 2029 389 ejus‘populus,
2057 309 2154 379 qui
2185 322 2316 389 eum
2342 310 2659 389 negaturus
2679 309 2849 389 est.»
2873 304 2994 362 Non
3018 320 3158 389 ergo
3182 308 3542 389 statim-post

171 382 229 434 62
245 376 601 445 ebdomadas,
638 376 741 433 sed
774 377 827 450 in
863 377 973 433 fine
1002 376 1446 450 septuagesima
1478 376 1818 450 ebdomadis
1841 376 2089 450 'occisus'
2113 384 2202 435 est
2236 376 2521 443 Christus,
2549 391 2725 450 quam
2759 377 2936 450 ideo,_
2962 383 3240 450 quantum
3272 376 3544 436 conicere
3627 394 3633 405 '

172 463 478 522 possumus,
501 448 833 522 segregavit
864 463 894 503 a
917 447 1152 522 ceteris,
1176 447 1308 522 quia
1332 451 1402 505 de
1426 451 1531 506 hac
1553 456 1681 506 erat
1707 449 1873 522 plura
1897 449 2232 516 locuturus;
2262 464 2390 504 nam
2425 454 2481 504 et
2502 449 2770 522 Christus
2794 447 2849 503 in
2883 448 2976 502 illa
3002 449 3319 522 crucifixus
3343 456 3451 520 est,
3485 455 3546 506 et

175 518 419 590 apopulo
442 518 663 591 perfido
686 533 797 573 non
822 519 992 574 modo
1025 522 1079 575 in
1106 518 1372 591 p'aSSione
1405 536 1604 576 verum
1635 518 1913 577 continuo
1945 536 2016 575 ex
2046 535 2157 590 quo
2188 536 2218 575 a
2249 522 2507 591 Johanne
2541 520 2877 591 baptizatus
2909 519 3213 591 predicare
3244 518 3548 591 coepit‘ne—

172 588 324 662 gatu's
343 588 453 662 est.
487 588 648 662 Quod
676 595 867 645 autem
896 588 1197 661 sequitur:
1230 609 1257 642 «
1283 594 1347 646 Et
1380 591 1676 647 civitatem
1700 597 1759 647 et
1793 588 2188 647 sanctuarium
2213 590 2528 662 dissipabit
2566 588 2814 662 populus
2847 588 2976 662 eum
3011 588 3454 662 ducerventuro,
3488 596 3546 647 et

173 658 286 716 finis
312 658 433 729 ejus
457 658 702 731 vastitas
756 664 814 715 et
834 658 1175 731 post‘tinem
1200 662 1333 717 belli
1365 668 1586 718 statuta
1617 662 1929 730 desolatio,
1955 683 1982 714 »
2010 677 2120 717 non
2154 661 2225 717 ad
2255 668 2325 717 70
2342 658 2695 717 ebdomadas
2718 661 2971 731 pertinet
2998 677 3011 725 ;
3040 661 3365 731 predictum
3397 663 3548 718 enim

174 733 361 805 fuerat,
393 731 550 805 quod
574 730 713 801 ipsae
737 730 1091 805 ebdomades
1117 747 1297 803 usque
1316 733 1386 787 ad
1417 734 1629 805 Christi
1661 734 1935 790 ducatum
1969 733 2388 805 pertingerent,
2425 732 2528 787 sed
2560 730 2874 802 scriptura,
2910 730 3175 800 predieto
3208 733 3462 805 adventu
3491 737 3552 787 et

173 802 648 875 passioueipsius,
685 804 821 875 quid
837 802 1031 875 etiam
1055 802 1362 874 posthanc
1396 804 1612 874 populo
1639 805 1734 875 qui
1769 819 1897 860 eum
1935 802 2196 874 recipere
2230 804 2416 875 nollet,
2443 806 2787 875 eventurum
2816 807 2999 875 esset,
3026 803 3303 875 ostendit.
3341 805 3549 859 Ducem

174 872 307 928 enim
329 878 633 945 venturum
666 873 808 945 dicit
835 872 1165 945 Titum,'qui
1191 872 1633 944 quadragesimo
1658 872 1813 931 anno
1836 872 2140 930 dominicae
2165 874 2454 945 passionis
2486 874 2563 945 ita
2584 887 2713 927 cum
2741 872 2953 945 popule
2978 873 3233 945 Romano
3255 873 3551 929 civitatem

174 949 221 999 et
249 943 631 1017 sanctuarium
664 943 996 1017 dissipavit,
1020 942 1223 1000 utnon
1250 942 1577 1000 remaneret
1598 946 1745 1017 lapis
1767 961 1943 1016 super
1966 942 2236 1017 lapidein.
2271 947 2477 1017 Verum
2505 944 2594 998 his
2616 958 2717 1017 per
2748 942 3221 1013 anticipationem
3249 945 3554 1017 prelihatis

176 1028 292 1069 mox
311 1013 377 1069 ad
400 1014 803 1084 exponendum
822 1013 1182 1085 ebdomada},
1222 1030 1390 1084 quam
1418 1013 1715 1085 omiserat,
1752 1013 1900 1072 redit
1936 1013 2227 1071 eventum.
2264 1034 2293 1067 «
2326 1014 2703 1071 Confirmabit
2733 1018 2925 1068 autem
2962 1019 3192 1085 pactum
3225 1013 3426 1070 multis
3457 1019 3554 1072 eh-

175 1085 394 1158 domada
429 1099 558 1158 una,
586 1105 613 1137 ››
635 1085 744 1140 hoc
766 1089 859 1141 est
883 1085 1004 1156 ipsa
1030 1087 1365 1156 novissima,
1394 1086 1448 1158 in
1472 1102 1582 1157 qua
1607 1084 2008 1143 velJohannes
2037 1086 2286 1158 baptista
2310 1085 2398 1158 vel
2433 1085 2705 1158 Dominus
2728 1089 2787 1158 et
2818 1084 3449 1158 apostolipredicando
3481 1086 3552 1142 ad

174 1155 323 1211 fidem
346 1156 559 1212 multos
577 1155 1016 1212 converterunt.
1058 1180 1083 1205 α
1116 1158 1185 1212 Et
1207 1157 1261 1212 in
1286 1155 1525 1213 dimidio
1553 1158 1894 1214 ebdomadis
1914 1155 2144 1213 deficiet
2180 1156 2372 1213 hostia
2405 1160 2462 1211 et
2495 1155 2861 1212 sacrificium.
2889 1175 2916 1207 »
2951 1155 3257 1211 Dimidium
3281 1158 3554 1212 ebdoma-

175 1227 254 1299 dis
278 1226 706 1299 hujusgquintus
729 1226 990 1299 decimus
1026 1243 1210 1284 annus
1231 1228 1459 1298 Tyherii
1479 1230 1717 1285 caesaris
1745 1234 1893 1299 erat,
1930 1230 2159 1298 quando
2192 1228 2462 1283 inchoato
2493 1227 2707 1299 Christi
2736 1226 3087 1299 baptismate
3106 1227 3427 1299 hostiarum
3452 1243 3554 1297 pu-

175 1242 254 1282 uis
278 1242 443 1295 nuJus
468 1242 706 1353 311101.113
729 1242 990 1282 uecnnus
1026 1243 1210 1284 annus
1231 1242 1459 1298 'l'ynern
1479 1243 1717 1285 caesaris
1745 1242 1893 1299 erat,
1930 1242 2159 1298 quando
2192 1242 2462 1283 inchoato
2493 1242 2707 1281 curisu
2736 1242 3087 1295 baptismate
3106 1242 3427 1282 nosnarum
3452 1243 3529 1297 pu

175 1296 402 1370 riiicatio
433 1296 465 1352 ii
513 1297 705 1370 elibus
734 1298 1011 1368 paulatim
1036 1299 1318 1355 vilescere
1347 1299 1544 1370 empit.
1583 1301 1722 1354 Item
1749 1301 1902 1370 quod
1928 1300 2225 1370 sequitur:
2251 1317 2278 1349 «
2310 1304 2368 1353 et
2401 1300 2453 1370 in
2492 1298 2843 1370 teniploerit
2865 1298 3217 1353 abominatio
3243 1298 3531 1355 desolatio

176 1368 269 1438 nis,
291 1371 347 1440 et
376 1383 561 1440 usque
584 1369 653 1423 ad
678 1371 1234 1425 consummationem
1257 1376 1316 1425 ct
1337 1368 1503 1425 finem
1530 1368 1929 1440 perseverabit
1959 1368 2267 1439 desolatio,
2291 1392 2316 1417 υ
2353 1368 2425 1424 ad
2458 1368 2760 1438 sequentia
2797 1375 3053 1437 tempora
3086 1372 3346 1440 respicit.
3377 1371 3553 1440 Cujus

176 1439 475 1512 prophetiae
510 1439 817 1494 veritatem
848 1444 905 1512 et
939 1440 1200 1510 hysteria
1226 1445 1488 1512 veterum
1518 1439 1578 1496 et
1600 1447 1930 1497 nostrorum
1956 1440 2242 1512 hodieque
2265 1446 2591 1512 temporum
2619 1442 2873 1512 testatur
2896 1442 3158 1512 eventus.

176 1509 1057 1636 daltlastdiveasas.expiisjtoium
1092 1512 1414 1568 sententias
1444 1511 1515 1567 de
1547 1513 1969 1572 ebdomadibus
2001 1511 2059 1566 in
2090 1509 2324 1567 Danielc
2354 1509 2593 1583 scriptis
2625 1510 2756 1565 ideo
2789 1510 2978 1580 posui,
3014 1518 3074 1565 ut
3108 1510 3339 1581 sapiens
3370 1514 3558 1567 atten-

266 1596 338 1636 .c
396 1595 491 1636 aui
566 1596 712 1636 eiga
766 1596 820 1635 vi
866 1596 980 1636 ea.

210 1587 280 1650 at,
310 1587 364 1635 et
396 1587 536 1650 quid
566 1587 742 1650 eligat
766 1587 980 1636 videat.

244 1595 262 1635 ι
310 1595 364 1635 et
439 1595 536 1636 mu
566 1595 638 1635 eu
684 1595 980 1636 atviueat.

237 1595 435 1724 (titan?)
467 1596 782 1724 ilucusgque
816 1653 1007 1709 divina
1059 1652 1355 1722 scriptura
1399 1656 1725 1723 temporum
1759 1653 1970 1709 seriem
2002 1652 2295 1719 continet;
2326 1668 2452 1722 qua:
2485 1666 2622 1707 vero
2653 1650 2941 1724 posthaec
2975 1651 3129 1724 apud
3155 1652 3388 1709 Iudaeos
3422 1658 3558 1709 sunt

178 1728 340 1795 gesta,
373 1722 443 1778 de
465 1722 635 1795 libris
654 1724 1094 1779 Machabeorum
1113 1729 1171 1777 ct
1191 1724 1425 1795 Josephi
1455 1722 1630 1794 atque
1656 1724 1908 1780 Africani
1930 1724 2167 1795 scriptis
2191 1724 2562 1793 exhibentur,
2587 1726 2681 1792 qui
2712 1722 2989 1795 deinceps
3014 1723 3342 1795 universam
3367 1725 3559 1793 hyste-

179 1794 303 1849 riam
327 1793 603 1867 usquead
623 1795 872 1867 Romana
897 1799 1158 1867 tempora
1185 1792 1485 1867 prosecuti
1510 1792 1667 1867 sunt.
1698 1795 1881 1866 (HIER.
1906 1797 1971 1851 in
1995 1792 2148 1851 Dim.
2175 1811 2225 1850 c.
2254 1799 2355 1867 IX.)
2381 1795 2659 1867 Equidem
2692 1792 3070 1848 Africanusin
3108 1794 3311 1863 quinto
3343 1792 3561 1862 tempo-

177 1878 287 1937 rum
304 1864 594 1937 volumine
618 1864 787 1933 hujus
808 1864 1091 1937 temporis
1116 1864 1197 1920 ita
1221 1866 1478 1937 meminit
1503 1864 1794 1922 scribens:
1822 1867 2026 1922 Mansit
2053 1868 2250 1936 itaque
2282 1864 2686 1937 imperfectum
2720 1879 2865 1937 opus
2889 1878 3070 1933 usque
3095 1868 3164 1937 ad
3192 1866 3479 1921 Neemiam
3499 1870 3558 1922 et

177 1935 491 2007 vicesimum
519 1950 727 1991 annum
754 1936 908 2005 regis
939 1936 1328 2007 Artarxersis,
1362 1952 1474 2007 quo
1500 1943 1759 2007 tempore
1795 1938 1953 2005 regni
1986 1935 2292 1993 Persarum
2326 1935 2556 1992 centum
2589 1939 2645 1991 et
2681 1935 2961 1991 tredecim
2992 1936 3123 1990 anni
3154 1943 3289 1992 sunt
3312 1938 3555 2007 evoluti,

177 2005 520 2079 captivitatis
550 2015 743 2062 autem
776 2006 1133 2079 Hierusalem
1164 2011 1324 2079 173ιιΕι
1354 2005 1545 2079 ειήηιιεΔ
1568 2005 1716 2077 erat,
1754 2014 1814 2063 et
1844 2023 1916 2064 ex
1948 2007 2047 2063 illo
2079 2017 2342 2079 tempore
2375 2009 2424 2063 si
2458 2021 2764 2062 numerare
2795 2008 2944 2063 velis
2973 2011 3042 2062 70
3071 2022 3351 2063 annorum
3384 2005 3561 2065 ebdo-

178 2076 376 2159 madas,
410 2090 604 2159 usque
629 2079 704 2159 ad
735 2077 1025 2159 Christum
1055 2078 1299 2159 poteris
1313 2077 1637 2159 pervenire.

239 2147 425 2223 (osos.
450 2151 652 2223 11,12.)
679 2150 841 2223 Anne
863 2150 936 2204 ab
969 2147 1120 2205 Urbe
1153 2147 1388 2223 condita
1414 2148 1685 2223 290°,”qui
1706 2151 1796 2223 est
1820 2149 2045 2223 tercius
2076 2149 2234 2219 regis
2258 2147 2644 2223 Artarxersis,
2670 2162 2962 2223 suspenso
2989 2147 3058 2203 ad
3082 2148 3378 2223 modicum
3406 2150 3559 2207 bello

180 2233 277 2291 quo
305 2220 541 2293 Romani
575 2220 1146 2293 diulabnravcrunt,
1193 2221 1389 2288 gravis
1423 2219 1754 2293 pestilentia
1817 2236 1919 2293 per
1956 2218 2283 2293 universam
2314 2221 2516 2276 urbem
2571 2218 2859 2275 violenter
2890 2219 3208 2291 incanduit,
3268 2236 3395 2291 quae
3429 2237 3559 2278 eum

179 2290 361 2361 magna
392 2290 773 2347 multitudine
801 2292 1001 2347 ambos
1030 2292 1304 2346 consules
1336 2290 1606 2347 Ebutium
1639 2299 1696 2346 et
1728 2290 2032 2348 Servilium
2064 2291 2334 2347 extinxit.

238 2362 498 2418 Proximo
533 2361 742 2416 dehinc
775 2376 923 2416 anno
961 2362 1121 2418 cives
1154 2362 1358 2417 exules
1391 2362 1662 2432 servique
1695 2362 1943 2432 fugitivi,
1978 2363 2125 2418 duce
2157 2360 2448 2418 Herbonio
2482 2360 2724 2430 quodam
2756 2360 2987 2427 Sabino,
3024 2360 3360 2420 invaserunt
3394 2368 3453 2419 et
3488 2364 3567 2419 in-

180 2432 478 2504 cenderunt
513 2432 894 2504 Capitolium;
929 2432 1140 2504 quibus
1162 2448 1292 2489 eum
1320 2432 1581 2489 Valerius
1611 2435 1815 2488 consul
1846 2438 1904 2488 et
1941 2434 2197 2489 dictator
2223 2434 2456 2504 fortiter
2487 2432 2810 2499 resisteret,
2847 2432 3076 2504 occisus
3106 2439 3215 2487 est.

233 2502 331 2629 (SH.
353 2504 455 2575 m.)
490 2502 768 2573 Sequenti
797 2502 1138 2573 anno‘AEqui
1170 2503 1482 2573 Vulscique
1515 2504 1821 2559 Minucium
1855 2504 2150 2560 consulem
2184 2505 2239 2559 in
2272 2503 2476 2574 prmlio
2508 2507 2884 2574 superarunt,
2922 2502 3352 2576 fugientemque
3387 2509 3442 2564 in
3475 2509 3568 2567 Al-

267 2588 298 2629 o
327 2581 544 2629 monte.
571 2576 664 2629 aui
705 2579 768 2629 12
799 2575 978 2629 ferme
1012 2575 1261 2629 miliario
1292 2578 1456 2629 abest
1488 2577 1559 2629 ab
1593 2578 1754 2629 urbe.
1790 2576 2234 2629 ferro‘fameuue
2264 2575 2594 2629 cinxerunt.
2622 2579 2931 2629 actumque
2961 2579 3117 2629 esset
3153 2578 3478 2629 infeliciter-
3511 2584 3563 2629 ni

181 2572 298 2651 gido
327 2572 544 2651 monte,
571 2572 768 2651 (ξω-12
799 2575 978 2651 ferme
1012 2572 1261 2651 miliario
1292 2572 1456 2651 abest
1488 2577 1559 2630 ab
1592 2578 1754 2651 urbe,
1790 2576 2234 2651 ferro'fameque
2264 2572 2931 2651 cinxeruntgaetumque
2961 2579 3117 2651 esset
3153 2572 3482 2651 infeliciter,
3509 2584 3565 2638 ni

184 2643 368 2723 Lucius
389 2643 647 2723 Quintus
670 2644 1536 2723 Cincinnatustille-preeipuus
1570 2647 1841 2723 dictator,
1876 2643 2237 2702 obsidionem
2259 2644 2548 2723 solvisset.
2580 2644 2677 2700 llic
2700 2644 2755 2697 in
2780 2643 2915 2723 rure
2941 2647 3415 2718 quatuorjugcra
3443 2643 3567 2723 p'os-

185 2717 378 2787 sidens,
412 2717 688 2773 manibus
720 2717 842 2772 suis
873 2714 1178 2789 excolebat
1198 2714 1582 2786 inventusque
1615 2720 1668 2771 in
1695 2714 1833 2788 ipso
1854 2733 2029 2788 opere
2056 2731 2245 2789 arans,
2267 2717 2338 2771 ab
2368 2721 2565 2789 aratro
2589 2714 2936 2789 accersitus,
2962 2714 3153 2785 togam
3175 2714 3566 2789 pretexta'tam

184 2785 413 2864 accepit;
444 2802 583 2844 mox
610 2793 844 2864 sumpto
876 2788 1093 2864 honore
1127 2785 1536 2864 instructoque
1564 2785 1851 2864 exercitu,
1885 2785 2055 2864 caesis
2077 2788 2365 2856 hostibus,
2400 2787 2588 2864 victor
2622 2785 2817 2864 rediit,
2845 2785 3371 2857 jugumquc'houm
3400 2795 3567 2864 equis

184 2857 454 2931 imposuit,
491 2864 553 2931 et
589 2857 896 2914 victoriam
930 2859 1091 2929 quasi
1124 2861 1332 2916 stivam
1362 2857 1586 2931 tenens.
1625 2857 1967 2930 subjugatos
1996 2860 2200 2915 hostes
2229 2874 2327 2929 pre
2361 2872 2422 2931 se
2455 2859 2675 2928 primus
2706 2857 2847 2926 egit.

242 2930 389 2986 Nono
418 2929 821 2999 dehineanuo,
849 2931 945 3000 qui
977 2936 1069 2986 est
1118 2930 1188 2986 ab
1208 2933 1358 2986 Urbe
1391 2930 1626 2986 condita
1658 2929 1839 2999 301‘“,
1874 2931 2175 3001 imperium
2209 2929 2518 2985 consulare
2551 2931 2827 2997 cessavit,
2878 2934 2938 2983 ct
2974 2944 3076 2999 pro
3111 2930 3337 2988 duobus
3370 2935 3568 2992 decem

185 2997 299 3076 facti
321 3007 449 3058 sunt
471 3017 673 3076 rerum
707 2997 998 3076 petentes,
1027 3003 1171 3070 quia
1201 3017 1440 3076 numero
1464 3001 1777 3076 decemviri
1806 2997 2082 3076 nominati
2115 3006 2272 3068 sunt,
2308 3015 2435 3069 quae
2468 3015 2564 3076 res
2589 3014 2849 3068 magnam
2879 2997 3193 3076 perniciem
3218 3004 3569 3076 reipublicae

183 3070 461 3154 deditagi.
492 3074 657 3154 13.:
690 3070 768 3154 H.
802 3074 908 3152 φη.)
942 3074 1073 3154 Nam
1107 3088 1244 3154 cum
1275 3075 1457 3154 primo
1479 3087 1638 3154 anno
1665 3074 1810 3152 bene
1842 3072 2128 3154 egissent,
2157 3070 2591 3154 anno‘secund‘o
2627 3084 2775 3126 unus
2802 3071 2993 3150 ethis
3021 3075 3244 3154 Appius
3269 3070 3567 3148 Claudius,

183 3142 506 3220 cedentibus
539 3143 649 3220 sibi
681 3143 1104 3220 cetei'is,__solus
1136 3143 1245 3198 sibi
1272 3144 1647 3220 continuavit
1672 3144 2008 3220 imperium;
2040 3142 2247 3220 deinde
2280 3145 2477 3198 statim
2502 3143 2746 3220 aliorum
2770 3142 3096 3220 ennjuratie
3120 3142 3434 3220 subsecuta
3457 3142 3567 3220 est,

182 3217 236 3268 ut
263 3222 493 3286 repente
531 3216 739 3285 singuli
773 3215 1071 3284 regalibus
1104 3229 1232 3270 cum
1267 3215 1522 3271 fascibus
1559 3213 1964 3285 procederent,
2000 3214 2306 3286 omniaque
2337 3225 2589 3286 superno
2624 3213 3129 3286 fastusccuudum
3166 3216 3392 3272 libitum
3423 3213 3571 3274 face;

184 3284 512 3356 rent,'Unde
534 3293 593 3343 et
615 3284 838 3357 Appius
862 3286 1166 3357 preuietus
1191 3285 1426 3355 Virgnii
1460 3284 1763 3357 cujusdam
1794 3285 2020 3341 honesti
2050 3284 2298 3357 hominis
2331 3284 2505 3357 tiliam
2539 3284 2960 3357 stupravit,pro
2991 3299 3099 3354 qua
3127 3300 3187 3357 re
3249 3292 3413 3357 pater
3439 3291 3572 3346 ada-

183 3359 297 3428 ctus
325 3357 533 3414 dolore
555 3355 848 3413 libertatis
863 3355 923 3411 et
946 3357 1168 3427 pudore
1202 3355 1879 3428 dedecoris,protactam
1908 3360 1978 3411 ad
2001 3356 2345 3428 servitutem
2377 3355 2551 3410 ﬁliam
2586 3356 2640 3409 in
2664 3364 2986 3428 eonSp.:etu
3008 3356 3203 3426 pepuli
3230 3355 3566 3417 trucidavit.

185 3424 287 3491 Qua
308 3430 387 3484 rei
410 3429 732 3485 atrocitate
757 3424 1008 3499 populus
1028 3435 1344 3498 permotus,
1366 3434 1424 3483 et
1445 3424 1703 3499 periculo
1724 3427 2400 3496 libertatisammonitus,
2430 3431 2682 3482 montem
2699 3424 3041 3499 Ay'cntinuin
3063 3424 3371 3499 occupavit
3387 3446 3572 3488 arma-

182 3500 285 3566 tus,
309 3514 406 3557 nec
428 3501 590 3557 tueri
616 3497 947 3555 libertatem
970 3497 1131 3570 prius
1164 3497 1413 3569 destitit,
1446 3497 1618 3569 quam
1652 3516 1681 3556 a
1715 3499 2062 3556 decemviris
2098 3503 2359 3570 potestas
2388 3499 2581 3570 ablata
2614 3504 2726 3566 est,
2760 3497 2989 3567 ipsique
3013 3497 3305 3570 danipn‘ati
3341 3508 3494 3558 sunt.

242 3570 605 3648 Postvginti
636 3570 845 3648 deinde
876 3568 1171 3648 annos,id
1200 3576 1289 3648 est
1321 3568 1417 3648 35°
1449 3568 1816 3648 Artai-xerss
1848 3585 2016 3648 anno,
2052 3568 2367 3648 Yegentani
2396 3568 2839 3648 rebellaverunt
2869 3568 3161 3648 Romanis,
3191 3578 3401 3648 contra
3427 3588 3573 3643 quos

184 3639 373 3698 missus
395 3639 608 3699 Furius
631 3642 908 3698 Camillus
928 3639 1183 3697 dictator
1205 3643 1420 3699 devicit
1442 3658 1559 3711 eos,
1584 3642 1935 3711 inventaque
1957 3639 2011 3696 in
2035 3642 2274 3695 civitate
2293 3646 2484 3711 statua
2508 3640 2749 3694 Jununis
2774 3641 3032 3696 Monetae.
3054 3639 3367 3709 jussiteam
3384 3639 3575 3700 trans-

186 3712 307 3767 ferri
329 3714 585 3771 Romam.
612 3715 766 3769 Tunc
790 3728 937 3769 unus
969 3727 1037 3768 ex
1061 3712 1344 3769 militibus
1373 3728 1475 3784 per
1499 3710 1694 3783 jccum
1745 3710 2133 3784 interrogavit
2162 3710 2598 3784 Simulachrum,
2624 3724 2693 3784 an
2727 3711 2901 3784 vellet
2950 3711 3034 3766 ire
3062 3712 3318 3775 Romam.
3353 3717 3577 3772 statim-

187 3796 283 3852 que
304 3784 607 3858 respondit
636 3803 648 3838 :
693 3786 838 3858 Vale.
876 3785 1081 3858 Postea
1117 3780 1534 3858 iuemAMa'niiu's
1562 3785 1716 3858 cepit
1749 3790 1805 3839 et
1834 3780 2259 3858 Falis’cos,_ncn
2294 3783 2482 3838 minus
2510 3780 2759 3858 nobilem
2790 3782 3117 3858 civitatem;
3149 3788 3249 3858 sed
3283 3790 3571 3843 commota

186 3857 263 3927 est
290 3856 338 3911 ei
370 3852 615 3927 invidia,
641 3855 807 3926 quasi
836 3857 1070 3927 predam
1091 3856 1238 3911 male
1258 3855 1574 3927 divisisset,
1600 3852 2067 3927 dampnatusque
2085 3852 2159 3909 ub
2178 3869 2303 3909 eam
2333 3852 2867 3927 causamexpulsus
2891 3860 2981 3927 e_st
3008 3870 3038 3927 a
3061 3854 3322 3912 civitate.

247 3926 417 3995 Igitur
439 3922 891 3997 Galli’Sénone's,
915 3928 1062 3983 duce
1084 3929 1309 3983 Brenno
1329 3922 1884 3994 ltaliamintrahtes,
1919 3922 2108 3981 omnia
2138 3930 2536 3997 vastaverunt.
2565 3922 2721 3997 Quos
2750 3939 2878 3997 cum
2907 3924 3334 3997 Fabiusconsul
3370 3928 3576 3985 obvius

187 3993 482 4069 exciperet,
517 4001 588 4053 ab
611 3998 695 4053 eis
717 3993 949 4055 occisus
970 4002 1077 4053 est.
1107 3998 1365 4064 Quicum
1394 3998 1632 4069 Romam
1657 3993 1902 4066 ingressi
1924 3996 2188 4065 fuissent,
2216 4010 2246 4050 e
2287 3996 2358 4050 de
2390 4000 2447 4069 et
2479 3993 2745 4069 incendio
2780 3995 2979 4069 urbem
3011 3995 3408 4069 repleverunt,
3431 4001 3579 4055 occi-

189 4064 365 4144 sisque
379 4064 789 4144 senatoribus,
815 4068 1563 4144 reliquam_multitudinem
1589 4064 2083 4144 juvenumtquam
2112 4064 2343 4144 constat
2367 4065 2461 4120 vix
2486 4065 2642 4144 mille
2667 4064 2960 4144 hominum
2979 4064 3335 4144 tunefuisse.
3363 4064 3417 4123 in
3444 4083 3576 4144 arce

191 4136 473 4210 Capitolini
515 4143 725 4197 montis
758 4136 1035 4196 latentem
1064 4140 1370 4196 obsidione
1402 4136 1838 4196 concluserunt.
1874 4136 1994 4206 Qua
2024 4137 2376 4195 necessitate
2410 4140 2719 4191 revocatus
2750 4136 2993 4210 Manlius
3025 4137 3172 4210 (206)
3194 4140 3572 4210 supervenit,

189 4206 507 4286 occisisque
528 4226 601 4286 ex
615 4211 889 4286 hostibus
905 4211 1127 4286 multis,
1157 4211 1504 4286 Capitolium
1529 4211 1814 4286 ascendit.
1839 4210 2147 4286 (:allivero
2173 4223 2273 4286 per
2298 4215 2524 4286 noctem
2550 4207 2937 4286 ascendentes
2958 4206 3304 4286 Capitolium
3323 4214 3470 4286 pede
3485 4206 3579 4286 ee-

189 4278 546 4403 perunt,'nisi
571 4283 724 4354 quod
747 4282 989 4338 Manlius
1014 4278 1151 4338 voce
1169 4278 1394 4338 anseris
1424 4283 1717 4338 excitatus
1739 4282 1825 4338 eis
1851 4278 2187 4338 obstiterat:
2212 4279 2319 4335 Sed
2345 4294 2476 4334 cum
2498 4292 2602 4334 eos
2621 4278 2719 4332 diu
2751 4278 3108 4347 obsiderent,
3143 4278 3400 4351 acceptis
3424 4281 3579 4337 mille

210 4351 340 4403 ihris
360 4357 482 4403 anri
517 4355 917 4403 nrndiseessn-
946 4354 1233 4403 abierunt-
1262 4355 1504 4403 Manlius
1526 4368 1663 4403 vero
1688 4355 2123 4403 inseentuseos-
2147 4351 2225 4403 ita
2246 4350 2512 4403 cedebat.
2536 4354 2598 4403 ut
2618 4363 2820 4403 aurum
2852 4354 3035 4403 totum
3058 4351 3365 4403 reciperet-
3391 4358 3446 4403 et
3465 4369 3579 4403 mn-

210 4351 340 4429 ibris
360 4350 484 4429 auri
517 4350 917 4429 prodiseessu,
946 4354 1233 4410 abierunt.
1260 4355 1504 4429 Manlius
1526 4368 1663 4410 vero
1687 4355 2123 4429 insecutuseos,
2147 4351 2225 4406 ita
2244 4350 2512 4429 cedebat,
2536 4354 2598 4405 ut
2618 4363 2820 4429 aurum
2852 4354 3035 4405 totum
3058 4350 3365 4429 reciperet,
3391 4358 3446 4408 et
3465 4369 3583 4410 om-

189 4423 271 4478 nia
304 4422 575 4483 militaria
607 4427 791 4496 signa,
824 4422 951 4496 qua:
982 4430 1281 4496 ceperant,
1318 4427 1649 4481 reduceret.
1686 4426 1769 4480 lta
1799 4424 1986 4481 tcrcio
2018 4423 2383 4494 triumphans
2417 4422 2615 4478 urbem
2649 4422 2968 4492 ingressus,
3004 4422 3457 4494 appellatusest
3492 4441 3584 4483 sc-

191 4498 399 4569 eundus
426 4498 734 4569 Romulus,
770 4497 934 4569 quasi
963 4501 1022 4551 et
1055 4500 1177 4567 ipse
1209 4497 1372 4554 urbis
1403 4496 1689 4553 conditor.

193 4564 364 4618 Persar.
395 4570 584 4619 Maced.

253 4632 316 4686 27
455 4637 522 4689 21
633 4631 852 4759 (Hismg
877 4631 977 4688 liis
1005 4631 1373 4702 temporibus
1404 4634 1801 4702 agnoscuntur
1829 4628 2208 4687 Aristarchus
2230 4626 2780 4708 tragediagraphus,
2814 4626 3085 4685 Cratinus
3116 4630 3172 4684 et
3198 4630 3362 4687 Plato
3395 4645 3584 4687 come-

253 4714 404 4759 arum
436 4704 788 4759 scriptores.
858 4718 1005 4759 enen
1027 4708 1083 4758 et
1118 4703 1484 4759 Heraclvtus.
1520 4703 1827 4759 Ferecides
1860 4701 2157 4758 secundus
2186 4701 2579 4759 hvsteriarum
2612 4709 2890 4759 scriptor.
2925 4700 3241 4759 Sephocles
3273 4707 3331 4757 ct
3368 4703 3584 4759 Aristo-

194 4696 404 4777 diarum
436 4696 788 4777 scriptores,
815 4696 1083 4777 Zenonet
1118 4696 1484 4777 Heraclytus,
1520 4703 1827 4777 Fereeides
1860 4696 2579 4777 secundushysteriarum
2611 4696 2890 4770 scriptor,
2925 4700 3241 4772 Sephocles
3273 4707 3331 4757 ct
3368 4703 3585 4759 Aristo-

195 4768 397 4847 phanes
427 4768 679 4847 tragedi,
718 4768 1099 4846 Empedocles
1130 4781 1306 4846 atque
1331 4768 1710 4847 Parmenides
1740 4772 2087 4845 phylosophi
2124 4768 2266 4828 clari
2299 4770 2612 4827 habentur.

259 4846 322 4899 35
502 4846 547 4903 1
645 4847 985 4917 Archelaus,
1023 4861 1125 4902 rex
1156 4846 1529 4903 Macedonum
1564 4852 1705 4916 l2“,
1738 4859 1898 4914 regn.
1935 4860 2045 4900 ann
2100 4848 2187 4899 25.

293 4921 314 4970 1
500 4924 600 5000 2m
642 4920 854 5000 Xerses
881 4912 982 5000 rex
1010 4919 1315 4975 Persarum
1346 4918 1606 4990 regnavit
1641 4912 1937 4973 mensibus
1990 4917 2236 4972 euobus.
2265 4915 2401 4971 Post
2434 4929 2601 4986 quem
2633 4912 2996 4983 Sogodianus
3049 4914 3345 4970 mensibus
3374 4918 3442 4981 7;
3476 4913 3589 4973 sic-

198 5001 299 5057 que
328 5002 510 5049 annus
540 4989 640 5047 ille
667 4990 1030 5061 transigitur.
1426 4989 1430 4990 ⁷

296 5066 317 5116 1
500 5066 535 5119 8
644 5062 872 5133 Darius,
907 5065 1289 5131 cognomento
1318 5058 1562 5132 Nothus,
1593 5074 1763 5133 regna

1889 5057 2269 5133 Persisannis
2298 5062 2385 5133 1‘9,
2411 5072 2442 5114 a
2466 5050 2919 5133 reaediﬁcatione
2943 5054 3144 5133 templi
3175 5067 3323 5113 anno
3355 5061 3440 5113 97.

293 5135 327 5187 2
502 5138 536 5190 9
646 5130 997 5201 Heroddtus,
1031 5148 1161 5188 cum
1194 5135 1374 5189 libros
1406 5130 1554 5189 suos
1576 5132 1817 5189 Athenis
1848 5132 1901 5187 in
1936 5132 2185 5189 concilio
2218 5130 2481 5202 legisset,
2517 5132 2837 5186 honoratus
2867 5131 2978 5181 est.

296 5206 325 5257 3
469 5206 539 5261 10
645 5205 814 5262 Plato
847 5205 1123 5261 nascitur.

294 5276 328 5349 4
471 5278 530 5332 11
645 5278 1008 5349 Hypocrates
1034 5289 1265 5347 quoque
1298 5274 1578 5349 medicus,
1603 5278 1663 5331 et
1695 5273 1859 5349 Soera

2023 5272 2418 5349 thylosophus,
2453 5277 2511 5328 et
2537 5270 2754 5349 Zeuxis
2786 5268 2975 5349 pictor
3000 5267 3260 5349 insignes
3278 5268 3588 5349 habentur.

268 5347 330 5422 te
469 5349 532 5404 21
699 5342 749 5407 ’1
860 5342 1109 5408 Rursum
1131 5342 1530 5422 Egyptiorum
1564 5342 1891 5404 renascitur
1915 5342 2189 5417 dinastia,
2215 5342 2273 5399 in
2318 5357 2429 5414 qua
2460 5342 2689 5417 primus
2718 5342 2979 5412 regnavit
3006 5343 3379 5400 Amaritheus
3407 5342 3597 5399 Saitcs

200 5427 352 5477 annis
377 5430 504 5477 80!.

268 5557 413 5644 (206)
442 5559 819 5637 Ekkehardus
849 5558 1118 5627 Manlium
1148 5563 1207 5627 et
1238 5558 1473 5631 Furium
1507 5484 2001 5629 Camillug?i?tfr
2029 5576 2091 5623 se
2124 5552 2386 5620 confudit
2412 5558 2469 5617 et
2501 5560 2788 5635 quaedam
2804 5553 2955 5618 Hist.
2985 5556 3144 5618 mise.
3176 5553 3411 5627 adjecit.
