3986 6048
343 303 460 368 563
1491 304 1972 372 EKKEHARDI
2013 297 2566 370 URAUGIENSIS
3623 305 3760 372 564

342 446 576 502 centum
601 441 836 502 milibus
859 442 1119 516 equitum
1142 440 1397 504 advenit.
1425 441 2004 516 Cumqneeongressi
2033 445 2254 514 essent,
2290 441 2624 516 ingentibus
2655 440 2946 516 utrimque
2969 438 3177 501 animis
3198 447 3514 514 pugnatum
3544 448 3663 516 est,
3693 444 3762 504 in

344 531 537 588 pugna
569 517 738 573 ambo
763 513 932 587 reges
955 517 1243 574 vulnerati
1269 521 1426 586 sunt,
1452 533 1518 588 ac
1535 513 1758 588 tamdiu
1785 529 2000 585 anceps
2022 520 2314 572 certamen
2342 513 2468 588 fuit,
2493 513 2875 588 quoadusque
2899 515 3126 588 fugeret
3148 513 3376 588 Darius.
3403 517 3484 573 Ibi
3504 513 3657 576 tunc
3676 533 3763 576 ex

344 585 542 645 Persis
564 593 634 645 80
656 587 807 645 milia
835 585 1090 652 peditum
1115 591 1170 643 et
1197 589 1392 645 decem
1414 585 1581 644 milia
1613 585 1872 653 equitum
1905 600 2038 642 cesa
2070 590 2226 652 sunt,
2253 588 2320 640 40
2339 585 2493 641 milia
2524 585 2869 653 capiuntur;
2902 603 2972 642 ex
3001 587 3409 644 Macedonibus
3432 603 3574 646 vero
3595 589 3766 647 ceci-

261 674 270 688 '
347 659 486 716 dere.
519 659 748 728 pedites
778 665 899 723 130.
933 659 1162 730 equites
1195 664 1324 730 150.,
1350 659 1485 724 (Jos.
1515 674 1591 722 xl,
1621 659 1730 727 10.)
1763 658 1899 712 Post
1934 657 2054 730 haec
2087 656 2414 730 Alexander
2433 656 2504 712 e'd
2525 657 3065 730 Judeamgtendens,
3097 658 3532 716 Hierosolimam
3561 660 3758 729 adiit;

345 731 439 788 cui
469 727 690 787 Jaddus
721 727 999 787 sacerdos
1019 744 1148 787 cum
1173 731 1229 798 ja
1257 729 1531 785 'hiuctina
1551 732 1608 784 et
1633 741 1807 784 aurea
1837 727 2009 798 stola,
2034 729 2253 784 habens
2280 742 2457 798 super
2486 733 2658 798 caput
2689 728 2947 786 cvdarim
2969 734 3026 784 et
3053 729 3319 784 laminam
3355 744 3611 798 auream,
3649 727 3764 789 oc-

347 802 554 871 currit,
585 802 766 858 ceteri
797 817 936 857 vero
963 800 1304 859 sacerdotes
1355 816 1484 856 cum
1535 799 1772 856 bissinis
1814 799 2032 871 stolis,
2067 799 2371 871 omnisque
2421 799 2736 871 multitudo
2783 815 2912 856 cum
2957 799 3223 857 vestibus
3249 799 3400 858 albis
3430 802 3754 871 processit.

349 869 684 946 Alexander
707 877 897 928 autem
931 871 1086 946 solus
1114 871 1387 929 accessit.
1413 875 1469 926 et
1494 885 1697 946 nomen
1727 869 1846 946 Dei,
1882 870 2037 946 quod
2065 870 2118 925 in
2143 884 2318 946 aurea
2344 869 2550 946 lamina
2575 871 2858 946 scriptum
2889 876 3040 946 erat,
3071 869 3759 946 adoravit,gprincipem-

349 959 460 1011 que
485 944 853 999 sacerdotum
888 943 1132 1014 primum
1166 948 1476 1014 veneratus
1506 939 1863 1014 est,_deinde
1886 939 1954 973 ¹⁸⁰
1975 941 2295 1014 ascendens
2316 941 2397 1014 ad
2419 939 2486 975 1“
2510 939 2808 1014 templum,
2843 942 3196 1014 sacriﬁcavit
3217 939 3520 1013 Deo’juxta
3550 939 3760 1002 sacer-

347 1014 501 1070 dotis
533 1011 945 1078 ostensionem,
978 1014 1085 1081 ipsi
1116 1030 1255 1072 vero
1288 1013 1546 1084 pontiﬁci
1579 1011 1646 1046 ¹⁸¹
1673 1013 2004 1084 ceterisque
2036 1011 2444 1084 sacerdotibus
2477 1011 2654 1084 multa
2689 1011 2948 1084 donavit.
2976 1015 3054 1069 De
3084 1028 3193 1082 qua
3225 1028 3295 1084 re
3318 1011 3442 1072 suis
3470 1017 3759 1074 omnibus

347 1086 740 1156 stupentibus,
768 1085 1106 1143 Par-menius
1130 1082 1401 1156 princeps
1423 1084 1718 1140 exercitus
1742 1083 2120 1156 interrogavit
2139 1096 2272 1156 eum
2295 1097 2402 1156 cur
2423 1082 3120 1156 adorassﬁetisacerdotem
3136 1083 3333 1156 gentis
3360 1085 3581 1144 Judeze.
3610 1089 3758 1146 Non

346 1155 519 1217 hunc.
547 1157 640 1224 inq
653 1153 753 1216 nit,
779 1170 817 1212 α
830 1157 1050 1220 toraci,
1069 1153 1175 1215 sed
1194 1153 1398 1224 Deum,
1419 1156 1591 1223 cujus
1609 1155 1931 1213 sacerdotii
1951 1153 2299 1224 principatu
2316 1153 2562 1216 functus
2579 1155 2682 1212 est.
2710 1155 2866 1212 Nam
2886 1169 3017 1212 cum
3039 1154 3238 1214 adhuc
3257 1169 3440 1213 essem
3458 1158 3526 1216 in
3546 1159 3759 1218 Mace-

347 1226 526 1283 donia
549 1227 608 1282 et
623 1227 944 1296 cogitarem
965 1243 1054 1285 me
1073 1244 1186 1285 non
1203 1241 1369 1298 posse
1401 1229 1604 1283 Asiam
1630 1226 1880 1298 vincere,
1906 1225 1974 1280 in
1996 1225 2338 1298 huiusmodi
2371 1224 2583 1282 habitu
2604 1240 2735 1298 eum
2756 1227 3052 1298 conspergi,
3083 1227 3434 1298 incitantem
3452 1243 3546 1284 me
3565 1231 3758 1296 conﬂ-

345 1298 551 1372 denter
569 1299 849 1372 transire,
869 1313 1046 1365 ser/ue
1063 1296 1376 1372 ducturum
1391 1299 1556 1372 discit
1569 1297 1893 1372 exercitum
1907 1309 2098 1352 meum
2115 1297 2172 1372 et
2184 1296 2511 1372 Persarum
2524 1297 2849 1366 potentiam
2861 1297 3048 1372 michi
3066 1297 3436 1372 traditurum
3459 1299 3585 1372 (208
3605 1300 3756 1372 bis.)

349 1367 433 1437 [0
457 1383 560 1423 ξοδ.
591 1370 627 1425 ι.
659 1370 694 1423 l.
723 1370 738 1438 ]
773 1373 996 1426 Interea
1030 1371 1234 1426 Darius
1264 1369 1469 1437 tereio,
1495 1368 1727 1424 cunctis
1757 1369 2065 1423 Persarum
2091 1366 2313 1438 viribus
2335 1367 2741 1438 sociorumque
2772 1368 3006 1424 auxi'iis
3037 1369 3379 1438 contractis,
3416 1370 3630 1428 bellum
3665 1366 3756 1428 in;

347 1443 593 1510 staurat.
651 1437 978 1496 Alexander
1025 1458 1165 1498 vero
1211 1444 1517 1496 revertens
1545 1454 1574 1495 a
1602 1438 1805 1497 Judea.
1838 1439 2047 1510 Tyrum
2079 1437 2508 1510 urbemicoepit,
2547 1438 2762 1508 Syriam
2786 1443 2854 1510 et
2884 1441 3188 1510 Egvptum
3225 1437 3464 1506 invadit,
3498 1442 3760 1498 Alexan-

348 1509 650 1582 driamque
685 1512 738 1566 iu
771 1514 1014 1581 {Egyptn
1061 1512 1343 1569 condidit.
1394 1510 1529 1565 lude
1570 1510 1886 1565 revertenti
1921 1509 2128 1565 Darius
2157 1509 2307 1579 apud
2340 1507 2616 1566 Tharsum
2639 1513 2752 1582 404
2781 1507 2848 1582 “3
2882 1507 3042 1566 milia
3069 1511 3328 1582 peditum
3360 1517 3416 1567 et
3455 1512 3559 1569 100
3588 1513 3756 1570 milia

349 1581 610 1652 equitum
645 1583 910 1640 obnonit.
949 1583 1145 1640 (Osos.
1183 1599 1263 1638 ιη.
1296 1598 1345 1638 c.
1385 1585 1474 1649 17)
1505 1583 1619 1637 Nec
1650 1595 1861 1652 pugnae
1889 1594 2070 1648 mora,
2105 1594 2306 1635 omnes
2337 1595 2486 1636 cmca
2522 1581 2684 1652 rabie
2717 1581 2771 1636 in
2803 1581 3017 1638 ferrum
3051 1581 3250 1642 ruunt.
3287 1584 3629 1641 Macedones
3661 1589 3760 1641 to-

350 1651 511 1706 cicns
536 1667 562 1706 a
589 1667 652 1708 se
675 1654 848 1710 victis
872 1655 1138 1712 hostibus
1167 1653 1429 1722 animosi,
1459 1651 1659 1708 Persa}
1681 1652 1788 1708 nisi
1813 1651 2049 1707 vineant
2083 1651 2650 1722 preoptantesimori.
2688 1653 2839 1708 Raro
2864 1653 2915 1706 in
2939 1652 3060 1708 ullo
3085 1653 3238 1709 bello
3260 1659 3488 1711 tantum
3515 1654 3760 1722 sangui-

351 1723 442 1778 nis
473 1723 658 1794 l‘usum
689 1731 802 1780 est.
857 1726 963 1780 Sed
1017 1727 1220 1782 Dar'us
1265 1740 1392 1780 cum
1418 1721 1590 1778 'viuci
1643 1738 1782 1779 suos
1838 1723 2084 1789 videret,
2119 1722 2264 1776 mori
2298 1723 2352 1794 in
2387 1721 2540 1777 bello
2571 1728 2826 1794 paratos,
2864 1738 3416 1794 persuasusuorum
3448 1724 3516 1760 "‘
3546 1721 3760 1793 fugere

349 1793 686 1862 compulsus
708 1803 818 1851 est.
848 1796 1171 1853 Alexander
1193 1799 1262 1852 24
1285 1796 1490 1852 diebus
1507 1794 1802 1851 coutinuis
1825 1798 2150 1864 castrorum
2178 1793 2412 1864 predam
2437 1793 2792 1864 percensuit.
2819 1796 2956 1850 Cum
2981 1809 3122 1851 vero
3144 1793 3212 1828 ⁸⁸⁵
3230 1795 3490 1853 audisset
3511 1799 3758 1854 Darium

352 1865 757 1968 inpro‘piuqui‘s
789 1868 910 1923 suis
945 1868 1196 1968 vinctum
1227 1865 1830 1968 au‘reiscompedirhus
1863 1863 2810 1968 teit‘etjhst'a't‘niLEEIm‘gerse'quij
2977 1866 3277 1968 inveniens
3304 1881 3436 1968 euml
3455 1867 3512 1968 in
3535 1867 3756 1949 itinere

353 1935 538 2009 solum
574 1937 862 2000 relictum,
897 1940 1097 1994 multis
1127 1937 1194 1971 ³³⁸
1224 1934 1928 2009 vulneribusperfossum
1955 1938 2266 1998 mortuum,
2301 1934 2450 2009 hunc
2477 1934 2541 1969 “7
2572 1934 2721 2009 inani
2758 1937 3155 2009 misericordia
3190 1937 3243 1992 in
3276 1938 3604 2009 sepulchris
3633 1953 3760 1994 ma-

347 2005 538 2078 jorum
559 2009 792 2076 sepeliri
822 2009 974 2064 feeit.
1005 2009 1212 2065 Occiso
1237 2009 1432 2078 itaque
1457 2005 1629 2064 Dario
1654 2007 1814 2076 regni
1841 2006 1928 2078 sui
1955 2019 2106 2078 anno
2131 2011 2316 2078 sexto,
2341 2005 2653 2078 Alexandri
2681 2021 2912 2077 quoque
2937 2007 3132 2063 itidem
3159 2005 3353 2074 sexto,
3374 2009 3524 2066 Asiae
3548 2010 3656 2065 viri
3685 2009 3759 2044 “l‘

352 2075 758 2148 Concitleruut,
783 2085 839 2134 et
866 2085 1026 2136 totus
1055 2080 1251 2136 oriens
1275 2079 1326 2134 in
1344 2075 1707 2148 potestatem
1729 2075 2092 2148 Macedonici
2125 2077 2307 2148 cessit
2339 2075 2585 2148 imperii,
2617 2075 3046 2144 Persarumque
3073 2092 3311 2146 regnum
3337 2079 3756 2140 Alexandriam

353 2147 700 2224 translatum
725 2156 836 2224 est,
864 2151 958 2207 ubi
986 2156 1292 2224 regnatum
1313 2147 1399 2224 est
1428 2165 1528 2218 per
1551 2163 1732 2205 annos
1764 2147 2050 2224 ducentos
2082 2147 2389 2224 nonaginta
2423 2163 2544 2204 sex.
2578 2149 2683 2224 (Ci.
2709 2151 2848 2204 [iu-2n
2871 2153 2931 2206 et
2954 2149 3120 2205 Oros.
3150 2151 3186 2206 ι.
3217 2151 3282 2224 ι.)
3313 2150 3475 2218 Quod
3507 2165 3758 2222 regnum

354 2217 448 2272 alii
475 2218 699 2291 _(.lonn.)
734 2217 1077 2290 Grecorum,
1108 2221 1205 2278 alii
1239 2223 1346 2291 (Cf.
1380 2217 1498 2277 .IOS.
1532 2235 1631 2287 xu,
1673 2225 1717 2286 1,
1750 2223 1806 2274 et
1843 2219 2059 2291 Bensu)
2087 2219 2817 2291 glEgyptiorumnominant
2850 2234 3110 2284 regnum.

428 2287 752 2362 Alexander
783 2293 1015 2348 Macedo
1045 2287 1172 2362 post
1209 2287 1450 2348 mortem
1486 2291 1638 2346 Darii
1670 2289 1931 2358 regnavit
1967 2289 2130 2362 annis
2163 2287 2282 2362 sex,
2310 2304 2338 2344 a
2365 2290 2816 2362 remdificatione
2849 2291 3047 2362 templi
3079 2306 3228 2347 anno
3256 2296 3401 2349 186°.
3436 2293 3757 2350 Duodecim

355 2360 568 2429 quippe
601 2364 766 2418 annis
795 2359 1140 2419 trementem
1171 2364 1276 2419 sub
1309 2378 1372 2419 se
1401 2364 1598 2418 orbem
1634 2363 1787 2417 ferro
1818 2360 2055 2432 pressit,
2101 2359 2200 2414 sed
2242 2374 2345 2414 sex
2387 2362 2664 2429 postremi
2697 2361 2822 2430 ejus
2853 2359 3006 2431 anni,
3042 2363 3253 2432 quibus
3283 2363 3590 2420 destrueto
3619 2366 3761 2420 Per—

355 2445 546 2505 sarum
580 2433 820 2502 imperio
844 2434 1234 2491 mouarchiam
1265 2434 1445 2489 tenuit
1472 2433 1653 2495 orbis,
1681 2431 1962 2505 inordine
1996 2435 2321 2505 temporum
2356 2439 2756 2505 numerantur,
2792 2431 3177 2505 prioresvero
3199 2437 3422 2505 septem
3447 2436 3555 2491 sub
3575 2449 3761 2499 regno

354 2501 669 2575 Pcrsarum'
691 2511 1124 2575 computantur.
1159 2506 1440 2561 Omnibus
1472 2505 1668 2574 itaque
1697 2501 2245 2575 circumpositarum
2277 2502 2535 2575 gentium
2561 2503 2754 2572 regnis
2775 2503 2888 2558 sibi
2915 2503 3217 2570 subjectis.
3247 2501 3300 2559 in
3329 2505 3545 2560 Indiam
3570 2510 3768 2562 teten-

355 2571 460 2647 dit,
497 2588 750 2647 eamque
783 2571 910 2632 cum
944 2576 1215 2632 omnibus
1261 2571 1648 2632 orientalibus
1699 2573 1894 2641 regnis
1925 2571 2036 2627 Sibi
2071 2571 2341 2647 subjecit.
2377 2571 2692 2642 Postquam
2727 2589 2896 2647 _vero_
2935 2575 3115 2631 multa
3162 2575 3420 2647 miranda
3469 2590 3765 2647 peragens

356 2641 623 2716 dominus
653 2641 909 2708 gentium
942 2647 1304 2703 diversarum
1340 2650 1708 2715 nuncupatus
1731 2649 1840 2716 est,
1877 2657 2024 2716 anno
2055 2643 2398 2716 astatissuze
2422 2649 2518 2699 32°
2540 2641 2690 2714 apud
2727 2645 3118 2712 Babvloniam,
3154 2661 3282 2702 cum
3312 2641 3499 2701 adhuc
3529 2641 3768 2716 sangui-

355 2727 482 2768 nem
517 2715 728 2773 sitiret.
763 2717 1010 2772 ministri
1035 2717 1121 2772 sui
1147 2717 1373 2773 insidiis
1401 2713 1682 2772 venenum
1714 2714 1860 2770 bibit
1881 2719 1940 2768 et
1963 2713 2205 2784 interiit.
2241 2714 2364 2784 Quo
2388 2713 2635 2784 mortuo,
2668 2716 3044 2772 Macedonum
3070 2716 3252 2773 duces
3277 2717 3542 2774 diversas
3565 2713 3770 2774 sortiti

357 2784 704 2858 provincias,
730 2787 853 2852 ipso
873 2791 1066 2843 tamen
1093 2788 1280 2843 adhuc
1299 2788 1430 2842 vivo
1453 2787 1816 2858 disponente,
1841 2783 2058 2858 mutuis
2081 2783 2336 2858 schellis
2355 2783 2870 2858 consumpserunt,
2900 2788 3225 2858 orbemque
3249 2789 3321 2842 ab
3348 2789 3680 2858 Alexandro
3707 2788 3778 2824 ω

355 2853 632 2940 celeriter
659 2861 716 2940 et
754 2859 985 2940 fortiter
1019 2859 1392 2940 anquisitum.
1432 2853 1874 2940 quatuorde‘cim
1909 2855 2072 2940 annis
2101 2854 2554 2940 dilaniaverunt,
2585 2853 2642 2912 et
2675 2856 2856 2940 veluti
2914 2853 3190 2940 optimam
3225 2857 3526 2940 predum-‘3
3563 2874 3778 2929 magno

356 2921 522 3000 leone
554 2931 906 3000 prostratam
941 2929 1094 2985 avidi
1124 2921 1305 3000 catuli
1339 2921 1808 3000 discerpserunt.
1832 2925 1939 2981 Sed
1966 2925 2098 2996 quia
2124 2925 2271 3000 idem
2298 2927 2628 3000 Alexander
2653 2927 2830 3000 multa
2860 2921 3004 3000 mire
3039 2921 3339 3000 peregisse
3369 2928 3610 3000 legitur,
3640 2921 3774 2998 quae

355 2995 506 3052 scire
537 2995 700 3052 inulti
735 2999 1124 3071 delectantur,
1161 2999 1305 3056 libet
1331 2999 1402 3055 de
1434 2995 1549 3054 vita
1579 2999 1706 3068 ejus
1735 2997 1926 3071 aliqua
1958 2995 2287 3052 summatim
2340 2997 2676 3071 decerpere,
2727 2999 2944 3070 quibus
2977 2995 3361 3056 delectationi
3395 2995 3770 3071 querentium

356 3071 668 3140 utcumque
699 3070 919 3127 valeam
954 3072 1298 3128 satisfacere
1342 3071 1446 3141 (Cf.
1483 3072 1753 3140 "IERON.,
1789 3069 1962 3124 Osos.
1997 3082 2047 3122 c.
2085 3071 2170 3137 19,
2203 3071 2290 3130 20,
2324 3072 2412 3139 23,
2447 3075 2506 3124 et
2533 3070 2820 3141 ἔπειμι).

1129 3195 1637 3258 EXCERPTUM
1681 3194 1788 3254 DE
1829 3190 2022 3253 VITA
2065 3190 2542 3256 ALEXANI‘RI
2585 3194 2846 3256 MAGNI
2891 3193 2980 3257 ¹⁹⁰.

428 3322 612 3379 (Hist.
667 3323 858 3390 Alea,
908 3323 1036 3379 eod.
1092 3324 1287 3378 Bamb.
1326 3323 1362 3378 1‘.
1398 3322 1562 3392 193’.)
1601 3319 2002 3390 Egyptiorum
2031 3315 2088 3376 A
2120 3319 2378 3390 Cumque
2401 3319 2480 3376 ibi
2513 3325 2846 3377 moraretur
2869 3334 3054 3389 usque
3079 3320 3150 3377 ad
3175 3325 3445 3393 tempora
3473 3321 3634 3391 regis
3656 3321 3768 3379 Phi

356 3412 590 3479 gentem
607 3409 679 3464 im
697 3411 1101 3466 mathematica
1124 3411 1601 3480 magicaquearte
1623 3409 1802 3465 fuisse
1816 3406 2008 3462 valen-

359 3503 496 3566 tem,
529 3497 740 3554 litteme
772 3497 1031 3555 tradunt.
1066 3499 1318 3564 Quorum
1351 3513 1454 3554 rex
1486 3497 1871 3564 Nectanebus,
1908 3497 2004 3566 qui

361 3586 519 3654 regis
541 3588 848 3642 Persarum
875 3587 1230 3658 Artaxersis,
1257 3587 1352 3658 qui
1379 3592 1435 3642 et
1461 3584 2006 3642 Memnonmdictus

359 3680 469 3743 est,
495 3675 600 3732 fuit
634 3674 700 3707 “3
731 3681 1274 3746 contemporaneus,
1309 3676 1548 3744 magicae
1581 3675 1726 3732 artis
1754 3679 1878 3730 erat
1915 3689 2008 3746 pe-

361 3763 529 3828 ritus,
565 3763 640 3818 ita
676 3769 760 3830 ut,
792 3779 921 3819 cum
953 3778 1129 3834 super
1169 3779 1298 3819 cum
1332 3763 1534 3820 hostes
1575 3762 1859 3833 venirent,
1896 3777 2005 3818 non

360 3849 622 3907 militiam
666 3866 769 3906 nec
809 3867 965 3908 arma
1013 3856 1290 3921 moveret,
1325 3852 1427 3908 sed
1459 3851 1734 3923 palatium
1780 3850 2006 3906 intrans

359 3940 740 4011 apprehendit
762 3942 1040 3997 concham
1061 3956 1292 4010 .‘ercam,
1317 3940 1694 4012 implevitque
1716 3954 1839 3995 eam
1860 3954 2007 4010 aqua

361 4029 622 4100 pluviali,
671 4033 991 4100 tenensque
1029 4030 1082 4084 in
1127 4045 1296 4087 manu
1344 4029 1562 4099 virgam
1614 4043 1853 4098 aeneam,
1907 4042 2009 4099 per

301 4153 305 4156 η
359 4119 613 4186 magicas
642 4123 801 4174 artes
822 4119 1096 4175 demones
1119 4119 1372 4189 vocavit,
1397 4121 1786 4188 eventumque
1811 4131 2008 4173 rerum

359 4204 748 4276 investigavit.
783 4210 1038 4277 Cumque
1063 4212 1330 4277 regnaret
1355 4206 1522 4263 annis
1546 4206 1742 4262 decem
1767 4209 1826 4260 et
1849 4209 2004 4272 octo,

359 4295 693 4352 nunciatum
726 4303 818 4351 est
851 4297 984 4364 sibi,
1035 4295 1250 4352 multas
1294 4301 1501 4364 gentes
1545 4294 1828 4350 adversus
1876 4307 2008 4348 cum

356 4383 697 4439 convenisse
720 4382 804 4439 “3.
833 4384 960 4453 Qui,
997 4383 1238 4440 remotis
1262 4397 1292 4438 a
1315 4397 1376 4439 se
1406 4383 1695 4451 omnibus,
1731 4380 2008 4453 palatium

361 4469 609 4539 intrans,
624 4475 679 4525 et
697 4471 874 4526 solito
889 4486 1047 4527 more
1065 4469 1487 4526 consultationi
1506 4469 1742 4539 magicae
1763 4468 2006 4537 instans,

361 4556 508 4613 vidit
532 4558 586 4614 in
609 4559 829 4614 concha
859 4574 982 4626 sua,
1021 4559 1153 4628 quia
1183 4557 1260 4614 dii
1294 4558 1692 4629 Egyptiorum
1725 4558 2013 4628 guberna-

2116 3407 2279 3479 lippi,
2331 3409 2579 3479 quodam
2633 3413 2915 3480 tempore,
2949 3408 3050 3466 illo
3080 3412 3330 3467 exeunte
3363 3410 3432 3465 ad
3471 3409 3762 3481 praelium,

2116 3497 2494 3564 Nectanebus.
2507 3496 2665 3553 venit
2683 3497 2753 3552 ad
2780 3497 3076 3568 palatium,
3103 3497 3482 3567 salutansque
3504 3497 3764 3567 reginam

2117 3583 2519 3657 Olimpiadem,
2541 3585 2613 3641 ab
2633 3599 2697 3640 ea
2724 3583 3080 3642 resalutatus
3104 3591 3216 3656 est,
3236 3585 3528 3657 jussitque
3545 3584 3764 3642 meum

2117 3673 2318 3743 regina
2364 3673 2568 3730 sedere
2613 3688 2828 3744 secum,
2876 3689 3128 3745 querens
3177 3689 3245 3731 an
3294 3689 3433 3732 vere
3461 3675 3769 3746 Egyptius

2116 3765 2291 3818 esset.
2337 3760 2442 3827 Qui
2485 3777 2613 3817 cum
2648 3775 2711 3817 se
2740 3760 3070 3832 IEgvptium
3101 3762 3350 3832 diceret,
3383 3767 3444 3819 et
3472 3763 3770 3834 Egyptio—

2116 3865 2243 3906 rum
2267 3849 2607 3921 sapientiam
2635 3864 2734 3920 per
2755 3850 2933 3906 multa
2959 3850 3246 3922 laudaret,
3268 3865 3446 3922 seque
3468 3850 3766 3908 divinandi

2119 3937 2537 4010 peritissimum
2567 3935 3017 4008 commendaret,
3044 3938 3198 3994 inter
3219 3939 3395 3996 verba
3429 3939 3768 3996 confabula-

2116 4025 2294 4082 tionis
2315 4026 2536 4082 exarsit
2558 4026 2612 4081 in
2637 4025 2764 4096 ejus
2787 4041 3060 4097 amorem,
3095 4041 3385 4098 sensuque
3407 4027 3767 4100 concupisci-

2120 4113 2221 4170 bili
2246 4113 2503 4185 respexit
2528 4114 2583 4170 in
2606 4129 2750 4170 eam.
2778 4115 3051 4186 Dixitque
3073 4116 3144 4172 ad
3165 4127 3296 4172 eum
3317 4115 3515 4186 regina
3538 4135 3551 4170 :
3573 4118 3769 4188 Opro-

2109 4201 2315 4274 plteta,
2350 4201 2504 4272 quid
2531 4202 2814 4274 cogitasti
2843 4205 2934 4260 sic
2958 4203 3330 4274 respiciendo
3356 4219 3449 4260 me
3467 4223 3487 4262 .-
3512 4203 3620 4271 Qui
3645 4205 3726 4261 ait
3752 4223 3766 4260 :

2117 4290 2486 4349 Recordatus
2496 4305 2628 4347 smn
2633 4290 3106 4362 pulcherrimam
3124 4291 3571 4361 divinationem,
3586 4307 3774 4365 quam

2119 4393 2220 4451 ego
2239 4379 2360 4436 diis
2365 4381 2680 4452 proximus
2697 4379 2771 4436 ab
2787 4381 2874 4438 eis
2877 4381 3137 4453 percepi.
3163 4381 3329 4440 Unus
3345 4383 3772 4454 expotentissi-

2115 4469 2232 4525 mis
2251 4467 2372 4526 diis
2388 4467 2725 4526 concumbet
2737 4469 2944 4537 tecum,
2958 4470 3016 4526 et
3025 4483 3100 4526 ea:
3110 4471 3237 4540 ipso
3248 4471 3558 4542 concipies.
3571 4473 3653 4528 'At
3670 4471 3766 4528 illa

2121 4555 2265 4612 dixit
2294 4575 2306 4610 :
2331 4556 2416 4612 Et
2431 4558 2571 4628 quis
2591 4557 2681 4614 est
2699 4557 2842 4615 deus
2861 4559 3000 4614 ille?
3021 4559 3388 4616 Nectanebus
3407 4560 3598 4630 inquit
3618 4579 3632 4615 :
3653 4561 3770 4618 Ille

362 4646 498 4702 bant
525 4661 703 4703 naves
737 4648 1138 4717 barbarorum,
1173 4647 1486 4718 statimque
1516 4647 1661 4702 rasit
1690 4647 1800 4702 sibi
1834 4649 2008 4718 caput
2039 4666 2094 4726 Β
2124 4629 3766 4718 estHammon,quilargiturdicitiasomnibusbiiitque

359 4740 416 4790 et
449 4735 707 4804 barbam,
743 4739 802 4792 ut
838 4734 1284 4804 transfiguraret
1317 4748 1410 4800 se;
1441 4733 1772 4804 tollensque
1805 4748 2009 4790 aurum

361 4827 638 4894 quantum
671 4824 863 4896 potuit
893 4822 979 4890 ‘9‘,
1014 4823 1205 4880 induit
1233 4838 1296 4879 se
1327 4823 1494 4878 lineis
1524 4823 1806 4890 vestibus,
1844 4822 2011 4892 quasi

361 4913 647 4983 propheta
700 4910 1004 4982 {Egyptius
1045 4916 1104 4966 et
1143 4911 1495 4979 astrologus,
1551 4909 1893 4980 fugiensque
1943 4909 2015 4966 de

359 4998 606 5072 Egypto
640 5000 796 5057 venit
831 4997 1242 5068 Macedoniam,
1280 4998 1608 5068 sedensque
1647 4995 1834 5068 palam
1877 4997 2018 5053 divi-

363 5089 612 5145 nabatur
661 5089 929 5146 omnibus
981 5088 1078 5159 qui
1128 5088 1451 5160 pergebant
1481 5086 1552 5142 ad
1585 5101 1714 5142 eum
1770 5086 2016 5158 (12194)-

2123 4732 2223 4788 illa
2249 4751 2262 4787 :
2284 4733 2368 4788 Et
2386 4733 2846 4805 quamformam
2860 4733 3069 4791 habet?
3101 4735 3202 4791 Cui
3226 4734 3324 4792 ille
3349 4754 3362 4790 :
3387 4735 3768 4806 Nequejuoe—

2121 4823 2220 4880 nis
2230 4821 2512 4892 estneque
2523 4822 2656 4876 netu
2663 4821 2774 4890 lus,
2787 4820 2896 4878 sed
2905 4822 2966 4878 in
2976 4821 3176 4880 media
3187 4822 3360 4881 atate
3369 4823 3770 4893 consistit,ha~

2127 4911 2264 4968 bens
2283 4923 2461 4968 canos
2488 4908 2849 4982 barbamque
2872 4911 3147 4968 ornatam
3161 4912 3218 4967 et
3230 4912 3297 4968 in
3301 4913 3511 4985 fronte
3526 4925 3764 4970 cornua.

2133 4999 2298 5055 Unde
2315 4998 2372 5056 si
2389 4997 2501 5054 tibi
2515 4997 2732 5069 placet,
2757 4999 2876 5056 esto
2890 5001 3222 5071 preparato
3240 4999 3362 5071 illi,
3382 5001 3530 5074 quia
3549 5001 3616 5059 in
3628 5015 3771 5059 sm

2131 5089 2230 5146 nis
2248 5086 2477 5145 videbis
2493 5087 2688 5158 illum,
2714 5087 2774 5144 et
2787 5087 2855 5144 in
2872 5089 3000 5162 ipso
3019 5101 3218 5146 somno
3237 5089 3576 5147 concmnbet
3593 5091 3775 5147 tecum

1724 5184 1961 5240 VARUS
2003 5184 2404 5240 LECTIONES.

435 5280 665 5352 1erein
698 5284 748 5337 4.
827 5280 894 5314 “1
925 5281 994 5352 in,
1012 5285 1062 5352 4.
1144 5279 1210 5314 ¹⁸¹
1243 5280 1536 5352 sacerdoti
1570 5283 1618 5335 4.
1677 5279 1768 5352 ί¹³³
1799 5279 2224 5352 αυθᾴῃέηεεηιξι
2260 5284 2309 5336 4.
2379 5279 2456 5352 Ψ
2490 5294 2904 5352 persuasorum
2938 5283 2988 5336 4.
3069 5279 3135 5314 ³⁸⁸
3164 5284 3357 5338 autem
3387 5285 3436 5337 5.
3516 5280 3584 5316 ¹⁶⁶
3616 5282 3776 5342 deest

515 5349 585 5424 fl"
612 5352 773 5424 deest
801 5357 878 5408 9°.
935 5350 1024 5424 ﬁ?“
1053 5352 1217 5424 deest
1240 5355 1290 5407 4.
1371 5349 1439 5424 ἐξῇ
1472 5352 1544 5408 ab
1569 5351 1768 5424 mdes.
1793 5349 1866 5424 99
1929 5349 1997 5384 ¹⁹⁰
2026 5351 2189 5410 deest
2214 5357 2290 5408 9°.
2371 5350 2438 5386 1”
2470 5349 2678 5408 menon
2711 5353 2760 5408 4.
2841 5351 2906 5386 ¹⁹²
2938 5352 3042 5409 fuit
3067 5353 3434 5424 temporibus
3456 5356 3512 5410 et
3539 5360 3692 5410 cont.
3716 5359 3767 5410 5.

365 5421 432 5455 ¹⁹³
460 5421 771 5480 advenisse
801 5427 850 5478 9.
931 5421 996 5455 ⁵⁸⁸
1030 5423 1215 5480 voluit
1243 5427 1292 5479 4.
1373 5421 1440 5455 ¹⁹⁶
1457 5423 1666 5496 pergit
1694 5427 1741 5477 1.
1761 5422 1882 5494 fol.
1917 5426 2004 5477 60.

1960 5509 2182 5568 NOTAE.

437 5596 628 5672 (208’.)
672 5597 820 5672 ,l'iid.
869 5597 1059 5654 Julius
1094 5599 1338 5672 Zachcr,
1373 5597 1468 5669 qui
1503 5597 1601 5672 diu
1638 5597 2000 5672 nihilumque
2033 5599 2087 5655 in
2121 5598 2426 5672 historiam
2453 5598 2788 5672 tabularum
2819 5599 2890 5672 de
2923 5569 3249 5672 Alexandro
3277 5600 3478 5672 Magno
3510 5605 3776 5659 narrata-

363 5667 488 5728 rum
525 5667 827 5742 inquisivit
863 5672 1060 5727 monet
1094 5669 1237 5742 haec,
1271 5674 1332 5726 et
1363 5667 1626 5742 quaedam
1659 5669 1768 5726 alia
1805 5667 1921 5742 legi
1951 5671 2006 5726 in
2039 5671 2196 5726 Petri
2232 5671 2588 5728 Comcstoris
2616 5669 2874 5727 Historia
2905 5667 3276 5728 scholastica.
