3992 6054
237 221 367 288 565

1119 222 1558 289 CHRONICA.
1592 257 1671 271 -—
1700 219 2191 292 CHRONICON
2236 227 2787 304 UNIVERSALE.

3544 251 3663 317 566

237 360 417 470 ίῖξξῗῗ,
434 358 534 470 ills
571 358 1239 470 ἶξῗὶίέθῗῖῗάῗῗθζῖίῖῗέ
1257 361 1778 470 ῗέτῗπῖξῖθνέθῖίὲνί
1796 363 1906 470 ἷξίξί
1929 358 1989 420 Α
2022 368 2255 470 facit”:
2272 362 2387 470 ᾨυί
2411 372 2491 428 ³η
2518 394 2529 428 ⁵
2556 375 2688 470 Et?”
2709 376 2843 470 1W
2851 376 3024 470 1W"
3038 382 3318 441 ηαδσθιτθν
3338 383 3655 470 tibi/llius.

240 452 548 519 divinum,
582 452 744 509 sicut
784 451 955 508 deum
1001 451 1055 508 te
1092 450 1370 510 adorabo.
1416 452 1516 510 llis
1566 452 1761 523 dict‘s,
1799 455 1904 510 Ne-

239 542 540 600 ctanebus
570 541 714 597 exiit
745 541 1025 599 continuo
1076 541 1132 597 in
1178 541 1494 613 desertum,
1529 541 1903 615 evellensque

239 633 466 691 herbas
512 635 571 688 et
620 631 953 704 exprimens
1001 647 1223 702 sucum,
1263 632 1393 689 fecit
1448 632 1902 688 incantationem

243 721 588 794 Olimpiadi,
624 725 686 779 ut
718 721 1022 778 videretur
1052 721 1132 776 illi
1166 720 1332 792 quasi
1366 735 1466 793 per
1494 722 1778 779 somnium
1809 737 1905 779 ve-

242 810 470 869 raciter
488 812 857 867 Hammonem
883 810 1053 866 deum
1066 810 1454 867 concumbere
1468 825 1683 867 secum.
1702 812 1904 868 Necta-

243 900 438 958 nebus
463 913 604 957 vero
631 898 950 956 concubuit
981 914 1111 955 eum
1140 913 1227 955 ea.
1263 898 1370 965 Qui
1402 914 1531 955 cum
1583 898 1905 956 surexisset

245 991 325 1047 ab
343 1004 430 1060 ea,
449 988 597 1046 dixit
613 987 696 1043 illi
714 1008 727 1043 :
742 986 986 1058 Mulier,
1004 988 1321 1059 concepisti
1335 988 1702 1061 defensorem
1715 989 1899 1058 tuum,

243 1080 412 1135 Mane
446 1081 637 1133 autem
666 1077 841 1144 facto,
866 1091 998 1133 cum
1023 1075 1117 1132 illa
1143 1076 1496 1133 surrexisset
1518 1092 1544 1132 a
1569 1076 1745 1146 lecto,
1767 1077 1900 1134 fecit

241 1167 450 1223 venire
484 1166 555 1222 ad
601 1181 662 1223 se
710 1165 1130 1234 Nectanebum,
1177 1165 1433 1223 recitans
1482 1164 1566 1222 illi
1614 1164 1901 1223 somnium

246 1254 404 1326 quod
437 1254 684 1312 viderat.
715 1256 787 1309 At
807 1253 904 1310 ille
936 1254 1088 1310 dixit
1120 1273 1133 1308 :
1169 1256 1381 1313 Omnia
1409 1257 1548 1314 scio.
1583 1254 1902 1313 Faciamus

243 1343 506 1415 aliquod
515 1343 857 1412 arbitrium,
873 1344 1023 1416 quia
1036 1343 1199 1401 illud
1210 1342 1734 1413 estoeritas,aliud
1750 1357 1900 1401 som-

240 1436 436 1492 nium.
456 1434 579 1493 Isle
588 1434 733 1491 deus
744 1432 983 1506 quando
994 1434 1285 1491 oenietad
1296 1434 1650 1506 te,,ﬂguram
1661 1431 1908 1489 habebit

245 1524 549 1592 draconis,
561 1523 765 1595 postea
784 1522 1112 1580 humanam
1115 1524 1386 1596 formam
1401 1524 1465 1580 in
1475 1524 1591 1580 mei
1610 1522 1898 1580 similitu-

246 1614 408 1672 dine.
439 1614 509 1669 At
535 1612 630 1669 illa
661 1614 740 1669 ait
776 1633 787 1668 :
822 1615 982 1670 Bene
1003 1613 1239 1680 diaisti,
1253 1612 1569 1685 propheta,
1589 1613 1783 1682 recipe
1802 1625 1897 1668 cu-

2014 462 2126 532 qui
2146 462 2315 552 debet
2327 478 2584 536 regnare
2605 465 2665 523 et
2684 468 2944 527 circuire
2962 470 3147 529 totum
3165 476 3451 533 mundum
3460 462 3663 552 subju;

2008 550 2213 619 gando
2249 566 2462 621 omnes,
2498 556 2558 612 et
2598 556 2921 628 antequam
2956 561 3298 620 revertatur
3333 565 3399 621 in
3442 550 3663 627 terram

2013 650 2207 708 suam,
2237 641 2543 698 morietur.
2582 645 3082 717 Appropinquavit
3125 654 3318 706 autem
3351 652 3659 724 Olimpiadi

2016 730 2245 798 tempus
2268 729 2616 800 pariendi,et
2642 748 2770 788 cum
2796 734 3399 810 doleretuteruscjus,
3420 741 3662 800 fecitve-

2016 815 2142 870 nire
2167 816 2237 872 ad
2255 831 2317 873 se
2335 817 2747 878 Nectanebum.
2775 822 2882 888 Qui
2901 838 3031 889 eum
3056 826 3340 898 inciperet
3363 836 3665 902 computa-

2015 918 2109 975 re,
2119 904 2262 961 dixit
2291 926 2303 962 :
2332 907 2676 980 Paupulum
2689 911 2744 966 te
2756 911 2864 969 sub
2878 913 3018 984 ’eoa,
3038 914 3420 987 Olimpiades,
3439 919 3509 975 de
3527 921 3664 978 sede

2015 993 2140 1063 tua,
2169 995 2319 1064 quia
2340 996 2454 1052 hac
2481 995 2629 1054 hora
2657 999 2972 1057 conturbat
2996 1003 3091 1059 sol
3111 1004 3314 1062 omnia
3351 1006 3656 1070 elementa.

2017 1082 2084 1137 Et
2118 1086 2248 1153 post
2283 1083 2578 1154 paululum
2611 1088 2843 1158 peperit
2875 1089 3249 1162 Olimpiades,
3286 1098 3346 1149 et
3387 1095 3482 1150 ubi
3517 1112 3662 1167 puer

2013 1171 2231 1227 cecidit
2264 1172 2318 1227 in
2352 1177 2590 1244 terram,
2625 1176 2822 1232 statim
2863 1178 3013 1234 facta
3055 1186 3193 1236 sunt
3226 1181 3450 1251 fulgura
3484 1190 3661 1255 atque

2015 1260 2271 1316 tonitrua
2314 1268 2373 1317 et
2416 1267 2786 1321 terremotus.
2815 1266 2976 1333 Quod
3007 1282 3135 1325 cum
3169 1269 3412 1326 vidisset
3434 1271 3665 1344 Phylip—

2015 1365 2124 1420 pus
2149 1349 2294 1405 dixit
2325 1370 2336 1405 :
2365 1352 2409 1408 Ο
2427 1352 2666 1420 mulier,
2688 1354 2950 1425 cogitavi
2977 1356 3044 1413 in
3071 1358 3245 1414 corde
3270 1374 3394 1415 meo
3414 1361 3662 1418 utnulla

2010 1438 2178 1495 modo
2208 1439 2579 1498 enutriretur
2605 1442 2721 1498 iste
2750 1442 3137 1515 infantulus;
3155 1447 3303 1516 quia
3332 1462 3451 1505 non
3478 1463 3548 1505 ea
3572 1452 3664 1506 me

2012 1528 2354 1598 conceptus;
2370 1528 2475 1585 sed
2503 1530 2651 1601 quia
2679 1530 2961 1602 intellego
2991 1534 3149 1603 quod
3176 1535 3266 1591 est
3290 1537 3596 1606 conceptus
3624 1551 3664 1595 a

2012 1614 2135 1685 deo,
2153 1616 2214 1673 et
2227 1617 2293 1673 in
2303 1617 2495 1686 partu
2516 1619 2645 1689 ejus
2668 1619 2952 1677 elementa
2972 1622 3202 1678 mutari
3222 1624 3408 1692 rideo,
3430 1624 3664 1683 nutria-

248 1701 531 1772 biculum,
548 1702 608 1759 et
623 1716 725 1774 ego
739 1702 795 1759 si
811 1702 1013 1759 videro
1034 1702 1159 1771 hoc,
1176 1700 1395 1759 habebo
1409 1702 1462 1758 te
1473 1702 1652 1772 quasi
1659 1701 1897 1771 patrem
1924 1712 1980 1772 Β
2012 1702 2111 1759 tur
2131 1704 2197 1760 in
2210 1707 2554 1763 memoriam
2564 1707 2700 1777 mei,
2720 1708 2901 1778 quasi
2911 1710 3196 1783 proprius
3207 1712 3293 1767 sit
3287 1712 3468 1782 ﬁlius
3478 1726 3661 1784 meus,

236 1793 439 1863 pueri.
462 1790 627 1857 Quod
665 1805 794 1847 eum
833 1791 1046 1847 factum
1077 1795 1253 1860 esset,
1279 1806 1408 1847 cum
1440 1789 1795 1847 surrexisset
1824 1789 1895 1843 ab

244 1895 337 1950 ea,
357 1879 644 1953 percussit
682 1893 851 1936 manu
890 1879 1050 1936 illius
1076 1877 1898 1950 uterum,dixitqueilli:Heec

244 1969 549 2041 conceptio
558 1967 1013 2038 sitoictorialis,
1028 1968 1086 2024 et
1094 1967 1259 2025 nullo
1269 1968 1436 2024 modo
1448 1967 1890 2040 subjugabitur.

248 2059 391 2115 Cum
426 2061 620 2115 autem
651 2057 935 2129 cmpisset
966 2057 1353 2113 intumescere
1385 2061 1593 2113 uterus
1630 2072 1776 2128 ejus,
1799 2071 1896 2113 vo-

245 2152 389 2207 cato
414 2149 746 2206 Nectanebo
769 2146 946 2203 dixit:
971 2147 1291 2217 Propheta,
1314 2146 1467 2218 quid
1469 2147 1761 2220 facturus
1780 2147 1902 2205 erit

243 2238 390 2311 Phy
398 2238 593 2310 lippus
604 2237 956 2296 siredierit?
970 2236 1072 2294 Cui
1089 2235 1183 2291 ille
1199 2255 1212 2291 :
1229 2236 1371 2294 Noli
1383 2250 1782 2308 capacescere,
1796 2252 1897 2307 ego

247 2325 364 2384 tibi
380 2339 475 2384 ero
487 2326 955 2395 inadjutorium.
972 2324 1189 2380 Taliter
1211 2339 1491 2396 persuasa
1518 2324 1894 2397 Olimpiades,

247 2413 581 2471 adulterata
606 2417 698 2470 est
721 2414 793 2469 ab
816 2414 1046 2472 homine
1067 2415 1231 2485 quasi
1253 2429 1282 2470 a
1309 2414 1434 2470 deo.
1458 2416 1745 2470 lnterhaec
1762 2413 1898 2469 fecit

246 2503 626 2561 Nectanebus
651 2500 718 2535 ί⁹⁶
742 2501 1189 2573 incantationes,
1214 2506 1271 2559 et
1296 2502 1564 2575 apparuit
1591 2503 1894 2573 Phylippo,

250 2590 422 2661 quasi
454 2589 679 2647 videret
713 2591 1080 2646 Hammonem
1130 2590 1301 2646 deum
1351 2590 1737 2647 concumbere
1768 2605 1899 2646 cum

250 2677 576 2750 Olimpiade
590 2677 860 2735 etdicere
873 2678 924 2734 ei
943 2697 955 2732 :
971 2675 1617 2750 Mulier,concepistiin
1628 2678 1795 2736 utero
1809 2678 1903 2735 de-

230 2768 546 2840 fensorem
559 2766 725 2823 tuum
737 2767 956 2840 apatre
966 2781 1071 2824 suo
1086 2767 1406 2839 Phglippo,
1421 2771 1481 2823 et
1497 2767 1657 2837 quasi
1676 2766 1903 2824 videret

244 2854 438 2913 celata
465 2856 629 2928 pueri
654 2854 907 2911 membra
927 2870 1217 2912 censuere
1254 2870 1429 2925 atque
1466 2856 1698 2925 signare
1732 2856 1903 2913 anulo

245 2958 448 3013 aureo,
463 2944 557 3000 cui
582 2943 773 3000 inerat
797 2942 946 3014 lapis
969 2943 1191 3000 habens
1212 2943 1564 3016 insculptum
1588 2945 1697 3001 sibi
1727 2948 1904 3001 eanut

2006 1791 2466 1864 imponat-argue
2495 1796 2550 1852 ei
2595 1810 2805 1853 nomen
2852 1798 3214 1855 Alexander.
3253 1801 3384 1855 llaec
3433 1799 3664 1857 dicente

2006 1880 2309 1952 Pbylippo,
2326 1889 2633 1953 coeperunt
2654 1884 2880 1941 nutrire
2905 1887 3015 1942 sub
3038 1887 3191 1943 omni
3208 1887 3505 1958 diligentia
3529 1903 3665 1968 pue_

2007 1984 2153 2025 rum.
2176 1970 2352 2039 Cujus
2375 1971 2557 2041 ﬁgura
2581 1987 2766 2043 neque
2798 1974 2948 2045 patri
2974 1989 3161 2045 neque
3186 1975 3356 2032 matri
3382 1976 3670 2040 assimila.

2008 2058 2202 2129 batur,
2219 2074 2381 2115 coma
2408 2060 2620 2131 capitis
2644 2062 2771 2131 ejus
2790 2063 2953 2132 quasi
2981 2063 3184 2134 leonis,
3212 2065 3365 2121 oculi
3389 2065 3517 2135 ejus
3538 2080 3650 2123 non

2007 2146 2417 2204 similabantur
2439 2148 2508 2205 ad
2536 2149 2802 2218 invicem,
2829 2151 2931 2207 sed
2956 2167 3107 2209 unus
3131 2157 3257 2208 erat
3286 2153 3469 2223 niger,
3495 2154 3665 2212 albus

2007 2234 2179 2306 alter,
2216 2236 2422 2292 dentes
2471 2237 2599 2307 ejus
2628 2242 2796 2293 erant
2829 2239 3006 2307 acuti,
3040 2240 3295 2311 impetus
3328 2257 3467 2299 vero
3508 2242 3666 2300 illius

2010 2324 2175 2394 quasi
2212 2324 2400 2381 leonis
2430 2330 2557 2381 erat
2589 2325 2865 2382 fervidus.
2905 2327 3089 2384 Datus
3119 2342 3259 2384 vero
3291 2329 3362 2385 ad
3407 2330 3662 2387 studium

2010 2410 2429 2483 phylosopbiae,
2456 2427 2585 2469 cum
2636 2412 2874 2469 sedebat
2918 2414 2972 2468 in
3006 2414 3187 2471 scolis
3218 2431 3349 2473 cum
3379 2416 3665 2473 condisci-

2012 2499 2167 2573 pulis
2181 2500 2322 2571 suis,
2340 2516 2478 2572 sepe
2502 2502 2777 2572 pugnavit
2800 2518 2830 2558 c
2843 2518 2933 2558 um
2952 2503 3054 2570 eis,
3074 2518 3290 2575 eosque
3306 2504 3539 2561 devicit.
3556 2505 3663 2562 Ubi

2011 2592 2205 2645 autem
2232 2590 2422 2644 factus
2439 2593 2528 2644 est
2564 2604 2842 2645 annorum
2885 2589 3217 2661 duodecim,
3257 2592 3666 2649 instruebatur

2012 2692 2143 2733 cum
2168 2676 2299 2733 aliis
2323 2676 2608 2733 militibus
2630 2678 2793 2747 quasi
2829 2678 2901 2733 ad
2936 2693 3200 2748 pugnam.
3228 2679 3446 2735 Videns
3471 2684 3662 2736 autem

2014 2780 2116 2822 rex
2143 2764 2513 2823 velocitatem
2546 2764 2863 2834 ejus,dixit
2892 2767 2960 2822 ad
2993 2780 3123 2823 eum
3152 2786 3163 2820 :
3190 2766 3336 2836 Fili,
3370 2767 3559 2840 diligo
3576 2781 3664 2825 oe-

2017 2854 2314 2913 locitatem
2337 2855 2502 2912 tuam
2529 2855 2711 2926 atque
2736 2856 3063 2927 ingenium,
3087 2856 3195 2913 sed
3222 2855 3419 2914 tristis
3449 2857 3659 2926 eaisto,

2014 2946 2163 3016 quia
2196 2947 2397 3016 ﬁgura
2428 2944 2534 3000 tua
2560 2958 2679 3001 non
2707 2944 3090 3003 assimilatur
3115 2945 3320 3003 michi.
3363 2944 3542 3011 Quem
3584 2945 3665 3001 vi-

249 3031 438 3090 leonis
467 3036 528 3088 et
558 3030 890 3124 claritatem
922 3030 1064 3089 solis
1096 3037 1155 3088 et
1186 3032 1444 3103 gladium
1492 3034 1553 3105 (l'.
1590 3036 1736 3106 195).
1771 3035 1904 3090 Hinc
1935 3060 1985 3124 Ο
2017 3033 2161 3090 dens
2213 3032 2566 3104 Olimpiades
2608 3031 2859 3101 tristem,
2892 3032 3124 3088 vocavit
3157 3034 3665 3124 Nectanebum,‘et

241 3120 452 3178 videas
470 3118 792 3193 Pbylippus
816 3120 1096 3191 surrexit,
1122 3124 1179 3177 et
1210 3123 1555 3179 convocavit
1578 3122 1649 3178 ad
1673 3136 1734 3179 se
1758 3122 1907 3178 ario-
1944 3118 1985 3124 '
2016 3121 2162 3177 dixit
2179 3121 2264 3178 ei:
2289 3121 2678 3179 Perscrutare
2697 3120 2757 3176 et
2779 3120 3076 3192 intellege,
3099 3122 3252 3192 quid
3267 3122 3488 3194 cogitet
3503 3119 3665 3193 Phy-

242 3209 385 3279 lum,
421 3208 516 3280 qui
567 3210 1066 3281 interpretaretur
1117 3209 1425 3267 somnium.
1482 3210 1583 3268 Cui
1629 3211 1901 3268 ariolus:

240 3298 445 3367 Scias,
462 3295 780 3369 Phglippe,
784 3312 890 3367 pro
903 3297 1081 3367 certo,
1096 3298 1246 3369 quia
1263 3299 1527 3370 concepit
1539 3299 1906 3371 Olimpiades

237 3400 359 3444 non
372 3383 447 3443 ab
463 3384 702 3443 homine
711 3385 818 3443 sed
829 3399 868 3442 a
882 3386 1069 3455 deo,et
1080 3387 1188 3443 ille
1199 3389 1307 3458 qui
1318 3387 1600 3445 nascetur
1608 3388 1912 3459 pertinget

237 3486 433 3545 usque
447 3473 531 3531 ad
549 3474 836 3532 orientem
837 3474 1171 3546 pugnando
1184 3475 1367 3545 atque
1379 3476 1655 3533 civitates
1655 3490 1769 3548 per
1773 3475 1907 3548 gla-

242 3561 413 3621 dium
430 3562 734 3634 capiendo.
764 3564 901 3620 Post
935 3563 1058 3619 haec
1091 3563 1417 3636 Philippus,
1445 3570 1684 3636 accepta
1710 3569 1907 3622 vecto-

244 3650 330 3707 ria
355 3649 442 3721 “7,
470 3650 643 3706 rediit
666 3650 1187 3721 Macedoniam,cui
1210 3651 1582 3723 Olympiades
1610 3652 1903 3723 processit

244 3738 496 3795 obviam.
524 3737 704 3805 Quam
728 3752 858 3795 cum
882 3738 1272 3808 oscularetur,
1295 3739 1550 3797 intuitus
1569 3754 1695 3797 eam
1720 3740 1901 3797 dixit:

247 3826 363 3884 Cui
378 3827 430 3884 te
443 3827 780 3896 tradidisti,
791 3827 1183 3898 Olimpiades?
1197 3828 1495 3898 Peccasti;
1508 3829 1575 3885 in
1593 3838 1793 3900 quem?
1805 3830 1910 3887 sed

241 3928 362 3972 non
369 3915 656 3988 peccasti,
672 3916 822 3986 quia
841 3916 963 3972 vim
982 3930 1021 3973 a
1042 3915 1145 3972 deo
1162 3916 1531 3975 sustinuisti.
1552 3918 1680 3987 Ego
1700 3918 1909 3989 itaque

245 4003 432 4060 totum
459 4002 565 4060 hoc
581 4016 697 4076 per
734 4005 1029 4061 somnium
1065 4004 1216 4074 oidi,
1250 4005 1502 4076 proinde
1534 4006 1910 4080 inreprehen-

242 4090 449 4150 sibilis
469 4105 594 4149 esse
607 4090 855 4149 videris.
875 4091 1132 4157 Quadam
1148 4107 1286 4147 vero
1307 4092 1399 4149 die
1413 4108 1543 4149 cum
1560 4096 1865 4166 epularetu
1881 4117 1908 4158 r

244 4194 351 4237 rex
373 4183 432 4235 et
457 4179 626 4237 valde
651 4178 823 4236 lzetus
844 4187 1026 4250 esset,
1052 4181 1424 4237 Nectanebus
1452 4196 1557 4254 per
1579 4188 1764 4242 artem
1794 4203 1909 4245 ma'

243 4268 432 4339 gicam
461 4266 901 4336 transllguravit
934 4282 996 4323 se
1029 4268 1085 4323 in
1121 4268 1361 4324 formam
1396 4269 1686 4343 draconis,
1712 4279 1769 4329 et
1804 4291 1906 4347 per

247 4355 502 4412 medium
527 4353 850 4412 triclinium
874 4355 1133 4427 transiit,
1158 4371 1227 4413 ac
1250 4357 1599 4414 terribiliter
1622 4360 1900 4434 sibilavit,

247 4442 403 4502 unde
431 4443 696 4500 convivis
723 4444 994 4501 omnibus
1026 4459 1299 4517 pavorem
1325 4445 1589 4517 incussit,
1614 4453 1672 4503 et
1698 4464 1905 4522 appro-

248 4530 542 4603 pinquans
573 4529 643 4587 ad
681 4531 1101 4604 Olympiadem,
1121 4533 1320 4603 posuit
1344 4538 1519 4606 caput
1542 4534 1598 4591 in
1619 4538 1902 4606 gremium

250 4619 396 4690 ejus.
432 4618 613 4686 Quem
646 4620 851 4676 videns
881 4620 1222 4693 Pbylippus,
1249 4621 1397 4678 dixit
1430 4623 1729 4682 omnibus:
1775 4627 1906 4685 Vere

249 4708 410 4766 hunc
423 4707 735 4766 draconem
752 4708 903 4777 vidi,
919 4709 1161 4779 quando
1174 4710 1379 4767 contra
1394 4710 1665 4771 inimicos
1676 4729 1830 4773 meos
1841 4717 1908 4773 in

236 4796 594 4870 praelia/ui.
621 4798 759 4854 Post
787 4812 1001 4867 paucos
1023 4812 1164 4854 vero
1189 4798 1315 4855 dies
1335 4813 1465 4856 cum
1488 4800 1590 4856 Phi
1601 4800 1791 4874 lippus
1821 4820 1908 4861 se-

252 4885 421 4941 deret
446 4884 630 4955 solus,
649 4899 825 4957 parva
851 4885 1113 4955 quaedam
1137 4885 1257 4942 avis
1279 4887 1545 4943 ascendit
1562 4888 1615 4944 in
1634 4890 1760 4960 ejus
1781 4906 1909 4961 gre-

254 4973 453 5044 mium,
483 4973 828 5045 peperitque
859 4987 1050 5030 ovum.
1073 4973 1234 5041 Quod
1272 4975 1488 5032 cadens
1520 4976 1590 5034 de
1622 4979 1752 5036 sinu
1782 4981 1911 5052 ejus

256 5060 313 5117 in
347 5065 587 5131 terram,
624 5060 874 5118 divisum
906 5064 1019 5129 est,
1051 5066 1112 5117 et
1156 5062 1300 5118 exiit
1344 5062 1478 5119 inde
1528 5067 1910 5136 parvissimus

258 5162 522 5221 serpens,
546 5164 645 5221 qui
669 5164 885 5221 gyrans
908 5163 1077 5206 ovum
1102 5150 1287 5208 voluit
1313 5151 1533 5208 intrare
1557 5153 1791 5227 inillud,
1810 5159 1909 5215 sed

262 5240 572 5308 antequam
609 5236 1026 5296 intromisisset
1056 5243 1255 5311 caput,
1292 5241 1603 5299 defunctus
1633 5248 1742 5300 est.
1776 5247 1913 5304 Tur'

262 5324 439 5383 batus
470 5329 664 5383 autem
699 5340 803 5382 rex
852 5328 1079 5383 vocavit
1132 5328 1396 5400 ariolum,
1432 5334 1492 5386 et
1538 5331 1813 5390 recitavit
1857 5336 1911 5393 ei

2019 3211 2216 3283 lippus
2228 3211 2443 3283 facere
2471 3209 2540 3266 de
2566 3222 2676 3266 me.

2088 3299 2195 3365 Qui
2218 3303 2566 3370 computans
2590 3297 2735 3353 dixit
2764 3317 2775 3352 :
2803 3296 3103 3369 Cogitatio
3130 3298 3304 3356 illius
3327 3298 3556 3356 munda
3579 3299 3670 3358 est

2016 3402 2162 3461 erga
2184 3388 2271 3455 te;
2289 3387 2380 3445 sol
2399 3388 2556 3444 enim
2574 3386 2826 3457 respicit
2841 3389 2908 3445 in
2919 3387 3217 3457 quandam
3227 3387 3485 3456 stellam,
3500 3401 3667 3459 sepa-

2014 3477 2250 3535 rantem
2278 3476 2644 3533 desiderium
2670 3488 2861 3533 suum.
2896 3474 3220 3531 Alexander
3249 3489 3389 3531 vero
3414 3478 3558 3531 tunc
3587 3473 3665 3531 ibi

2016 3570 2161 3622 erat.
2189 3564 2298 3632 Qui
2339 3564 2436 3621 ubi
2466 3564 2577 3620 hoc
2606 3563 2850 3632 audivit,
2886 3563 3033 3619 dixit
3069 3583 3081 3617 :
3116 3564 3320 3633 Pater,
3337 3564 3428 3620 ha
3454 3563 3662 3634 stella,

2016 3668 2171 3725 quas
2202 3653 2269 3710 tu
2297 3653 2621 3724 computas,
2643 3658 2944 3723 apparent
2964 3654 3032 3709 in
3060 3651 3240 3708 calo?
3262 3651 3362 3707 Cui
3384 3652 3667 3708 Nectane-

2019 3742 2126 3799 bus
2149 3740 2216 3776 ¹⁹³
2236 3741 2315 3796 ait
2334 3740 2589 3811 :Etiam,
2638 3741 2747 3797 dli.
2765 3739 3095 3796 Alexander
3113 3739 3259 3795 dixit
3286 3758 3299 3793 :
3329 3739 3669 3811 Etpossmn

2018 3845 2119 3890 eas
2145 3829 2346 3888 cidere
2371 3828 2520 3885 hora
2548 3829 2814 3887 serotina
2833 3836 2859 3886 7
2880 3827 3251 3885 Nectanebus
3271 3828 3380 3884 ait:
3402 3829 3668 3900 Sequere

2014 3934 2108 3977 me
2131 3918 2425 3976 nocturna
2453 3918 2603 3974 hora
2631 3919 2699 3973 in
2728 3930 3016 3985 campum,
3069 3916 3132 3971 et
3172 3916 3478 3973 ostendam
3530 3916 3660 3975 tibi.

2019 4006 2346 4065 Alexander
2375 4005 2524 4060 dixit
2548 4024 2561 4060 :
2585 4005 2670 4061 Et
2678 4004 2893 4075 fatum
2922 4003 3089 4060 tuum
3107 4004 3409 4074 agnoscis?
3430 4004 3530 4061 Cui
3562 4006 3667 4060 Ne-

2018 4095 2303 4152 ctanebus
2338 4108 2351 4148 :
2382 4092 2591 4148 Etiam
2622 4090 2900 4163 fortiter.
2955 4089 3284 4146 Alexander
3332 4090 3478 4145 dixit
3506 4109 3518 4144 :
3552 4091 3665 4147 Ars

2019 4184 2170 4243 bona
2185 4182 2274 4241 est
2288 4181 2347 4238 et
2359 4181 2488 4254 opto
2506 4194 2634 4237 eam
2652 4181 2806 4238 scire
2821 4196 2835 4245 ;
2851 4178 2913 4235 et
2930 4192 3053 4250 qua
3072 4178 3258 4235 morte
3279 4177 3449 4235 debes
3466 4179 3620 4236 mori
3640 4186 3667 4236 7

2019 4273 2125 4341 Qui
2156 4271 2301 4329 dixit
2338 4290 2350 4325 :
2384 4272 2431 4327 Α
2451 4267 2590 4342 ﬁlio
2618 4282 2743 4325 meo
2770 4267 3020 4325 moriar.
3049 4268 3179 4323 Haec
3204 4266 3394 4322 omnia
3425 4265 3665 4337 loquen-

2018 4362 2110 4430 do,
2138 4366 2380 4417 secutus
2398 4361 2485 4415 est
2508 4372 2639 4414 eum
2666 4354 2996 4413 Alexander
3019 4369 3121 4426 per
3145 4357 3371 4409 noctem
3394 4358 3561 4409 extra
3585 4354 3665 4410 ci-

2016 4450 2276 4507 vitatem.
2331 4445 2392 4517 (l‘.
2445 4447 2592 4517 196.)
2645 4444 2743 4501 Cui
2778 4442 2919 4499 dixit
2952 4442 3321 4499 Nectanebus
3356 4459 3369 4498 :
3404 4441 3547 4512 Fili,
3576 4455 3665 4499 re-

2014 4541 2175 4611 spice
2193 4536 2423 4606 stellas,
2448 4535 2508 4591 et
2523 4534 2661 4591 vide
2680 4533 2918 4591 stellam
2937 4530 3220 4589 Herculis
3230 4530 3514 4604 quomodo
3527 4530 3665 4589 tris-

2016 4629 2095 4687 tis
2109 4628 2231 4696 est;
2244 4624 2422 4683 stella
2437 4635 2575 4681 vero
2588 4622 2799 4679 Hermi
2818 4621 2954 4678 lata
2970 4620 3076 4691 est,
3097 4620 3155 4678 et
3165 4618 3344 4678 stella
3363 4619 3531 4678 Joois
3546 4620 3666 4678 cla-

2012 4732 2106 4775 ra.
2123 4717 2216 4772 Sic
2230 4727 2460 4771 sursum
2476 4710 2828 4783 respiciente
2843 4708 3520 4780 Nectanebo,accessitei
3538 4723 3666 4779 pro-

2018 4805 2149 4877 pius
2170 4800 2519 4871 Alexander,
2545 4805 2606 4856 et
2626 4799 2904 4871 impetum
2938 4798 3153 4854 faciens
3175 4797 3229 4852 in
3251 4812 3382 4853 eum
3417 4796 3665 4868 precipi-

2018 4892 2160 4950 tavit
2188 4892 2242 4947 in
2268 4893 2514 4960 foveam,
2540 4888 2740 4944 dicens
2766 4907 2776 4942 :
2803 4887 2950 4945 Cum
2969 4885 3204 4943 nescias
3236 4885 3507 4942 terrenas
3527 4898 3665 4941 cau-

2016 4996 2136 5051 sas,
2153 4993 2343 5053 quare
2353 4978 2603 5035 coluisti
2627 4978 2680 5034 te
2698 4973 3092 5034 intromittere
3113 4973 3182 5029 de
3201 4972 3532 5030 caelestibus
3555 4974 3665 5030 ele-

2016 5071 2230 5128 mentis
2250 5077 2276 5127 7
2298 5067 2399 5124 Cui
2423 5067 2793 5123 Nectanebus
2823 5064 2901 5120 ait
2938 5082 2950 5117 :
2987 5061 3304 5132 Cognitum
3325 5061 3513 5119 michi
3525 5061 3669 5134 fuit

2021 5156 2144 5230 hoc,
2165 5158 2313 5229 quia
2330 5158 2422 5214 sic
2440 5154 2650 5212 debuit
2660 5153 2845 5211 michi
2865 5150 3102 5208 evenire
3118 5164 3261 5212 :non
3269 5150 3444 5222 potui
3466 5157 3666 5208 tamen

2021 5243 2615 5313 eradere,nisimichi
2628 5239 3123 5311 hoccontingeret.
3146 5238 3471 5295 Alexander
3483 5238 3629 5294 dixit
3648 5258 3660 5293 :

2027 5338 2183 5404 Quia
2202 5346 2305 5406 ego
2326 5345 2460 5390 sum
2462 5330 2641 5402 filius
2665 5329 2820 5387 tuus.
2848 5328 2949 5385 Cui
2975 5329 3344 5385 Nectanebus
3358 5327 3466 5383 ait:
3499 5328 3586 5385 Tu
3605 5341 3665 5384 es

1610 5448 1699 5502 VA
1709 5448 1847 5509 RLE
1888 5451 2181 5510 LECTION
2186 5449 2285 5519 ES,

329 5537 396 5573 ¹⁹⁶
427 5539 711 5598 nectabus
747 5545 800 5598 1.
851 5539 917 5574 ³⁸⁷
948 5540 1112 5600 deest
1140 5547 1192 5599 1.
1233 5540 1300 5575 1"
1330 5544 1689 5605 nectanebus
1726 5552 1779 5606 1.
