3992 6054
315 196 430 266 567
1485 195 1969 262 EKKEHARDI
2011 173 2542 264 URAUGENSIS
3597 195 3720 263 sos

318 337 716 414 uttqueﬁlius
731 348 914 398 meus.
941 333 1044 394 Ille
1067 336 1258 394 autem
1284 331 1380 392 ubi
1405 332 1677 404 cognovit
1703 331 1832 404 quia
1867 347 1961 404 pa-
1990 335 2046 396 A
2075 331 2208 391 ette
2233 347 2339 404 per
2371 346 2546 393 arma
2581 330 2904 406 devincam,
2930 329 2994 392 et
3007 330 3286 406 patriam
3325 330 3491 392 tuam
3526 331 3722 393 michi

321 435 414 488 ter
434 432 560 502 ejus
582 428 1072 499 esset,dubitav1t
1094 441 1222 483 eum
1248 424 1543 482 dimittere
1567 423 1623 478 in
1648 423 1831 492 fovoa,
1861 422 1962 479 sed
2071 421 2423 494 subjuqabo.
2449 425 2514 478 Et
2548 423 2791 480 recessit
2826 425 2898 480 ab
2927 437 3014 480 eo.
3044 424 3184 480 Post
3208 438 3456 496 paucum
3481 429 3718 496 tempus

321 520 574 578 elevavit
601 533 731 576 eum
765 519 821 573 in
851 518 1128 575 humeros
1155 530 1311 584 suos,
1347 519 1402 570 et
1436 511 1692 584 portavit
1721 511 1777 567 in
1811 510 1968 582 pala-

324 607 670 676 tium.Quod
695 607 790 664 ubi
816 607 960 663 vidit
986 610 1168 662 mater
1191 601 1502 673 ejus,dixit
1528 620 1540 654 :
1567 600 1690 658 Fili
1711 601 1968 657 Alexan-

322 699 446 768 der,
478 697 630 770 quid
657 697 750 754 est
772 697 916 753 hoc?
947 694 1046 752 Cui
1077 693 1174 750 ille
1210 711 1221 746 :
1261 692 1484 763 Corpus
1527 689 1823 747 Nectaneb
1859 689 1962 746 est.

324 789 391 844 Et
410 788 506 844 illa
523 806 536 842 :
555 783 921 844 Nectanebus
925 783 1105 854 pater
1127 783 1264 838 tuus
1268 781 1424 852 fuit.
1444 779 1546 836 Ille
1569 783 1760 836 autem
1787 777 1964 834 dixit:

329 875 620 944 Quomodo
648 874 922 932 stulticia
960 873 1066 928 tua
1081 870 1256 944 fecit.

397 965 458 1034 (Γ.
496 963 660 1036 495’.)
693 962 934 1028 Quidam
981 965 1173 1016 autem
1224 974 1296 1016 ex
1344 957 1666 1030 Capadocia
1715 955 1971 1014 adduxe-

327 1057 460 1111 runt
493 1051 774 1124 Phylippo
813 1049 1136 1122 poledrum,
1173 1047 1231 1104 id
1282 1050 1375 1104 est
1424 1047 1647 1118 pullum
1694 1045 1968 1116 equinum

327 1157 614 1213 magnum,
643 1141 882 1211 ligatum
906 1155 974 1195 ex
998 1139 1150 1194 omni
1184 1141 1350 1210 parte
1379 1135 1630 1195 diversis
1657 1134 1968 1203 ligaturis;

323 1231 663 1288 comedebat
695 1229 844 1285 enim
879 1228 1156 1284 homines.
1195 1227 1372 1294 Quem
1410 1225 1584 1294 jussit
1619 1238 1722 1279 rex
1754 1222 1970 1278 includi

324 1317 601 1376 cancellis
650 1317 875 1386 ferreis,
911 1321 976 1372 ut
1021 1319 1292 1387 raptores
1339 1319 1398 1370 et
1446 1312 1703 1368 latrones
1757 1311 1972 1383 aliique

325 1406 752 1476 malefactores,
789 1407 883 1474 qui
918 1404 1056 1460 feris
1087 1403 1533 1475 deputarentur,
1559 1403 1630 1458 ab
1654 1402 1762 1457 hoc
1786 1415 1972 1457 come-

328 1495 627 1553 derentur.
657 1495 890 1565 (£196.)
917 1493 1243 1550 Alexander
1263 1495 1457 1549 autem
1491 1491 1677 1548 audax
1703 1491 1890 1547 factus
1912 1492 1970 1546 et

329 1585 515 1653 fortis,
549 1583 786 1640 transiit
818 1582 1064 1653 quadam
1111 1581 1206 1638 die
1237 1595 1342 1652 per
1372 1596 1501 1637 cum
1533 1579 1721 1636 locum
1752 1579 1849 1635 ubi
1880 1593 1972 1636 ca-

2074 511 2232 566 venit
2263 511 2388 568 dies
2419 513 2794 582 constitutus,
2827 511 2883 567 in
2915 527 3029 583 quo
3055 511 3242 582 juncti
3273 517 3409 570 sunt
3443 513 3612 570 ambo
3643 511 3718 569 ad

2073 613 2344 670 pugnam.
2373 601 2722 658 Sonantibus
2752 615 2892 672 ergo
2921 601 3098 671 tubis,
3133 617 3334 659 omnes
3364 601 3584 658 Nicolai
3616 601 3724 658 mi-

2074 685 2212 744 lites
2245 689 2382 745 moti
2416 695 2552 746 sunt
2580 689 2931 746 unanimiter
2961 691 3028 746 ad
3057 705 3324 762 pugnam,
3345 705 3493 762 quos
3513 703 3718 747 omnes

2079 774 2402 833 Alexander
2435 777 2667 850 pr0pria
2699 793 2868 834 manu
2901 778 3136 835 occidit.

2147 865 2439 922 Reversus
2473 870 2663 922 autem
2689 881 2819 922 cum
2843 866 3112 936 victoria,
3137 866 3354 923 invenit
3378 866 3723 941 Phylippum

2077 953 2337 1010 sociasse
2369 954 2482 1010 sibi
2511 955 2797 1026 quandam
2841 955 3071 1011 nomine
3116 953 3503 1029 Cleopatram,
3537 962 3726 1018 matre

2080 1056 2182 1098 sua
2207 1042 2390 1112 ejecta
2414 1061 2428 1110 ;
2453 1041 2652 1113 sicque
2672 1041 2774 1099 illo
2796 1043 3038 1100 sedente
3069 1043 3127 1100 in
3158 1044 3400 1118 nuptiali
3431 1046 3724 1118 convivio,

2079 1128 2377 1198 ingressus
2406 1130 2734 1186 Alexander
2767 1131 2913 1188 dixit
2948 1151 2960 1186 :
2995 1133 3198 1202 Pater,
3231 1137 3435 1206 accipe
3462 1148 3501 1191 a
3524 1149 3616 1192 me
3654 1135 3729 1192 de

2067 1219 2275 1288 prima
2285 1233 2416 1276 mea
2415 1234 2627 1292 pugna
2638 1221 2891 1278 victoria
2899 1221 3008 1278 lem
3021 1235 3319 1284 coronam:
3331 1223 3525 1280 tamen
3538 1237 3730 1294 quan-

2079 1306 2152 1362 do
2172 1307 2578 1366 celebraturus
2597 1323 2730 1366 sum
2750 1311 2994 1382 nuptias
3012 1311 3232 1370 matris
3248 1326 3405 1381 mete,
3415 1311 3730 1384 jungendo

2078 1393 2177 1451 illi
2196 1397 2502 1463 maritum,
2527 1397 2609 1454 ad
2634 1397 2802 1468 ipsas
2831 1399 3078 1470 nuptias
3112 1399 3177 1455 tu
3203 1413 3322 1455 non
3347 1399 3724 1458 inoitaberis.

2081 1484 2240 1541 Unus
2269 1491 2461 1542 autem
2490 1501 2560 1543 ex
2597 1486 3099 1543 discumbentibus
3121 1487 3319 1558 Lysias
3357 1487 3502 1543 dixit
3529 1507 3542 1542 :
3569 1487 3734 1560 Phy-

2085 1573 2258 1644 lippe,
2285 1589 2362 1631 ex
2385 1575 2700 1647 Cleopatra
2725 1577 3004 1634 nascetur
3036 1575 3147 1633 tibi
3165 1576 3348 1646 ﬁlius
3374 1575 3595 1634 similis
3617 1576 3728 1634 tui.

329 1671 520 1730 ballus
551 1672 650 1729 ille
673 1671 935 1728 inclusus
951 1675 1098 1735 erat,
1122 1668 1658 1740 vidensquejacere
1683 1671 1816 1724 ante
1840 1682 1970 1724 eum
2000 1695 2054 1754 Β
2085 1661 2202 1717 Hoc
2233 1663 2478 1719 audiens
2511 1664 2857 1734 Alexander,
2883 1663 3172 1735 percussit
3200 1678 3329 1720 eum
3361 1680 3490 1721 cum
3523 1664 3733 1722 baculo

329 1761 697 1817 summitates
731 1775 996 1816 manuum
1044 1763 1103 1815 et
1128 1759 1338 1830 pedum
1390 1759 1790 1828 humanorum,
1843 1772 1972 1828 quae

329 1847 440 1903 sibi
492 1849 922 1919 superfuerant,
965 1846 1212 1902 miratus
1261 1850 1370 1912 est,
1425 1845 1696 1915 misitque
1744 1859 1973 1901 manum

331 1950 493 1992 suam
529 1950 631 2007 per
657 1935 951 1992 cancellos
1001 1936 1070 1991 ad
1117 1949 1266 1991 eum.
1304 1933 1406 1990 ille
1459 1934 1659 1989 statim
1712 1933 1975 1989 extendit

330 2023 542 2080 collum
573 2039 760 2094 suum,
785 2027 844 2078 et
875 2023 1054 2094 coepit
1083 2023 1341 2078 lambere
1370 2037 1595 2078 manum
1621 2021 1797 2092 illius,
1824 2035 1978 2076 com-

334 2111 682 2184 plicatisque
715 2111 960 2182 pedibus
992 2110 1240 2182 projecit
1269 2125 1330 2166 se
1361 2110 1416 2165 in
1451 2115 1688 2179 terram,
1715 2114 1980 2166 tornans-

333 2216 446 2273 que
475 2205 652 2272 caput
685 2201 940 2272 respexit
979 2199 1364 2256 Alexandrum
1397 2199 1560 2270 quasi
1595 2199 1972 2256 blandiendo.

333 2289 439 2356 Qui
474 2288 820 2358 intellegens
852 2289 1211 2344 voluntatem
1238 2286 1470 2357 caballi,
1497 2286 1726 2358 aperuit
1760 2285 1984 2343 cancel-

333 2378 449 2435 lum
482 2382 538 2434 et
569 2379 746 2449 cmpit
779 2381 1081 2433 mansuete
1112 2381 1354 2446 tangere
1383 2375 1618 2432 dorsum
1658 2375 1785 2444 ejus
1813 2389 1982 2432 manu

335 2467 595 2536 dextera,
623 2467 939 2537 statimque
959 2464 1222 2522 caballus
1241 2465 1416 2536 coepit
1445 2478 1846 2520 mansuescere
1869 2478 1985 2520 am-

335 2554 510 2627 plius,
544 2559 601 2610 ct
633 2555 786 2611 sicut
817 2555 980 2611 ranis
1012 2553 1260 2610 blandiri
1294 2553 1444 2609 solet
1474 2553 1708 2608 domino
1742 2568 1866 2618 suo,
1900 2551 1983 2608 sic

335 2644 436 2701 ille
463 2643 874 2700 blandiebatur
907 2643 1252 2698 Alexandro.
1286 2642 1390 2697 Ille
1433 2646 1626 2698 autem
1658 2641 1983 2698 ascendens

338 2731 984 2803 supercum,equitavit
1011 2729 1712 2801 foras,vocavitque(209)
1737 2729 1982 2786 eundem

338 2819 626 2876 caballum
660 2818 1007 2876 bucefalum.
1035 2817 1200 2884 Quod
1222 2833 1350 2874 cum
1374 2819 1617 2874 vidisset
1644 2817 1980 2890 Phylippus,

339 2907 484 2964 dixit
518 2926 530 2962 :
559 2907 688 2966 Fili
718 2907 1078 2977 Alexander,
1103 2920 1327 2963 omnem
1358 2905 1790 2964 divinationem
1818 2905 1986 2962 modo

337 2997 578 3069 cognoui
606 2998 674 3053 in
696 2997 767 3065 te,
795 2995 851 3052 el
868 2995 989 3053 scio
1009 2997 1158 3066 quia
1181 2995 1246 3052 tu
1263 2994 1432 3052 debes
1449 3007 1708 3065 regnare
1719 2995 1857 3066 post
1872 3007 1980 3050 me.

337 3172 480 3228 dixit
505 3173 577 3228 ad
601 3171 943 3244 Phylippum
973 3190 984 3225 :
1013 3172 1214 3242 Pater,
1231 3172 1287 3229 si
1295 3171 1495 3242 potest
1500 3171 1874 3242 ﬁeri,diriqe
1898 3185 1988 3228 me

336 3261 630 3346 sedentem
661 3262 726 3318 in
755 3275 954 3317 cur-ru.
982 3260 1250 3330 Dixitque
1281 3275 1381 3316 rex
1407 3279 1419 3314 :
1455 3259 1709 3318 Gratum
1731 3259 1984 3330 accipio,

327 3349 451 3422 ﬁli,
470 3348 734 3418 daboque
753 3348 862 3404 tibi
883 3347 1146 3404 caballos
1165 3349 1398 3404 centum
1419 3349 1477 3404 et
1497 3351 1562 3403 40
1581 3347 1759 3404 milia
1780 3360 1990 3404 aureo-

337 3451 474 3492 rum
516 3435 859 3506 solidorum,
895 3437 955 3492 et
978 3436 1126 3492 vade
1154 3451 1282 3494 cum
1315 3436 1456 3492 bono
1489 3436 1744 3494 auxilio.
1779 3435 1988 3492 Exiens

343 3525 539 3596 itaque
568 3524 893 3581 Alexander
917 3523 1076 3580 venit
1099 3525 1154 3579 in
1176 3524 1653 3596 PeIOponensem,
1681 3529 1747 3580 ut
1770 3524 1986 3580 faceret

343 3629 592 3686 pugnam
625 3628 754 3669 cum
784 3613 1042 3684 Nicolao,
1069 3628 1204 3682 rege
1233 3612 1416 3684 ipsius
1448 3613 1779 3684 provinciae.
1809 3612 1987 3678 Quem

343 3701 545 3758 videns
577 3700 866 3768 Nicolaus,
903 3701 1044 3756 dixit
1079 3721 1091 3755 :
1126 3701 1241 3759 Dic
1265 3702 1469 3770 michi,
1500 3701 1608 3772 qui
1638 3715 1696 3758 es
1741 3701 1856 3758 tu?
1888 3700 1989 3758 Cui

229 3788 243 3798 '
346 3790 444 3846 illc
469 3809 482 3844 :
504 3791 633 3861 Ego
653 3804 785 3847 sum
808 3788 1350 3860 Alexander,ﬂlius
1368 3790 1678 3862 Phy/lippi.
1707 3789 1806 3845 Cui
1831 3789 1993 3845 Nico-

342 3875 471 3933 laus
496 3896 508 3931 :
538 3877 716 3943 Quem
743 3890 834 3932 me
853 3877 1102 3946 speras?
1127 3875 1280 3932 Dixit
1309 3877 1631 3933 Alexander
1658 3896 1670 3932 :
1697 3877 1783 3933 Tu
1804 3890 1864 3934 es
1885 3877 1994 3935 Ni-

345 3967 564 4036 colaus,
579 3979 690 4022 rex
710 3965 1209 4032 Arideorum;sed
1227 3980 1344 4022 non
1364 3966 1621 4022 eleeetur
1639 3980 1738 4023 cor
1751 3966 1912 4022 tuum
1927 3966 1994 4022 in

2087 1764 2254 1820 quem
2286 1755 2523 1809 tenebat
2551 1755 2605 1809 in
2641 1768 2832 1824 manu,
2857 1759 2916 1809 et
2946 1760 3216 1821 mortuus
3246 1758 3356 1811 est.
3384 1755 3598 1811 Videns
3623 1756 3735 1812 hoc

2085 1839 2406 1913 Phylippus
2456 1842 2640 1899 iratus
2676 1850 2790 1915 est,
2823 1848 2878 1898 et
2923 1843 3158 1912 erigens
3188 1857 3250 1899 se
3283 1843 3560 1914 impetum
3593 1843 3734 1901 fecit

2088 1928 2145 1984 in
2187 1945 2338 2000 eum,
2372 1931 2472 1987 sed
2521 1932 2578 1986 iii
2629 1931 2757 2002 ipso
2810 1933 3028 2003 impetu
3079 1931 3316 1987 cecidit.
3353 1933 3416 2003 (f.
3449 1935 3597 2005 197.)
3629 1931 3732 1990 Cui

2089 2015 2234 2073 dixit
2252 2019 2604 2075 Alexander:
2627 2019 3096 2092 Quisubjuqasti
3110 2019 3316 2078 Asiam
3333 2021 3392 2078 et
3407 2022 3734 2093 Europam,

2089 2119 2278 2177 quare
2295 2121 2474 2179 super
2490 2109 2666 2180 pedes
2684 2110 2813 2166 tuos
2833 2123 2949 2166 non
2967 2109 3128 2167 stas?
3151 2109 3242 2166 Sic
3255 2124 3394 2180 ergo
3409 2111 3740 2170 exturbata)

2091 2201 2226 2252 sunt
2250 2197 2388 2268 ipsae
2414 2198 2652 2268 nuptiae,
2677 2202 2735 2252 et
2758 2197 3074 2270 Phylippus
3095 2200 3423 2268 egrotabat.
3450 2200 3584 2256 Post
3602 2213 3743 2270 pau-

2093 2301 2194 2343 cos
2223 2285 2347 2342 dies
2379 2286 2640 2342 introivit
2667 2286 2993 2343 Alexander
3010 2286 3250 2344 visitare
3275 2287 3459 2359 illum,
3483 2290 3541 2344 et
3561 2287 3738 2344 dixit:

2093 2375 2392 2447 Philippe,
2410 2377 2684 2446 quamvis
2696 2391 2810 2432 non
2825 2377 2910 2434 sit
2925 2376 3024 2432 lex
3041 2377 3114 2433 ut
3129 2377 3182 2433 te
3201 2390 3391 2434 vocem
3407 2390 3482 2436 ex
3492 2377 3740 2448 nomine,

2091 2479 2209 2521 non
2231 2464 2343 2521 tibi
2366 2465 2572 2536 loquor
2601 2464 2670 2520 ut
2683 2464 2860 2536 ﬁlius
2872 2465 2976 2522 sed
2991 2465 3062 2520 ut
3077 2466 3340 2536 amicus;
3351 2466 3456 2528 fac
3468 2465 3743 2522 benemu-

2097 2553 2237 2610 lieri
2256 2553 2356 2609 illi
2381 2555 2480 2610 cui
2503 2554 2662 2610 male
2675 2553 2911 2624 fecisti,
2946 2555 3007 2610 et
3027 2567 3146 2611 non
3169 2554 3255 2611 sit
3274 2554 3384 2610 tibi
3413 2567 3572 2612 cura
3589 2555 3742 2626 quia

2095 2641 2340 2712 Lysiam
2369 2641 2574 2699 occidi.
2598 2643 2754 2698 Bene
2782 2642 2916 2712 feci,
2937 2643 3000 2698 tu
3019 2643 3216 2700 autem
3234 2643 3394 2700 male
3393 2641 3628 2716 fecisti,
3643 2657 3740 2699 oo-

2097 2729 2868 2802 lensmepercuteregladio.
2889 2732 2957 2786 Et
2974 2731 3130 2786 ﬂevit
3146 2731 3484 2804 Phylippus.
3499 2730 3741 2787 Alexan-

2095 2817 2200 2873 der
2218 2823 2409 2874 autem
2441 2817 2536 2874 ubi
2563 2817 2707 2873 vidit
2725 2823 2948 2889 patrem
2974 2818 3324 2891 plorantem,
3349 2819 3737 2888 dimisiteum,

2093 2911 2152 2961 et
2180 2906 2384 2962 abiens
2415 2906 2484 2962 ad
2515 2911 2782 2978 matrem,
2817 2906 2962 2962 dixit
2996 2908 3045 2963 ei
3083 2925 3096 2962 :
3127 2905 3344 2978 Mater,
3378 2909 3521 2964 moli
3550 2908 3744 2964 tenere

2019 3048 2062 3073 η
2093 2993 2312 3051 malam
2339 2995 2703 3052 roluntatem
2720 2995 2947 3066 patris,
2971 2999 3120 3074 quia
3137 2997 3414 3067 quameis
3436 2995 3744 3054 abscondi-

409 3086 570 3140 Inter
599 3084 704 3140 hee
736 3085 926 3139 factus
962 3082 1291 3139 Alexander
1319 3097 1598 3138 annorum
1633 3081 1981 3153 quindecim,
2021 3083 2065 3107 ’λ

2099 3084 2223 3140 tum
2262 3083 2350 3141 sit
2371 3084 2683 3154 peccatum
2733 3085 2918 3154 tuum,
2968 3085 3346 3157 reprehensio
3396 3085 3591 3140 tamen
3638 3085 3746 3142 tua

2095 3172 2296 3252 stabit.
2321 3175 2552 3229 Bonum
2572 3173 2664 3230 est
2686 3173 2757 3229 ut
2780 3187 2934 3230 uxor
2961 3187 3189 3246 semper
3215 3174 3486 3246 subjecta
3511 3175 3602 3232 sit
3619 3187 3747 3232 ma-

2094 3261 2234 3320 rito.
2267 3263 2402 3317 llaec
2443 3260 2665 3324 dicens.
2701 3261 2943 3318 adduxit
2989 3277 3114 3318 eam
3161 3262 3462 3334 Phylippo.

2169 3351 2308 3406 Post
2342 3364 2560 3420 paucos
2592 3350 2718 3406 dies
2745 3355 3032 3407 venerunt
3063 3350 3240 3421 legati
3289 3351 3443 3406 Darii
3485 3350 3646 3422 regis
3671 3351 3748 3408 ad

2099 3436 2464 3508 Phylippum,
2522 3437 2827 3506 exigentes
2881 3438 2952 3493 ab
3011 3453 3081 3494 eo
3149 3437 3456 3494 tributum.
3520 3437 3748 3504 Quibus

2101 3524 2429 3580 Alexander
2452 3525 2532 3580 ait
2559 3525 2685 3582 :Ite
2706 3530 2760 3580 et
2778 3525 2960 3583 dicite
2983 3527 3210 3584 Dario:
3237 3526 3482 3593 Quando
3493 3526 3751 3598 Phy/lip-

2087 3627 2209 3685 pus
2221 3627 2336 3670 non
2350 3611 2604 3670 habebat
2610 3615 3083 3686 ﬁliumpallina
3089 3615 3486 3686 generabatei
3496 3628 3749 3672 aia/reum

2101 3716 2288 3766 ovum,
2307 3715 2464 3759 nunc
2475 3703 2675 3759 autem
2696 3703 2831 3774 Phy
2840 3703 2996 3775 lippo
3009 3704 3188 3762 natus
3199 3705 3291 3762 est
3284 3705 3482 3776 ﬁlius,
3499 3703 3748 3775 etqalli-

2099 3804 2180 3846 na
2193 3791 2379 3864 facta
2409 3792 2502 3848 est
2520 3792 2772 3850 sterilis.
2804 3793 2921 3848 llec
2952 3791 3172 3863 dicens,
3209 3792 3373 3848 dedit
3401 3793 3488 3849 eis
3514 3792 3750 3850 absolu-

2101 3879 2343 3951 tionem,
2379 3883 2438 3936 et
2474 3880 2696 3936 remisit
2727 3895 2830 3936 eos
2873 3895 3090 3938 vacuos
3131 3880 3202 3936 ad
3246 3881 3479 3938 Darium
3525 3895 3744 3951 regem.

2175 3970 2312 4026 Post
2345 3971 2450 4026 hec
2485 3969 2790 4026 rebellavit
2820 3969 3105 4041 Phylippo
3138 3969 3426 4036 Armenia,
3451 3975 3508 4025 et
3531 3969 3748 4026 direxit

344 4054 685 4126 superbiam
704 4055 852 4126 quia
873 4053 1054 4112 habes
1077 4053 1352 4111 honorem
1373 4055 1656 4126 regalem,
1673 4055 1826 4112 solet
1839 4055 1997 4111 enim
2106 4057 2246 4116 illuc
2271 4057 2661 4114 Alexandrum
2685 4072 2814 4113 cum
2839 4058 3124 4128 exercitu,
3143 4061 3204 4112 ut
3221 4061 3580 4130 expugnaret
3595 4071 3747 4113 eam.

345 4144 612 4200 inveniri
628 4145 690 4200 in
695 4143 840 4215 fato
867 4143 1146 4212 humano,
1173 4143 1332 4214 quod
1353 4145 1550 4214 major
1565 4143 1890 4214 perveniat
1916 4142 1998 4199 ad
2104 4148 2165 4203 In
2182 4147 2510 4203 Macedonia
2533 4161 2674 4203 vero
2693 4151 2820 4202 erat
2844 4145 3076 4216 quidam
3100 4147 3268 4202 homo
3293 4146 3520 4202 nomine
3541 4147 3756 4202 Pausa-

344 4232 700 4304 parcitatem
729 4232 790 4288 et
811 4246 1033 4303 parcus
1063 4232 1145 4288 ad
1169 4231 1668 4302 magnitudinem.
1697 4233 1796 4286 Cui
1831 4231 1998 4288 Nico-

351 4319 480 4378 laus
501 4339 513 4374 :
530 4323 688 4377 Bene
699 4319 936 4378 dixisti.
961 4321 1043 4376 Tu
1055 4323 1246 4377 nescis
1260 4320 1313 4376 te
1327 4321 1675 4392 ipsum,mea
1687 4321 1880 4376 autem
1893 4335 1998 4377 na-

2107 4235 2199 4291 nia
2232 4236 2534 4307 subjectus
2567 4235 2867 4306 Phylippo,
2901 4235 2997 4306 qui
3025 4235 3448 4307 concupiscens
3478 4233 3755 4304 Olimpia-

2108 4323 2260 4394 dem,
2290 4323 2426 4380 fecit
2457 4328 2660 4380 contra
2695 4337 2888 4393 regem
2909 4323 3236 4394 consilium,
3261 4327 3320 4378 et
3344 4321 3617 4378 adunavit
3636 4321 3754 4378 sibi

353 4409 492 4466 tura
511 4407 1069 4481 inreprehensibilis
1090 4409 1192 4465 est.
1222 4409 1335 4466 Dic
1355 4409 1549 4466 tamen
1578 4409 1760 4466 michi
1779 4409 1998 4466 oerita-
2026 4433 2078 4494 D
2109 4411 2408 4484 populum,
2433 4416 2772 4482 armataque
2803 4425 2972 4467 manu
2996 4412 3154 4468 venit
3179 4425 3356 4480 super
3379 4409 3750 4482 Phylippum.

355 4498 486 4566 tem,
512 4495 779 4566 quarein
793 4497 902 4552 has
903 4497 1383 4568 partcsoenisti?
1403 4497 1505 4554 Cui
1533 4497 1854 4554 Alexander
1875 4497 1954 4552 ait
1982 4516 1995 4552 :

355 4585 627 4644 Recedea
643 4597 746 4654 me,
764 4584 952 4655 homo,
977 4585 1126 4657 quia
1148 4599 1336 4658 neque
1355 4586 1420 4642 tu
1441 4585 1622 4643 habes
1643 4585 2001 4657 aliquidad—

354 4687 585 4732 versum
602 4685 710 4742 me,
726 4687 832 4730 nec
849 4687 951 4743 ego
972 4673 1285 4730 adversum
1308 4673 1380 4730 te.
1401 4675 1459 4729 In
1478 4674 1586 4731 hoc
1601 4674 1871 4732 Nicolaus
1885 4675 2002 4732 val-

2111 4501 2216 4569 Qui
2233 4517 2358 4558 cum
2374 4501 2424 4556 ei
2447 4505 2606 4570 terga
2623 4499 3138 4570 verteret,vibrata
3152 4499 3314 4556 basta
3331 4498 3613 4555 Pausania
3629 4512 3758 4568 per-

2112 4589 2295 4646 cussit
2321 4588 2664 4660 Phylippum
2727 4589 2781 4644 in
2821 4587 3135 4659 dorso,qui
3166 4593 3358 4643 tamen
3394 4602 3506 4644 non
3550 4585 3755 4644 statim

2113 4681 2499 4746 mortuusest,
2517 4676 2614 4732 sed
2629 4677 2809 4748 jacuit
2827 4675 3144 4732 semivivus
3164 4677 3218 4732 in
3232 4674 3754 4748 campo.Pausania

358 4763 429 4821 de
454 4763 637 4820 iratus
663 4761 806 4818 dixit
835 4781 847 4818 :
871 4763 1022 4820 Ecce
1043 4762 1215 4836 quali
1245 4762 1474 4820 homini
1493 4763 1718 4836 loquor.
1743 4764 1861 4820 Per
1883 4763 2004 4821 sal-
2110 4780 2248 4822 vero
2264 4769 2614 4837 putanseum
2632 4769 2917 4821 mortuum
2933 4764 3758 4836 elevatusestintransquepa-

357 4853 650 4910 rationem
658 4851 866 4925 patris
893 4853 1029 4920 mei,
1053 4852 1108 4908 si
1138 4853 1419 4924 impetum
1447 4865 1668 4924 spumae
1697 4851 1760 4908 in
1771 4853 2006 4926 faciem
2114 4853 2314 4910 latium
2337 4868 2464 4910 cum
2499 4853 2758 4924 audacia,
2777 4854 3070 4911 abstraxit
3094 4853 3224 4910 inde
3247 4853 3650 4926 Olimpiadem.
3672 4854 3758 4909 [n-

359 4940 488 5011 ejus
499 4941 1078 5014 ejicio,morietur.Et
1095 4941 1324 5014 exspuit
1343 4940 1412 4998 ad
1427 4956 1554 4998 eum
1571 4945 1626 4998 et
1643 4941 1785 4998 dixit
1811 4961 1822 4996 :
1848 4941 2008 4998 Tolle
2113 4947 2205 5000 ter
2221 4943 2341 5000 haec
2359 4957 2631 4998 reversus
2646 4941 2975 5000 Alexander
2999 4943 3069 4999 de
3095 4943 3384 5013 Armenia,
3405 4943 3622 4998 invenit
3644 4955 3760 4998 ma-

361 5030 638 5102 hocquod
649 5031 705 5088 te
715 5031 1548 5104 decetaccipere,catule,quia
1561 5044 1676 5097 npn
1688 5030 2000 5088 erubescis.

363 5117 466 5174 llle
490 5123 681 5177 autem
701 5121 1008 5178 continens
1031 5134 1092 5177 se
1114 5121 1434 5176 secundum
1461 5119 1784 5176 doctrinam
1808 5119 2007 5190 phylo-

364 5206 604 5278 sophiae,
623 5207 768 5263 dixit
783 5228 794 5262 :
812 5208 1078 5280 Nicolae,
1087 5223 1197 5280 per
1209 5207 1589 5264 nativitatem
1608 5220 1794 5263 meam
1805 5207 2008 5276 pater-

362 5309 504 5354 nam
524 5297 584 5353 et
587 5309 702 5368 per
720 5297 956 5356 uterum
973 5297 1190 5356 matris
1209 5309 1350 5356 mea
1369 5311 1407 5356 a
1429 5297 1531 5355 deo
1543 5297 2002 5368 impregnatum,

2114 5031 2325 5087 ximam
2351 5030 2853 5102 perturbationem
2877 5030 2932 5085 in
2957 5029 3303 5087 Macedonia.
3329 5029 3544 5086 Exiens
3565 5032 3760 5086 autem

2116 5119 2673 5193 Olimpiades,cmpit
2691 5119 3093 5177 vocifcraread
3113 5117 3757 5189 Alexandrum,dicens:

2119 5205 2230 5266 Ubi
2260 5207 2364 5279 est,
2381 5209 2742 5280 Alexander,
2762 5208 3020 5266 rictoria
3049 5207 3174 5278 tua,
3194 5206 3299 5264 ubi
3303 5207 3515 5283 fatum
3541 5205 3700 5278 quod
3723 5220 3766 5263 α.

2115 5296 2234 5356 diis
2247 5297 2784 5371 aceepisti,utesses
2794 5296 3130 5357 victorialis
3145 5295 3551 5356 etoindicares
3559 5307 3768 5368 mepa-

1949 5408 2150 5466 ΝΟΤᾹΞ
2164 5454 2176 5466 .

439 5509 588 5583 (209)
615 5510 960 5582 necabitque
988 5523 1043 5566 e.
1082 5524 1135 5568 c.
1177 5509 1235 5566 b.
1268 5525 1341 5566 ex
1367 5509 1481 5567 alio
1512 5509 1760 5582 quodam
1807 5507 1962 5566 libro
2020 5509 2294 5582 sumpsit.
