3992 6054
238 166 361 279 573
1113 214 1555 281 CHRONICA.
1589 250 1669 264 —
1698 211 2179 280 CHRONICON
2220 215 2771 281 UNIVERSALE.
3532 190 3651 278 574

236 350 571 410 Alexander
593 351 770 424 jussit
797 356 862 412 ut
893 353 1307 413 incenderetur
1337 355 1573 414 civitas.
1604 354 1884 413 Videntes
1915 351 1974 415 Α
2005 354 2128 412 nisi
2148 356 2217 412 ut
2232 354 2510 413 militetis
2529 353 2636 413 sub
2663 353 2911 426 imperio
2938 367 3059 412 meo
3081 350 3138 411 et
3158 364 3248 410 me
3266 349 3543 411 habeatis
3564 362 3628 410 se
3647 414 3669 425 _

235 445 434 500 autem
501 442 690 514 ignem
759 444 855 515 qui
921 449 1088 502 erant
1131 446 1186 502 in
1227 446 1486 515 civitate,
1563 447 1836 503 dixerunt
1874 464 1886 501 :
2005 446 2252 505 niorem.
2279 446 2510 512 Quodsi
2528 440 3642 515 nonvultis,estotefortioresmeis,sin

234 528 296 601 (ἴ.
330 532 486 603 201.)
513 532 874 605 Alexander,
904 549 1022 591 non
1047 534 1389 592 rebellando
1422 535 1535 592 tibi
1564 537 1894 594 clausimus

226 621 459 693 portas,
492 622 598 679 sed
625 622 882 679 timendo
915 624 1188 695 Darium,
1212 639 1287 681 ne
1307 626 1552 682 audiret
1572 640 1677 684 nos
1708 626 1897 683 tecum

212 708 445 782 fecisse
456 711 715 783 pactum,
735 712 795 768 et
804 711 1133 784 dissiparet
1145 727 1268 771 nos.
1295 715 1527 785 Apertis
1544 729 1684 785 ergo
1707 714 1899 786 portis

230 799 489 869 transiit,
536 804 596 855 et
635 801 792 856 venit
838 801 893 857 in
929 801 1206 873 Olintnm,
1252 803 1387 859 inde
1427 802 1897 875 ChaldeOpolim,

228 888 512 959 venitque
540 888 610 945 ad
643 888 876 946 fluvium
911 890 1005 961 qui
1039 890 1257 947 dicitur
1288 892 1483 962 Xenis,
1507 896 1565 947 et
1591 891 1899 963 oppres<it

226 989 332 1033 eos
362 976 543 1032 fames
576 976 787 1047 valida,
828 981 884 1033 et
922 982 1430 1035 murmuraverunt
1464 978 1620 1034 inter
1651 993 1715 1034 se
1753 977 1904 1033 mili-

223 1068 343 1136 tes,
375 1063 640 1121 dicentes
677 1085 689 1121 :
725 1067 1087 1139 Defecerunt
1129 1066 1356 1123 caballi
1398 1068 1609 1124 nostri.
1660 1067 1902 1133 Quibus

224 1151 561 1210 Alexander
592 1154 737 1210 dixit
764 1173 777 1211 :
817 1156 945 1212 Viri
974 1156 1393 1214 commilitones
1419 1158 1549 1225 mei,
1577 1157 1714 1215 etsi
1739 1158 1898 1230 defe-

222 1243 882 1313 eeruntcaballivestri,
902 1244 1261 1316 desperastis
1273 1260 1371 1304 vos
1384 1247 1455 1303 de
1463 1261 1534 1304 sa
1542 1247 1694 1303 late?
1721 1248 1842 1313 Quo
1862 1248 1904 1304 (ἰ

218 1332 406 1390 sinos
425 1332 774 1402 vixerimus,
802 1334 1065 1392 caballos
1078 1336 1453 1406 festinanter
1486 1336 1885 1404 inveniemus;

218 1417 276 1476 si
305 1434 445 1476 vero
473 1433 579 1478 nos
605 1422 915 1491 morimur,
948 1421 1173 1480 caballi
1193 1437 1310 1479 non
1328 1424 1471 1480 sunt
1498 1422 1667 1480 nobis
1694 1437 1833 1480 nece
1845 1437 1899 1480 s-

216 1509 397 1566 sarii.
424 1508 791 1567 Festinemus
816 1511 1011 1568 tamen
1037 1513 1129 1569 ire
1146 1514 1213 1569 in
1236 1513 1423 1570 locum
1445 1511 1653 1583 talem,
1688 1510 1794 1568 ubi
1815 1512 1897 1570 ci-
2009 1518 2381 1575 Demostenes
2411 1517 2727 1574 consilium
2757 1515 2828 1571 de
2854 1513 3189 1571 salvatione
3208 1510 3409 1567 vestra
3438 1507 3660 1579 etfeci-

221 1595 403 1655 baria
418 1596 586 1657 nobis
604 1599 736 1657 sint
750 1600 808 1656 et
824 1598 1080 1659 caballis
1100 1602 1340 1659 nostris.
1370 1604 1439 1657 Et
1479 1618 1569 1659 cce
1578 1606 1787 1673 perunt
1810 1601 1895 1656 ire
2008 1607 2123 1664 stis
2150 1607 2327 1676 illud,
2362 1605 2568 1663 amodo
2596 1602 3019 1679 confortamini
3039 1600 3096 1657 et
3115 1599 3292 1656 estote
3319 1597 3495 1666 salvi,
3526 1596 3661 1653 nul-

219 1687 294 1743 ad
330 1685 520 1743 locum
551 1688 649 1759 qui
682 1688 877 1746 dictus
902 1693 994 1745 est
1019 1692 1251 1760 Locrus,
1280 1691 1375 1747 ubi
1410 1691 1772 1748 invenerunt
1804 1705 1897 1760 cy-
1924 1713 1980 1775 Β
2011 1696 2132 1753 lam
2157 1696 2641 1753 contrarietatem
2667 1692 3025 1751 sustinentes
3054 1704 3092 1746 ιι
3120 1702 3226 1744 me-

220 1774 387 1830 baria
423 1776 625 1847 multa,
657 1783 717 1834 et
748 1777 1095 1835 animalibus
1137 1794 1374 1850 pascua.
1412 1780 1549 1836 Inde
1583 1780 1895 1836 venientes
1926 1773 1966 1775 ﬁ
2081 1785 2217 1840 inde
2237 1789 2477 1855 accepta
2505 1783 2731 1852 militia,
2756 1780 3010 1853 perrexit
3040 1773 3529 1833 Lacedemoniam.
3561 1773 3659 1827 La-

218 1861 276 1919 in
314 1862 503 1922 locum
539 1866 633 1937 qui
679 1866 873 1924 dictus
900 1872 992 1924 est
1020 1869 1493 1940 Tragachantes,
1546 1870 1898 1935 invenerunt
2007 1875 2326 1933 cedemonii
2374 1889 2513 1931 vero
2553 1873 2891 1929 clauserunt
2923 1873 3146 1941 portas,
3182 1871 3241 1921 et
3272 1861 3659 1920 ascendentes

217 1954 299 2011 ibi
336 1954 615 2027 templum
650 1955 975 2027 Apollonis,
1008 1958 1105 2014 ubi
1139 1959 1321 2015 voluit
1357 1959 1688 2016 Alexander
1732 1960 1897 2016 inve-
2007 1980 2184 2022 naves
2211 1965 2478 2021 exierunt
2510 1963 2562 2019 ei
2594 1963 2823 2017 obviam
2857 1959 3056 2031 praslio
3082 1954 3287 2011 navali.
3328 1951 3655 2008 Alexander

216 2043 352 2100 nire
377 2042 792 2101 divinationem
817 2060 847 2102 a
871 2046 1096 2116 virgine
1127 2047 1382 2104 Zachora
1417 2049 1748 2105 sacerdote.
1784 2051 1888 2113 Cui
2003 2070 2144 2111 vero
2174 2055 2403 2111 irruens
2432 2067 2610 2125 super
2637 2067 2738 2107 eos
2767 2049 2862 2120 qui
2893 2049 2948 2102 in
2978 2046 3158 2102 muris
3188 2047 3355 2099 erant
3386 2039 3654 2096 vulnera-

224 2132 329 2188 illa
352 2133 500 2188 dixit
527 2152 539 2187 :
561 2134 694 2190 Non
716 2135 804 2192 est
821 2133 970 2191 hora
994 2134 1411 2194 divinationis.
1452 2138 1718 2195 Secunda
1752 2154 1891 2195 vero
2003 2145 2123 2215 bat,
2144 2145 2239 2215 qui
2265 2144 2317 2199 in
2345 2144 2611 2210 navibus,
2638 2140 2753 2211 igni
2778 2139 3030 2208 desuper
3055 2134 3251 2203 misso,
3278 2130 3648 2187 incendebat.

2000 2233 2194 2289 Multis
2236 2233 2417 2303 igitur
2459 2229 2861 2304 pereuntibus,
2899 2226 2994 2296 qui
3027 2224 3441 2294 superfuerunt
3474 2231 3646 2275 vene-

1999 2328 2130 2380 runt
2164 2323 2232 2378 ad
2267 2322 2444 2393 pedes
2478 2317 2810 2385 Alexandri,
2852 2311 3312 2370 misericordiam
3345 2306 3644 2380 postulan-

1998 2415 2101 2467 tes.
2130 2410 2350 2476 Quibus
2373 2408 2569 2464 statim
2593 2404 2887 2463 concessit
2913 2403 3263 2457 libertatem.
3296 2396 3512 2452 Deinde
3539 2407 3641 2465 per

1997 2499 2253 2556 Ciliciam
2279 2498 2577 2567 ingressus
2595 2501 2684 2550 est
2704 2498 2922 2549 terram
2948 2492 3276 2545 Persarum.
3304 2484 3513 2540 Darius
3537 2482 3643 2537 ita-

1997 2603 2108 2659 que
2138 2600 2500 2657 congregans
2533 2584 2829 2657 principcs
2851 2586 2908 2636 et
2933 2578 3058 2649 sapi
3098 2581 3228 2633 ntes
3260 2588 3422 2643 suos,
3453 2570 3643 2629 consi-

2009 537 2226 603 autem,
2242 535 2656 607 subjugamini
2672 535 2857 593 michi
2862 533 3120 607 fortiori
3138 531 3321 589 vobis.
3348 532 3413 586 At
3429 529 3663 586 benien-

2009 641 2105 683 ses
2136 640 2275 682 vero
2310 628 2656 695 rogaverunt
2696 627 3077 679 Demostenen
3114 620 3562 693 phylosophum,
3598 620 3660 673 ut

2012 714 2282 770 dareteis
2301 714 2626 771 consilium.
2655 714 2761 779 Qui
2787 727 3048 769 annuens
3068 725 3236 766 manu
3260 706 3562 780 imperavit
3584 706 3663 761 si-

2012 804 2274 871 lentium,
2292 808 2349 860 et
2365 804 2541 860 d'xit:
2570 804 2696 860 Viri
2713 804 2867 859 cives
2877 803 3014 869 mei,
3030 813 3329 858 commune
3345 796 3664 855 consilium

2013 893 2162 950 dabo
2178 893 2357 950 vobis.
2384 894 2459 951 Si
2479 894 2651 951 scitis
2665 906 2764 948 vos
2783 890 2931 948 tales
2947 904 3071 948 esse
3089 889 3158 945 ut
3169 890 3402 944 vincere
3406 884 3663 958 possitis

2011 983 2443 1051 Alexandrum,
2458 982 2723 1053 pugnate
2742 995 2873 1039 eum
2889 994 2970 1047 eo,
2994 980 3092 1037 sin
3113 978 3328 1045 autem,
3341 975 3662 1047 flectamus

2010 1085 2117 1129 nos
2142 1072 2250 1129 sub
2273 1071 2560 1143 potestate
2578 1084 2864 1126 manuum
2885 1071 3034 1140 ejus,
3059 1068 3209 1138 quia
3230 1067 3300 1122 de
3320 1064 3456 1121 coelo
3480 1062 3661 1120 datur

2012 1161 2477 1233 eiadjutorium.
2499 1162 2717 1215 Etcum
2738 1158 2917 1215 multa
2938 1155 3266 1226 bujusmodi
3294 1154 3654 1225 perorasset,

2012 1250 2304 1322 acquievit
2336 1251 2386 1306 ei
2419 1248 2672 1321 populus
2704 1248 2911 1315 omnis,
2944 1252 3003 1301 et
3033 1245 3367 1301 statuerunt
3402 1241 3659 1311 dirigere

2011 1340 2092 1395 illi
2118 1340 2478 1397 victorialem
2500 1351 2790 1406 coronam,
2816 1338 3151 1406 pensantem
3176 1333 3360 1387 libras
3379 1330 3661 1400 quinqua-

2007 1429 2187 1499 ginta.
2234 1429 2295 1497 (f.
2335 1430 2485 1497 203.)
2529 1427 2749 1493 Quibus
2794 1424 2889 1480 ille
2932 1424 3009 1478 ait
3046 1441 3057 1475 :
3097 1422 3251 1486 Quia
3294 1419 3461 1476 dedit
3496 1417 3663 1475 vobis

217 2221 356 2279 vice
379 2221 529 2278 dixit
552 2221 759 2294 Apollo
785 2242 796 2281 :
826 2224 1092 2282 Heracli.
1122 2226 1451 2281 Alexander
1472 2227 1615 2282 dixit
1640 2246 1652 2281 :
1679 2230 1723 2283 0
1746 2229 1890 2285 Pro-

206 2309 418 2383 pheta,
436 2310 624 2369 michi
644 2325 848 2369 nomen
869 2315 960 2370 est
973 2315 1333 2372 Heraclius?
1362 2329 1493 2386 ergo
1505 2315 1697 2386 periit
1725 2317 1855 2373 divi
1864 2380 1891 2393 _

211 2400 387 2456 nat-io
413 2400 534 2457 tua.
559 2400 698 2457 Inde
732 2402 912 2457 movit
939 2403 1261 2459 exercitum
1288 2407 1344 2459 et
1372 2404 1612 2461 veniens
1642 2405 1887 2466 Thcbai_

216 2486 351 2544 dam
385 2488 531 2545 dixit
561 2488 804 2548 Thebeis
845 2510 857 2545 :
891 2492 1049 2548 Date
1074 2492 1260 2550 michi
1292 2497 1395 2547 400
1423 2492 1586 2551 viros
1617 2494 1887 2557 armatos

214 2577 329 2650 qui
347 2577 594 2634 veniant
613 2576 680 2635 in
700 2579 1075 2651 adjutorium
1094 2581 1300 2638 michi.
1327 2580 1416 2636 Illi
1436 2578 1634 2638 autem
1659 2580 1886 2639 clause-

222 2671 364 2724 runt
393 2670 595 2738 portas
628 2668 955 2739 armatique
986 2669 1375 2726 ascendentes
1399 2686 1622 2727 murum
1647 2671 1717 2727 ad
1742 2686 1882 2742 qua-

220 2759 361 2812 tuor
392 2754 570 2824 milia,
606 2755 878 2812 dixerunt
906 2758 959 2813 ci
987 2776 998 2811 :
1024 2759 1386 2830 Alexander,
1416 2762 1473 2818 si
1502 2774 1615 2816 non
1635 2775 1882 2818 recesse-

220 2846 337 2914 ris,
356 2843 757 2917 pugnabimus
779 2846 984 2903 tecum.
1016 2847 1343 2905 Alexander
1363 2850 1676 2905 subridens
1695 2849 1879 2905 dixit:

1995 2677 2183 2734 silium
2217 2676 2416 2732 habuit
2448 2690 2576 2731 cum
2603 2673 2688 2728 eis
2714 2670 2851 2743 qu’d
2883 2683 3055 2739 agere
3085 2665 3407 2732 debuisset,
3434 2665 3490 2717 et
3517 2659 3594 2715 ait
3623 2677 3635 2712 :

2001 2766 2078 2822 Ut
2090 2765 2277 2835 video,
2292 2765 2406 2822 iste
2425 2765 2533 2835 qui
2549 2765 2638 2820 sic
2649 2759 2971 2833 pugnando
2991 2757 3181 2826 vadit,
3198 2751 3560 2827 adjungitnr
3576 2748 3642 2804 in

1993 2856 2216 2912 virtute
2241 2855 2300 2910 et
2322 2854 2592 2911 victoria.
2631 2854 2755 2923 Ego
2782 2848 3134 2920 reputabam
3163 2846 3340 2902 illum
3366 2840 3527 2900 sicut
3558 2839 3640 2895 la-

217 2932 567 2991 Fortissimi
612 2936 839 2993 milites
883 2936 1030 2994 sunt
1082 2937 1311 3009 Thebei,
1346 2939 1695 2996 clauserunt
1719 2940 1887 2997 intra
1997 2942 2219 3000 tronem
2238 2944 2331 3000 ire
2340 2941 2668 3015 predando,
2694 2941 2800 2997 ille
2821 2938 3018 2996 autem
3036 2935 3194 2994 sicut
3206 2947 3317 2991 rex
3327 2928 3571 3003 pugnat
3585 2926 3644 2983 et

207 3022 443 3100 portas,
462 3023 620 3082 etsic
636 3024 920 3082 dicuntse
926 3040 1099 3098 pugn
1110 3042 1214 3084 are
1228 3042 1470 3085 mecum.
1499 3030 1701 3085 Omnis
1721 3028 1888 3085 homo

204 3111 408 3185 fortis
435 3111 636 3170 volens
654 3128 935 3186 pugnare
956 3116 1022 3173 in
1041 3131 1312 3188 campum
1341 3118 1485 3184 exit,
1510 3132 1627 3176 non
1654 3121 1888 3177 claudi“

1918 3075 1968 3139 C

1999 3034 2304 3103 humiliat,
2321 3033 2381 3089 et
2390 3032 2680 3105 quantum
2692 3043 2796 3087 nos
2806 3028 3073 3085 volumus
3090 3021 3357 3081 exaltari
3374 3032 3551 3090 super
3566 3016 3640 3072 il-

2001 3124 2140 3192 lum,
2167 3122 2613 3193 tanto’amplius
2641 3117 2950 3176 exaltatur
2976 3129 3185 3172 nomen
3213 3112 3361 3182 eius.
3395 3106 3635 3173 Dubito,

228 3198 333 3259 tier
357 3201 526 3259 intra
554 3200 760 3259 turbem
789 3204 951 3261 sicut
975 3205 1165 3278 virgo.
1202 3208 1268 3262 Et
1306 3207 1569 3280 precepit
1603 3208 1888 3267 militibus
1996 3226 2069 3268 ne
2087 3210 2519 3283 adjuvetillum
2536 3210 2746 3267 divina
2761 3204 3160 3278 providentia,
3178 3201 3376 3258 volens
3392 3198 3493 3256 illi
3510 3211 3640 3254 con-

227 3290 352 3347 suis
364 3291 567 3346 urbem
587 3291 947 3364 obpugnare,
964 3301 1311 3367 captamque
1331 3296 1609 3368 incendit,
1629 3312 1780 3354 mur-

231 3392 347 3450 que
377 3394 408 3436 a
445 3379 839 3437 fundamentis
871 3381 1041 3438 evelli
1078 3384 1410 3455 precipiens
1461 3386 1621 3441 abiit.
1672 3387 1879 3460 Thebei

220 3481 363 3524 vero
396 3468 492 3539 qui
526 3475 926 3526 remanserant
962 3471 1251 3528 abierunt
1284 3473 1563 3545 Delphum
1590 3475 1658 3531 ad
1686 3475 1875 3547 Apolli

214 3570 368 3625 nem,
404 3570 685 3628 responsa
720 3564 1056 3630 querentes,
1090 3560 1138 3616 si
1162 3560 1405 3618 deberet
1434 3562 1644 3619 civitas
1677 3578 1878 3620 eorum

211 3643 583 3701 rezedilicari.
608 3645 831 3713 Quibus
855 3647 1072 3706 dictum
1108 3657 1198 3706 est
1222 3669 1235 3705 :
1262 3651 1379 3708 Ille
1408 3654 1516 3722 qui
1547 3652 1704 3710 hanc
1729 3655 1880 3710 civi-

211 3733 395 3791 tatem
415 3733 824 3806 xdi/lcaturus
845 3737 950 3807 est,
988 3738 1106 3795 tres
1134 3740 1424 3798 victorias
1453 3739 1711 3814 habebit,
1733 3746 1883 3815 post

209 3836 367 3894 quas
404 3836 535 3880 eam
560 3824 971 3894 rexdi/lcabit.

284 3910 613 3969 Alexander
644 3919 835 3970 autem
873 3916 1171 3983 proiectus
1194 3922 1282 3973 est
1308 3918 1673 3991 Chorintum,
1709 3937 1877 3992 roga“

206 4007 539 4073 veruntque
589 4018 719 4059 eum
773 4003 1095 4060 Chorinthii
1133 4011 1197 4062 ut
1228 4006 1458 4064 luderet
1495 4023 1623 4065 cum
1676 4010 1761 4067 eis
1814 4012 1869 4066 in

208 4090 502 4161 curribus,
520 4094 577 4147 et
604 4091 672 4149 ad
693 4091 801 4148 hoc
824 4094 1228 4164 spectaculum
1251 4103 1651 4154 convenerunt
1678 4098 1866 4155 multi-

206 4177 456 4234 Secutus
477 4182 565 4235 est
587 4185 779 4236 autem
804 4181 1193 4239 Alexandrum
1219 4185 1308 4241 vir
1328 4186 1593 4243 Thebeus
1620 4202 1868 4257 magnus

1994 3302 2196 3359 cedere
2212 3302 2386 3372 regni
2405 3299 2716 3367 dgadema,
2736 3296 2978 3354 utsicut
2990 3307 3092 3350 nos
3110 3289 3437 3363 optavimus
3455 3286 3640 3343 eicere

1992 3391 2168 3447 illum
2187 3391 2256 3446 de
2271 3390 2516 3457 Ellada,
2541 3389 2631 3445 ita
2648 3401 2752 3444 nos
2769 3385 2953 3443 eiciat
2972 3383 3077 3440 ille
3095 3381 3164 3438 de
3180 3377 3448 3436 Persida.
3480 3374 3643 3432 Unde

1989 3481 2046 3537 si
2063 3480 2276 3550 placet,
2310 3479 2628 3550 cogitemus
2650 3477 2719 3532 de
2738 3474 2933 3532 salute
2960 3472 3185 3538 nostra,
3216 3481 3322 3525 nec
3351 3464 3665 3541 despicia-l

1987 3582 2120 3625 mus
2131 3567 2307 3625 illum
2317 3565 2704 3639 superbiendo
2716 3577 2823 3636 pro
2836 3564 2942 3620 hoc
2953 3561 3101 3632 quia
3121 3560 3379 3615 tenemus
3391 3566 3639 3625 regnum

1987 3655 2333 3720 Persarum,
2358 3669 2431 3711 ne
2435 3653 2605 3727 forte
2616 3651 2896 3724 parvitas
2916 3648 3084 3705 illius
3106 3639 3643 3711 crescatetmagni-

1988 3744 2127 3800 tudo
2148 3753 2352 3801 nostra
2376 3742 2631 3815 deﬁciat.
2664 3744 2793 3796 tunc
2815 3738 3047 3794 dicente
3077 3736 3151 3789 Da
3164 3734 3271 3804 rio,
3306 3730 3636 3797 Ocsiatber,

1988 3833 2170 3888 frater
2193 3833 2350 3902 regis
2373 3832 2549 3899 Darii,
2576 3830 2720 3885 dixit
2750 3847 2762 3885 :
2787 3823 3204 3898 Magni/lcasti
3231 3818 3641 3878 Alexandrum

1988 3920 2337 3978 dimittenda
2366 3922 2467 3978 illi
2498 3921 2803 3986 Ellaaam,
2839 3917 2898 3972 et
2914 3917 2980 3972 in
2999 3915 3106 3970 hoc
3114 3910 3412 3984 ﬁduciam
3433 3907 3487 3964 ei
3510 3921 3639 3964 con-

1984 4011 2236 4080 cessisti,
2289 4011 2358 4067 ut
2406 4011 2547 4081 plus
2599 4004 2955 4063 exardescat
3007 4000 3241 4073 ingredi
3296 3997 3632 4054 Persidam.

1986 4100 2046 4169 (f.
2068 4102 2216 4172 204.)
2244 4100 2427 4168 Unde,
2450 4096 2506 4155 si
2529 4095 2641 4153 tibi
2650 4093 2871 4167 placet,
2883 4093 3000 4165 fac
3017 4091 3178 4149 sicut
3196 4088 3301 4145 ille
3306 4084 3508 4160 facit;
3528 4083 3635 4142 ille

1983 4192 2220 4263 quippe,
2241 4188 2477 4261 quando
2491 4186 2626 4243 vult
2626 4196 2906 4257 pugnare
2921 4194 3054 4238 cum
3069 4178 3296 4250 aliquo,
3313 4188 3427 4230 non
3440 4172 3638 4263 mittit

204 4270 261 4320 et
312 4265 626 4339 gloriosus,
673 4269 767 4325 cui
820 4284 1025 4326 nomen
1082 4272 1469 4345 Clytomagus.
1528 4276 1872 4333 Astantibus
1976 4261 2303 4350 principes,
2325 4278 2429 4336 sed
2436 4290 2543 4349 per
2562 4273 2948 4344 semetipsum
2974 4267 3162 4338 vadit,
3197 4267 3253 4322 et
3282 4261 3629 4350 antecedens

205 4368 347 4411 vero
376 4355 447 4411 ad
477 4356 584 4414 hoc
614 4357 1018 4428 spectaculum
1055 4360 1201 4416 dixit
1237 4361 1599 4420 Alexander:
1630 4365 1776 4431 Quis
1799 4379 1872 4421 ex
1977 4349 3036 4437 iomnesﬁsatrapas,pugnatviriliter,
3055 4349 3519 4426 etacquiritsibi
3534 4362 3633 4403 no-

203 4441 371 4501 vobis
401 4446 563 4502 exiet
588 4444 823 4504 luctans
855 4448 920 4503 in
948 4446 1086 4504 ludo
1130 4449 1280 4507 isto?
1321 4451 1419 4507 Cui
1457 4451 1870 4523 Clytomacbus
1899 4438 1953 4499 D
1982 4471 2114 4513 men
2130 4455 2530 4512 etvictoriam.
2558 4452 2721 4508 Alius
2746 4455 2980 4522 satrapa
3002 4446 3148 4504 dixit
3170 4464 3182 4499 :
3205 4439 3543 4501 Alexander
3565 4439 3633 4496 in

208 4528 352 4587 dixit
372 4550 384 4585 :
399 4532 475 4589 Si
484 4533 693 4605 placet
696 4534 986 4605 potestati
1007 4538 1238 4608 vesme,
1260 4552 1363 4609 ego
1377 4540 1653 4612 pugnabo
1671 4544 1873 4601 etvin-
1982 4545 2251 4602 omnibus
2264 4543 2668 4615 peritissimus
2681 4540 2785 4611 est,
2801 4540 2931 4595 etin
2945 4536 3106 4594 nullo
3124 4531 3394 4607 ofendit,
3410 4528 3632 4585 omnia-

205 4633 355 4678 cam.
384 4620 714 4679 Alexander
737 4623 883 4679 dixit
913 4625 1022 4682 :S’i
1054 4626 1173 4684 tres
1197 4628 1430 4691 viceris,
1464 4631 1863 4702 coronaberis,
1981 4649 2097 4707 que
2110 4625 3218 4702 viriliteragens,formametvirtutem
3231 4620 3410 4679 habet
3423 4617 3625 4675 leonis.

207 4709 268 4778 (f.
302 4709 454 4783 202.)
490 4711 775 4780 Pugnavit
814 4726 976 4783 ergo,
1023 4713 1281 4786 vicitque
1320 4722 1378 4772 et
1418 4717 1566 4776 alios
1595 4719 1776 4788 duos;
1810 4728 1869 4778 ct
1987 4724 2151 4791 Quod
2163 4725 2219 4780 si
2238 4722 2347 4779 tibi
2356 4720 2578 4793 placet,
2601 4718 3060 4775 mitteinomnes
3066 4713 3243 4786 fines
3261 4710 3410 4777 tuos,
3430 4707 3630 4763 etcon-

207 4796 356 4854 dixit
390 4797 477 4854 illi
510 4805 861 4872 preconator
893 4821 905 4855 :
938 4803 1052 4860 Dic
1088 4803 1256 4862 nobis
1297 4820 1507 4863 nomen
1537 4809 1721 4866 tuum.
1760 4803 1865 4878 Qui
1974 4827 2167 4886 grega
2185 4812 2466 4883 satrapas
2493 4808 2753 4865 omnium
2775 4806 3076 4878 gentium;
3106 4800 3251 4859 sunt
3275 4798 3433 4886 enim
3461 4793 3630 4886 nobis

206 4888 283 4944 ait
320 4907 333 4943 :
365 4887 520 4946 Sine
558 4888 821 4947 civitate.
867 4892 1123 4949 Audiens
1161 4893 1269 4950 hoc
1313 4895 1642 4953 Alexander
1671 4899 1820 4956 dixit
1854 4934 1865 4969 ε
1974 4880 2615 4975 gentesplurimceplus
2631 4910 2813 4968 quam
2828 4895 3057 4951 centum
3079 4882 3550 4961 quinquaginta,
3574 4880 3633 4936 et

207 4977 251 5035 0
273 4975 617 5034 beatissime
643 4978 702 5034 et
719 4979 1123 5051 pulcherrime
1153 4983 1428 5055 certator,
1463 4988 1535 5043 ut
1556 4989 1709 5059 quid
1734 4992 1873 5061 sine
1980 5003 2301 5063 queramus
2317 4984 2824 5046 auxiliumadiis.
2841 4985 2982 5038 Dum
3001 4993 3141 5049 ergo
3160 4975 3368 5032 Darius
3386 4983 3628 5040 congre-

202 5064 483 5122 civitate?
508 5063 922 5135 Clytomachus
947 5068 1091 5123 dixit
1121 5088 1133 5123 :
1157 5068 1379 5141 Magne
1401 5072 1743 5147 imperator,
1765 5097 1852 5140 απ.

1999 5084 2112 5150 gata
2144 5077 2518 5135 multitudine
2560 5072 2993 5138 consiliaretur,
3037 5063 3367 5122 Alexander
3408 5075 3623 5117 moram
3732 5098 3747 5105 -

202 5152 441 5225 tequam
462 5151 526 5208 tu
542 5164 714 5222 esses,
739 5153 927 5211 habui
943 5155 1268 5228 civitatem,
1290 5173 1448 5217 nunc
1468 5164 1669 5222 autem
1682 5184 1793 5240 per
1814 5174 1869 5229 te
1980 5169 2197 5226 faciens
2223 5168 2276 5223 in
2303 5165 2523 5234 Cilicia,
2550 5162 2704 5219 venit
2730 5161 2798 5218 ad
2826 5157 3110 5229 quandam
3130 5167 3337 5225 aquam
3358 5151 3627 5223 pulcher-

201 5238 508 5297 civitatem
528 5254 649 5297 non
675 5240 878 5299 habeo.
901 5243 1194 5300 lntellcxit
1226 5246 1335 5303 hoc
1367 5238 1710 5321 responsum
1738 5259 1867 5316 Ale-
1978 5257 2199 5322 rimam,
2220 5260 2277 5311 et
2302 5252 2579 5311 aeciditci
2597 5248 2909 5307 delectatio
2934 5251 2996 5303 ut
3019 5245 3316 5301 lavaretur
3336 5241 3390 5297 in
3410 5256 3500 5311 eo,
3518 5240 3622 5296 sed

202 5327 517 5418 xanderet
544 5328 696 5418 dixit
717 5333 1086 5402 preconatori
1112 5352 1124 5388 :
1162 5334 1496 5409 Vociferare
1521 5341 1591 5396 ut
1614 5343 1701 5400 sit
1722 5346 1861 5404 The.
1975 5361 2080 5418 per
2110 5343 2487 5415 frigiditatem
2519 5337 2906 5413 apprehendit
2937 5351 3069 5394 eum
3100 5334 3265 5394 dolor
3296 5331 3526 5403 capitis,
3560 5336 3621 5387 et

202 5415 369 5506 bene,
385 5417 447 5474 et
466 5417 821 5490 potestatem
841 5420 1065 5479 habeat
1088 5424 1503 5497 rexdi/lcandi
1532 5431 1854 5494 civitatem.
1972 5415 2260 5506 egrotavit
2289 5433 2538 5491 fortiter.
2575 5431 2737 5499 Quod
2760 5430 3030 5488 videntes
3054 5426 3416 5497 Macedones,
3450 5422 3619 5481 valde

269 5504 506 5596 Exiens
532 5506 668 5564 inde
718 5509 1047 5567 Alexander
1076 5513 1236 5569 venit
1268 5515 1542 5589 Athenas,
1578 5522 1848 5596 misitque
1974 5504 2177 5581 tristes
2197 5523 2385 5581 effecti
2411 5527 2568 5592 sunt,
2596 5524 2929 5579 metuentes
2952 5534 3023 5576 ne
3045 5518 3272 5577 audiret
3305 5515 3530 5584 Darius,
3556 5516 3614 5569 et

198 5593 271 5651 ad
299 5593 685 5657 Athenienses
716 5596 773 5656 in
803 5598 912 5659 hec
939 5602 1118 5660 verba
1143 5620 1156 5661 :
1190 5602 1408 5665 Nichit
1428 5617 1468 5667 α
1491 5609 1654 5671 vobis
1676 5593 1822 5689 opto,
1948 5617 2186 5686 faceret,
2204 5627 2381 5687 super
2402 5628 2503 5673 eos
2527 5614 2806 5689 impetum
2837 5615 3011 5686 atque
3042 5611 3268 5668 doleret
3295 5606 3446 5663 illos.
3482 5603 3618 5673 Qui-
