3986 6048
444 279 562 345 575
1605 267 2087 337 EKKEHARDI
2131 264 2684 331 URAUGIENSIS
3741 259 3863 326 5⁸76

443 416 574 474 dam
598 429 739 473 νθνο
756 409 988 486 iuvenis
1005 409 1235 469 nomine
1253 409 1597 483 Phidippus,
1618 423 1784 481 αυθιη
1810 406 2089 479 diligebat
2120 410 2176 473 Α
2204 420 2421 481 debitis
2439 418 2855 480 Macedoniam
2898 418 3024 479 nisi
3034 420 3217 492 prius
3237 417 3429 477 cicero
3457 417 3703 479 cunctos
3731 415 3865 479 bar-

445 504 774 562 Alexauder
792 502 928 573 quia
946 501 1208 558 medicus
1227 505 1373 569 erat,
1396 498 1724 571 promisitei
1744 513 1805 554 se
1821 498 2019 554 datur:

2292 525 2397 580 ros,
2422 511 2790 585 confortetzu'
2813 524 2977 567 mens
3006 509 3226 578 cestra,
3252 507 3311 564 et
3311 507 3623 580 fortitudo
3644 523 3866 581 pugnae

444 594 739 665 potionem
767 589 918 649 unde
940 605 1115 647 sanus
1139 590 1324 645 ﬁeret.
1352 589 1632 660 Princeps
1653 593 1846 643 autem
1872 586 2092 643 militiae
2202 601 2509 658 “timum-
2537 600 2699 657 υοωε
2718 602 2911 671 focus,
2950 599 3175 666 Quibus
3208 598 3287 653 ita
3317 597 3695 668 confortans,
3727 612 3867 655 ecce

445 683 701 754 (Ιιιίάεῐην
738 681 835 752 qni
869 681 1104 735 tenebat
1148 678 1493 748 Armeniam,
1536 677 1670 733 0di0
1707 678 1907 733 habt!“
1940 677 2093 733 hunc
2203 689 2518 746 multitudo
2552 689 2798 745 militum
2836 687 2986 745 Darii
3031 686 3388 758 applicuisse
3417 686 3740 744 nunciatur
3771 702 3868 745 su-

445 771 753 840 medicum:
788 769 917 841 (illia
949 768 1303 837 diligebatur
1328 785 1356 822 ‘d
1382 781 1537 837 ι’θὲθ,
1570 768 1951 836 scribensque
1974 765 2093 836 θρί-
2205 792 2308 847 per
2338 776 2572 834 ﬂuvium
2605 777 2818 847 Tigrin.
2864 776 3166 847 Principes
3203 778 3394 831 autem
3425 774 3651 832 militia;
3683 790 3865 847 super

445 859 654 916 stolam
687 859 900 914 direxit
934 858 1263 914 Alexandro
1292 856 1495 913 dicens
1526 876 1537 911 :
1577 856 1799 914 Caveas
1829 856 1884 913 te
1911 869 1949 912 a
1978 868 2095 910 me-
2201 880 2305 922 eos
2353 870 2518 922 erant
2570 866 2843 936 quinque.
2901 867 3309 921 Convenerunt
3350 862 3529 934 igitur
3559 864 3618 919 in
3652 878 3864 938 campo

445 948 575 1007 dico
604 948 906 1019 Phylippo
936 946 1025 1016 ²⁰³,
1062 947 1121 1003 et
1144 960 1216 1003 ne
1246 946 1413 1004 bibas
1439 945 1731 1017 potionem
1760 948 1909 1017 ejus,
1944 945 2094 1017 quia
2203 954 2531 1012 Alexander
2582 971 2712 1012 cum
2765 954 2887 1010 suis
2917 958 2973 1009 et
3011 953 3306 1025 principes
3335 952 3557 1009 militiae
3589 953 3777 1023 Darii,
3806 957 3862 1009 et

437 1036 723 1109 promisit
738 1037 790 1093 ei
814 1036 1041 1093 Darius
1059 1050 1171 1092 rex
1188 1049 1445 1092 sororem
1471 1049 1645 1093 suam
1664 1037 1728 1091 ἱη
1750 1036 2094 1106 confugium
2202 1044 2420 1100 acriter
2451 1047 2878 1116 pugnaverunt.
2929 1044 3029 1098 Vir
3066 1047 3258 1098 autem
3289 1042 3523 1111 quidam
3556 1040 3631 1098 de
3663 1043 3860 1099 Persis

442 1124 590 1181 dare
628 1125 685 1182 et
718 1124 1041 1185 consortem
1073 1126 1247 1197 regni
1272 1124 1505 1197 facere,
1556 1126 1611 1182 si
1649 1123 1981 1195 interﬁciat
2016 1124 2087 1179 te.
2203 1132 2393 1189 animo
2417 1147 2574 1204 acer,
2601 1134 2846 1189 induens
2872 1147 2935 1188 se
2959 1137 3181 1188 vestem
3205 1134 3440 1187 ctarma
3465 1129 3858 1203 Macedonica,

328 1270 339 1277 .
443 1212 585 1268 Cum
621 1217 813 1270 autem
849 1219 1223 1285 pl‘eparasset
1262 1214 1581 1286 Phylippus
1615 1213 1927 1284 potionem,
1967 1226 2095 1283 ρον·
2204 1221 2347 1277 abiit
2397 1221 2666 1278 occidere
2721 1220 3134 1290 Alexandrum,
3186 1220 3519 1290 mixtusque
3570 1218 3861 1276 militibus

441 1300 590 1355 tavit
616 1306 750 1357 ante
775 1316 1000 1372 regem;
1027 1303 1124 1359 sed
1150 1308 1458 1373 antequam
1484 1303 1731 1371 biberet,
1753 1316 2015 1372 supervel

2284 1325 2332 1367 IS
2372 1315 2500 1382 post
2536 1315 2763 1380 tergum
2807 1310 2985 1379 illius,
3030 1308 3455 1379 evaginatoque
3493 1306 3695 1377 gladio
3742 1311 3858 1366 tam

444 1389 695 1460 epistola
724 1390 839 1446 illa.
870 1391 976 1458 Qui
998 1392 1290 1463 accipiens
1305 1395 1361 1447 et
1384 1391 1583 1461 legens
1608 1397 1914 1460 antequam
1939 1390 2018 1444 bil

2287 1399 2441 1455 'titer
2471 1400 2765 1470 percussit
2798 1404 2973 1470 caput
3004 1398 3150 1468 ejus,
3178 1403 3238 1454 ut
3264 1401 3319 1453 et
3344 1397 3568 1468 galeam
3603 1397 3861 1453 transfo-

444 1483 553 1550 ret,
587 1496 701 1537 non
733 1486 824 1537 est
855 1484 1151 1552 turbatus,
1180 1482 1310 1552 quia
1338 1482 1408 1538 de
1434 1482 1543 1537 ﬁde
1572 1481 1837 1551 Phylippi
1862 1484 1986 1535 erat
2011 1494 2097 1535 se'
2206 1492 2364 1544 raret
2397 1491 2454 1543 et
2488 1492 2660 1559 caput
2693 1486 3050 1544 vulneraret.
3096 1486 3420 1557 Statimque
3457 1484 3862 1557 apprehende-

435 1581 637 1622 curus.
684 1568 909 1624 Tenens
952 1568 1148 1638 itaque
1189 1584 1299 1624 una
1342 1582 1511 1624 manu
1541 1567 1869 1639 epistolam,
1911 1566 2009 1621 alti

2282 1580 2340 1632 nt
2366 1592 2496 1633 eum
2520 1576 2738 1633 milites
2770 1575 3102 1644 Alexandri,
3131 1578 3188 1631 et
3219 1574 3512 1631 duxerunt
3533 1578 3672 1630 ante
3704 1587 3856 1631 eum.

434 1654 738 1726 accipiens
766 1656 1075 1725 potionem,
1106 1657 1462 1727 respiciebat
1487 1657 1540 1711 in
1568 1657 1767 1713 faciem
1802 1654 2090 1727 Phylippi.
2210 1666 2311 1721 Cui
2343 1664 2489 1721 dixit
2525 1665 2855 1721 Alexander
2889 1683 2901 1721 ;
2938 1666 2983 1722 0
3012 1664 3251 1721 strenue
3276 1665 3394 1731 vir,
3425 1663 3576 1733 quid
3603 1664 3700 1721 est
3722 1663 3863 1721 hoc?

436 1742 537 1798 δαί
591 1743 737 1845 dixit
782 1745 1102 1851 Ριλῖξίρβυε
1120 1746 1677 1851 5,1X01‘f'wpavesct
1680 1759 1747 1800 νϐ
1772 1746 2089 1851 (lationem,
2125 1791 2178 1851 B
2210 1754 2309 1808 Cui
2336 1755 2621 1811 barbarus
2642 1754 2723 1809 ait
2750 1772 2762 1807 :
2787 1754 2877 1812 Ne
2898 1753 3132 1810 estimes
3152 1766 3260 1821 me,
3285 1750 3638 1820 dominator,
3663 1750 3862 1810 Mace-

432 1844 651 1901 magne
670 1833 1012 1903 imperator,
1034 1835 1134 1890 sed
1152 1833 1278 1890 bibe
1296 1834 1488 1890 illam.
1515 1834 1719 1889 Statim
1741 1834 1924 1889 ebibit
1945 1848 2090 1890 eam-
2125 1833 2178 1851 “
2208 1844 2412 1899 donem
2443 1857 2584 1913 βεδε,
2618 1844 2810 1899 Ρεγδα
2835 1841 3071 1899 summ.
3105 1841 3370 1909 Promisi
3400 1842 3582 1897 Dario
3611 1841 3863 1913 auferre

435 1919 504 1974 Et
550 1925 861 1991 postquam
908 1923 1076 1992 bibit,
1124 1924 1386 1994 porrexit
1437 1922 1745 1994 epistolam
1788 1923 2009 1996 I’hylim

2290 1933 2391 2002 put
2411 1932 2597 2003 tuum,
2621 1931 2801 1990 etille
2819 1931 3132 2002 spopondit
3154 1931 3342 1988 michi
3357 1929 3565 2001 ﬂliam
3591 1942 3772 1987 suam
3796 1930 3864 1987 in

436 2008 672 2067 Relecta
704 2012 1025 2084 Phylippus
1067 2013 1313 2084 epistola
1348 2013 1493 2068 dixit
1528 2033 1539 2067 :
1575 2015 1707 2070 Non
1731 2028 1864 2070 sum
1894 2015 2099 2086 culpa'
2208 2022 2551 2093 conjugium
2581 2021 2641 2077 et
2663 2021 2898 2092 regales
2929 2020 3274 2091 provincias
3333 2019 3488 2075 Tunc
3528 2018 3862 2075 Alexander

437 2096 595 2167 bilis,
632 2102 993 2171 Alexander,
1025 2104 1183 2159 sicut
1210 2103 1331 2159 hac
1359 2102 1609 2172 epistola
1640 2102 1806 2159 dicit.
1846 2104 1965 2159 Rex
1996 2102 2098 2159 au’
2207 2110 2466 2165 ostendit
2500 2125 2628 2165 eum
2663 2110 2933 2165 omnibus
2963 2108 3198 2165 milibus
3228 2108 3369 2177 suis,
3401 2113 3460 2164 et
3492 2107 3638 2163 dixit
3671 2125 3686 2162 :
3735 2108 3865 2164 Viri

433 2192 550 2245 tem
584 2204 761 2246 sanus
793 2192 1059 2263 effectus,
1096 2192 1326 2249 vocavit
1358 2191 1723 2263 Phylippum,
1761 2187 2097 2263 amplexan'
2203 2194 3865 2267 Macedones,cenvenitomnibusmilitibustalemhabere

441 2293 582 2349 sque
634 2279 844 2337 collum
904 2282 1049 2353 ejus,
1114 2282 1308 2337 dixit:
1347 2281 1707 2352 C’ognooisti,
1768 2282 2090 2353 Phglippe’
2188 2288 2641 2359 fortitudinem,
2662 2291 2722 2341 et
2740 2286 3017 2342 continuo
3041 2283 3445 2341 dimisitillum
3470 2284 3655 2355 abire,
3678 2284 3861 2356 cwpit

432 2369 725 2436 quantum
766 2372 820 2427 te
857 2371 1131 2441 diligam,
1173 2371 1230 2426 et
1265 2386 1448 2440 quam
1477 2371 1775 2441 fiduciam
1808 2373 1870 2426 in
1903 2371 1956 2427 te
1989 2371 2095 2427 ha'
2203 2389 2314 2446 quo
2364 2388 2619 2446 pugnare
2672 2374 2922 2443 fortiter,
2968 2378 3024 2428 ct
3062 2373 3405 2441 ceciderunt
3471 2386 3544 2428 ex
3587 2373 3861 2429 barbaris

431 2456 610 2527 beam,
638 2460 939 2532 quiprius
958 2462 1253 2531 potionem
1282 2458 1425 2529 bibi,
1450 2460 1505 2516 et
1524 2460 1614 2516 sic
1634 2459 1945 2530 epistolam
1977 2454 2093 2515 tibi
2203 2464 2393 2519 mu'ti.
2427 2462 2532 2528 Qui
2565 2462 2834 2519 videntes
2862 2478 2925 2518 se
2958 2461 3200 2518 multum
3231 2462 3429 2531 minui,
3463 2462 3765 2533 fugerunt,
3799 2466 3856 2518 et

420 2550 707 2617 porrexi?
734 2550 833 2606 Cui
858 2549 1178 2621 Phylippus
1200 2550 1346 2604 dixit
1378 2568 1389 2603 :
1420 2549 1538 2606 Fac
1558 2549 1758 2605 venire
1780 2550 1973 2619 ipsum
1993 2550 2092 2605 ho“
2203 2556 2548 2621 persecutus
2573 2555 2663 2606 est
2689 2565 2874 2621 usque
2900 2551 3158 2607 Bactram
3184 2555 3243 2605 et
3265 2549 3565 2621 applicuit.
3602 2548 3732 2606 Alia
3765 2549 3857 2606 die

424 2638 669 2705 minem,
714 2638 819 2709 qui
860 2639 1015 2694 hanc
1055 2638 1359 2709 epistolam
1399 2638 1508 2693 tibi
1540 2638 1788 2705 direxit,
1823 2638 1971 2707 quia
1998 2651 2090 2693 me
2200 2640 2589 2713 apprehendit
2617 2639 2939 2710 civitatem,
2972 2639 3309 2710 invenitque
3331 2639 3408 2694 ibi
3429 2629 3673 2694 matrem
3699 2638 3855 2696 Darii

426 2724 537 2781 tibi
570 2725 729 2781 talia
751 2742 859 2797 pro
882 2727 1079 2783 salute
1105 2728 1209 2783 tua
1225 2728 1441 2799 facere
1474 2728 1597 2788 ipse
1626 2727 1834 2783 noluit.
1869 2728 2086 2783 lubens
2198 2734 2256 2785 et
2292 2744 2529 2785 uxorem
2562 2729 2923 2800 eandemque
2962 2742 3224 2785 sororem
3253 2732 3312 2784 et
3344 2726 3489 2783 duas
3518 2726 3670 2783 tilias
3703 2726 3853 2797 ejus,

423 2827 564 2882 ergo
616 2813 775 2870 illum
837 2815 1036 2871 venire
1103 2816 1406 2886 inquisivit
1464 2830 1614 2886 eum,
1670 2815 2085 2886 invenieusque
2201 2818 2510 2889 posuitque
2533 2818 2588 2874 in
2612 2832 2677 2873 ea
2706 2817 2946 2874 civitate
2977 2816 3184 2873 solium
3218 2831 3406 2885 suum,
3431 2818 3489 2871 et
3512 2816 3852 2887 subjugavit

424 2901 801 2973 culpabilem,
838 2904 1019 2973 jussit
1055 2904 1357 2961 decollari.
2196 2905 2306 2961 sibi
2331 2920 2531 2962 clunes
2562 2906 3015 2976 circumpositas
3041 2904 3335 2961 civitates.
3367 2906 3511 2960 Post
3541 2904 3663 2961 haec
3699 2917 3852 2961 unus

494 2991 710 3048 Dehinc
759 3008 996 3051 movens
1040 2994 1385 3064 exercitum,
1428 2992 1583 3049 venit
1639 2993 1694 3048 in
1746 2993 1985 3050 Mediam
2025 2996 2085 3048 et
2194 3009 2264 3050 ex
2294 2995 2657 3069 principibus
2701 2995 2923 3052 militias
2964 2993 3118 3051 Darii
3160 2993 3516 3065 presumpsit
3542 2993 3748 3050 venire
3776 2993 3850 3050 ad

424 3081 750 3137 Armeniam
794 3098 1077 3152 magnam,
1109 3089 1169 3138 et
1199 3083 1535 3155 subjugavit
1565 3098 1686 3151 cas,
1723 3081 1931 3139 deinde
1964 3097 2084 3137 am-
2128 3151 2153 3155 Ᾱ
2194 3082 2607 3153 Alexandrum,
2651 3088 2711 3139 et
2754 3083 2900 3139 dixit
2948 3083 2999 3138 ci
3038 3101 3050 3137 :
3085 3082 3436 3139 Dominator
3477 3081 3849 3153 Alexander,

423 3168 646 3225 bulavit
675 3170 801 3227 dies
834 3172 1068 3242 multos,
1096 3178 1155 3228 et
1178 3151 1479 3241 ingressus
1510 3178 1604 3227 est
1634 3171 1822 3227 locum
1848 3170 2080 3227 aridum
2115 3151 2162 3213 Ο
2190 3174 2461 3245 princeps
2481 3151 2723 3230 militia
2742 3173 2926 3230 Darii
2946 3186 3098 3241 sum,
3123 3172 3183 3228 et
3186 3170 3524 3243 plurimum
3544 3170 3646 3228 illi
3663 3151 3854 3229 servi-

420 3262 478 3312 et
523 3273 927 3330 cavernosum,
970 3261 1025 3316 in
1069 3277 1181 3332 quo
1223 3276 1335 3315 non
1378 3260 1787 3316 inveniebatur
1820 3275 1986 3329 aqua,
2022 3264 2081 3315 et
2189 3261 2553 3327 ri,etnichil
2577 3262 2826 3332 dignum
2854 3259 2927 3317 ab
2959 3274 3018 3317 eo
3043 3259 3268 3331 recepi:
3296 3260 3353 3317 si
3382 3258 3737 3330 tibiplacet,
3772 3259 3854 3316 da

420 3348 713 3404 transiens
749 3364 849 3419 per
872 3348 1058 3405 locum
1084 3351 1178 3419 qui
1205 3350 1401 3429 dictus
1424 3354 1518 3405 est
1543 3348 1891 3417 Andriscus,
1919 3349 2081 3404 venit
2189 3349 2356 3407 nobis
2374 3350 2567 3407 decem
2582 3350 2757 3407 milia
2779 3349 3167 3418 armatorum,
3184 3347 3240 3405 et
3255 3362 3357 3420 ego
3376 3346 3526 3404 dabo
3534 3348 3853 3421 principes

418 3435 489 3490 ad
524 3436 758 3492 ﬂuvium
790 3438 1083 3494 Eufraten.
1124 3440 1349 3494 Ponens
1380 3454 1519 3506 ergo
1544 3441 1759 3506 castra,
1791 3438 1973 3509 jussit
2001 3438 2082 3493 at“
2189 3441 2420 3497 nostros
2452 3440 2509 3496 et
2538 3440 2733 3511 ipsum
2762 3439 3038 3496 Darium.
3079 3437 3408 3495 Alexander
3439 3436 3627 3492 dixit:
3654 3436 3853 3509 Perge

392 3514 560 3579 'ferri
594 3524 769 3596 libna,
804 3531 861 3580 et
891 3528 1231 3599 preparavit
1271 3532 1502 3598 pontem
1538 3540 1716 3597 super
1748 3527 1938 3597 ipsum
1976 3526 2080 3582 ilu-
2189 3529 2610 3586 aua'iliaturus
2638 3542 2838 3599 regem
2860 3528 3046 3598 tuum,
3074 3528 3222 3598 quia
3242 3541 3356 3584 non
3375 3525 3630 3583 credunt
3645 3527 3853 3585 exstru-

419 3612 574 3670 vium
608 3628 736 3669 cum
774 3615 990 3670 tabulis
1011 3619 1070 3670 et
1092 3616 1317 3671 catenis
1349 3616 1574 3683 ferreis,
1604 3615 1903 3685 jussitque
1934 3614 2079 3670 mili-
2186 3618 2643 3688 nei,postquam
2662 3617 2790 3674 tuos
2812 3616 2906 3674 eis
2927 3628 3289 3688 expugnare.
3316 3614 3620 3686 Principes
3647 3620 3851 3672 autem

418 3700 578 3758 tibus
607 3702 727 3759 suis
768 3706 831 3759 ut
861 3703 1203 3759 transirent.
1246 3703 1352 3769 Qui
1385 3718 1514 3759 cum
1550 3703 1909 3772 dubitarent,
1946 3716 2079 3775 pre'
2187 3706 2341 3761 Darii
2362 3705 2541 3761 Fictir
2559 3709 2615 3761 et
2638 3705 2828 3776 Stapsi
2851 3710 2909 3761 et
2929 3704 3170 3761 Nostadi
3192 3703 3557 3775 scripserunt
3578 3702 3754 3759 Dario
3777 3704 3850 3760 de

418 3791 578 3862 cepit
599 3792 947 3849 custodibus
970 3792 1302 3849 animalium
1330 3800 1391 3849 ut
1418 3794 1738 3849 transirent
1765 3809 1893 3849 cum
1918 3793 2072 3849 omni
2189 3793 2359 3850 factis
2380 3792 2711 3863 Alexandri,
2730 3792 2885 3864 quod
2904 3799 2964 3849 et
2983 3795 3200 3849 terram
3220 3791 3609 3863 dissiparetet
3626 3790 3850 3848 multos

418 3884 701 3951 apparatu
752 3876 811 3935 et
861 3882 1122 3952 cibariis,
1168 3887 1229 3938 et
1279 3888 1410 3953 post
1465 3883 1586 3938 lucc
1629 3882 1803 3951 jussit
1862 3882 2077 3939 milites
2188 3882 2589 3952 occideret,et
2633 3880 2799 3937 multi
2822 3896 2893 3938 ex
2915 3880 3039 3937 suis
3065 3878 3847 3952 potentissimisjunxissent

416 3968 685 4025 transire.
721 3970 943 4037 Quibus
968 3970 1154 4027 adhuc
1179 3971 1588 4027 dubitantibus
1612 3976 1668 4026 et
1694 3971 1948 4027 validum
1974 3972 2077 4027 ilu-
2188 3985 2249 4027 se
2274 3970 2603 4026 Alexandro
2620 3973 2676 4025 et
2699 3968 2927 4040 regales
2950 3968 3285 4042 provincias
3307 3968 3641 4038 multosque
3662 3968 3851 4025 hono-

413 4058 490 4113 vii
520 4056 586 4092 ²⁰⁴
616 4074 852 4116 cursum
892 4061 1313 4131 metuentibus,
1359 4060 1483 4131 ipse
1516 4060 1739 4131 primus
1776 4059 2070 4129 transivit,
2187 4074 2283 4115 res
2307 4058 2639 4129 acciperent
2664 4059 2736 4114 ab
2757 4072 2848 4129 eo,
2871 4058 3117 4129 ideoque
3142 4056 3462 4130 prospiciat
3481 4055 3592 4112 sibi
3613 4060 3670 4113 et
3699 4056 3847 4128 illis,

413 4146 615 4218 sicque
657 4163 859 4205 omnes
907 4149 1095 4206 secuti
1143 4154 1296 4205 sunt.
1336 4148 1396 4218 (f.
1428 4147 1581 4220 205.)
1614 4148 1850 4204 Fluvius
1879 4153 2073 4204 autem
2187 4151 2497 4216 antequam
2545 4145 2910 4216 ingrediatur
2940 4146 3010 4202 ad
3042 4160 3193 4202 eum.

412 4236 613 4306 Tygris
641 4241 697 4292 et
729 4239 1029 4295 Eufratres
1066 4237 1286 4294 vadunt
1333 4253 1435 4307 per
1478 4237 1723 4292 mediam
1755 4238 2077 4307 IlleSOpota-
2257 4234 2465 4291 Darius
2492 4234 2615 4291 haec
2650 4234 2910 4305 audiens,
2940 4233 3179 4307 scripsit
3206 4232 3275 4289 ad
3303 4231 3692 4290 Alexandrum
3709 4232 3797 4289 sic
3829 4253 3845 4287 :

418 4324 587 4380 miam
620 4330 680 4381 et
713 4326 1102 4397 Babyloniam,
1148 4331 1208 4382 et
1242 4326 1464 4381 intrant
1495 4325 1703 4383 Nilum.
1739 4328 1953 4381 Ferunt
1981 4341 2079 4381 au-
2190 4324 2775 4381 Pcreenitinmanus
2794 4324 3032 4381 nostras
3053 4322 3303 4395 epistola
3319 4321 3392 4379 de
3412 4322 3518 4379 tua
3536 4320 3844 4393 superbia,

418 4416 535 4468 tem
570 4413 802 4484 quidam
834 4415 989 4484 quod
1024 4415 1133 4470 ista
1166 4414 1400 4470 ﬂumina
1433 4418 1811 4483 evacuentur,
1847 4413 2077 4484 quando
2189 4414 2348 4485 quod
2367 4413 2575 4484 cogites
2591 4412 2790 4468 venire
2798 4426 2985 4483 prope
3003 4424 3127 4479 nos,
3142 4410 3495 4482 utloquaris
3515 4408 3845 4467 nobiscum.

415 4500 581 4557 Nilus
611 4501 853 4558 inundat
885 4502 1215 4573 Egyptum,
1244 4508 1299 4559 et
1327 4503 1561 4573 quando
1596 4503 1958 4559 subtraxerit
1993 4518 2075 4575 se,
2110 4509 2161 4567 D
2198 4502 2362 4569 Quod
2380 4501 2434 4559 si
2450 4499 2889 4572 potuerit/teri,
2913 4513 3108 4557 omnes
3136 4498 3458 4556 orientales
3478 4497 3568 4557 dii
3575 4499 3859 4571 pergant

412 4589 522 4645 ista
567 4591 1066 4659 superabundant.
1115 4594 1251 4648 Cum
1292 4597 1484 4648 autem
1535 4592 1846 4647 transisset
1892 4592 2078 4648 omnis
2192 4589 2470 4648 habitare
2490 4589 2555 4644 in
2575 4588 2887 4646 occidente.
2908 4589 3042 4646 Non
3061 4585 3854 4645 eleceturmenstuainhoc

409 4679 732 4749 exercitus,
782 4677 960 4735 rediit
1010 4683 1170 4737 retro
1215 4679 1565 4750 Alexander,
1600 4683 1656 4736 et
1703 4680 1839 4736 fecit
1898 4681 2076 4741 incidi
2188 4675 3850 4751 quodfecisti;sicpreparacime,quasimatermeamor—

406 4774 664 4841 pontem.
726 4769 1007 4825 Videntes
1040 4769 1151 4826 hoc
1184 4769 1416 4840 milites,
1470 4774 1777 4841 cceperunt
1828 4786 2079 4829 murmu-
2188 4770 2293 4825 tua
2312 4766 2412 4837 sit,
2439 4765 2498 4823 et
2514 4767 2693 4841 quasi
2715 4780 2961 4822 uxorem
2979 4778 3289 4836 nunquam
3310 4763 3641 4822 habuerim.
3676 4763 3849 4821 Unde

412 4873 543 4916 rare
577 4863 637 4916 et
672 4858 868 4915 dicere
902 4878 914 4914 :
948 4859 1023 4916 Si
1051 4859 1345 4916 acciderit
1370 4857 1537 4915 nobis
1566 4859 1637 4914 ut
1644 4859 1975 4930 fugiamus
2005 4861 2077 4917 de
2182 4856 2343 4913 scias
2394 4856 2544 4928 quia
2594 4868 2712 4912 non
2767 4853 3073 4926 quiescam
3124 4851 3486 4926 inquirendo
3539 4852 3849 4923 injuria»:

401 4949 637 5019 proelio,
654 4964 770 5006 non
783 4947 1401 5006 eriltransitusnobis.
1427 4947 1648 5013 Quibus
1662 4947 1807 5002 dixit
1831 4948 2076 5004 Alexan'
2181 4960 2390 5003 meam.
2422 4944 2732 5016 Scriptura
2759 4944 3000 5014 quidem
3018 4942 3202 4999 michi
3222 4940 3313 4999 est
3330 4944 3480 5013 quia
3503 4940 3851 5012 benignita-

410 5036 551 5094 der:
577 5039 731 5094 Bene
751 5051 843 5093 me
866 5036 1271 5109 confortastis,
1295 5036 1534 5106 quando
1557 5035 1712 5093 talia
1733 5036 2065 5107 cogitastis:
2182 5034 2296 5091 tem
2335 5048 2479 5105 erga
2516 5047 2671 5089 meos
2705 5031 3054 5101 ostenderis,
3091 5030 3286 5087 tamen
3315 5027 3422 5087 hoc
3447 5030 3631 5101 scias,
3662 5030 3843 5101 quia,

415 5126 477 5180 et
502 5139 604 5195 ego
646 5126 900 5197 proinde
912 5126 1047 5197 feci
1076 5124 1322 5182 dissolvi
1360 5126 1601 5195 pontem
1630 5124 1832 5189 istum,
1868 5125 1938 5181 ut
1963 5124 2076 5182 aut
2178 5123 2720 5195 quantumcumque
2749 5120 2880 5179 illis
2912 5118 3296 5192 benefeceris,
3326 5132 3418 5175 me
3447 5132 3564 5175 non
3594 5116 3851 5177 habebis

404 5213 693 5284 pugnetis
727 5213 993 5271 viriliter
1025 5215 1084 5271 et
1103 5214 1384 5284 vincatis,
1425 5213 1539 5270 aut
1560 5215 1617 5271 si
1644 5212 1829 5271 cultis
1842 5214 2070 5286 fugere
2176 5212 2452 5280 amicum,
2469 5210 2794 5280 etecontra,
2810 5211 2866 5267 si
2878 5209 3035 5266 male
3050 5208 3431 5280 illis/acerris,
3446 5207 3850 5279 nonamplius

402 5300 694 5374 pereatis,
720 5302 867 5373 quia
886 5302 1139 5360 victoria
1160 5316 1279 5360 non
1300 5303 1421 5360 erit
1438 5302 1534 5360 his
1553 5303 1662 5373 qui
1666 5302 1948 5374 fugiunt,
1964 5303 2071 5360 sed
2173 5314 2265 5357 me
2293 5299 2534 5358 habebis
2562 5298 2893 5357 inimicum.
2938 5297 3117 5355 Hanc
3156 5296 3438 5354 ultimam
3476 5295 3847 5356 sententiam

407 5387 545 5448 illis
566 5389 677 5462 qui
699 5389 1062 5449 insecuntur.
1104 5390 1269 5449 Unde
1286 5389 1431 5463 quia
1449 5389 1616 5449 nullo
1642 5389 1810 5446 modo
1826 5391 1965 5461 jam
1982 5392 2065 5448 oi-
2172 5389 2463 5448 mandavi
2498 5388 2626 5446 tibi.

1769 5488 2006 5545 VARIE
2046 5487 2444 5546 LECTIONES.

492 5572 671 5651 f°'_m.
709 5576 1116 5651 P._medico_i.
1190 5575 1259 5612 ²⁰⁴
1291 5577 1527 5636 ﬂuvium
1560 5583 1609 5634 1.
1687 5575 1757 5612 ²⁰⁸
1787 5577 2061 5651 fortasse
2106 5591 2432 5650 persarum,
2481 5574 2553 5635 ut
2594 5576 2663 5635 in
2707 5573 2831 5634 cod.
2882 5570 3090 5634 Bamb.
3130 5571 3275 5633 hist.
3318 5571 3675 5644 Alcuandri,
3710 5573 3842 5641 legi

416 5644 588 5704 debet
604 5648 671 5707 in
695 5646 819 5709 cod.
857 5653 902 5705 i.
979 5645 1050 5681 ²⁰⁶
1075 5662 1137 5705 se
1157 5664 1213 5707 v.
1238 5653 1290 5706 1.
