3992 6054
245 170 366 238 5Τ7

1127 165 1572 234 CHRONICA.
1609 201 1682 213 —-
1714 161 2196 229 CHRONICON
2240 153 2792 234 UNIVERSALE.

3538 157 3658 230 5'18

319 307 654 368 Alexander
707 303 1006 380 accipiens
1060 304 1390 378 epistolam,
1444 303 1584 374 legit
1626 318 1692 360 ac
1744 300 1894 372 risit,
1931 303 1980 361 A
2016 298 2808 372 bisangustiam.Evigilans
2831 297 3652 375 autemrepletusestgaudio,

245 399 675 470 rescripsitque
689 395 992 468 epistolam
1013 393 1205 450 talem:
1219 392 1698 451 RexAlexander
1711 391 1898 447 Dario

240 487 394 559 regi.
409 485 772 558 Superbiam
784 483 1164 541 etelationem
1177 495 1600 554 supercacuzeg
1609 481 1774 537 toria
1786 479 1900 534 iure

242 577 382 634 odio
396 571 1108 646 babentdiimrouteideo,
1128 571 1275 643 quia
1287 585 1404 627 non
1416 581 1610 628 cessas
1631 568 1898 639 blasphe-

240 679 413 722 mare
427 678 618 735 usque
629 663 903 736 inﬁnrm.
923 661 984 732 (Γ.
1003 661 1150 732 106.)
1171 659 1337 726 Quod
1353 659 1612 732 benefeci
1625 658 1766 726 tuis,
1783 670 1899 713 non

235 770 350 828 pro
363 755 457 811 tuo
473 753 683 811 timore
687 753 840 825 feci,
877 751 985 808 sed
1008 750 1232 809 habens
1249 764 1404 822 spem
1419 747 1696 806 int-randi
1717 745 1800 803 ad
1821 747 1892 814 te,

239 843 480 900 ostendi
506 843 594 900 eis
618 840 1048 913 benignitatem
1067 854 1276 909 meam,
1294 839 1364 894 ut
1383 837 1442 894 et
1460 838 1524 893 tu
1539 835 1717 907 grato
1739 834 1900 891 illud

239 933 445 988 animo
465 933 797 1003 acciperes;
813 929 920 988 sed
943 929 1016 986 ut
1041 929 1250 998 sentio,
1278 929 1342 984 tu
1361 941 1480 983 non
1501 939 1560 981 es
1582 925 1774 982 animi
1791 924 1896 979 hu-

235 1021 582 1098 maniJZcec
606 1018 860 1091 epistola
877 1031 1006 1074 mea
1018 1017 1237 1074 ultima
1254 1014 1482 1086 sit_tibi.
1509 1013 1665 1070 Cane
1689 1012 1897 1084 itaque

240 1109 321 1179 te,
337 1108 650 1166 etmente—m
665 1107 896 1164 habein
909 1106 991 1164 te.
1022 1107 1129 1162 Ubi
1155 1119 1296 1174 ergo
1322 1103 1533 1160 direxit
1557 1099 1891 1173 epistolam,

241 1197 580 1269 preparavit
614 1211 698 1268 se,
730 1201 790 1252 et
823 1195 1060 1266 scripsit
1094 1193 1346 1265 satrapis
1377 1191 1500 1248 suis
1530 1190 1626 1262 qui
1652 1192 1816 1245 erant
1837 1190 1893 1244 in

238 1285 410 1358 Syria
427 1291 487 1342 et
519 1285 904 1357 Cappadocia,
932 1283 1126 1340 Cilicia
1149 1288 1208 1340 et
1242 1279 1556 1353 Pamphilio
1590 1285 1648 1335 et
1685 1277 1892 1334 Arabia

237 1375 573 1445 ceterisque
605 1373 951 1446 provinciis,
995 1376 1058 1429 ut
1087 1375 1429 1444 prepararet
1489 1367 1894 1440 unusquisque

237 1463 402 1520 mille
432 1462 778 1519 vestimenta
809 1465 869 1518 et
903 1461 1084 1534 pelles
1115 1459 1468 1538 animalium,
1497 1459 1782 1530 quotquot
1813 1456 1896 1512 in-

238 1552 535 1623 venirent,
567 1555 628 1608 et
653 1549 1021 1606 Antiochiam
1085 1548 1406 1618 mitterent,
1440 1547 1636 1616 ibique
1664 1545 1895 1602 ordina-

238 1645 450 1698 rentur
465 1639 692 1710 cameli,
715 1639 813 1710 qui
830 1641 1136 1711 portarent
1159 1653 1223 1694 ea
1241 1652 1426 1708 usque
1440 1636 1740 1703 Eufraten,
1757 1648 1894 1706 qua-

238 1729 405 1786 tinus
420 1728 634 1785 milites
646 1727 734 1785 sui
749 1729 1031 1784 haberent
1049 1726 1397 1782 vestimenta
1413 1731 1470 1780 et
1483 1723 1864 1780 calciamenta
1878 1765 1892 1779 .

312 1819 522 1875 Darius
567 1833 708 1875 vero
757 1816 1000 1888 scripsit
1028 1816 1283 1888 satrapis
1315 1815 1439 1871 suis
1469 1818 1532 1871 ut
1563 1816 1763 1870 essent
1799 1826 1896 1884 pa-

238 1907 358 1964 rati
389 1922 518 1964 cum
535 1907 804 1963 omnibus
827 1905 950 1962 suis
973 1905 1044 1960 ad
1077 1903 1464 1961 resistendum
1489 1903 1764 1972 gentibus
1787 1903 1896 1958 Ma-

235 1995 526 2066 cedoniae,
561 1995 836 2066 misitque
865 1993 936 2050 ad
968 1995 1180 2054 Porum
1213 2007 1407 2062 regem
1437 1991 1634 2061 ludite,
1671 1996 1731 2046 ut
1768 2004 1898 2063 pre-

234 2086 410 2143 beret
431 2084 485 2141 ei
507 2082 887 2154 adjutorium.
915 2082 1022 2150 Qui
1049 2081 1356 2153 rescripsit
1391 2081 1464 2152 ei,
1492 2096 1552 2137 so
1587 2081 1659 2137 de
1685 2080 1893 2152 injuria

234 2176 371 2247 ejus
397 2173 567 2232 valde
599 2171 668 2206 ²⁰⁶
699 2171 920 2242 dolere,
955 2176 1013 2228 et
1045 2186 1108 2227 se
1141 2171 1373 2241 quidem
1406 2175 1735 2242 promptum
1763 2183 1894 2226 esse

233 2265 466 2334 venire,
489 2263 589 2321 sed
617 2261 956 2318 inﬁrmitate
978 2261 1361 2333 prepediente
1403 2275 1510 2317 non
1537 2275 1726 2332 posse,
1751 2259 1898 2314 mili-

235 2356 333 2408 tes
365 2355 560 2408 tamen
595 2363 734 2407 suos
756 2364 886 2406 cum
918 2347 1049 2406 aliis
1068 2348 1347 2420 gentibus
1369 2352 1650 2404 venturos
1672 2361 1821 2404 esse.

311 2439 494 2494 Mater
526 2441 722 2495 autem
747 2436 908 2493 Darii
941 2453 1070 2494 cum
1105 2437 1370 2493 audisset
1402 2435 1556 2506 quod
1581 2435 1680 2491 ille
1712 2449 1773 2491 se
1795 2433 1900 2490 ite-

232 2543 366 2584 rum
401 2533 747 2600 prepararet
808 2525 880 2582 ad
913 2523 1297 2598 prmliandum
1355 2539 1484 2580 cum
1547 2522 1894 2580 Alexandro,

233 2616 455 2673 direxit
488 2615 572 2671 illi
606 2614 912 2688 epistolam
943 2616 1090 2670 hanc
1125 2632 1136 2668 :
1171 2613 1362 2670 Dario
1400 2613 1532 2685 regi
1571 2613 1766 2670 mater
1786 2626 1900 2669 sua

225 2705 529 2777 gaudium
543 2749 553 2759 .
566 2704 926 2761 Audiuimus
947 2703 1097 2774 quia
1109 2715 1436 2774 congregas
1451 2702 1616 2758 alias
1621 2701 1830 2772 gentes
1843 2699 1906 2755 et

222 2807 512 2868 pugnare
522 2795 614 2851 eis
628 2807 759 2850 cum
775 2791 1146 2848 Alexandro.
1167 2791 1332 2858 Quod
1341 2792 1398 2847 si
1420 2789 1601 2848 totum
1612 2787 1898 2845 mundum

234 2882 511 2940 adunare
521 2882 813 2954 potueris,
848 2881 1000 2951 quid
1021 2881 1239 2936 exinde
1265 2878 1722 2946 eceniatnescis,
1746 2877 1898 2948 quia

231 2971 502 3030 victoria
515 2971 616 3028 illi
651 2983 934 3028 concessa:
945 2968 1364 3026 sunt.Dimitte
1373 2983 1506 3025 sens
1513 2981 1607 3022 u-m
1619 2966 1896 3022 altitudi-

2013 388 2401 460 recitavitque
2427 393 2708 448 somnium
2760 391 2964 448 amicis
2989 389 3132 460 suis,
3159 390 3254 460 qui
3286 391 3574 448 dederunt
3603 393 3656 449 ei

2008 478 2318 536 consilium
2355 485 2419 537 ut
2446 482 2524 537 ita
2582 483 2820 538 faceret.
2855 482 3082 536 Vocans
3141 483 3334 535 autem
3387 480 3657 538 ﬁdelissi-

2010 581 2164 623 mum
2189 583 2355 625 suum
2408 575 2723 642 satrapam,
2759 569 2852 626 cui
2886 583 3090 625 nomen
3122 569 3367 638 Eumilo,
3401 569 3537 626 tulit
3569 585 3660 626 se-

2007 670 2136 711 cum
2161 661 2285 714 tres
2310 658 2707 716 velocissimos
2741 673 2956 730 equos;
2991 673 3164 716 unum
3195 658 3484 714 insidebat
3509 659 3651 730 ipse,

2009 745 2184 801 alium
2229 747 2500 819 princeps
2530 747 2646 817 ille,
2683 747 2902 805 tercius
2935 748 3213 818 pergebat
3248 761 3486 804 vacuus.
3522 749 3658 806 Per-

2005 839 2211 903 gentes
2231 835 2412 905 igitur
2433 837 2621 907 ambo,
2650 840 2936 894 venerunt
2959 837 3027 892 ad
3061 835 3296 892 fluvium
3319 836 3414 906 qui
3440 836 3656 894 dicitur

2010 922 2274 992 Stragan.
2310 925 2413 980 llic
2456 925 2668 982 ﬂuvius
2719 940 2821 996 pre
2853 923 3028 980 nimio
3064 923 3277 993 frigore
3310 923 3654 994 congelatur

2008 1015 2548 1084 noctu,prebetquc
2579 1014 2827 1070 itertota
2845 1018 3020 1070 nocte
3055 1013 3661 1080 transeuntibus;ma-

2005 1114 2096 1170 ne,
2123 1116 2254 1157 cum
2270 1101 2574 1158 incaluerit
2600 1103 2709 1173 sol,
2727 1102 3072 1160 dissolvitur
3092 1105 3151 1158 et
3167 1101 3674 1174 perfundissimus'

2005 1189 2248 1246 efﬁcitur
2285 1196 2345 1246 et
2397 1191 2794 1260 ingredientes
2825 1191 3118 1248 absorbet.
3174 1189 3422 1247 Veniens
3454 1190 3652 1262 itaque

2007 1277 2355 1348 Alexander,
2395 1279 2612 1336 invenit
2634 1294 2764 1337 eum
2786 1279 3179 1350 congelatum,
3207 1278 3570 1350 induensque
3588 1294 3652 1336 se

2007 1366 2249 1438 ﬁguram
2273 1383 2444 1438 quam
2469 1369 2696 1426 viderat
2742 1370 2795 1424 in
2823 1383 3044 1438 somno,
3081 1368 3304 1424 dimisit
3327 1369 3404 1424 ibi
3439 1368 3655 1440 princi-

2006 1471 2138 1528 pem
2171 1458 2332 1514 illum
2365 1475 2493 1515 cum
2535 1458 2766 1516 duobus
2813 1457 3073 1528 caballis,
3106 1463 3166 1514 et
3197 1457 3323 1529 ipse
3379 1473 3510 1515 cum
3543 1473 3651 1516 suo

2005 1546 2297 1602 transivit.
2352 1549 2486 1602 Erat
2535 1553 2730 1604 autem
2765 1547 2977 1604 ﬂuvius
3027 1561 3080 1601 in
3114 1545 3422 1603 latitudine
3476 1547 3649 1602 stadii

2008 1636 2178 1692 unius
2197 1635 2312 1691 '9“.
2341 1637 2554 1692 Abiens
2573 1637 2768 1707 itaque
2793 1635 3138 1703 Alexander,
3155 1649 3285 1691 cum
3300 1634 3557 1691 venisset
3581 1633 3652 1690 ad

2011 1729 2234 1798 portam
2267 1725 2528 1782 civitatis
2557 1726 2734 1796 Darii,
2768 1725 3037 1781 videntes
3067 1739 3198 1780 eum
3222 1725 3434 1794 Persae,
3461 1723 3652 1779 mirati

2008 1819 2146 1872 sunt
2177 1815 2234 1870 in
2268 1814 2448 1884 ﬁgura
2483 1813 2682 1871 vultus
2739 1815 2885 1884 ejus,
2919 1813 3264 1870 estimantes
3325 1811 3486 1869 illum
3519 1827 3652 1870 esse

2008 1903 2198 1960 deum.
2225 1905 2626 1973 Interrogatus
2647 1910 2840 1960 autem
2863 1903 2934 1960 ab
2956 1902 3043 1958 eis
3069 1901 3199 1973 quis
3213 1907 3395 1971 esset,
3424 1915 3657 1973 respon-

2008 1992 2114 2063 dit,
2139 2007 2201 2049 se
2223 1993 2665 2064 apocrisiarium
2685 2007 2820 2050 esse
2844 1993 3000 2061 regis
3025 1990 3357 2048 Alexandri.
3385 1993 3450 2046 Et
3478 1991 3656 2047 duxe-

2010 2087 2146 2138 runt
2183 2097 2313 2138 eum
2365 2081 2434 2137 ad
2470 2081 2721 2138 Darium.
2758 2081 2865 2148 Qui
2895 2082 3101 2138 videns
3128 2095 3259 2136 eum
3295 2079 3562 2136 adoravit
3589 2085 3657 2137 ut

2009 2170 2202 2240 deum,
2233 2171 2501 2240 cogitans
2535 2169 2693 2228 illum
2726 2185 2858 2226 esse
2891 2170 3154 2226 Mithram
3188 2169 3379 2238 deum,
3415 2169 3656 2226 descen-

2009 2259 2242 2315 dentem
2257 2259 2328 2316 de
2351 2259 2536 2316 caelis.
2561 2259 2950 2328 Interrogavit
2965 2272 3106 2327 ergo
3130 2271 3291 2314 eum:
3314 2257 3460 2322 Quis
3477 2271 3537 2314 es
3555 2257 3656 2315 tu?

2011 2348 2113 2405 Cui
2131 2347 2228 2403 ille
2251 2367 2264 2404 :
2283 2349 2734 2420 Apocrisiarius
2744 2361 2877 2406 sum
2887 2346 3656 2418 regisAlewandrimiissus

2007 2437 2192 2494 nunci
2197 2451 2302 2494 are
2315 2437 2426 2494 tibi
2444 2439 2594 2508 quia
2604 2451 2834 2494 moram
2828 2435 3080 2508 facitin
3096 2449 3296 2506 campo
3307 2435 3656 2506 exspectans

2011 2527 2081 2582 te.
2104 2526 2290 2596 Unde,
2303 2527 2359 2584 si
2373 2525 2484 2582 tibi
2485 2527 2712 2599 placet,
2729 2525 3018 2584 constitue
3029 2524 3183 2581 diem
3183 2523 3532 2595 praeliandi.
3551 2523 3653 2581 Cui

2009 2615 2246 2671 Darius:
2291 2614 2578 2672 Forsitan
2625 2615 2688 2671 tu
2709 2628 2770 2672 es
2788 2612 3148 2682 Alexander,
3183 2613 3292 2683 qui
3320 2625 3452 2669 cum
3483 2611 3657 2670 tanta

2011 2703 2275 2773 loqueris
2291 2703 2590 2772 audacia;
2603 2719 2721 2760 non
2741 2705 2897 2760 enim
2917 2703 3178 2772 loqueris
3195 2701 3355 2759 sicut
3372 2698 3654 2771 nuncius,

2007 2791 2112 2848 sed
2121 2794 2280 2850 sicut
2287 2793 2470 2864 ipseA
2481 2792 2786 2849 lemander.
2802 2791 2984 2848 Scias
2997 2791 3192 2848 tamen
3190 2805 3308 2864 pro
3319 2790 3488 2858 certo,
3505 2789 3657 2862 quia

2007 2883 2267 2939 audacia
2283 2885 2386 2939 tua
2401 2883 2568 2939 nullo
2579 2883 2747 2939 modo
2758 2881 3079 2939 conturbat
3098 2895 3206 2938 me.
3221 2881 3349 2938 Sed
3354 2881 3656 2938 manduca

2007 2972 2181 3028 hodie
2189 2987 2429 3043 mecum,
2446 2973 2596 3043 quia
2609 2973 2720 3028 etA
2733 2972 3019 3028 leaander
3029 2971 3158 3028 sedi
3165 2971 3279 3028 tad
3288 2985 3512 3029 caenam
3523 2983 3656 3028 cum

233 3059 336 3116 nis
350 3055 1888 3130 tua,etreclinapaululum,etnepres.cmasmultum,
1925 3037 1975 3100 Ο
2003 3062 2208 3118 missis
2227 3065 2390 3118 meis.
2409 3037 2474 3116 Et
2495 3060 2823 3118 extendens
2845 3075 3093 3129 manum,
3113 3059 3498 3131 apprehendit
3520 3074 3651 3116 eum

233 3148 388 3220 quia
397 3147 616 3220 perdes
652 3146 868 3205 citam.
917 3148 1005 3203 De
1023 3147 1192 3205 nobis
1212 3147 1412 3203 autem
1437 3145 1618 3216 scias,
1648 3144 1797 3215 quia
1827 3144 1895 3200 in

231 3236 500 3294 maxime
513 3237 728 3294 honore
739 3251 943 3294 sumus
955 3239 1116 3308 apud
1129 3250 1276 3304 eum,
1301 3235 1407 3292 sed
1416 3234 1655 3292 inducis
1665 3234 1892 3291 malum

230 3339 414 3398 super
425 3339 551 3395 nos,
567 3326 627 3382 et
626 3325 802 3398 facis
823 3339 926 3382 nos
937 3324 1212 3382 amittere
1225 3323 1501 3396 gratiam
1513 3338 1695 3396 quam
1719 3321 1892 3380 liabe-

227 3427 392 3472 mus.
420 3414 546 3472 Fili
565 3415 668 3484 mi,
693 3413 1159 3487 nolipreparare
1176 3413 1366 3468 matri
1389 3412 1505 3468 tua
1521 3412 1888 3484 angustiam,

229 3503 384 3576 quia
393 3502 631 3576 ﬁducia
647 3502 831 3558 michi
845 3504 950 3572 est,
973 3503 1030 3558 si
1046 3500 1319 3572 colueris,
1347 3501 1404 3569 te
1421 3501 1490 3556 in
1521 3500 1660 3558 bono
1681 3501 1892 3559 ordine

215 3591 516 3665 futurum
547 3605 678 3649 cum
704 3591 1063 3648 Alexandro.
1105 3590 1372 3646 Perlecta
1402 3590 1608 3647 Darius
1635 3591 1739 3648 hac
1769 3590 1890 3663 epi-

226 3680 381 3738 stola
405 3681 680 3738 turbatus
711 3685 798 3737 est
821 3678 1009 3750 valde,
1049 3683 1107 3736 et
1141 3679 1321 3735 ﬂevit.

301 3771 460 3826 Inter
481 3769 604 3826 hinc
622 3768 948 3826 Alexander
965 3768 1143 3825 movit
1157 3767 1480 3824 exercitum
1497 3782 1685 3839 suum,
1705 3770 1761 3824 et
1783 3782 1891 3823 cce-

226 3859 317 3930 pit
337 3857 560 3928 ingredi
584 3862 804 3914 terram
839 3856 1016 3928 Darii,
1041 3861 1102 3913 et
1128 3857 1607 3929 apprOpinquans
1627 3857 1699 3929 ei,
1727 3859 1888 3916 itaut

231 3947 580 4004 Macedones
595 3946 864 4004 viderent
887 3946 1369 4004 sublimissimum
1393 3946 1581 4004 locum
1595 3961 1665 4004 ex
1685 3947 1889 4004 civita-

231 4036 667 4107 teDarii,jussit
713 4036 930 4092 milites
944 4052 1080 4093 suos
1108 4035 1362 4092 evellere
1377 4037 1590 4094 herbas
1613 4043 1669 4094 et
1695 4041 1887 4095 ramos

229 4126 507 4182 arborum
520 4129 580 4180 et
595 4125 777 4196 ligare
795 4125 848 4180 in
867 4124 1118 4197 pedibus
1137 4140 1420 4196 equorum
1437 4125 1885 4184 adexcitandum

230 4213 642 4287 pulverem,ita
659 4213 1008 4271 utviderent
1022 4215 1219 4271 Persa
1233 4218 1290 4270 et
1309 4214 1682 4272 mirarentur.
1702 4215 1888 4272 Dista-

227 4302 372 4358 bant
404 4302 558 4358 enim
591 4318 622 4361 a
654 4301 895 4358 civitate
927 4300 1137 4358 itinere
1167 4302 1388 4359 dierum
1427 4301 1707 4373 quinque.
1747 4305 1885 4360 Cum

2006 3164 2110 3221 per
2123 3149 2442 3220 dexteram,
2461 3149 2927 3220 introduxitque.
2948 3149 3000 3203 in
3017 3149 3298 3220 palatium
3313 3163 3500 3204 suum.
3525 3146 3654 3204 Ale-

2003 3238 2224 3295 xander
2254 3253 2391 3294 vero
2426 3254 2530 3310 pro
2563 3238 2728 3308 signo
2751 3238 2937 3294 tenuit
2961 3238 3014 3293 in
3039 3237 3218 3294 corde
3241 3253 3345 3294 suo
3364 3237 3474 3293 hoc
3496 3235 3653 3306 quod

2002 3328 2226 3386 induxit
2261 3343 2390 3384 eum
2414 3343 2519 3400 per
2543 3328 2866 3399 dexteram,
2921 3328 3086 3400 quasi
3106 3327 3222 3398 jam
3249 3333 3478 3384 teneret
3499 3325 3656 3400 pala-

2001 3417 2146 3474 tium
2181 3417 2394 3473 inimici
2450 3417 2560 3486 sui,
2624 3417 3042 3488 ingressusque
3075 3417 3415 3486 triclinium,
3450 3417 3507 3472 in
3538 3430 3652 3488 quo

2001 3511 2126 3562 erat
2153 3507 2480 3563 convivium
2509 3511 2921 3578 praeparatum,
2949 3507 3102 3564 sedit
3125 3521 3255 3562 cum
3293 3519 3447 3577 rege,
3483 3505 3654 3562 sede-

2001 3599 2134 3652 runt
2159 3600 2217 3651 et
2242 3595 2538 3667 principes
2559 3596 2715 3651 Darii
2742 3596 2888 3652 facie
2907 3596 2978 3652 ad
2999 3596 3220 3652 faciem.
3243 3596 3434 3652 Persae
3450 3595 3650 3664 itaque

2001 3685 2278 3742 sedentes
2302 3685 2354 3740 in
2378 3684 2644 3742 convivio
2660 3684 3293 3757 despexeruntvultum
3311 3683 3648 3757 Alexandri,

1999 3786 2070 3828 eo
2103 3773 2254 3842 quod
2302 3778 2461 3828 esset
2509 3787 2746 3844 parvus,
2780 3773 3116 3829 nescientes
3147 3772 3336 3844 qualis
3371 3771 3560 3829 virtus
3593 3776 3654 3828 et

2002 3859 2192 3932 qualis
2217 3861 2456 3917 audacna
2495 3865 2620 3916 erat
2645 3862 2702 3916 in
2732 3861 2972 3918 vasculo
3021 3861 3145 3916 tali.
3179 3861 3479 3918 Pincernze
3509 3877 3651 3920 vero

2001 3951 2267 4006 ferebant
2289 3949 2488 4021 sepius
2511 3949 2740 4020 pocula.
2768 3949 3054 4006 Mediante
3073 3964 3213 4006 vero
3235 3950 3649 4008 eonviviocum

2000 4039 2239 4096 allatum
2268 4038 2472 4095 fuisset
2514 4036 2842 4094 Alexandro
2887 4038 3158 4109 poculum
3184 4052 3362 4094 aureo
3382 4037 3451 4071 ²⁰⁷
3475 4043 3532 4094 et
3567 4038 3652 4096 bi-

2003 4128 2202 4197 bisset,
2225 4127 2380 4182 misit
2433 4125 2574 4182 illud
2601 4127 2654 4181 in
2680 4125 2866 4183 sinum
2890 4141 3079 4196 suum,
3133 4126 3388 4196 fecitque
3415 4125 3529 4184 hoc
3560 4141 3651 4184 se-

2001 4216 2190 4275 cundo
2209 4220 2266 4273 et
2293 4215 2496 4272 tercio.
2523 4215 2687 4282 Quod
2708 4230 2839 4272 eum
2863 4214 3148 4272 vidissent
3168 4215 3482 4286 pineernte.
3507 4231 3650 4273 nun-

1999 4307 2303 4362 ciaverunt
2334 4303 2526 4360 Dario.
2573 4304 2770 4359 Erexit
2800 4319 2862 4360 se
2895 4303 3122 4374 Darius,
3157 4307 3215 4359 et
3248 4301 3398 4359 dixit
3433 4323 3446 4358 :
3481 4305 3526 4360 Ο
3554 4305 3652 4363 uir

193 4394 422 4447 -autem
455 4389 755 4446 venissent
789 4389 1058 4462 propius,
1101 4389 1250 4446 dixit
1292 4389 1621 4447 Alexander
1647 4389 1770 4447 suis
1799 4405 1891 4448 sa.
1916 4397 1972 4460 D
1985 4395 2345 4468 fortissime,
2370 4392 2524 4466 quid
2542 4393 2634 4450 est
2659 4391 2766 4450 ltoc
2783 4392 2943 4464 quod
2960 4393 3128 4466 agis?
3152 4393 3252 4450 Cui
3285 4392 3644 4450 Alexander:

225 4478 558 4552 pientibus:
595 4479 984 4536 Ineeniamus
997 4479 1314 4549 hominem,
1349 4493 1522 4552 quem
1547 4479 1890 4553 dirigamus

221 4567 800 4640 Dario,utpreparet
815 4581 878 4626 se
889 4568 950 4625 et
971 4567 1242 4626 exeatad
1251 4581 1357 4626 nos
1370 4570 1433 4626 in
1435 4583 1733 4642 pugnam.
1751 4572 1892 4628 Dor-

224 4657 410 4715 miens
427 4662 619 4715 autem
638 4657 739 4729 ibi,
755 4657 902 4716 vidit
919 4657 974 4714 in
999 4673 1222 4715 sommo
1237 4659 1609 4716 Hammonem
1632 4659 1803 4718 deum
1828 4661 1885 4716 in

221 4746 407 4804 forma
426 4745 642 4817 Hermi,
679 4750 1014 4818 portantem
1047 4746 1456 4804 dominicalem
1489 4748 1793 4806 clamidem
1823 4753 1883 4806 et

221 4833 653 4892 Macedonicam
670 4835 1156 4906 vestem,sibique
1171 4835 1885 4894 dicentesziliAlezan-

220 4923 342 4994 der,
350 4924 592 4994 quando
603 4937 836 4982 necesse
847 4925 938 4983 est
945 4925 1097 4996 adju
1103 4924 1217 4983 tori
1223 4939 1323 4981 um
1323 4927 1579 4998 paratus
1591 4940 1720 4983 eum
1731 4940 1881 4984 nun-

219 5012 388 5070 ciare
401 5011 532 5071 tibi.
554 5014 896 5086 Vide,quem
912 5015 1164 5073 missum
1179 5015 1445 5088 dirigere
1455 5016 1732 5072 colueris.
1757 5015 1884 5074 Sed

218 5099 352 5158 dico
367 5101 564 5159 tibiut
581 5103 806 5161 induas
801 5104 1077 5176 formam
1103 5103 1380 5174 meam,et
1401 5103 1468 5159 tu
1492 5104 1868 5162 oadasilluc.

218 5188 577 5250 Periculosa
586 5191 828 5264 quidem
837 5207 933 5250 res
947 5206 1002 5251 es
1011 5193 1050 5264 t,
1058 5193 1150 5251 ire
1157 5207 1262 5265 reg
1269 5206 1357 5249 em
1362 5206 1470 5265 per
1477 5193 1872 5264 missaticum,

217 5279 324 5338 sed
335 5279 489 5353 quia
503 5279 647 5340 deus
659 5281 826 5339 estin
836 5281 1213 5355 adjutorimn
1227 5280 1360 5353 tibi,
1379 5281 1614 5340 nullam
1623 5283 1878 5340 sustine-

1999 4483 2292 4541 Dominus
2318 4481 2702 4540 meussedens
2721 4481 2790 4540 in
2827 4481 3095 4540 convicio
3135 4482 3319 4540 donat
3347 4480 3649 4540 militibus

1997 4572 2128 4630 suis
2137 4572 2388 4630 uascula
2414 4570 2528 4628 illa
2539 4571 2608 4628 in
2618 4571 2837 4642 quibus
2876 4569 3098 4627 bibunt.
3112 4571 3280 4636 Quod
3291 4572 3348 4630 si
3361 4571 3507 4630 talis
3517 4584 3650 4629 con-

1996 4662 2243 4719 suetudo
2281 4659 2796 4732 nonestintercos,
2827 4659 3182 4718 reddovobis
3211 4660 3428 4718 omnia.
3455 4661 3517 4716 In
3536 4659 3647 4718 hoc

1997 4765 2197 4808 omnes
2228 4754 2563 4820 tacuerunt,
2589 4749 2922 4820 cogitantes
2945 4748 3250 4820 quodtalis
3279 4749 3645 4807 consuetudo

1995 4837 2570 4910 essetapudillos’“.
2601 4839 3052 4894 Unusautemex
3097 4837 3459 4910 principibus
3498 4836 3646 4896 mili-

1993 4927 2112 5000 tiae,
2139 4928 2230 4985 cui
2247 4941 2450 4986 nomen
2467 4926 2766 4998 Anepolis,
2801 4927 3089 4998 quondam
3102 4927 3316 4984 missus
3328 4926 3399 4983 ad
3415 4927 3644 5000 Pbylip—

1991 5034 2128 5092 pum
2147 5019 2383 5088 exigere
2399 5019 2470 5074 ab
2483 5033 2552 5074 eo
2565 5016 3128 5088 censum,vidittunc
3144 5016 3646 5087 Alexandrum,seo

1993 5109 2251 5179 deusque
2270 5122 2420 5164 nunc
2466 5107 2522 5162 in
2569 5107 2840 5163 convivio
2868 5123 2996 5164 eum
3021 5121 3092 5164 eo
3133 5107 3278 5164 facie
3309 5105 3379 5162 ad
3413 5104 3637 5176 faciem,

1991 5197 2242 5253 intuitus
2266 5195 2575 5252 estfaciem
2589 5194 2736 5266 ejus,
2753 5193 2931 5266 coepit
2945 5195 3208 5266 cogitare
3230 5195 3287 5252 in
3310 5193 3489 5252 corde
3503 5208 3640 5262 suo;

1987 5285 2197 5346 Nonne
2205 5285 2323 5344 iste
2334 5283 2480 5344 estA
2489 5283 2810 5343 leuander?
2830 5282 3184 5355 Intellegens
3196 5284 3348 5343 enim
3362 5297 3566 5343 vocem
3577 5286 3639 5343 et

1590 5389 1829 5446 VARIE
1869 5391 2270 5452 LECTIONES.

289 5484 388 5523 ²⁰⁶⁴
416 5485 600 5547 stadii
630 5501 670 5549 u
727 5501 758 5548 e
785 5501 936 5549 corr.
995 5495 1046 5549 1.
1079 5486 1148 5523 ὀτ
1189 5489 1284 5549 ita
1311 5492 1360 5544 1.
1401 5487 1471 5524 δοε
1520 5487 1684 5550 deest
1706 5491 1756 5548 1.
1787 5503 1891 5550 eos
1918 5495 1998 5552 9°.
