3992 6054
407 198 526 258 579

1563 188 2047 252 EKKEHARDI
2091 183 2666 250 URAUGIENSIS.

3695 188 3820 252 580

407 326 568 397 signa
600 325 775 397 illius,
811 325 1060 381 accessit
1094 324 1164 380 ad
1193 325 1447 394 Darium,
1481 329 1538 380 et
1572 323 1716 381 dixit
1744 341 1760 390 ;
1790 322 2056 393 Domine,
2090 321 2144 381 A
2174 319 2430 378 matrem
2456 319 2516 376 et
2541 331 2788 376 uxorem
2817 317 3094 390 acjllias,
3125 317 3184 374 et
3209 315 3486 377 dabotibi
3507 318 3818 382 thesauros

405 417 753 474 istemissus
794 414 1142 486 quemoides
1157 415 1387 485 ipseest
1410 413 1770 471 Alexander.
1809 415 2061 483 Cognos-

404 520 544 562 cens
568 510 762 560 autem
789 503 1118 560 Alexander
1138 505 1269 574 quia
1287 504 1679 574 loquebantur
1695 504 1766 558 de
1783 501 1882 558 illo
1907 505 1964 558 et
1989 501 2058 558 de

402 593 800 663 cognitioneej
814 608 898 660 us,
925 592 1112 648 exiliit
1139 593 1208 648 de
1235 592 1374 647 sede
1399 606 1523 660 sua,
1549 591 1881 661 tollensque
1911 591 2059 647 facu-

407 682 516 738 lam
541 683 612 737 de
658 697 827 737 manu
877 681 1176 750 cujusdam
1211 682 1406 736 Persae
1437 679 1694 735 tenentis
1739 695 1885 748 eam,
1921 682 2056 734 ante

405 783 662 826 mensam
697 769 852 840 regis
885 769 1174 840 percussit
1205 784 1357 838 eum,
1405 774 1464 822 et
1495 769 1813 824 ascendens
1842 782 2054 838 equum

408 859 570 914 abiit.
605 860 800 914 Persa:
835 872 972 912 vero
1030 857 1490 926 insequebantur
1521 871 1650 912 cum
1686 857 1893 912 armati
1924 870 2053 912 cum

404 947 558 1002 omni
594 946 926 1014 velocitate,
975 945 1077 1000 sed
1112 945 1236 1016 ipse
1287 946 1478 1000 ferens
1508 945 1562 999 in
1595 961 1765 1001 manu
1808 945 2052 1001 faculam

405 1036 727 1105 ardentem,
745 1035 936 1090 tenuit
963 1035 1332 1103 itcrrcctum,
1351 1034 1729 1104 insequentes
1754 1039 1946 1090 autem
1963 1049 2056 1090 ca-

405 1125 622 1180 debant
657 1124 712 1178 in
749 1124 974 1191 foveas;
1031 1130 1156 1180 erat
1187 1123 1338 1179 enim
1371 1125 1620 1179 obscura
1655 1139 1787 1179 nox.
1849 1123 2056 1181 Darius

401 1217 594 1269 autem
629 1212 840 1269 sedens
869 1213 923 1267 in
957 1212 1103 1268 solio
1137 1228 1260 1276 suo,
1292 1213 1436 1268 vidit
1463 1213 1688 1280 signum
1714 1213 2049 1284 infaustum,

405 1302 538 1373 quia
573 1301 788 1358 cecidit
821 1302 1028 1358 domus
1077 1302 1276 1357 Xersis
1308 1301 1466 1371 regis
1494 1308 1550 1356 et
1583 1306 1778 1358 statua
1811 1302 1957 1372 ejus,
1991 1305 2050 1358 et

403 1390 608 1446 doluit.
628 1390 958 1446 Alexander
977 1389 1172 1460 itaque
1187 1390 1424 1445 veniens
1445 1391 1514 1445 ad
1541 1390 1777 1446 ﬂuvium
1803 1391 2048 1460 Stragan

401 1479 658 1549 transiit,
696 1479 1012 1548 statimque
1044 1478 1366 1535 dissolutus
1389 1484 1478 1534 est
1502 1479 1732 1548 ﬂuvius,
1759 1485 2049 1536 mortuus-

399 1583 510 1639 que
533 1573 623 1624 cst
645 1567 910 1624 caballus
931 1569 1057 1638 ejus
1090 1573 1397 1638 antequam
1423 1568 1631 1637 exiret,
1663 1571 1718 1623 et
1745 1567 1882 1624 tulit
1913 1582 2044 1624 eum

2175 424 2323 483 quos
2349 409 2528 467 habeo
2540 411 2604 467 in
2620 409 2784 466 terra
2793 406 3079 465 Miniada
3091 407 3206 466 etS’
3211 409 3334 466 usis
3347 407 3817 485 etMactra,quos

2173 497 2742 556 tbesaurizacerunt
2768 496 2854 555 ibi
2882 497 3086 568 patres
3115 497 3306 555 nostri
3321 497 3531 557 subtus
3553 500 3734 572 terra,
3757 503 3824 559 et

2171 587 2536 644 constituam
2587 587 2642 643 te
2681 586 2984 642 dominum
3028 585 3352 643 Persarum
3396 587 3454 644 et
3475 588 3804 647 Medorum.

2175 676 2420 733 Cunctis
2444 675 2649 733 diebus
2674 675 2814 732 vitae
2844 674 2958 732 ture
2985 675 3105 732 esto
3133 674 3358 746 saluus,
3385 676 3444 734 et
3459 679 3815 737 concedatur

2171 764 2286 821 tibi
2306 765 2560 822 cictoria
2589 779 2628 820 a
2654 763 2813 820 Joce.

2239 851 2476 910 Relecta
2510 852 2615 908 hac
2639 851 2883 924 epistola
2907 851 2978 908 ab
3004 851 3356 924 Alexandro,
3394 869 3542 912 unus
3561 870 3633 912 ex
3656 856 3811 928 prin-

2167 941 2398 1012 cipibus
2417 942 2639 999 militiai
2672 941 3010 998 Parmenius
3041 941 3187 998 dixit
3223 961 3235 996 :
3277 943 3638 1015 Alexander,
3673 944 3813 1003 tolle

2169 1029 2278 1087 tibi
2291 1032 2534 1089 cunctas
2545 1031 2657 1089 bas
2671 1031 2945 1101 divitias,
2959 1030 3204 1088 etredde
3221 1031 3340 1090 sibi
3347 1047 3463 1105 pro
3489 1033 3709 1104 quibus
3718 1049 3812 1092 ro-

2159 1120 2287 1191 gat.
2313 1118 2413 1176 Cui
2437 1118 2795 1176 Alexander:
2807 1119 3021 1189 Miror,
3037 1121 3092 1178 si
3091 1121 3812 1193 perdatumcultDarius

2162 1211 2426 1282 recipere
2444 1211 2696 1266 matrem
2734 1211 2793 1266 et
2816 1223 3063 1268 uxorem
3087 1224 3159 1268 ac
3171 1211 3368 1282 ﬁlias.
3396 1211 3474 1269 Si
3499 1212 3693 1270 cicius
3721 1213 3813 1270 est

2162 1299 2605 1367 Darius,miclti
2617 1299 2824 1356 datum
2835 1313 2946 1356 non
2956 1299 3350 1370 promittat,si
3361 1301 3576 1358 iterum
3580 1315 3812 1372 pugna-

2159 1401 2226 1444 re
2244 1387 2497 1444 cotuerit
2511 1390 2570 1444 et
2600 1403 2706 1446 nos
2724 1388 2954 1459 uicerit,
2979 1389 3212 1445 utinam
3230 1389 3470 1446 sateare
3502 1392 3811 1448 taleamus

2159 1477 2385 1533 nosmet
2415 1479 2592 1547 ipsos,
2639 1477 2864 1548 quanto
2912 1479 3108 1550 magis
3132 1478 3203 1534 ut
3228 1485 3527 1536 teneamus
3553 1479 3810 1537 matrem

2161 1566 2290 1635 ejus
2321 1566 2378 1621 et
2404 1579 2648 1622 uxorem
2674 1579 2746 1623 ac
2761 1565 2958 1638 ﬁlias.

395 1657 640 1723 ﬂuvius;
669 1656 995 1712 Alexander
1019 1671 1157 1712 vero
1179 1656 1366 1712 cxiliit
1392 1657 1445 1711 in
1464 1656 1668 1728 ripam,
1689 1657 2044 1728 junctusque
2073 1680 2128 1740 Β
2231 1654 2457 1711 Dimisit
2493 1659 2684 1711 autem
2721 1653 2965 1726 legatos,
3001 1655 3333 1727 precipiens
3356 1655 3442 1711 eis
3470 1661 3534 1713 ut
3555 1657 3696 1713 talia
3721 1657 3806 1714 di-

399 1745 644 1817 principi
690 1761 858 1815 quem
913 1745 1255 1816 reliquerat,
1314 1761 1586 1802 reversus
1640 1751 1732 1801 est
1767 1745 1838 1802 ad
1871 1761 2039 1811 suos;

393 1840 862 1905 congregataque
895 1835 1046 1890 omni
1083 1834 1284 1890 militia
1310 1850 1436 1903 sua,
1462 1836 1729 1892 ascendit
1759 1836 1816 1891 in
1848 1836 2040 1892 locum

392 1923 854 1993 eminentiorem,
887 1928 947 1978 et
973 1924 1327 1980 confortavit
1359 1923 1577 1980 milites
1605 1940 1763 1994 suos,
1799 1923 2036 1982 dicens:

390 2011 718 2070 Multitudo
729 2011 935 2068 nostra
958 2026 1077 2068 non
1101 2014 1376 2083 tequatur
1401 2012 1782 2070 multitudini
1824 2015 2040 2072 Persa-

389 2115 543 2171 rum,
559 2100 665 2158 sed
672 2115 789 2157 non
801 2100 1105 2158 conturbet
1123 2115 1229 2158 nos
1239 2117 1297 2157 m
1305 2101 1480 2158 ultitu
1489 2102 1559 2157 do
1573 2101 1836 2172 illorum,
1855 2103 2040 2160 etiam

387 2190 442 2246 si
461 2189 875 2260 centupliciter
885 2192 1270 2262 augerentur,
1303 2192 1453 2262 quia
1473 2191 1873 2263 nonpreoalet
1884 2193 2035 2250 mul-

389 2277 933 2336 titudomuscarum
955 2279 1258 2350 paroitati
1278 2294 1610 2352 vesparum.
1657 2281 1765 2348 Qui
1795 2281 2034 2339 audien-

388 2372 479 2424 tes
511 2369 654 2440 haac,
688 2367 1072 2425 laudaveruut
1115 2385 1266 2426 eum.

455 2457 664 2514 Darius
696 2457 894 2528 itaque
925 2458 1099 2513 movit
1157 2459 1480 2516 exercitum
1513 2475 1683 2517 suum
1716 2460 1885 2518 valde
1918 2477 2035 2518 ma-

384 2561 580 2618 gnum,
601 2547 952 2618 transiitque
969 2547 1203 2604 ﬂuvium
1224 2551 1490 2619 Stragan,
1509 2555 1569 2606 ut
1593 2555 1876 2621 pugnaret
1901 2566 2031 2607 cum

383 2635 648 2692 exercitu
669 2635 998 2691 Alexandri.
1030 2637 1289 2692 Habebat
1313 2642 1506 2692 autem
1531 2654 1740 2694 currus
1764 2639 2028 2697 falcatos:

384 2725 521 2779 Cum
545 2726 738 2779 autem
762 2723 1021 2778 venisset
1075 2728 1319 2795 uterque
1341 2726 1641 2782 exercitus
1665 2727 1720 2781 in
1743 2743 2028 2800 campum,

382 2811 646 2868 ascendit
681 2811 1007 2867 Alexander
1063 2826 1274 2882 equum
1305 2814 1396 2869 cui
1439 2828 1644 2870 nomen
1701 2816 2028 2889 Bucefalus,

381 2904 438 2956 et
463 2900 627 2956 stetit
665 2899 717 2956 in
751 2900 939 2956 medio
971 2904 1105 2956 ante
1133 2915 1334 2957 omnes
1365 2903 1595 2959 Persas.
1623 2903 1901 2962 Videntes
1932 2921 2031 2962 au-

380 2994 496 3045 tem
529 3003 661 3045 eum
685 2993 898 3059 Persae,
921 2989 1245 3046 timuerunt
1277 2991 1360 3047 ire
1389 3006 1564 3063 super
1595 3007 1746 3063 eum,
1782 2994 1912 3064 quia
1946 2994 2030 3050 di-

377 3078 596 3135 vinitas
627 3079 890 3149 quaedam
917 3079 1294 3150 cooperiebat
1327 3095 1477 3137 eum.
1527 3082 1606 3151 (F.
1634 3084 1779 3150 208.)
1836 3083 2028 3140 Mixtis

377 3172 569 3226 autem
607 3169 875 3239 utrisque
901 3169 1188 3240 partibus,
1218 3171 1550 3241 pugnabant
1574 3171 1807 3242 acriter,
1836 3173 2030 3230 multi-

377 3272 487 3328 que
519 3258 830 3324 cadebant;
888 3259 991 3314 sed
1023 3274 1095 3313 ex
1127 3264 1294 3330 parte
1322 3259 1477 3315 Darii
1525 3259 1780 3330 plurimi.
1814 3262 2028 3320 Videns

376 3345 574 3418 itaque
608 3347 814 3403 Darius
867 3346 999 3418 quia
1035 3347 1198 3402 multi
1248 3347 1517 3404 ccci..ere
1550 3349 1621 3404 de
1655 3349 1800 3420 suis,
1831 3351 2023 3421 fugam

376 3434 535 3501 iniit;
591 3436 860 3506 fugerunt
891 3441 952 3491 et
979 3437 1192 3506 Persae,
1231 3436 1544 3494 multitudo
1573 3453 1711 3494 vero
1745 3454 2021 3497 curruum

375 3521 720 3581 falcatorum
757 3524 1048 3594 fugientes
1073 3525 1422 3580 occidebant
1453 3525 2022 3600 suos,jaccbantque

373 3612 528 3670 sicut
551 3612 828 3670 messisin
859 3628 1083 3686 campo.
1113 3613 1361 3669 Veniens
1381 3619 1574 3671 autem
1599 3615 1804 3673 Darius
1825 3617 1897 3672 ad
1923 3619 2024 3676 ﬂu-

371 3701 549 3771 vium,
581 3705 638 3757 et
673 3701 972 3758 inveniens
1029 3717 1159 3758 eum
1193 3702 1382 3759 adhuc
1412 3703 1803 3777 congelatum,
1865 3711 2022 3763 tran-

2159 1748 2360 1798 cerent
2392 1744 2584 1800 Dario.
2644 1744 2983 1816 Precipiens
3017 1745 3214 1815 itaque
3247 1743 3529 1802 militibus
3583 1745 3706 1804 suis
3738 1750 3802 1803 ut

2159 1835 2422 1888 mortuos
2445 1832 2766 1904 sepelirent
2786 1838 2846 1890 et
2867 1832 3190 1890 vulneratis
3221 1833 3560 1891 medicinam
3585 1833 3803 1907 impen-

2156 1920 2385 1991 derent,
2419 1920 2754 1992 aliquantos
2803 1921 2928 1979 dies
2959 1921 3230 1978 hiemavit
3262 1921 3361 1992 ibi,
3398 1922 3614 1979 faciens
3641 1922 3804 1980 obla-

2152 2010 2370 2066 tionem
2395 2009 2509 2066 diis
2528 2011 2680 2078 suis;
2716 2011 3095 2082 precepitque
3125 2010 3410 2067 militibus
3437 2011 3558 2068 suis
3587 2019 3652 2068 ut
3674 2010 3802 2084 pul-

2150 2099 2436 2156 cherrima
2461 2098 2677 2172 palatia
2697 2100 2894 2157 Xersis
2911 2101 3064 2169 regis
3076 2101 3516 2156 comburerent:
3543 2098 3647 2157 sed
3666 2115 3801 2172 pau-

2151 2187 2332 2246 lulum
2358 2189 2701 2260 pmnitentia
2733 2189 3145 2260 ductusjussit
3169 2193 3231 2245 ut
3251 2189 3360 2246 hoc
3383 2204 3494 2246 non
3520 2190 3794 2247 fecerent.

2149 2279 2326 2334 Erant
2351 2282 2545 2335 autem
2571 2279 2624 2334 in
2651 2278 2875 2335 hisdem
2902 2278 3046 2335 locis
3077 2277 3386 2350 sepulchra
3411 2283 3794 2350 mortuorum,

2151 2381 2279 2438 quas
2303 2367 2610 2438 fodientes,
2638 2368 2986 2424 invenerunt
3017 2381 3153 2424 vasa
3187 2381 3364 2424 aurea
3386 2372 3444 2424 et
3494 2371 3793 2438 argentea,

2147 2455 2494 2512 invenerunt
2519 2457 2693 2512 etiam
2731 2456 3102 2528 sepulchrum
3127 2455 3480 2527 olivitreum,
3515 2457 3586 2512 de
3617 2471 3732 2528 quo
3761 2471 3794 2512 a

2148 2544 2289 2600 foris
2317 2547 2636 2616 apparebat
2661 2560 2876 2618 corpus
2898 2545 3149 2602 hominis
3168 2543 3437 2617 etcapilli
3461 2545 3604 2615 ejus.
3632 2546 3796 2602 [nve-

2147 2639 2355 2690 nerunt
2382 2649 2614 2705 quoque
2641 2635 2719 2690 ibi
2745 2634 2974 2704 turrim,
3009 2634 3064 2690 in
3093 2634 3660 2706 quamultitruncati
3693 2633 3796 2691 ho-

2145 2723 2351 2794 mines,
2379 2722 2476 2778 alii
2507 2739 2647 2780 vero
2675 2729 2844 2779 erant
2881 2723 2958 2778 ibi
2983 2723 3036 2779 in
3061 2722 3352 2794 custodia,
3387 2724 3486 2794 qui
3507 2721 3794 2780 clamave-

2145 2816 2280 2866 runt
2304 2811 2373 2867 ad
2402 2811 2812 2884 Alexandrum,
2840 2811 3296 2869 misericordLam
3320 2811 3710 2884 postulantes,
3727 2814 3791 2868 ut

2144 2899 2425 2955 liberaret
2447 2915 2565 2956 eos.
2593 2903 2720 2972 Ipsa
2755 2915 2892 2957 vero
2938 2899 3204 2957 custodia
3227 2903 3353 2956 erat
3378 2900 3644 2972 pessima.
3682 2899 3791 2966 Qui

2137 2987 2445 3058 jussitcos
2477 2987 2741 3046 abstrahi
2774 2988 2844 3046 de
2879 2989 3004 3061 ipsa
3033 2987 3324 3060 custodia,
3357 2995 3416 3045 et
3439 2989 3642 3046 videns
3663 3003 3787 3060 eos,

2143 3076 2331 3134 doluit
2345 3085 2404 3134 et
2418 3077 2934 3150 ploravit,precepi
2947 3084 3082 3150 tque
3095 3077 3344 3148 singulis
3361 3078 3500 3134 dare
3515 3077 3790 3149 dragmas

2142 3165 2320 3237 mille,
2354 3167 2675 3223 restituens
2707 3166 2824 3223 illis
2853 3167 3250 3240 proprietates
3271 3181 3426 3224 suas.

2212 3257 2366 3310 inter
2385 3255 2507 3312 haec
2535 3255 2868 3326 preparavit
2892 3271 2952 3312 se
2973 3256 3180 3313 Darius
3203 3257 3394 3312 denuo
3415 3255 3486 3312 ad
3514 3271 3783 3328 pugnam,

2140 3343 2498 3414 scripsitque
2531 3344 2841 3414 epistolam
2871 3343 2940 3400 ad
2974 3347 3186 3403 Porum
3220 3359 3412 3415 regem
3435 3345 3785 3402 Indorumin

2136 3431 2259 3488 haec
2283 3433 2458 3489 verba
2485 3453 2497 3488 :
2523 3435 2755 3490 Darius
2773 3448 2885 3490 rex
2897 3449 3106 3506 regum
3130 3435 3262 3504 regi
3292 3435 3446 3492 Poro
3459 3435 3780 3506 gaudium.

2133 3521 2339 3591 Nuper
2366 3522 2584 3592 scripsi
2597 3521 2678 3578 ad
2707 3522 2762 3578 te
2783 3522 3146 3594 deprecando
3173 3523 3481 3595 utfaceres
3493 3521 3658 3580 nobis
3687 3523 3787 3580 ad-

2121 3603 2423 3678 jutorium
2439 3611 2645 3666 contra
2657 3610 2796 3668 illos
2807 3613 2914 3683 qui
2926 3612 3124 3669 conati
3135 3611 3280 3668 sunt
3297 3611 3596 3684 dissipare
3611 3613 3786 3685 pala-

2137 3696 2287 3753 tium
2315 3697 2600 3768 nostrum,
2615 3701 2767 3769 quia
2783 3699 2904 3756 Ιιιεσ
2921 3699 3130 3770 bestia,
3146 3693 3278 3771 quae
3295 3701 3643 3770 cenitsuper
3653 3714 3778 3772 nos,

372 3790 504 3858 siit;
529 3791 631 3847 sed
647 3791 912 3862 sequenti
935 3791 1308 3848 multitudine
1327 3793 1714 3865 ingrediente,
1734 3795 2019 3855 dissoluta
2117 3785 2388 3859 ferocem
2406 3786 2855 3860 babetmentem,
2889 3789 2948 3845 et
2975 3790 3192 3846 aestuat
3215 3790 3597 3860 animusajus
3623 3789 3790 3846 sicut

259 3871 286 3892 ⁸
370 3886 462 3937 est
482 3880 720 3952 glacies,
753 3885 810 3937 et
847 3880 1080 3952 plurimi
1115 3881 1514 3947 mortuisunt;
1550 3883 1647 3954 qui
1673 3899 1810 3941 vero
1832 3886 2020 3958 ingre-

370 3968 427 4025 di
462 3983 573 4026 non
609 3973 896 4042 poterant,
950 3984 1052 4026 eos
1085 3969 1460 4041 insequentes
1493 3972 1836 4030 Macedones
1868 3977 2020 4033 occi-

367 4057 601 4114 debant.
638 4058 1021 4128 Fugitautein
1045 4059 1270 4129 Darius,
1320 4065 1380 4116 et
1403 4060 1700 4131 ingressus
1733 4064 2015 4134 palutium

364 4162 552 4218 suum,
599 4149 920 4218 prostravit
954 4161 1017 4203 se
1050 4162 1228 4219 super
1259 4149 1460 4206 faciem
1493 4165 1656 4207 suam
1691 4153 1745 4208 in
1774 4157 2012 4228 terram,

361 4249 433 4292 ex
454 4235 690 4307 altoque
704 4241 939 4308 pectore
955 4236 1099 4293 dura
1125 4238 1362 4294 trahens
1376 4239 1648 4311 suspiria,
1668 4240 1817 4297 dixit
1843 4261 1855 4297 :
1879 4231 2018 4302 Heu

361 4337 472 4394 me,
497 4324 729 4395 quanta
746 4324 1061 4382 tribulatio
1083 4326 1478 4397 apprehendit
1497 4329 1836 4400 Persidam,
1863 4331 2016 4403 quia

2134 3876 2444 3948 tempestas
2473 3876 2684 3934 maris.
2719 3877 2798 3947 (F.
2835 3879 2984 3949 209.)
3037 3877 3547 3948 Voluirecoltigere
3566 3877 3641 3935 ab
3670 3879 3781 3936 illo

2129 3966 2382 4022 matrem
2398 3965 2457 4022 et
2478 3979 2723 4023 uxorem
2745 3965 2804 4023 et
2816 3967 2996 4038 ﬁlias
3016 3967 3077 4024 et
3099 3966 3313 4046 oferre
3332 3967 3432 4024 illi
3449 3981 3698 4025 munera
3724 3967 3786 4024 et

2128 4053 2728 4126 noluttacquiescere.
2752 4055 2927 4112 Nunc
2937 4054 3782 4127 ceroquamcissinecolunta-

2131 4143 2324 4200 temea
2333 4143 2609 4216 pugnabo
2621 4145 2840 4202 iterum
2850 4158 2982 4202 cum
2998 4145 3781 4217 eo,congregatisquegenti-

2130 4229 2236 4288 bus
2247 4233 2457 4290 multis
2471 4231 2704 4290 certabo
2720 4247 2903 4304 usque
2914 4233 2998 4290 ad
3003 4233 3266 4305 mortem,
3292 4235 3442 4306 quia
3450 4232 3667 4292 melius
3691 4233 3786 4292 est

2125 4319 2312 4377 michi
2321 4322 2474 4378 mori
2487 4322 2552 4378 in
2575 4320 2741 4393 bello,
2767 4335 2952 4393 quam
2962 4321 3162 4380 cidere
3174 4322 3594 4380 desolationem
3604 4323 3781 4394 regni

367 4412 728 4470 humiiatus
741 4413 834 4469 est
853 4412 1105 4484 Darius,
1121 4415 1229 4486 qui
1263 4414 1886 4490 subjugacitatquein
1907 4436 2016 4491 po-

2149 4409 2391 4480 !tgentis
2408 4423 2564 4468 mea.
2605 4410 3072 4484 Congregamini
3097 4425 3233 4483 ergo
3255 4412 3315 4468 et
3337 4411 3558 4483 parate
3571 4425 3671 4470 eos
3696 4411 3782 4469 ad

369 4500 620 4558 tentiam
629 4501 1044 4574 suamredegit
1068 4503 1504 4575 multasgentes
1514 4513 1536 4561 ,ι
1547 4508 1624 4563 In
1629 4510 1846 4578 puncto
1867 4511 2014 4568 arti-

363 4589 487 4647 culi
497 4591 680 4648 unius
691 4590 1204 4664 dieiecenit,quod
1213 4592 1472 4652 humiles
1483 4596 2012 4670 exaltentursuper

359 4678 565 4748 nubes,
583 4678 934 4738 etsubtimes
945 4680 1340 4741 humitientur
1349 4698 1539 4755 usque
1550 4685 2011 4745 deorsumDein-

363 4769 436 4825 de
456 4769 690 4839 erigens
709 4783 773 4826 se
797 4773 858 4826 et
876 4768 930 4825 in
951 4784 1185 4828 sensum
1207 4787 1374 4829 suum
1401 4773 1652 4851 rediens,
1673 4775 1912 4848 scripsit
1935 4778 2008 4835 ad

366 4856 756 4932 Alexandrum
787 4858 1094 4932 epistolam
1126 4861 1457 4932 hujusmodi
1494 4881 1507 4916 :

428 4931 783 4988 Dariusrezc
794 4931 1118 4988 dominator
1134 4931 1291 4990 imeo
1324 4933 1998 5008 Alexandrogaudium.

354 5017 717 5077 Recordetur
730 5020 836 5077 tua
847 5021 1179 5092 clementia,
1195 5023 1346 5092 quia
1356 5023 1415 5079 et
1426 5023 1489 5080 tu
1500 5023 1667 5082 homo
1678 5039 1758 5092 es;
1772 5029 2011 5100 sufﬁcit

353 5117 549 5164 autem
563 5107 789 5166 homini
800 5109 869 5166 in
879 5124 996 5182 quo
1021 5113 1325 5183 sap.entia
1339 5113 1445 5186 est,
1458 5126 1590 5171 cum
1610 5115 1894 5174 [tabuerit
1916 5119 2007 5176 ci-

353 5195 624 5265 ctoriam,
647 5199 723 5256 ut
735 5213 852 5256 non
867 5199 1128 5258 elecetur
1149 5201 1410 5275 amplius
1429 5218 1591 5262 mens
1608 5207 1740 5280 ejus
1752 5250 1766 5264 .
1795 5208 2006 5265 Recor-

356 5284 505 5342 dare
539 5286 734 5359 igitur
769 5290 921 5360 quia
961 5305 1222 5362 superna
1259 5293 1554 5354 divinitas
1580 5298 1868 5355 concessit
1895 5295 2008 5356 tibi

358 5372 1086 5450 hanccictoriam,etquia
1093 5383 1573 5458 refugiumfacio
1584 5385 1668 5444 ad
1679 5387 1733 5444 te
1747 5403 1761 5454 ;
1785 5387 2007 5460 impen-

357 5461 429 5520 de
448 5463 640 5524 mic/ti
657 5467 1172 5541 misericordiam;
1181 5473 1302 5532 scis
1320 5475 1478 5532 enim
1495 5489 1603 5535 nos
1621 5476 2006 5550 nostramque

359 5551 754 5616 natiuitatem
794 5557 979 5632 atque
1012 5562 1532 5638 magnitudinem;
1563 5566 1808 5627 concede
1841 5565 2013 5629 nobis

2122 4500 2328 4571 portas
2345 4501 2618 4573 Caspias.
2640 4501 2922 4560 Omnibus
2947 4503 3056 4574 qui
3068 4502 3649 4560 cobiscumcenerint
3670 4503 3777 4560 da-

2125 4589 2251 4645 tum
2265 4589 2434 4658 dabo,
2459 4591 2790 4662 unicuique
2801 4591 2998 4663 pediti
2992 4606 3108 4664 per
3117 4591 3391 4664 singulos
3400 4604 3625 4650 menses
3635 4590 3775 4650 soli-

2123 4677 2376 4748 dostres,
2409 4677 2604 4751 equiti
2638 4693 2774 4738 vero
2800 4681 3086 4753 quinque,
3121 4683 3182 4738 et
3213 4679 3780 4740 cibariaillorumet

2119 4780 2502 4842 quacumque
2512 4769 2851 4828 necessaria
2874 4768 3298 4842 tribuamiltis,
3334 4769 3625 4842 despoliis
3635 4783 3772 4828 vero

2117 4857 2489 4930 captivorum
2505 4857 2880 4916 medietatem
2902 4858 3176 4918 dabimus
3189 4858 3322 4930 tibi,
3339 4858 3610 4917 caballus
3628 4872 3773 4930 quo-

2117 4958 2234 5016 que
2241 4945 2575 5018 Bucefalus
2587 4946 2648 5002 et
2661 4947 2977 5018 imperiale
2984 4949 3411 5021 paramentum
3429 4950 3476 5004 A
3487 4947 3774 5018 lenandri

2117 5034 2286 5092 tuum
2297 5035 2398 5106 sit,
2415 5036 2474 5092 et
2487 5035 2842 5108 ubicumque
2852 5037 3235 5109 applicueris,
3253 5035 3401 5095 dabo
3414 5035 3526 5094 tibi
3535 5037 3772 5096 centum

2118 5124 2176 5180 et
2185 5123 2845 5195 octogintajucenculas
2859 5139 2990 5183 cum
3002 5127 3370 5184 ornamentis
3381 5139 3606 5185 earum.
3617 5126 3771 5186 Cum

2116 5214 2416 5286 acceperis
2442 5214 2755 5286 epistolam
2777 5213 2952 5286 hanc,
2961 5216 3205 5289 festina
3220 5216 3440 5274 venire.

2187 5303 2460 5360 Homines
2491 5317 2630 5360 vero
2658 5303 2813 5360 Darii
2877 5303 3166 5374 fugientes
3220 5304 3291 5362 ad
3346 5303 3762 5379 Alexandrum,

2117 5391 2540 5450 nunciaverunt
2577 5391 2629 5449 ei
2662 5391 2851 5450 omnia
2893 5391 3037 5450 ιιεξιο.
3064 5392 3172 5460 Qui
3200 5393 3446 5452 audiens
3475 5393 3601 5454 haec
3630 5405 3768 5467 pre-

2115 5482 2346 5554 paravit
2364 5495 2448 5552 se,
2477 5485 2540 5539 et
2561 5481 2712 5540 dixit
2740 5481 3010 5542 omnibus
3037 5487 3101 5540 ut
3132 5481 3294 5543 nullo
3324 5483 3498 5543 modo
3525 5497 3766 5546 vocares

2111 5574 2212 5630 tur
2267 5570 2606 5649 imperator,
2652 5570 2702 5631 si
2751 5585 2994 5649 regnum
3035 5571 3194 5634 Darii
3231 5585 3346 5635 non
3375 5571 3720 5666 eptinuiaset
