3986 6048
353 214 472 279 587

1507 202 1986 269 EKKEHARDI
2026 172 2578 271 URAUGIENSIS

3630 202 3756 264 588

359 337 1994 416 litudinepersensit,muriobiceposterioratutatuscon-
2024 335 2077 395 A
2108 338 2219 403 ret,
2252 335 2325 390 ad
2357 335 2555 391 urbem
2590 334 2896 407 quandam,
2927 332 3020 391 cui
3053 332 3290 391 Ambira
3338 346 3442 387 rex
3486 334 3752 403 preerat,

360 433 576 490 trarios
595 432 826 489 facilius
843 443 913 485 eo
951 442 1137 499 usque
1168 427 1663 497 sustinuit,doncc
1711 422 1996 495 perfossis

359 523 543 579 muris
565 520 755 577 omnis
784 517 1083 575 exercitus
1106 515 1452 586 ingreditur.
1489 516 1547 568 In
1578 528 1645 568 eo
1682 510 1881 583 praelio
1910 525 1999 566 sa-

355 611 506 681 gitta
539 611 647 667 sub
676 621 917 664 mamma
944 605 1249 674 trajectus,
1286 604 1399 659 ﬁxo
1447 616 1598 672 genu
1621 604 1863 656 eatenus
1897 615 1999 670 pu-

355 697 579 769 gnavit,
612 695 795 753 donec
819 709 970 764 eum,
1007 709 1035 748 a
1057 708 1171 763 quo
1186 690 1529 749 vulneratus
1546 694 1657 759 est,
1675 686 1992 744 occideret.

359 784 848 843 Indeconscensis
863 782 1110 838 navibus
1140 796 1270 837 cum
1285 778 1486 835 oceani
1519 777 1692 833 litora
1729 789 1997 847 peragra-

2110 423 2393 494 pervenit,
2411 424 2513 480 sed
2540 424 2594 479 in
2609 421 3315 495 expugnationecivitatis
3338 434 3599 489 magnam
3626 434 3761 490 par-

2107 515 2223 567 tem
2249 518 2549 568 exercntus
2567 514 2800 582 sagittis
2816 513 3071 569 hostium
3094 525 3316 567 veneno
3341 510 3508 565 illitis
3531 509 3756 573 amisit;

2108 602 2166 653 at
2196 603 2330 670 post
2359 601 2534 655 herba
2564 616 2672 671 per
2693 600 2976 657 somnium
2990 600 3100 656 sibi
3126 603 3363 655 ostensa
3382 598 3522 653 etin
3549 601 3759 669 potum

2109 686 2323 742 sauciis
2354 687 2508 758 data,
2544 703 2675 744 cum
2709 687 3396 759 reliquissubveniretur,
3432 687 3639 742 urbem
3654 700 3759 742 ex-

2108 775 2408 844 pugnavit.

923 880 1029 940 DE
1073 875 1607 939 MIRABILIBUS
1651 873 1870 944 QUAS
1913 870 2421 933 ALEXANDER
2462 874 2783 935 VIDISSE
2828 874 3177 933 DICITUR.

430 981 491 1036 In
523 979 613 1036 bis
642 993 782 1048 ergo
805 976 1114 1032 itineribus
1144 989 1270 1045 qua:
1302 977 1358 1028 et
1376 977 1587 1043 quanta
1611 969 1917 1043 pertulerit
1935 973 1994 1024 et

359 1083 529 1140 quam
561 1065 819 1122 miranda
843 1062 1420 1136 conspexerit,.ipse,
1449 1065 1509 1117 ut
1546 1062 1753 1129 fertur,
1778 1058 1845 1114 ad
1881 1072 1996 1112 ma-

357 1160 504 1211 trem
526 1168 687 1209 suam
712 1151 1108 1223 Olympiadem
1124 1150 1539 1218 etmagistrum
1580 1162 1747 1202 suum
1772 1144 1997 1201 Aristo-

357 1242 517 1298 tilem
551 1240 778 1309 scribit,
800 1239 870 1295 de
895 1238 1112 1309 quibus
1127 1237 1317 1307 aliqua
1334 1236 1408 1291 ob
1432 1233 1880 1291 delectationem
1901 1246 1999 1286 no-

355 1330 510 1386 ticia
540 1343 733 1385 rerum
791 1326 1144 1383 mirabilium
1165 1325 1483 1381 breviando
1527 1320 1994 1394 perstringimus,

357 1420 619 1474 ceterum
632 1416 940 1472 veritatem
957 1415 1213 1485 ipsarum
1230 1411 1656 1481 rerumjudicio
1681 1407 1997 1479 legentium

357 1503 759 1574 relinquimus.
788 1502 972 1572 (Hist.
999 1502 1170 1559 Alex.
1192 1503 1248 1555 C.
1274 1501 1468 1555 Bamb.
1498 1500 1534 1554 Γ.
1587 1500 1737 1569 216.)
1780 1494 1997 1551 Scribit

358 1593 553 1663 itaque
579 1592 649 1647 ad
683 1594 925 1647 matrem
951 1604 1134 1659 suam,
1168 1589 1299 1659 quia
1329 1602 1460 1644 cum
1493 1586 1680 1642 adhuc
1728 1585 1785 1639 in
1819 1583 1999 1654 Baby-

358 1679 513 1736 lonia
545 1680 887 1750 priusquam
909 1676 1295 1747 egrederetur
1328 1675 1399 1731 de
1437 1678 1595 1730 terra
1620 1672 1739 1743 illa,
1766 1679 1892 1727 erat
1919 1672 1995 1726 ibi

357 1768 568 1824 mulier
582 1769 865 1838 quaedam,
892 1781 1019 1837 quae
1034 1765 1265 1836 peperit
1288 1764 1489 1832 filium,
1512 1763 1608 1832 qui
1629 1763 1700 1817 ab
1726 1760 1999 1817 umbilico

350 1850 418 1912 et
448 1871 680 1913 sursum
707 1860 835 1911 erat
863 1858 926 1911 ut
953 1855 1140 1920 homo,
1168 1854 1439 1909 deorsum
1464 1858 1657 1907 autem
1677 1853 1805 1906 erat
1829 1853 1889 1905 ut
1907 1851 2001 1904 be-

356 1944 469 2000 stia
501 1944 942 2000 similitudinem
966 1942 1187 1999 habens
1209 1942 1388 1998 canis.
1434 1940 1541 2006 Qui
1582 1954 1711 1995 cum
1746 1938 2001 2010 peperis-

357 2038 469 2103 set,
528 2032 829 2103 cooperuit
862 2045 993 2087 eum
1017 2030 1376 2100 adduxitquc
1450 2027 1778 2084 Alexandro
1853 2027 1996 2098 regi,

358 2120 638 2177 mandans
652 2120 725 2190 ei,
745 2119 1298 2176 utliceretsibicum
1321 2134 1390 2174 eo
1426 2122 1655 2173 secrete
1675 2115 1999 2185 loqui.Quaa

358 2225 489 2266 cum
512 2209 1052 2266 vocataveniretait
1078 2207 1259 2273 ;Jube
1271 2222 1465 2265 omnes
1487 2207 1673 2276 excire,
1715 2206 2002 2262 secretum

358 2296 542 2354 habeo
555 2297 827 2355 indicare
839 2296 1258 2354 tibi.0mnibus
1270 2311 1409 2366 ergo
1424 2294 1857 2363 recedentibus,
1888 2292 1997 2348 dis-

357 2385 702 2457 cooperiens
735 2384 1081 2441 infantulum
1108 2384 1455 2441 monstravit
1499 2383 1571 2439 ei.
1600 2382 1778 2449 Quem
1793 2382 1998 2438 videns

359 2473 738 2544 rex,miratus
751 2477 863 2543 est,
888 2488 1032 2529 voca
1062 2470 1852 2543 toqueariolo,interrogavit
1868 2484 1995 2524 eum

360 2561 495 2631 quid
537 2561 644 2617 boc
666 2561 1065 2631 portenderet.
1109 2559 1737 2631 Quisuspiransdixit:
1775 2559 1820 2614 0
1867 2569 1996 2626 rex,

359 2646 1104 2721 appropinquabittempus
1118 2648 1380 2718 tuum,ut
1389 2661 1565 2704 exeas
1580 2647 1649 2701 de
1661 2646 1768 2702 hoc
1782 2645 1994 2701 seculo.

359 2736 653 2794 Medietas
665 2737 946 2807 corporis,
962 2750 1093 2806 qua
1106 2734 1285 2791 habet
1297 2736 1596 2807 aspectum
1624 2735 1903 2803 hominis,
1936 2733 2001 2788 tu

362 2838 442 2894 es,
460 2838 606 2894 pars
634 2824 833 2887 autem
847 2837 1021 2880 versa
1036 2824 1102 2880 in
1116 2822 1363 2880 bestiam
1407 2823 1672 2880 homines
1713 2823 1859 2880 sunt
1891 2822 2001 2892 qui

350 2912 493 2984 post
508 2912 821 2968 tecenient.
848 2911 1101 2968 Audiens
1116 2913 1239 2967 haac
1253 2911 1603 2981 Alexander,
1619 2910 1813 2966 tristis
1832 2908 2001 2966 efi‘ec-

2030 1638 2080 1697 Β

2105 982 2238 1025 area
2262 974 2319 1024 et
2360 985 2518 1026 mare
2542 972 2695 1027 sicut
2725 972 2902 1027 draco
2929 985 3144 1040 gyrans
3192 984 3337 1026 eam.
3374 970 3575 1026 Divina
3610 985 3755 1027 vero

2105 1057 2298 1114 virtus
2331 1059 2689 1115 obumbrans
2710 1060 2948 1131 griphes
2968 1058 3201 1129 dejecit,
3235 1073 3338 1115 eos
3368 1060 3424 1113 in
3447 1063 3671 1114 terram
3696 1060 3756 1115 in

2107 1146 2237 1202 loco
2266 1148 2581 1219 campestri
2606 1148 2776 1218 longe
2799 1150 2871 1204 ab
2891 1149 3156 1204 exercitu
3179 1147 3389 1203 itinere
3414 1148 3644 1203 dierum
3658 1148 3761 1203 de-

2108 1250 2232 1291 cem
2263 1235 2511 1300 ;nullam
2538 1240 2729 1292 tamen
2751 1236 3025 1291 lesiouem
3042 1235 3327 1291 sustinuit
3350 1236 3683 1291 Alexander
3700 1236 3759 1291 in

2108 1321 2539 1391 cancellisillis,
2570 1339 2699 1379 cum
2723 1324 2856 1379 forti
2890 1339 3028 1379 vero
3053 1323 3322 1392 angustia
3367 1323 3607 1392 junctus
3663 1328 3760 1378 est

2112 1410 2396 1466 militibus
2427 1411 2755 1476 suis.Quem
2788 1412 3058 1467 videntes
3090 1411 3274 1465 laetati
3330 1415 3485 1479 sunt,
3532 1409 3761 1467 collau-

2111 1498 2318 1555 dantes
2348 1501 2720 1555 eum.Iterum
2738 1500 2897 1555 venit
2921 1499 2974 1554 in
3005 1514 3104 1555 cor
3128 1500 3274 1569 ejus,
3294 1502 3355 1554 ut
3382 1504 3760 1554 mensuraret

2111 1587 2460 1657 profundum
2493 1588 2685 1656 maris,
2720 1589 3063 1657 vocavitque
3092 1585 3419 1656 astrologos
3436 1591 3494 1641 et
3522 1600 3762 1655 geome-

2110 1674 2316 1745 tricos,
2349 1676 2684 1746 precipiens
2706 1676 2792 1732 eis
2812 1681 2877 1731 ut
2894 1677 3153 1732 facerent
3177 1674 3285 1730 sibi
3309 1674 3609 1731 vasculum
3633 1675 3757 1730 tale

2114 1763 2169 1818 in
2200 1777 2312 1833 quo
2340 1770 2539 1834 posset
2562 1764 2617 1818 in
2676 1764 3026 1835 profundum
3070 1763 3244 1819 maris
3290 1763 3652 1819 descendere
3694 1769 3757 1819 et

2114 1851 2543 1922 mirabiliaquae
2568 1852 2646 1907 ibi
2672 1856 2806 1908 sunt
2852 1852 3204 1924 perspicere.
3253 1852 3359 1916 Qui
3421 1851 3752 1907 dixerunt:

2112 1941 2257 1997 Fiat
2283 1940 2812 1998 aoliusolocitreus
2826 1942 2885 1997 et
2900 1942 3121 2012 ligetur
3161 1941 3407 2009 catenis,
3438 1941 3499 1996 et
3537 1940 3767 2011 regant

2111 2042 2241 2085 eum
2267 2030 2493 2086 milites
2487 2028 2826 2100 fortissimi
2842 2028 3311 2109 insubmittendo
3333 2028 3751 2084 etreducendo.

2114 2118 2231 2172 lloc
2263 2117 2465 2172 audito
2500 2117 2847 2185 Alexander,
2880 2117 3141 2189 precepit
3189 2116 3326 2171 talia
3357 2116 3504 2178 ﬁeri.
3539 2121 3597 2171 et
3649 2114 3755 2171 tali

2112 2206 2282 2271 modo
2316 2206 2662 2277 perquirens
2689 2205 3036 2277 profundum
3084 2205 3281 2274 maris,
3314 2204 3459 2259 vidit
3488 2204 3756 2260 diversas

2115 2294 2330 2364 ﬁguras
2345 2293 2827 2350 diversicolorum
2848 2293 3090 2364 piscium
3114 2297 3172 2348 et
3189 2293 3356 2363 quasi
3380 2293 3756 2348 terrestrium

2111 2381 2441 2437 animalium
2471 2381 2819 2452 profundum
2847 2381 3022 2438 maris
3053 2381 3493 2451 ambulantium,
3544 2379 3757 2437 multa-

2112 2485 2222 2539 que
2257 2485 2383 2540 quae
2418 2470 2531 2525 dici
2567 2485 2680 2525 non
2715 2474 2985 2541 possunt.

2183 2558 2315 2629 (Ep.
2333 2558 2415 2614 ad
2444 2558 2774 2615 Arist.Cod.
2802 2558 2996 2613 Bamb.
3034 2558 3070 2612 Γ.
3093 2556 3261 2629 228’.)
3297 2558 3615 2628 Postquam
3656 2571 3759 2613 au-

2111 2650 2225 2700 tem
2249 2646 2408 2700 venit
2432 2646 2486 2700 in
2518 2646 2816 2701 Persidam
2839 2650 2896 2700 et
2931 2646 3225 2700 interfecit
3266 2646 3501 2701 Darium
3553 2659 3755 2715 regem

2110 2748 2303 2789 mense
2333 2734 2496 2803 Maio,
2527 2738 2588 2789 ut
2614 2734 2735 2805 ipso
2759 2733 3040 2803 magistro
3074 2748 3180 2790 suo
3202 2733 3503 2789 Aristoteli
3520 2733 3752 2801 scribit,

2111 2821 2441 2892 subjugavit
2473 2823 2580 2877 sibi
2610 2837 2834 2877 omnem
2895 2827 3113 2877 terram
3163 2821 3344 2893 illius,
3378 2825 3433 2878 et
3469 2822 3664 2893 posuit
3698 2822 3756 2877 in

2111 2910 2426 2981 provinciis
2450 2910 2694 2966 orientis
2716 2925 2854 2966 suos
2885 2910 3221 2980 honoratos,
3247 2914 3304 2965 et
3366 2910 3578 2966 divites
3612 2911 3753 2967 facti

360 3004 585 3071 tusest,
610 3004 668 3056 et
699 2999 886 3055 dixit:
919 3002 964 3057 0
989 3001 1291 3073 Juppiter,
1327 3000 1590 3071 oportuit
1641 2999 1882 3070 quidem
1933 2983 2079 3055 utC
2112 3003 2249 3054 sunt
2278 3013 2494 3054 omnes.
2527 3000 2717 3054 Mense
2742 3003 2934 3054 autem
2966 2998 3119 3054 Julio
3145 2998 3471 3068 deficiente,
3505 2998 3663 3055 venit
3699 2998 3758 3054 in

358 3088 487 3147 dies
504 3088 699 3146 obitus
722 3089 839 3145 mei
868 3090 936 3145 in
950 3103 1105 3161 pace
1121 3089 1433 3160 ﬁniretur,
1462 3088 1536 3145 ut
1559 3086 1666 3145 hoc
1696 3086 1856 3158 quod
1862 3099 2000 3158 pro-

354 3178 529 3248 posui
538 3178 947 3249 perﬁceretur,
976 3177 1081 3234 sed
1099 3178 1249 3248 quia
1272 3177 1384 3233 tibi
1399 3177 1490 3234 sic
1502 3176 1726 3249 placet,
1768 3176 2003 3246 suscipe

358 3278 452 3320 me
482 3265 671 3322 tecum
697 3264 1110 3321 immortalem.

432 3351 513 3421 (F.
547 3353 698 3424 217.)
733 3352 1070 3408 Coadunato
1101 3356 1295 3407 autem
1329 3351 1543 3423 p0pulo
1576 3366 1702 3422 suo,
1761 3350 2004 3420 exiit,et

360 3439 518 3496 venit
554 3439 627 3495 ad
659 3438 958 3495 columnas
990 3438 1261 3509 Heraclii,
1315 3454 1484 3495 unam
1542 3452 1797 3509 auream,
1860 3437 2002 3494 alte-

362 3541 485 3583 ram
517 3530 875 3598 argenteam,
928 3527 1213 3584 habentes
1243 3528 1298 3581 in
1356 3526 1720 3598 longitudine
1769 3526 2001 3582 cubitos

360 3613 688 3685 duodecim,
722 3614 781 3669 in
811 3614 1121 3671 latitudine
1156 3614 1324 3671 duos.

431 3701 570 3758 Inde
600 3706 918 3773 moventes,
945 3702 1195 3772 ingressi
1227 3707 1364 3759 sunt
1423 3702 1720 3759 desertum
1773 3702 2003 3758 invene-

362 3795 615 3860 runtque
645 3790 771 3847 loca
800 3790 1008 3859 frigida
1039 3794 1214 3861 atque
1248 3791 1334 3847 sic
1357 3791 1629 3861 obscura,
1655 3794 1718 3846 ut
1763 3803 1911 3861 pene
1939 3802 2002 3845 se

362 3881 565 3934 mutuo
596 3892 707 3934 non
742 3883 1147 3948 agnoscerent.

433 3966 571 4022 Inde
598 3965 963 4022 ambulantes
986 3980 1089 4037 per
1109 3970 1332 4037 septem
1350 3965 1497 4037 dies,
1514 3970 1797 4024 venerunt
1813 3966 1883 4021 ad
1900 3965 2002 4022 ilu-

359 4054 515 4112 vium
545 4053 818 4124 calidum,
843 4053 1232 4125 videruntque
1256 4054 1334 4109 ibi
1368 4055 1645 4111 mulieres
1661 4056 1997 4123 Amazonas,

361 4142 657 4214 speciosae
679 4142 872 4214 nimis,
908 4142 1243 4213 equitantes
1266 4142 1320 4197 in
1335 4142 1594 4199 horridis
1610 4143 1995 4200 vestimentis.

360 4237 636 4300 argentea
665 4245 822 4287 arma
846 4232 902 4286 in
936 4232 1201 4287 manibus
1229 4235 1542 4298 tenentes;
1574 4246 1656 4287 aes
1699 4235 1892 4287 autem
1938 4236 1999 4287 et

2112 3086 2329 3141 Indiam
2363 3088 2660 3156 Fasiacen,
2678 3086 2773 3142 ubi
2790 3102 2919 3142 cum
2935 3100 3138 3155 magna
3155 3086 3463 3142 celeritate
3496 3086 3761 3143 vicitPo-

2113 3189 2239 3231 rum
2263 3189 2459 3245 regem
2482 3176 2817 3246 multasque
2836 3174 3322 3231 divitiasinvenit.
3352 3176 3756 3247 Apprebendit

2111 3264 2262 3321 enim
2302 3264 2599 3321 civitatem
2633 3264 2964 3336 ipsiusPori
2997 3268 3053 3319 et
3080 3264 3311 3320 domum
3340 3263 3466 3333 ejus
3496 3265 3761 3335 magniﬁ-

2113 3369 2261 3424 cam,
2294 3354 2348 3409 in
2377 3367 2485 3424 qua
2519 3354 2752 3410 fuerunt
2778 3352 3222 3424 quadringenta:
3244 3352 3527 3409 columnae
3559 3368 3761 3410 aureae

2111 3457 2241 3512 cum
2273 3441 2569 3512 capitellis
2588 3442 2803 3510 aureis,
2833 3445 2889 3496 et
2927 3442 3184 3511 parietes
3212 3442 3418 3497 domus
3458 3447 3627 3496 erant
3657 3457 3758 3497 ve-

2113 3530 2241 3586 stiti
2271 3528 2499 3584 laminis
2513 3529 2729 3597 anreis,
2753 3544 2879 3599 quae
2893 3532 3289 3598 erantgrossze
3304 3529 3359 3584 in
3374 3529 3761 3601 spissitudine

2113 3618 2269 3674 sicut
2301 3622 2393 3674 est
2419 3617 2635 3687 digitus
2654 3617 2924 3687 hominis,
2949 3617 3111 3673 vinea
3136 3632 3368 3688 quoque
3389 3632 3566 3675 aurea
3588 3624 3648 3674 et
3664 3636 3758 3676 ra-

2112 3706 2257 3762 cemi
2291 3706 2619 3776 cristallini,
2657 3706 2868 3786 quibus
2892 3706 3258 3777 interpositae
3289 3710 3457 3762 erant
3510 3721 3760 3776 gemmae

2113 3794 2309 3864 ignitae
2335 3795 2813 3863 etsmaragdinze.
2831 3796 3043 3850 Omnes
3057 3794 3231 3849 etiam
3257 3794 3607 3865 mansiones,
3625 3811 3761 3866 quae

2113 3882 2340 3938 inerant
2374 3883 2684 3952 ei,ornatae
2713 3886 2878 3937 erant
2905 3882 2975 3937 de
3017 3883 3353 3952 margaritis
3411 3887 3471 3938 et
3528 3883 3762 3940 unioni-

2113 3970 2286 4027 nibus
2315 3975 2371 4026 et
2392 3970 2787 4036 carbunculis,
2822 3976 2882 4027 et
2906 3970 3426 4040 januashabebant
3463 3973 3534 4028 de
3570 3974 3760 4029 ebore

2112 4058 2264 4129 albo,
2299 4064 2357 4114 et
2391 4058 2683 4129 laquearia
2709 4058 2932 4115 subfixa
2949 4059 3021 4114 de
3042 4059 3196 4128 ligno
3214 4061 3365 4130 quod
3384 4060 3604 4117 dicitur
3619 4064 3762 4120 ebe-

2111 4163 2245 4203 num
2278 4152 2337 4203 et
2367 4148 2695 4217 estnigrum
2713 4148 3090 4218 nasciturque
3111 4148 3166 4203 in
3182 4149 3339 4205 India
3354 4154 3413 4208 et
3436 4150 3748 4222 Etbyopia,

2110 4241 2170 4291 et
2201 4252 2445 4293 camerae
2475 4244 2642 4291 erant
2676 4230 2844 4292 factae
2860 4236 3423 4308 decypressis.Foris
3442 4243 3635 4295 autem
3655 4255 3762 4295 ex-

362 4320 577 4376 ferrum
608 4321 816 4376 ibinon
838 4320 1156 4377 invenitur.
1178 4321 1432 4390 Jungens
1456 4324 1648 4376 autem
1674 4334 1736 4375 se
1769 4322 1999 4375 exerci-
2028 4336 2080 4396 D
2113 4330 2203 4380 tra
2235 4323 2463 4382 domum
2492 4329 2654 4380 erant
2687 4330 2898 4381 statuae
2927 4325 2998 4380 de
3029 4340 3171 4381 auro
3214 4326 3493 4396 positaaet
3515 4327 3743 4398 platani

358 4412 458 4465 tus
489 4409 765 4479 adipsum
800 4408 1057 4478 ﬂuvium,
1084 4408 1335 4463 transire
1364 4423 1476 4464 non
1506 4408 1721 4479 potuit,
1764 4408 1896 4479 quia
1920 4409 2000 4465 la-

358 4493 551 4551 titudo
580 4499 638 4551 et
670 4494 921 4550 altitudo
945 4494 1104 4550 illius
1134 4508 1337 4565 magna
1369 4499 1498 4551 erat
1530 4495 1720 4567 nimis,
1765 4495 2000 4567 plenus-

361 4595 475 4653 que
505 4587 631 4637 erat
663 4581 974 4653 reptilibus
995 4585 1055 4637 et
1086 4582 1309 4639 bestiis.

429 4667 652 4726 Abinde
681 4668 985 4726 venientes
1024 4669 1095 4725 ad
1128 4684 1286 4726 mare
1316 4670 1597 4741 Rubrum,
1648 4671 1997 4729 invenerunt

359 4763 614 4816 montem
634 4757 804 4813 nimis
817 4756 1019 4828 altum,
1046 4759 1102 4814 in
1127 4773 1295 4829 quem
1320 4758 1724 4831 ascendentes,
1742 4761 1997 4818 visisunt

358 4847 494 4919 sibi,
527 4847 695 4918 quasi
727 4850 927 4903 essent
965 4847 1020 4902 in
1045 4846 1214 4904 caelo.
1237 4848 1524 4917 Cogitavit
1548 4852 1739 4905 autem
1754 4849 2000 4906 Alexan-

297 4922 315 4939 ’
356 4935 462 4993 der
492 4935 996 5007 cumamicissuis,
1028 4941 1092 4992 ut
1121 4936 1441 4993 instrueret
1464 4936 1703 5008 aliquid,
1737 4938 1853 4994 tale
1887 4954 1999 5009 quo

358 5024 897 5095 possetascendere
914 5024 1145 5096 coelum,
1181 5029 1244 5081 ut
1268 5026 1566 5096 probaret,
1605 5025 1652 5082 si
1708 5031 1865 5082 esset
1891 5028 1997 5084 hoc

359 5111 569 5168 coelum
602 5113 754 5183 quod
778 5112 1232 5170 videmus.Fecit
1252 5127 1391 5182 ergo
1415 5113 1526 5169 sibi
1547 5114 1744 5170 sedem
1764 5115 1998 5184 excogi-

359 5202 562 5270 tatam,
585 5202 642 5255 et
666 5202 1107 5273 apprehendens
1133 5201 1371 5273 griphes
1393 5201 1557 5272 duos,
1582 5201 1880 5271 colligavit
1898 5218 1997 5260 eos

358 5286 603 5358 catenis,
629 5292 689 5344 et
725 5289 915 5360 posuit
932 5295 1132 5347 vectes
1163 5295 1297 5347 ante
1328 5305 1450 5362 eos,
1483 5294 1543 5347 et
1564 5291 1619 5347 in
1663 5292 1995 5348 summitate

357 5389 562 5433 eorum
590 5374 811 5434 cibaria
842 5377 1428 5452 illorum.Coeperunt
1449 5380 1627 5451 igitur
1659 5395 1997 5438 sursumas-

356 5460 826 5538 cendere,donec
848 5470 1006 5527 terra
1020 5470 1145 5526 tota
1166 5468 1277 5527 sibi
1295 5468 1606 5529 videbatur
1619 5469 1730 5531 sub
1751 5484 1814 5529 se
1827 5471 1996 5544 quasi

2112 4427 2323 4481 aureae,
2359 4412 2411 4467 ei
2444 4412 2595 4468 inter
2628 4411 2758 4468 illas
2778 4412 3753 4483 erantmultageneraancellarum

2111 4500 2254 4557 varii
2270 4499 2503 4565 coloris,
2526 4503 2586 4555 et
2602 4500 2894 4556 habebant
2918 4500 3163 4570 ungulas
3176 4506 3232 4556 et
3251 4506 3440 4558 rostra
3457 4502 3753 4575 inaurata,

2110 4595 2170 4645 et
2199 4589 2254 4644 in
2305 4586 2581 4645 auriculis
2641 4588 2970 4659 pendebant
2999 4589 3329 4658 margarita
3373 4594 3431 4645 et
3479 4591 3747 4648 uniones.

2110 4675 2283 4732 Multa
2315 4690 2545 4746 quoque
2576 4689 2715 4731 vasa
2746 4690 3004 4745 gemmea
3033 4682 3094 4731 et
3123 4676 3446 4733 cristallina
3476 4681 3536 4734 et
3564 4692 3752 4736 aurea

2110 4764 2328 4821 invenit
2360 4763 2460 4835 ibi,
2493 4769 2770 4834 argentea
2800 4779 2939 4821 vero
2971 4780 3174 4836 pauca.

2183 4853 2436 4923 Cumque
2458 4854 2646 4909 omnia
2679 4852 2735 4907 in
2769 4867 2872 4909 sua
2900 4857 3193 4923 potestate
3225 4854 3487 4923 haberet,
3523 4852 3757 4912 deside-

2112 4940 2259 4997 ravit
2292 4940 2627 4997 interiorem
2652 4941 2870 4996 Indiam
2887 4940 3085 4997 videre
3107 4941 3248 4997 etad
3297 4948 3498 5013 portas
3514 4943 3761 5014 Caspias

2111 5028 2442 5100 pervenire.
2480 5028 2603 5095 Quo
2637 5044 2767 5085 cum
2803 5028 3071 5085 tenderet
3107 5045 3235 5086 cum
3251 5030 3407 5086 omni
3447 5046 3550 5087 suo
3581 5046 3758 5088 exer-

2109 5117 2249 5186 citu,
2287 5123 2677 5189 pervenerunt
2714 5118 2783 5173 ad
2817 5118 3103 5189 quendam
3147 5118 3403 5190 ﬂuvium,
3466 5119 3523 5175 in
3579 5121 3757 5191 cujus

2108 5206 2298 5261 medio
2324 5206 2671 5263 eratcivitas
2693 5211 2992 5279 cooperta,
3028 5207 3160 5263 etin
3187 5207 3440 5264 circuitu
3485 5208 3757 5267 civitatis

2107 5297 2395 5365 erataqua
2421 5294 2583 5365 quasi
2607 5294 2813 5351 stadiis
2834 5299 3090 5365 quatuor
3107 5313 3121 5361 ;
3138 5295 3262 5367 ipsa
3277 5309 3417 5352 vero
3449 5310 3596 5368 aqua
3616 5304 3758 5355 erat

2107 5396 2299 5439 amara
2322 5382 2494 5440 nimis
2514 5382 2677 5441 velut
2693 5382 3039 5441 elleborum.
3058 5383 3243 5456 (Hist.
3259 5386 3353 5443 Al.
3379 5385 3418 5441 f.
3440 5383 3609 5458 212⁸.)
3636 5386 3753 5443 Ubi

2106 5486 2237 5531 cum
2274 5471 2698 5547 applicuissent
2755 5472 2898 5533 hora
2955 5472 3071 5536 dici
3126 5474 3330 5547 tercia,
3387 5474 3622 5549 quidam
3680 5490 3758 5536 ex
