3986 6048
217 200 334 261 589

1071 192 1511 262 CHRONICA.
1556 231 1625 244 .-
1655 178 2136 261 CHRONICON
2176 187 2724 265 UNIVERSALE.

3484 196 3607 299 590

209 332 517 402 juvenibus
549 328 963 388 audacioribus
1004 344 1244 387 numero
1279 334 1349 386 27
1378 329 1701 401 evaginatis
1727 329 1848 400 gla-
1874 331 1931 392 Α
1963 344 2188 401 quoque
2218 346 2417 389 omnes
2437 348 2638 390 vocem
2662 335 2829 405 quasi
2852 335 2923 392 de
2951 337 3101 394 coelo
3144 337 3254 394 sibi
3278 340 3605 412 precipien-

214 420 323 475 diis
361 421 496 476 nudi
548 418 795 485 ingressi
842 421 977 475 sunt
1008 419 1265 489 fluvium,
1302 419 1402 474 sed
1436 423 1743 488 surgentes
1774 432 1846 473 ex

211 522 277 564 eo
310 508 672 578 bestiaequas
732 506 1005 563 dicuntur
1060 507 1356 578 yppotami
1416 506 1842 563 devoraverunt

209 610 326 651 eos.
380 597 660 666 Gyrantes
687 598 880 650 autem
911 594 1093 650 ceteri
1124 594 1339 650 milites
1372 593 1608 651 fluvium
1632 608 1703 649 ex
1733 593 1844 650 alia

209 686 391 753 parte,
412 687 801 753 perrexerunt
825 682 1117 753 superius,
1136 690 1194 737 et
1214 682 1843 750 inveneruntstagnum

209 769 393 840 dulce,
439 770 636 840 ibique
664 770 1049 841 applicantes,
1102 770 1454 827 accederunt
1477 771 1655 825 focos.
1691 772 1844 825 Hora

208 872 344 913 vero
372 857 559 913 noctis
592 857 773 913 tercia
797 862 1082 913 exeuntes
1112 858 1308 914 subito
1340 874 1411 913 ex
1441 857 1622 929 ipsius
1652 856 1843 926 stagni

206 945 549 1000 arundineto
605 945 741 1001 ferat
800 945 1125 1015 silvestres,
1180 950 1465 1002 venerunt
1521 944 1593 1000 ad
1652 944 1843 1015 ipsum

205 1037 468 1103 stagnum
504 1033 727 1103 bibere,
754 1033 952 1089 leones
990 1034 1150 1089 mirae
1184 1033 1617 1103 magnitudinis,
1654 1031 1839 1103 pardi,

205 1121 468 1191 tigrides,
493 1123 658 1193 porci
692 1122 947 1179 silvatici
977 1122 1260 1179 habentes
1284 1123 1492 1178 dentes
1512 1122 1568 1177 in
1592 1121 1843 1190 longitu-

203 1209 333 1266 dine
360 1210 542 1267 cubiti
597 1211 791 1280 unius,
822 1210 1119 1282 elephanti
1149 1225 1380 1281 quoque
1410 1216 1466 1266 et
1501 1209 1845 1281 scorpiones

201 1299 482 1355 habentes
513 1299 937 1369 longitudinem
996 1299 1169 1355 unius
1216 1298 1417 1355 cubiti.
1456 1300 1753 1354 Venerunt
1782 1302 1839 1353 et

200 1387 455 1443 homines
488 1387 766 1457 silvatici,
798 1387 1079 1443 habentes
1109 1401 1212 1443 sex
1236 1386 1447 1455 digitos
1479 1387 1534 1441 in
1577 1386 1844 1441 manibus

198 1479 251 1531 et
286 1476 555 1547 pedibus,
590 1475 686 1546 qui
740 1476 1036 1531 incursum
1067 1489 1336 1545 magnum
1368 1475 1629 1531 facerunt
1662 1488 1843 1545 super

197 1562 430 1634 milites,
467 1564 570 1620 sed
600 1578 731 1620 cum
766 1562 985 1619 lanceis
1015 1568 1074 1618 et
1107 1563 1340 1632 sagittis
1362 1564 1663 1634 ejecerunt
1684 1576 1787 1618 eos
1810 1576 1841 1617 a

1957 421 2093 489 tem,
2117 423 2178 475 ut
2204 420 2399 477 nullus
2431 421 2649 493 aliquid
2687 424 2976 480 incuderet
3007 441 3075 481 ex
3099 426 3241 497 ipsis
3266 428 3597 499 arboribus,

1959 506 2090 576 quia
2125 507 2221 578 qui
2255 509 2471 564 faceret
2535 511 2866 569 moriretur.
2904 515 3080 569 Erant
3116 514 3193 569 ibi
3224 519 3281 569 et
3340 516 3600 572 volatilia

1956 595 2281 667 mitissima,
2318 598 2419 653 sed
2473 600 2825 671 quicumque
2882 601 3158 658 volebant
3217 617 3285 658 ea
3338 607 3599 675 tangere,

1955 684 2228 740 exiebant
2258 686 2408 755 ignis
2430 690 2488 741 et
2504 687 2985 746 incendebateos.
3005 692 3300 747 Moventes
3321 692 3496 748 etiam
3521 693 3603 748 in-

1956 773 2048 843 de,
2081 779 2363 829 Venerunt
2394 774 2450 829 in
2482 775 2625 831 fines
2658 778 2857 833 oceani
2882 779 3079 848 maris,
3112 785 3173 834 et
3202 780 3511 836 audierunt
3546 781 3601 836 in

1955 860 2142 916 insula
2168 862 2413 931 quadam
2437 862 2698 920 homines
2736 865 3040 936 loquentes
3063 868 3300 923 Grecam
3327 868 3596 936 linguam.

1956 948 2199 1014 Quidam
2232 965 2369 1007 vero
2399 966 2471 1006 ex
2516 953 2802 1010 militibus
2833 959 3117 1011 exuentes
3149 970 3231 1025 se,
3287 956 3602 1012 voluerunt

1955 1036 2179 1106 ingredi
2212 1038 2283 1094 ad
2338 1040 2521 1111 ipsam
2574 1041 2841 1111 insulam,
2898 1042 3001 1097 sed
3058 1048 3363 1113 surgentes
3396 1045 3601 1102 bestiae

1955 1125 2217 1195 quatdam
2250 1126 2321 1182 de
2354 1128 2516 1199 mari,
2552 1130 3069 1200 apprehenderunt
3099 1147 3169 1187 ex
3196 1132 3283 1187 eis
3305 1132 3508 1201 viginti
3540 1138 3597 1189 et

1956 1214 2403 1271 submerserunt
2433 1216 2486 1270 in
2524 1217 2891 1288 profundum.

2027 1301 2246 1357 Exinde
2276 1310 2563 1359 venerunt
2596 1305 2651 1360 in
2684 1304 2872 1361 locum
2899 1306 3206 1377 quendam,
3240 1306 3291 1361 in
3328 1322 3441 1378 quo
3473 1313 3598 1363 erat

1955 1389 2129 1444 arbor
2154 1405 2340 1461 neque
2367 1392 2615 1449 fructum
2642 1393 2862 1449 habens
2888 1409 3073 1465 neque
3098 1394 3252 1465 folia,
3273 1399 3330 1450 et
3358 1395 3601 1452 sedebat

1955 1491 2133 1548 super
2163 1492 2288 1533 eam
2340 1480 2483 1551 avis,
2519 1482 2738 1538 habens
2768 1496 2944 1554 super
2992 1487 3167 1554 caput
3201 1499 3370 1539 suum
3401 1483 3598 1540 radios

1955 1563 2222 1621 lucentes
2256 1567 2408 1623 sicut
2438 1568 2545 1624 sol.

197 1667 274 1709 se.
310 1654 641 1709 Posuerunt
697 1657 892 1708 autem
952 1652 1141 1741 focum
1174 1652 1230 1706 in
1283 1651 1409 1723 ipsa
1442 1650 1590 1707 silva
1621 1650 1681 1721 (f.
1713 1652 1839 1741 21$)
1870 1680 1926 1741 Β
2026 1653 2242 1710 Deinde
2274 1661 2560 1712 venerunt
2602 1656 2669 1712 ad
2705 1662 2955 1713 montem
3005 1659 3311 1730 quendam,
3345 1660 3453 1717 sub
3485 1674 3599 1731 quo

195 1741 562 1812 arundinum,
613 1746 676 1797 ut
711 1742 981 1811 fugerent
1037 1740 1182 1811 ipsa;
1214 1741 1370 1810 ferae,
1401 1744 1461 1796 et
1492 1754 1651 1810 ecce,
1683 1738 1843 1795 venit

192 1845 368 1902 super
378 1844 483 1886 eos
501 1829 689 1885 bestia
704 1829 865 1885 mira;
882 1827 1489 1899 fortitudinis,fortior
1503 1826 1590 1883 ele
1596 1828 1706 1898 pha
1716 1830 1831 1897 nte,

193 1933 315 1990 quae
339 1918 573 1974 irruens
611 1917 826 1974 occidit
855 1931 929 1971 ex
959 1916 1046 1972 eis
1088 1915 1296 1985 viginti
1324 1931 1447 1987 sex,
1482 1914 1715 1987 quidam
1744 1930 1844 1971 au-

190 2012 303 2064 tem
337 2006 548 2062 armati
602 2006 946 2062 occiderunt
976 2019 1123 2061 eam.
1174 2005 1448 2075 Sequenti
1498 2018 1637 2060 vero
1669 2006 1842 2059 nocte

190 2096 463 2152 exierunt
493 2109 565 2150 ex
598 2108 771 2150 arena
802 2094 1011 2165 vulpes
1040 2098 1099 2148 et
1131 2091 1456 2163 cocodrilli,
1481 2097 1541 2148 et
1571 2091 1844 2148 comede-

189 2185 332 2240 bant
349 2198 603 2255 corpora
638 2181 1325 2239 mortuorum.Volabant
1366 2181 1442 2236 ibi
1468 2184 1527 2237 et
1558 2180 1847 2252 vesperti-

195 2270 383 2328 liones
414 2276 533 2326 tam
565 2270 754 2340 magni
777 2270 930 2325 sicut
955 2268 1259 2340 columbae,
1278 2283 1523 2339 quorum
1546 2268 1753 2323 dentes
1780 2271 1839 2323 ut

201 2361 473 2430 hominis,
508 2359 604 2430 qui
654 2359 1000 2415 mordebant
1052 2357 1332 2429 homines,
1394 2357 1727 2413 auferentes
1756 2356 1843 2412 eis

202 2463 367 2506 nares
398 2454 462 2505 et
490 2463 663 2505 aures
693 2453 752 2504 et
784 2447 1017 2517 digitos.

261 2540 563 2595 Moventes
590 2537 745 2608 inde,
789 2539 1075 2593 venerunt
1109 2535 1164 2591 in
1195 2549 1461 2606 campum
1493 2533 1591 2605 qui
1624 2532 1842 2589 dicitur

203 2627 383 2698 Actia,
427 2626 480 2680 in
530 2626 697 2696 cujus
751 2625 1002 2681 circuitu
1030 2630 1159 2680 erat
1214 2623 1359 2680 silva
1418 2621 1750 2687 condensa;
1783 2624 1843 2675 et

198 2722 360 2771 erant
391 2714 475 2770 ibi
490 2716 732 2771 arbores
748 2713 1088 2781 fructiferae,
1103 2727 1174 2769 ex
1206 2712 1418 2783 quibus
1432 2710 1843 2766 nutriebantur

196 2803 755 2873 hominesagrestes,
800 2803 1084 2858 habentes
1106 2803 1349 2858 formam
1389 2805 1726 2872 gygantum,
1761 2798 1844 2853 in-

200 2891 319 2949 duti
349 2893 709 2950 vestimento
761 2890 1012 2964 pellicio,
1049 2891 1147 2962 qui
1177 2894 1462 2947 exeuntes
1494 2902 1624 2944 cum
1658 2886 1843 2956 longis

195 2983 384 3039 contis
422 2981 768 3038 occiderunt
803 2980 1084 3051 quosdam
1128 2981 1199 3037 de
1227 2979 1512 3036 exercitu.
1549 2975 1712 3044 Quod
1760 2976 1843 3032 vi-

199 3072 335 3128 dens
366 3069 727 3141 Alexander,
751 3070 1015 3141 precepit
1044 3084 1182 3126 suos
1204 3068 1546 3127 vociferare.
1574 3065 1679 3131 Qui
1710 3079 1840 3122 cum
1873 3039 1923 3103 ί)

198 3161 521 3217 clamarent
574 3159 798 3227 magnis
831 3159 1094 3230 vocibus,
1125 3159 1447 3215 timuerunt
1482 3155 1565 3212 illi
1592 3162 1651 3210 et
1684 3155 1842 3223 fuge-

189 3255 338 3322 runt,
374 3250 518 3321 quia
550 3264 660 3304 non
704 3256 869 3304 erant
901 3247 1019 3303 illis
1050 3247 1301 3318 cognita:
1351 3260 1523 3303 voces
1554 3245 1835 3300 humanae.

192 3340 578 3411 Insequentes
621 3342 815 3394 autem
848 3351 949 3393 eos
978 3336 1218 3407 milites,
1280 3335 1622 3392 occiderunt
1654 3347 1726 3388 ex
1753 3331 1840 3386 eis

193 3431 507 3485 sexcentos
536 3430 592 3482 et
620 3426 861 3495 triginta
882 3430 1160 3495 quatuor;
1191 3438 1263 3480 ex
1286 3424 1431 3495 ipsis
1452 3436 1593 3478 vero
1616 3418 1841 3477 cecide-

193 3522 322 3573 runt
354 3522 596 3574 centum
627 3515 834 3585 viginti
867 3520 1112 3586 septem.
1148 3514 1481 3570 Manserunt
1515 3515 1707 3568 autem
1741 3522 1842 3580 per

196 3609 312 3662 tres
339 3605 496 3675 dies,
529 3603 904 3662 comedentes
931 3617 1101 3674 poma
1120 3603 1395 3658 arborum
1416 3601 1694 3673 ipsarum.

255 3692 483 3751 Deinde
532 3700 819 3749 venerunt
874 3692 945 3749 ad
1006 3691 1239 3749 fluvium
1273 3689 1581 3761 quendam,
1642 3688 1695 3743 in
1728 3701 1841 3757 quo

193 3790 313 3840 erat
342 3782 562 3841 civitas
593 3779 860 3853 locuples
884 3779 1074 3837 valde.
1101 3781 1250 3835 Hora
1281 3793 1420 3835 vero
1449 3791 1599 3832 nona
1624 3776 1843 3832 incum-

194 3874 383 3944 bente,
428 3872 583 3929 venit
618 3885 798 3941 super
818 3885 919 3927 eos
950 3868 1181 3941 quidam
1213 3881 1457 3938 magnus
1490 3868 1659 3922 homo
1681 3878 1844 3934 agre-

189 3962 311 4034 stis,
344 3961 582 4034 pilosus
611 3963 673 4016 ut
706 3973 940 4030 porcus.
992 3956 1319 4014 Alexander
1351 3957 1549 4026 itaque
1582 3951 1840 4026 precepit

191 4050 481 4106 militibus
511 4047 657 4119 suis,
684 4055 747 4104 ut
779 4046 1455 4120 apprehenderenteum.
1483 4043 1590 4109 Qui
1612 4057 1742 4099 cum
1766 4043 1844 4096 fe-

193 4140 422 4196 cissent
449 4137 799 4209 impetumin
814 4150 964 4208 eum,
1000 4135 1302 4206 illeneque
1333 4132 1527 4190 timuit
1544 4146 1729 4202 neque
1761 4131 1844 4186 fu-

187 4228 290 4299 git,
322 4227 437 4285 sed
469 4226 635 4283 stetit
669 4227 963 4296 immotus,
994 4223 1264 4295 Precepit
1289 4226 1481 4278 autem
1515 4219 1843 4276 Alexander

190 4317 402 4374 adduci
438 4316 689 4388 puellam
718 4322 775 4371 et
810 4313 961 4370 mitti
994 4318 1129 4368 ante
1160 4313 1322 4368 illum
1354 4310 1585 4368 nudam.
1613 4308 1716 4364 Ille
1746 4323 1844 4364 au-

1955 1746 2082 1798 erat
2114 1742 2260 1813 ripa,
2296 1742 2350 1797 in
2383 1758 2492 1814 qua
2543 1745 2834 1815 pendebat
2887 1748 3092 1801 eatena
3128 1760 3322 1817 aurea,
3355 1749 3410 1802 et
3472 1747 3600 1819 ipse

1955 1846 2121 1886 mons
2144 1831 2392 1887 habebat
2443 1834 2660 1902 gradus
2691 1833 2779 1889 bis
2812 1833 2969 1889 mille
3000 1839 3057 1889 et
3119 1835 3471 1905 quingentos
3528 1850 3601 1891 ex

1954 1920 2206 1990 saphiro.
2234 1921 2515 1976 Ascendit
2538 1927 2731 1978 autem
2776 1921 3104 1978 Alexander
3127 1928 3377 1979 montem
3412 1924 3599 1994 ipsum

1953 2022 2082 2063 cum
2104 2006 2419 2078 aliquantis
2442 2008 2747 2079 militibus,
2773 2014 2830 2065 et
2856 2010 3077 2066 invenit
3113 2010 3189 2065 ibi
3215 2010 3516 2082 palatium,
3543 2011 3600 2067 in

1956 2111 2070 2167 quo
2092 2101 2220 2151 erat
2243 2096 2522 2168 templum
2576 2102 2759 2155 totum
2784 2113 3045 2169 aureum,
3071 2103 3129 2154 et
3153 2099 3298 2155 ineo
3330 2104 3600 2171 tympana

1954 2189 2015 2239 et
2064 2184 2313 2239 cimbala
2345 2200 2418 2240 ex
2448 2199 2612 2256 auro,
2644 2191 2703 2241 et
2750 2186 2942 2243 lectus
2988 2202 3118 2244 cum
3148 2187 3603 2257 preciosissimis

1954 2270 2336 2329 lectisterniis
2358 2272 2412 2327 in
2430 2273 2786 2344 quojacebat
2800 2275 2972 2329 homo
2989 2274 3600 2344 magniﬁcentissimus

1953 2363 2014 2416 et
2034 2359 2413 2425 clarissimus,
2440 2361 2683 2417 indutus
2706 2361 2835 2417 alba
2860 2365 3021 2417 veste
3040 2361 3363 2432 bombicea,
3390 2369 3598 2420 ornata

1953 2462 2025 2504 ex
2055 2462 2198 2504 auro
2227 2452 2284 2503 et
2333 2448 2628 2519 lapidibus
2659 2448 2958 2520 preciosis,
2989 2455 3049 2505 et
3088 2465 3243 2506 Circa
3272 2465 3402 2506 eum
3433 2451 3598 2506 vinca

1955 2550 2150 2607 aurea,
2175 2537 2366 2594 ferens
2389 2538 2591 2593 botros
2614 2552 2687 2593 ex
2716 2537 3011 2608 lapidibus
3042 2539 3344 2609 preciosis.
3382 2539 3603 2594 Adora-

1952 2626 2037 2681 vit
2060 2629 2257 2696 itaque
2292 2625 2621 2682 Alexander
2645 2627 2931 2683 hominem
2957 2627 3165 2699 ipsum,
3187 2630 3244 2682 et
3271 2626 3595 2682 descendit.

2027 2714 2111 2770 Ab
2142 2714 2253 2770 hoc
2284 2712 2413 2770 loco
2470 2715 2729 2785 perrexit
2765 2730 2867 2800 per
2896 2716 3206 2772 continuos
3265 2716 3597 2786 quindecim

1954 2803 2101 2871 dies;
2134 2806 2193 2858 et
2227 2802 2379 2859 venit
2415 2803 2471 2859 in
2520 2808 2737 2859 terram
2771 2819 2898 2875 quas
2932 2804 3151 2860 dicitur
3172 2804 3459 2860 Prasiaca.
3498 2804 3599 2859 Co-

1952 2895 2303 2961 gnoscentes
2335 2896 2528 2948 autem
2578 2892 2891 2949 adventum
2925 2892 3050 2962 ejus
3106 2892 3366 2949 homines
3424 2897 3600 2948 terra;

1954 2978 2133 3049 illius,
2150 2979 2587 3035 adduxeruntei
2603 2980 2789 3051 xenia,
2811 2980 2997 3052 pelles
3010 2995 3083 3036 ex
3098 2980 3359 3052 piscibus
3378 2979 3599 3036 similes

1953 3066 2211 3139 pellibus
2242 3068 2651 3139 leopardorum
2670 3072 2724 3124 et
2755 3069 2936 3140 pelles
2953 3083 3323 3125 murenarum
3348 3068 3601 3138 longitu-

1954 3155 2088 3211 dine
2118 3156 2448 3213 cubitorum
2502 3171 2623 3213 sex.
2678 3158 2815 3213 Erat
2846 3158 2922 3213 ibi
2953 3158 3163 3213 civitas
3218 3162 3441 3213 murata
3476 3156 3600 3212 sine

1951 3244 2135 3315 calce,
2153 3245 2399 3316 precisis
2421 3260 2492 3301 ex
2514 3251 2710 3301 monte
2735 3245 3048 3318 lapidibus.
3076 3246 3394 3301 Primatum
3417 3244 3603 3317 ipsius

1954 3334 2117 3404 regni
2150 3335 2383 3391 tenebat
2418 3334 2680 3405 quaedam
2733 3334 2939 3391 femina
2969 3334 3163 3405 vidua,
3196 3334 3429 3391 nomine
3462 3336 3605 3396 Can,

1953 3423 2135 3493 dacis,
2170 3424 2392 3479 habens
2415 3427 2539 3479 tres
2572 3424 2741 3480 filios.
2770 3425 2870 3481 Cui
2894 3425 3109 3480 direxit
3134 3423 3462 3480 Alexander
3484 3423 3603 3494 epi-

1954 3512 2163 3568 stolam
2185 3512 2356 3568 talem
2379 3532 2398 3568 :
2413 3514 2544 3569 Rea:
2563 3514 2908 3569 Alexander
2926 3515 3152 3585 regina
3174 3513 3603 3583 Uandacigau-

1954 3601 2137 3659 dium.
2159 3602 2376 3671 Dirigo
2394 3601 2503 3657 tibi
2517 3601 2795 3672 templum
2808 3602 2867 3658 et
2878 3602 3142 3658 statuam
3155 3602 3221 3656 Η
3217 3600 3606 3670 ammonis,ut

1951 3691 2160 3747 venias
2181 3690 2240 3749 et
2270 3704 2473 3747 eamus
2499 3690 2690 3747 simul
2724 3690 2807 3747 ad
2822 3691 3046 3747 montes
3074 3690 3133 3746 et
3172 3688 3493 3762 oferamus
3522 3689 3595 3745 ei.

1954 3777 2057 3835 [lla
2104 3794 2246 3835 vero
2296 3778 2601 3850 rescripsit
2631 3779 2726 3836 ei:
2785 3779 3084 3836 Candaeis
3126 3779 3342 3850 regina
3378 3776 3603 3835 Merois

1950 3867 2296 3925 Aledandro
2318 3867 2451 3939 regi
2499 3868 2812 3938 gaudium.
2849 3866 3199 3924 Reeelatum
3226 3865 3338 3923 tibi
3354 3866 3499 3938 fuit
3525 3864 3599 3922 ab

1950 3956 2283 4013 Hammone
2303 3956 2406 4012 deo
2421 3957 2537 4023 tuo,
2554 3956 2625 4011 ut
2641 3957 2763 4012 ires
2783 3955 2841 4011 et
2859 3968 3233 4026 eapugnares
3255 3954 3597 4024 Δωρίωνι,

1950 4044 2112 4117 quod
2123 4043 2235 4101 tibi
2257 4057 2590 4101 concessum
2603 4043 2676 4100 ab
2692 4043 2841 4114 ipsis
2864 4044 3003 4100 diis.
3030 4044 3152 4101 Nos
3169 4043 3378 4113 itaque
3399 4042 3602 4098 claras

1952 4148 2025 4191 ae
2038 4133 2271 4190 lucidas
2284 4131 2565 4189 habemus
2577 4132 3035 4202 animas.magis
3047 4144 3231 4200 quam
3242 4130 3428 4200 lziqui
3440 4130 3603 4200 apud

1955 4223 2009 4278 te
2022 4222 2180 4279 sunt.
2211 4222 2291 4292 (F.
2317 4222 2469 4292 214.)
2490 4221 2707 4291 Dirige
2718 4220 2916 4276 autem
2940 4218 3042 4275 deo
3061 4218 3157 4274 tuo
3170 4217 3493 4273 Hammoni
3515 4231 3603 4273 co-

1950 4324 2163 4367 ronam
2174 4323 2249 4366 ea:
2263 4308 2569 4381 lapidibus
2583 4307 2894 4379 preciosis,
2908 4306 3270 4365 videlicetea:
3281 4307 3601 4378 smaragdo

192 4410 303 4461 tem
336 4406 621 4477 impetum
653 4404 872 4461 faciens
903 4401 1288 4475 apprehendit
1324 4414 1471 4471 eam,
1504 4404 1563 4455 et
1596 4397 1765 4454 stetit
1786 4396 1841 4452 in
1870 4399 1926 4462 D
1954 4397 3207 4470 etmargaritis,etinsertaseatenasdecem
3225 4408 3301 4453 ea:
3316 4396 3604 4467 preeiosis

197 4499 381 4567 parte.
422 4492 924 4549 Concurrentibus
959 4505 1100 4547 vero
1129 4490 1436 4559 militibus,
1473 4492 1543 4545 ut,
1567 4490 1844 4559 raperent

194 4596 336 4655 eam,
368 4582 462 4639 illi
495 4583 695 4652 ruguit
725 4582 880 4637 sicut
912 4581 1050 4637 fera.
1087 4582 1226 4636 Cum
1258 4578 1504 4634 maxima
1538 4576 1718 4646 igitur
1748 4590 1844 4631 an-

191 4673 384 4744 gustia
413 4670 930 4744 apprehenderunt
958 4683 1110 4739 eum,
1144 4672 1207 4724 et
1228 4667 1404 4740 jussit
1436 4680 1567 4723 eum
1597 4664 1845 4721 Alexan-

197 4762 296 4819 der
324 4761 502 4833 ligari
532 4765 590 4818 et
621 4760 678 4816 in
706 4760 895 4831 ignem
925 4757 1288 4831 precipitari.

262 4852 408 4908 Inde
441 4855 763 4920 moventes,
813 4853 1102 4906 venerunt
1131 4848 1190 4905 in
1218 4847 1394 4905 alium
1422 4857 1709 4917 campum,
1742 4840 1843 4898 ubi

194 4940 264 4997 ab
289 4941 438 4997 hora
468 4939 585 4996 diei
632 4938 819 5011 prima
875 4939 1151 4996 exiehant
1177 4939 1422 4995 arbores
1479 4935 1549 4992 de
1594 4938 1753 4989 terra
1784 4934 1842 4987 et

193 5031 537 5089 crescebant
568 5043 755 5101 usque
785 5029 844 5084 in
876 5030 1077 5086 horam
1126 5034 1372 5099 sextam,
1406 5026 1478 5082 ab
1507 5026 1647 5083 hora
1678 5027 1843 5081 sexta

195 5136 381 5193 usque
409 5121 483 5178 ad
530 5135 801 5179 occasum
834 5119 976 5178 solis
1022 5120 1460 5177 descendebant
1489 5118 1546 5174 in
1576 5122 1793 5173 terram
1826 5133 1840 5171 :

198 5210 467 5269 ferebant
496 5216 692 5268 autem
727 5210 956 5267 fructus
999 5209 1166 5267 valde
1193 5209 1539 5266 odoriferos.
1574 5205 1846 5277 Precepit

197 5305 394 5357 autem
427 5300 758 5357 Alexander
777 5298 1062 5357 militibus
1081 5299 1453 5370 quibusdam,
1479 5301 1542 5353 ut
1568 5295 1847 5352 tollerent

140 5438 147 5443 .
199 5387 267 5446 de
295 5390 587 5448 fructibus
616 5388 761 5463 ipsis
784 5406 798 5456 ;
820 5388 924 5446 sed
948 5403 1080 5445 mox
1104 5393 1168 5445 ut
1199 5386 1558 5445 accedebant
1578 5382 1843 5457 propius,

198 5479 471 5539 exiebant
527 5479 820 5539 daemones
846 5482 908 5537 et
938 5476 1315 5557 ﬂagellabant
1362 5473 1846 5545 eos;audierunt

1957 4487 2280 4561 lapidibus.
2309 4487 2443 4543 Tibi
2483 4486 2666 4544 etiam
2688 4486 2885 4558 dirigo
2924 4485 3267 4558 infantulos
3286 4484 3604 4554 .Ji‘tligopes

1952 4575 2694 4648 centum,etintelligibiles
2705 4575 3170 4647 avespsgt/iacos
3183 4572 3605 4645 dueentos,spi-

1951 4681 2105 4740 ngas
2118 4666 2421 4735 ducentas,
2435 4664 2791 4723 rinoeerotes
2802 4663 3120 4735 octoginta,
3133 4660 3465 4733 pantheras
3480 4658 3605 4717 tria

1950 4756 2148 4826 milia,
2164 4752 2350 4827 pelles
2385 4753 2813 4825 pardaleonum
2831 4750 3334 4823 quadringentas,
3356 4746 3605 4806 cantita-

1951 4859 2058 4903 ras
2088 4855 2307 4901 aureas
2330 4842 2608 4915 triginta,
2631 4840 2819 4898 vectes
2839 4853 2914 4896 ea:
2934 4838 3105 4896 ebeno
3123 4836 3294 4893 mille
3312 4837 3605 4907 quingen-

1958 4935 2062 5004 tos,
2098 4932 2440 5005 elephantos
2487 4928 2953 5001 quadringentos
3006 4924 3478 4998 quinquaginta.
3519 4924 3607 4981 Tu

1953 5036 2088 5081 vero
2116 5020 2409 5079 remanda
2426 5019 2614 5088 nobis,
2646 5017 2698 5073 si
2730 5017 2915 5074 totum
2932 5015 3217 5071 mundum
3236 5012 3600 5085 subjugasti.

1955 5115 2113 5170 Inter
2136 5112 2361 5183 legatos
2391 5114 2585 5166 autem
2615 5106 2765 5163 suos
2787 5105 2943 5161 misit
2985 5104 3267 5175 pictorem
3316 5102 3606 5174 peritissi-

1958 5217 2134 5275 mum,
2153 5200 2251 5273 qui
2266 5199 2579 5270 diligenter
2607 5192 3013 5252 consideraret
3030 5195 3088 5247 et
3106 5189 3450 5263 depingeret
3464 5190 3607 5260 figu-

1958 5305 2082 5349 ram
2096 5296 2155 5349 et
2180 5290 2420 5345 formam
2467 5283 2780 5343 Alexandri
2802 5285 2860 5337 et
2886 5280 3121 5337 afferret
3141 5292 3267 5336 eam
3286 5278 3419 5335 sibi.
3439 5277 3607 5344 Quod
3640 5306 3646 5313 -

1959 5384 2016 5439 et
2042 5382 2258 5438 factum
2279 5381 2391 5434 est.
2417 5378 2578 5434 Unus
2600 5379 2797 5433 autem
2810 5384 2883 5429 ex
2904 5369 3043 5427 ﬁliis
3065 5368 3347 5426 Candacis
3363 5366 3607 5439 reginas,

1959 5472 2054 5532 cui
2085 5482 2292 5529 nomen
2338 5462 2678 5539 Candaulis,
2712 5476 2845 5525 cum
2876 5461 3078 5537 paucis
3133 5455 3434 5532 equitibus
3463 5453 3615 5513 abiit
