3986 6048
392 239 504 312 591
1170 201 1182 208 ’
1553 229 2035 304 EKKEHARDI
2077 228 2632 301 URAUGIENSIS
3677 235 3799 304 592

391 385 463 450 ad
485 375 934 446 tabernaculum
967 376 1314 447 Alexandri;
1339 373 1616 437 custodes
1645 387 1808 444 vero,
1843 383 1939 444 qm
1960 367 2043 427 vi-
2073 370 2126 434 A
2159 367 2434 444 palatium
2459 370 2735 430 currebat
2769 369 2998 444 ﬂuvius,
3025 369 3245 432 habens
3267 369 3598 432 claritatem
3630 387 3801 447 aquae

390 480 650 552 gilabant
683 489 861 546 super
883 472 1223 541 exercitum,
1270 466 1780 540 apprehenderunt
1801 476 1952 532 eum,
1983 475 2042 552 ej
2157 460 2414 552 quasiex
2442 477 2602 552 auro.
2628 461 2960 552 Illoitaque
2984 463 3078 518 die
3100 463 3443 520 comedebat
3467 464 3803 520 Alexander

391 548 690 626 duxerunt
731 563 802 618 ad
853 561 1280 626 Ptholomeum,
1343 555 1438 626 qui
1489 552 1782 610 secundus
1811 552 1938 606 erat
1970 548 2042 603 ab
2153 563 2283 605 cum
2309 549 2442 606 ﬁliis
2466 551 2698 621 reginae,
2716 550 2896 608 altera
2918 566 3058 608 vero
3083 551 3176 607 die
3196 553 3645 624 apprehendens
3665 568 3801 609 eum

394 653 744 714 Alexandro.
774 647 1262 707 CuiPtholemeus
1285 645 1394 699 ait:
1429 643 1571 708 Quis
1597 641 1689 698 est
1706 637 2038 696 turEtille:
2154 638 2433 694 Candacis
2462 654 2566 710 per
2625 655 2871 708 manum,
2933 639 3255 696 introduxit
3313 657 3442 697 eum
3477 641 3530 696 in
3585 642 3802 698 cubicu

398 745 620 814 Filius,
674 739 882 810 inquit,
933 750 1065 794 sum
1093 733 1392 792 Candacis
1417 733 1662 802 regina.
1687 732 1757 785 At
1783 727 1882 782 ille
1915 727 1994 782 ait
2027 729 2038 764 ε
2152 724 2288 814 lum,
2316 727 2469 796 quod
2519 730 2646 783 erat
2692 732 3093 784 constructum
3127 743 3199 784 ex
3229 727 3524 800 lapidibus
3555 743 3805 786 aureum

393 833 595 898 Quare
619 830 734 886 huc
751 825 1003 884 venisti?
1025 821 1130 890 Qui
1151 821 1298 877 dixit
1319 839 1331 874 :
1355 820 1544 876 Exivi
1564 832 1696 876 cum
1714 829 2041 874 uxoremea
2149 813 2404 869 colorem
2429 815 2794 886 habentibus,
2822 816 3172 886 lueebatque
3199 817 3356 872 intus
3379 818 3438 888 (f.
3464 821 3596 886 215)
3623 818 3797 888 quasi

390 928 763 976 exercereme
784 927 916 971 cum
931 907 1481 984 paucisequitibus,
1517 907 1579 962 et
1604 920 1716 963 rex
1754 903 2038 961 Bebrixo-
2151 901 2240 956 sol
2273 901 2350 956 ibi
2380 903 2729 973 refulsissel,
2779 909 3023 974 eratque
3061 903 3138 958 ibi
3173 903 3490 961 triclinium
3526 919 3598 961 ex
3625 904 3806 975 lignis

385 1021 542 1076 rum,
570 995 1666 1074 scienspulchritudinemuxorismex,
1681 995 1849 1051 venit
1862 1007 2038 1065 super
2149 989 2229 1046 asi
2240 989 2370 1060 ptis,
2401 999 2528 1060 quae
2553 1006 2665 1048 non
2690 991 3078 1048 incendentur
3099 993 3171 1047 ab
3207 993 3356 1063 igne,
3383 992 3538 1049 aliud
3564 1007 3807 1064 quoque

387 1107 481 1150 me
494 1106 626 1150 cum
645 1089 860 1147 valida
885 1084 1143 1144 manuet
1165 1083 1560 1140 abstuliteam
1591 1081 1795 1152 michi,
1823 1083 2037 1152 etquid
2147 1077 2482 1134 cubiculum
2537 1093 2718 1149 super
2747 1077 2898 1148 ligna
2950 1079 3196 1135 maxima
3226 1095 3355 1136 cum
3411 1079 3578 1151 rotis,
3641 1081 3806 1152 quod

393 1173 1008 1248 eoluimedefendere,
1042 1169 1264 1228 occidit
1296 1169 1894 1227 etiammilitesmeos.
1933 1169 2032 1224 Cui
2148 1166 2492 1222 trahebatur
2549 1181 2576 1222 a
2635 1166 2840 1236 viginti
2863 1166 3206 1238 elephantis.
3257 1169 3389 1225 Hazc
3433 1168 3639 1226 videns
3672 1168 3807 1226 Ale-

385 1257 1938 1332 Ptholemeus:Expecta,inquit,interim.Etexiliens
1963 1256 2034 1312 de
2145 1253 2388 1323 xander,
2423 1254 2667 1310 miratus
2723 1259 2832 1323 est,
2867 1259 2928 1310 et
2961 1255 3105 1310 dixit
3135 1256 3352 1326 reginae
3387 1276 3399 1310 :
3433 1257 3574 1314 Iste
3602 1271 3809 1316 causae

385 1346 770 1406 tabernaculo
828 1362 956 1417 suo,
990 1345 1132 1400 abiit
1166 1343 1236 1399 ad
1291 1343 1734 1400 tabernaculum
1764 1345 1942 1414 regis,
1975 1349 2037 1400 et
2146 1341 2566 1399 ammiratione
2588 1342 2784 1413 diqnx
2803 1343 3014 1414 essent,
3029 1344 3261 1414 siapud
3280 1343 3492 1402 Grecos
3495 1346 3799 1416 fuissent.

385 1436 654 1493 excitans
684 1449 834 1505 eum,
869 1433 1127 1490 narravit
1173 1431 1226 1487 ei
1259 1431 1446 1487 omnia
1481 1446 1609 1501 quae
1639 1431 1860 1487 audivit
1893 1447 1922 1487 a
1947 1431 2036 1500 ju-
2145 1430 2299 1484 Irata
2315 1429 2512 1498 regina
2539 1429 2686 1484 dixit
2715 1449 2727 1483 :
2763 1431 3083 1486 Veritatem
3103 1431 3280 1502 dicis,
3304 1431 3665 1490 Alexander.
3690 1433 3803 1499 Qui

385 1537 552 1581 vene.
591 1523 715 1590 Quo
747 1523 968 1592 audito,
1017 1519 1273 1577 surrexit
1307 1519 1653 1589 Alexander,
1705 1518 2035 1590 tollensque
2146 1517 2244 1572 ubi
2296 1531 2500 1572 nomen
2539 1531 2702 1572 suum
2727 1518 2974 1589 audivit,
3006 1519 3380 1575 vehementer
3401 1521 3660 1592 expavit.
3696 1522 3802 1578 Cui

389 1612 656 1670 diadema
677 1610 889 1683 capitis
911 1609 1018 1678 sui,
1044 1607 1341 1665 coronavit
1367 1607 1788 1678 Ptholomeum,
1805 1612 1863 1663 et
1887 1607 2034 1664 dixit
2146 1603 2244 1658 illa
2269 1605 2380 1659 ait:
2415 1605 2614 1670 Quare
2630 1607 2864 1662 mutata
2887 1607 2979 1662 est
2978 1607 3184 1678 facies
3206 1607 3485 1680 tua,quia
3503 1610 3716 1666 vocavi
3747 1611 3806 1667 te

383 1700 435 1756 ei
465 1719 478 1754 :
507 1701 820 1758 Revertere
839 1701 906 1755 in
927 1697 1375 1754 tabernaculum
1390 1695 1571 1765 tuum,
1590 1696 1646 1752 et
1655 1697 1788 1752 sede
1804 1697 1872 1752 in
1889 1695 2036 1752 solio
2063 1725 2118 1784 Β
2146 1691 2556 1784 Alexandrum
2573 1696 2682 1748 rAt
2708 1693 2814 1784 ille
2830 1694 2911 1784 ait
2927 1714 2940 1784 ξ
2959 1696 3236 1784 Domina,
3251 1697 3586 1767 Antigonus
3605 1699 3799 1768 dicor,

382 1788 604 1860 regali,
632 1789 690 1844 et
709 1789 824 1857 dic,
850 1787 1000 1857 quia
1023 1786 1088 1841 tu
1106 1785 1195 1842 sis
1216 1785 1576 1853 Alexander,
1601 1785 1661 1840 et
1665 1785 1909 1855 precipe
1929 1785 2038 1840 ali-
2065 1781 2107 1784 ⁷
2144 1794 2261 1837 non
2273 1781 2632 1840 Alexander.
2668 1785 2738 1838 At
2781 1782 2877 1838 illa
2913 1783 3052 1838 dixit
3083 1802 3102 1838 :
3135 1783 3450 1840 Ostendam
3482 1784 3614 1856 tibi,
3645 1787 3805 1857 quia

384 1877 486 1934 cui
506 1872 1496 1945 hominituo,utfaciatveniroad
1516 1873 1570 1927 te
1591 1872 2036 1943 quasiAntiqo-
2147 1869 2488 1926 Alexander
2526 1885 2602 1926 es.
2656 1871 3106 1942 Introduxitque
3155 1886 3283 1927 eum
3342 1873 3396 1927 in
3455 1873 3800 1930 cubiculum

381 1978 527 2021 num
558 1963 852 2020 hominem
910 1963 1077 2017 tuum
1101 1961 1418 2029 veniatque
1465 1959 1548 2016 ad
1571 1974 1662 2016 me
1689 1960 1750 2014 et
1775 1960 2040 2016 adducat
2147 1972 2337 2028 suum,
2379 1964 2438 2014 et
2488 1964 2825 2015 monstrans
2883 1959 2934 2014 ei
2995 1959 3300 2030 imaginem
3357 1974 3539 2031 suam,
3602 1961 3796 2018 dixit:

381 2065 476 2108 me
505 2052 685 2123 quasi
709 2051 1092 2121 Antigonum,
1145 2047 1203 2104 et
1229 2049 1368 2104 dum
1397 2061 1606 2104 venero
1633 2049 1825 2104 recita
1850 2047 2037 2105 michi
2145 2047 2957 2118 Aqnoscishancimaqinem!
2991 2047 3090 2104 ille
3122 2054 3312 2104 autem
3331 2049 3510 2120 coapit
3538 2052 3799 2108 tremere

383 2152 585 2196 coram
597 2141 725 2210 ipso
727 2140 950 2210 juvene
987 2135 1491 2208 quacumquewtibi
1504 2136 1686 2204 dixit,
1709 2137 1767 2191 et
1783 2136 2036 2192 interro-
2143 2139 2200 2188 et
2229 2135 2566 2205 pallescere.
2592 2137 2657 2190 Et
2683 2135 2780 2191 illa
2799 2156 2812 2190 :
2839 2138 3035 2202 Quare
3043 2137 3312 2194 mutatus
3324 2139 3408 2194 esi
3421 2139 3579 2194 color
3593 2140 3734 2196 tuus
3743 2141 3807 2196 et

374 2240 464 2298 θα
475 2240 568 2282 me
594 2225 702 2284 sub
724 2239 977 2297 persona
1004 2225 1314 2298 Antigoni,
1333 2225 1406 2280 ut
1431 2223 1559 2279 dem
1582 2223 1690 2282 tibi
1719 2225 2037 2281 consilium
2143 2223 2502 2294 expavescis,
2519 2224 2850 2280 destructor
2876 2224 3058 2280 totius
3076 2225 3362 2294 Persida,
3380 2226 3716 2284 destructor
3741 2229 3807 2284 et

384 2315 456 2372 de
475 2315 589 2372 hac
611 2329 694 2372 re.
730 2317 798 2370 Et
820 2314 898 2369 ita
921 2314 1134 2370 factum
1165 2317 1275 2368 est.
1313 2312 1466 2367 Dixit
1489 2317 1682 2368 autem
1708 2311 2035 2369 Alexander
2142 2310 2370 2366 India?
2391 2312 2712 2382 Superasti
2735 2313 2918 2369 Indos
2958 2313 3140 2383 atque
3162 2313 3444 2384 Parthos,
3474 2317 3643 2371 modo
3663 2317 3802 2374 sine

383 2403 494 2458 sub
514 2416 760 2474 persona
796 2401 1069 2471 Antigoni
1089 2419 1100 2455 :
1117 2403 1384 2472 Domine,
1407 2403 1462 2458 si
1483 2402 1760 2472 precipis,
1786 2415 2036 2473 erper-
2140 2397 2440 2454 militibus
2462 2400 2659 2456 etsine
2677 2401 2886 2472 aliqua
2909 2401 3190 2472 conflictu
3201 2401 3472 2460 cecidisti
3493 2404 3559 2460 in
3577 2418 3801 2482 manus

377 2502 522 2559 qam
549 2495 714 2548 nocte
731 2505 908 2562 super
921 2491 1116 2562 ipsam
1146 2489 1452 2546 civitatem
1471 2491 1885 2546 etsuccena’am
1905 2502 2036 2546 eam
2139 2485 2365 2556 reginae
2389 2485 2710 2544 Candacis.
2730 2489 3450 2560 Undescias,Alexander,
3468 2492 3802 2561 quianullo

379 2578 904 2650 aqui,faciamque
919 2592 1032 2650 per
1057 2577 1364 2634 vimreddi
1385 2591 1630 2634 uxorem
1649 2579 1796 2648 ejus.
1825 2577 2033 2633 Statim
2141 2573 2310 2628 modo
2334 2573 2500 2630 debet
2520 2576 2745 2632 elevari
2767 2590 2866 2632 cor
2888 2575 3149 2634 hominis
3193 2578 3259 2634 in
3279 2577 3615 2650 elationem,
3643 2595 3802 2652 qua-

381 2665 655 2721 adoravit
689 2679 816 2722 eum
853 2664 1182 2734 Candaulis,
1215 2669 1270 2720 et
1305 2665 1451 2720 dixit
1489 2684 1500 2718 :
1529 2665 2036 2736 Osapientissime
2145 2659 2484 2733 liacumque
2502 2665 2833 2734 sequantur
2856 2679 2986 2721 eum
2993 2679 3304 2738 prospera,
3323 2667 3471 2724 etne
3491 2667 3800 2738 cogitetis:

383 2754 694 2824 Antigone,
744 2754 1030 2825 optimum
1043 2752 1295 2824 fuisset,
1345 2754 1418 2808 ut
1444 2754 1508 2809 tu
1531 2767 1644 2809 rex
1693 2754 2034 2811 Alexander
2141 2749 2313 2804 corde
2323 2764 2447 2818 suo,
2469 2751 2628 2822 quod
2645 2753 3044 2810 noninveniat
3067 2751 3358 2810 hominem
3363 2754 3689 2826 fortiorem
3707 2769 3794 2826 se,

383 2840 936 2900 esses.Abiitautem
963 2841 1446 2897 Alexanderhora
1461 2841 1653 2897 noctis
1684 2842 1743 2896 in
1773 2841 2028 2914 silentio,
2141 2838 2251 2907 qui
2281 2853 2412 2894 eum
2449 2839 2902 2910 superabundet.
2940 2840 3043 2896 Ille
3098 2845 3290 2898 autem
3323 2841 3504 2914 coepit
3533 2844 3798 2900 stridere

382 2932 440 2985 et
465 2930 769 2986 succendit
808 2930 1103 2986 civitatem
1130 2928 1306 2984 illam.
1333 2927 1688 2998 Evigilantes
1711 2935 1902 2986 autem
1936 2931 2033 2987 bo-
2143 2925 2420 2983 dentibus
2450 2931 2505 2983 et
2536 2932 2772 2984 tornare
2797 2929 2939 2984 sein
2971 2929 3140 2985 aliam
3167 2934 3413 3002 partem.
3439 2931 3627 2987 Atilla
3654 2931 3740 2986 ait
3769 2934 3797 2988 ?

383 3018 567 3074 mines
589 3018 778 3091 ipsius
800 3019 1077 3090 civitatis,
1107 3017 1508 3075 clamaverunt
1541 3017 1804 3074 dicentes
1833 3039 1844 3073 :
1877 3019 2035 3085 Quid
2066 3075 2110 3092 ﬁ
2145 3014 2269 3072 Cur
2297 3016 2606 3086 irasceris,
2637 3018 2697 3073 et
2713 3031 2902 3088 quare
2923 3017 3199 3076 turbatus
3228 3019 3498 3084 es?Quid
3514 3021 3798 3092 naeucfa-

379 3075 1150 3166 esthoclAlexanderdixit:
1173 3107 1504 3164 Candaulis
1524 3075 2032 3178 estcumplurimo
2063 3075 2112 3138 θ
2141 3117 2270 3160 cere
2294 3105 2492 3174 potest
2529 3075 2870 3175 imperialis
2894 3106 3100 3177 gloria
3157 3075 3295 3163 tua?
3322 3075 3389 3162 Et
3419 3075 3791 3178 illeinqu'it:

377 3196 665 3266 exercitu,
679 3195 1088 3254 volensutsibi
1106 3195 1565 3252 reddaturnxor
1579 3196 2032 3268 ejus,-atioquin
2139 3193 2399 3263 Irascor,
2433 3193 2584 3264 quia
2598 3207 2716 3249 non
2745 3194 2927 3250 habeo
2952 3194 3248 3264 gladium.
3274 3194 3374 3250 llla
3405 3195 3547 3250 dixit
3575 3213 3588 3248 :
3624 3197 3800 3255 Etsi

375 3283 720 3342 moriemini
759 3285 1296 3356 omnesperiqnem,
1317 3285 1610 3340 lrruentes
1626 3287 1817 3340 autem
1853 3285 2032 3340 homi-
2139 3279 2560 3351 haberes,quid
2563 3283 2844 3354 faceres?
2879 3283 3013 3338 Ait:
3051 3284 3204 3348 Quid
3226 3284 3492 3341 traditus
3523 3297 3658 3341 smn
3681 3285 3800 3344 tibi

378 3385 483 3428 nes
506 3371 590 3426 illi
607 3372 905 3442 fregerunt
921 3375 1125 3442 portas
1149 3369 1368 3442 palatii,
1387 3375 1444 3426 et
1467 3372 1880 3428 abstrahentes
1897 3373 2029 3429 inde
2126 3383 2240 3441 per
2259 3371 2841 3442 meamvoluntatem,
2863 3374 3126 3444 primum
3163 3373 3484 3430 occiderem
3505 3375 3575 3442 te,
3579 3375 3797 3446 postea

379 3473 624 3516 uxorem
675 3460 1004 3530 Candaulis,
1041 3459 1426 3516 reddiderunt
1458 3471 1584 3514 eam
1643 3459 1745 3514 illi.
1774 3460 1880 3526 Qui
1912 3462 2029 3517 vol-
2135 3459 2568 3529 memetipsum.
2598 3460 2697 3516 Cui
2724 3460 2821 3516 illa
2847 3480 2859 3515 :
2882 3460 2966 3517 Et
2983 3461 3089 3518 hoc
3115 3462 3799 3534 sicutsapiensimpera—

377 3560 518 3604 vens
549 3561 614 3604 se
633 3547 964 3604 Alexandro
1010 3547 1186 3602 dixit:
1228 3547 1320 3603 Mi
1367 3548 1686 3606 harissime
1712 3549 2024 3620 Antigone,
2141 3546 3799 3622 tordixisti.Veruntamennecontristeris,quiasicuttu

373 3649 515 3708 rogo
537 3635 610 3706 te,
636 3637 772 3693 veni
782 3649 1010 3694 mecum
1029 3635 1590 3706 admaz‘remmeam,
1605 3638 1898 3706 quatinus
1917 3637 2029 3696 tibi
2140 3634 2414 3692 liberasti
2442 3650 2688 3692 uxorem
2701 3639 2834 3708 ﬁlii
2854 3639 2970 3695 mei
2999 3639 3069 3695 de
3091 3639 3372 3696 manibus
3408 3641 3795 3698 inimicorum

375 3726 598 3785 reddat
608 3725 798 3796 digna
807 3724 1042 3782 meritis
1055 3725 1193 3782 tuis.
1223 3725 1491 3780 Gaudens
1508 3723 1834 3781 Alexander
1847 3725 1992 3782 dixit
2011 3745 2023 3780 :
2135 3737 2395 3795 suorum,
2410 3725 2498 3782 sic
2513 3739 2617 3797 eqo
2642 3726 2902 3782 liberabo
2921 3727 2975 3782 te
2988 3727 3058 3783 de
3083 3727 3362 3785 manibus
3375 3727 3790 3802 barbarorum,

373 3813 1638 3884 EamusadAlexandrum,etpostulameab
1652 3827 1714 3870 eo
1727 3814 2028 3872 etveniam
2135 3812 2353 3884 quibus
2389 3813 2660 3870 sinotum
2666 3815 2866 3883 fuerit
2897 3815 3236 3872 deadventu
3260 3817 3376 3886 tuo,
3415 3817 3685 3874 occident
3712 3819 3788 3888 te,

377 3903 431 3960 te
459 3916 610 3961 cum.
656 3901 1025 3972 Signiﬁcavit
1049 3906 1240 3959 autem
1293 3901 1403 3958 hoc
1436 3906 1604 3958 antea
1663 3902 2020 3960 Ptholomeo.
2134 3903 2420 3974 quomodo
2443 3903 3796 3977 tuoccidistiPorumreqemlndorum,quiaet

375 3991 534 4049 Abiit
567 4005 707 4061 ergo
733 3990 1046 4048 Candaulis
1086 3995 1146 4047 et
1179 3990 1348 4063 petiit
1371 4005 1500 4048 cum
1533 3992 1606 4046 ab
1635 4007 1736 4059 eo;
1760 3996 2025 4064 accepta-
2133 3990 2694 4064 uxorjuniorisﬁlii
2734 3994 3008 4065 meiﬂlia
3035 3994 3126 4050 est
3164 3993 3310 4050 Pori
3331 3996 3512 4066 regis.
3543 3996 3676 4052 Haec
3703 3996 3790 4052 di-

374 4094 486 4152 que
518 4079 776 4150 licentia,
805 4079 950 4136 abiit
995 4095 1125 4136 eum
1149 4093 1237 4136 eo.
1289 4081 1425 4136 Cum
1477 4084 1670 4137 autem
1718 4081 1897 4137 issent
1922 4097 2025 4153 per
2134 4093 2292 4148 cens,
2317 4079 2458 4134 exiit
2479 4084 2686 4136 tenens
2727 4080 3238 4152 Alexandrumper
3261 4087 3590 4151 manum,et
3631 4083 3786 4140 dixit

370 4169 544 4240 viam,
571 4167 772 4224 videns
823 4167 1152 4224 Alexander
1185 4168 1338 4224 altos
1369 4173 1597 4226 montes
1623 4170 2022 4240 pertingentes
2134 4165 2269 4221 filiis
2293 4167 2616 4240 suis:0.ﬂli
2649 4169 3791 4242 Candaulisettu,oﬂliaMarpissa,de-

373 4271 560 4328 usque
591 4255 662 4312 ad
695 4257 902 4328 nubes,
964 4257 1212 4313 miratus
1263 4261 1375 4326 est,
1434 4257 1698 4328 viditque
1757 4259 2022 4315 excelsas
2129 4269 2262 4312 mus
2281 4255 2534 4326 aliquod
2549 4256 2759 4314 bonum
2774 4257 2916 4315 huic
2931 4259 3112 4316 misso
3133 4259 3491 4317 Alexandri.
3517 4260 3787 4332 Respon-

373 4345 616 4402 arbores
653 4359 820 4416 poma
859 4343 1102 4414 grandia
1155 4348 1480 4416 portantes,
1515 4350 1574 4400 et
1603 4345 1754 4402 vites
1787 4361 2020 4416 magnos
2133 4343 2441 4400 dcusalius
2466 4344 2620 4401 illius
2637 4345 2764 4415 ejus
2789 4346 3030 4402 Carator
3053 4345 3201 4400 dixit
3230 4366 3242 4400 :
3267 4347 3539 4416 Omater,
3565 4361 3780 4406 verum

373 4433 578 4490 botros
609 4432 914 4501 habentes,
947 4431 1002 4486 in
1035 4435 1258 4487 tantum
1294 4435 1352 4488 ut
1378 4433 1545 4488 homo
1577 4447 1727 4490 unus
1751 4449 1862 4490 non
1891 4450 2022 4505 pos.
2049 4426 2102 4488 D
2133 4432 2224 4489 est
2238 4431 2497 4502 quidem,
2531 4435 2680 4504 quia
2694 4433 3115 4492 direxitistu/m
3142 4435 3790 4494 Alexanderetliberaa-

371 4523 462 4576 set
493 4525 733 4591 portare
756 4533 931 4575 unum
956 4533 1029 4574 ex
1076 4518 1228 4589 illis;
1251 4519 1396 4576 vidit
1421 4525 1476 4576 et
1501 4535 1680 4578 nuces
1702 4536 1831 4592 quae
1853 4527 2021 4578 erant
2130 4520 2219 4576 vit
2231 4534 2468 4577 uxorem
2500 4520 2722 4579 fratris
2736 4523 2938 4578 meide
2963 4521 3635 4581 manibusinimicorum
3649 4538 3789 4582 suo-

369 4607 521 4666 sieut
555 4621 831 4680 pepones,
881 4610 938 4663 et
973 4608 1258 4664 dracones
1305 4614 1472 4664 erant
1507 4609 1559 4664 in
1623 4609 1771 4680 ipsis
1797 4611 2020 4668 arbori-
2126 4609 3789 4683 rmnreddiditquesibieam,seduxormeacompellitme

369 4696 480 4754 bus
511 4700 570 4754 et
603 4695 784 4752 snmiaa
815 4693 1032 4752 multae.
1093 4697 1235 4752 Post
1265 4711 1484 4768 paucos
1518 4697 1642 4753 dies
1668 4712 1797 4754 cum
1829 4699 2020 4756 venis-
2129 4699 2392 4756 occidere
2412 4699 2569 4756 hunc
2592 4699 3077 4772 Antiqonumpro
3097 4701 3462 4770 Alexandro,
3489 4701 3788 4772 quiaipse

367 4789 497 4842 sent
531 4785 587 4841 in
619 4784 920 4842 civitatem
948 4785 1231 4842 Candacis
1262 4786 1498 4856 reginae,
1533 4786 1673 4842 exiit
1707 4787 1834 4858 ipsa
1864 4789 2020 4844 foras
2129 4787 2351 4844 occidit
2367 4788 2832 4860 Porumpabrem
2852 4789 3000 4858 ejus,
3032 4789 3382 4861 utrecipiat
3399 4789 3786 4862 dolorempro

367 4872 596 4932 obviam
629 4872 770 4944 illis,
803 4873 978 4944 longa
1011 4879 1070 4931 et
1097 4874 1338 4946 pulchra
1365 4874 1556 4945 nimis,
1585 4881 1825 4948 portans
1852 4893 2017 4934 coro-
2125 4890 2186 4932 eo
2199 4876 2555 4933 Alexander.
2591 4877 2870 4933 Candacis
2892 4876 3069 4933 dixit:
3099 4877 3266 4943 Quod
3281 4891 3490 4934 nomen
3513 4877 3787 4948 acquiri-

365 4975 496 5018 nam
531 4975 784 5033 auream,
819 4966 882 5018 et
911 4962 1212 5035 excrpiens
1241 4977 1343 5018 eos
1375 4962 1622 5032 benigne
1655 4963 1818 5019 duxit
1844 4965 1899 5020 in
1922 4981 2018 5037 pa-
2124 4979 2276 5035 mus,
2301 4966 2358 5022 si
2377 4965 2536 5022 hunc
2568 4965 3096 5024 occiderimus‘tAd
3117 4965 3242 5022 haec
3288 4965 3592 5038 respondit
3637 4967 3787 5024 Can-

367 5045 570 5107 latium
603 5064 792 5121 suum,
825 5051 978 5122 quod
1029 5055 1160 5108 erat
1189 5051 1496 5122 optimum,
1527 5055 1584 5106 et
1643 5050 1902 5122 fulgebat
1935 5057 2017 5110 te-
2125 5053 2354 5110 daulis:
2407 5053 2506 5110 Me
2537 5054 2651 5111 iste
2693 5055 2974 5125 satvavit,
3001 5056 3061 5111 et
3104 5067 3349 5112 uxorem
3370 5067 3564 5111 meam
3589 5055 3788 5112 michi

367 5139 526 5194 ctum
556 5137 682 5208 ejus
725 5139 892 5208 quasi
954 5143 1115 5196 esset
1172 5153 1434 5208 aureum,
1493 5138 1860 5197 lectisternia
1890 5141 2016 5211 ejus
2123 5141 2424 5210 reddidit;
2440 5143 2506 5199 in
2513 5143 2642 5213 ﬁde
2671 5143 2906 5200 adduxi
2935 5156 3066 5199 eum
3095 5142 3211 5201 huc
3229 5143 3582 5213 salvumque
3597 5143 3784 5201 resti-

366 5229 575 5280 ornata
605 5239 679 5282 ex
707 5240 850 5282 auro
878 5227 1212 5299 purissimo,
1235 5226 1494 5284 triclinia
1523 5228 1652 5300 ejus
1673 5234 2013 5287 constructa
2127 5229 2294 5288 tuam
2312 5233 2382 5288 in
2400 5229 2590 5288 locum
2612 5245 2802 5290 eumn.
2832 5233 3074 5288 Carator
3091 5231 3202 5288 ait:
3225 5231 3600 5296 Quidesthoc
3619 5233 3789 5304 quod

363 5327 438 5370 ex
464 5311 656 5384 lapide
711 5313 1006 5386 onichino,
1069 5315 1358 5374 columnae
1391 5330 1530 5373 vero
1589 5317 1779 5389 ipsius
1812 5317 2012 5389 palatii
2127 5319 2312 5377 dicis?
2335 5318 2510 5376 Modo
2529 5319 2722 5378 inisto
2743 5319 2862 5377 loco
2879 5320 3202 5378 morimur
3237 5318 3426 5377 ambo.
3455 5319 3782 5378 Candaulis

363 5403 536 5458 erant
565 5414 638 5458 ex
665 5401 884 5470 ebeno;
945 5418 1160 5463 mensae
1190 5407 1359 5462 erant
1409 5403 1820 5478 elephantinx,
1865 5406 2013 5464 italae
2126 5407 2308 5465 dixit:
2337 5410 2466 5480 Ego
2485 5409 2618 5466 nolo
2662 5409 2802 5478 hoc;
2837 5409 2998 5481 quod
3015 5409 3074 5468 si
3095 5408 3161 5466 tu
3178 5409 3290 5479 vis,
3305 5410 3573 5482 paratus
3619 5421 3777 5468 sum.

360 5490 678 5567 ceteraque
699 5489 1236 5566 vasaexlapidihus
1259 5491 1562 5569 prociosis.
1591 5494 2012 5571 Subtusipsum
2123 5497 2343 5556 Videas
2373 5498 2570 5572 itaque
2624 5496 2926 5572 Candacis,
2979 5497 3114 5574 quia
3143 5495 3248 5557 ﬁlii
3279 5495 3373 5556 sui
3401 5497 3678 5556 volebant
3713 5511 3783 5560 se
