3992 6054
247 256 376 325 593

1123 257 1563 328 CHRONICA.
1603 300 1674 310 —-
1703 257 2184 328 CHRONICON
2227 255 2771 351 UNIVERSALE.

3541 248 3660 322 594

249 393 505 454 ἱιινιοθω
527 393 816 466 occidere,
832 393 1167 466 angustiata
1179 401 1290 470 est,
1308 397 1640 469 tollensque
1656 395 1895 454 Alexan-
1929 397 1986 460 A
2015 394 2296 456 habemus
2316 396 2640 469 angustum
2658 393 2996 455 introitum.
3012 390 3177 454 Sunt
3187 393 3460 454 internas
3479 407 3662 468 quau

248 483 444 555 drum,
461 499 558 542 sec
566 490 692 542 rete
706 484 855 540 dixit
876 505 888 539 :
916 485 1277 556 Alexander,
1301 500 1421 546 non
1441 486 1707 545 ostendis
1718 486 1785 544 in
1797 487 1905 545 hoc

248 573 531 645 aliquam
557 575 940 648 sapientiam,
964 575 1178 632 utnon
1207 589 1305 634 occ
1321 575 1558 633 dantur
1569 590 1682 648 pro
1707 576 1762 634 te
1769 576 1903 648 ﬁlii

241 659 369 716 mei
381 660 404 714 ?
418 660 520 716 Cui
545 659 872 716 Alexander
896 661 976 716 ait
994 681 1006 717 :
1024 662 1275 720 Dimitte
1298 677 1390 720 me
1407 662 1500 720 ire
1511 665 1572 720 et
1587 664 1752 734 loqui
1771 678 1906 722 cum

245 747 360 806 eis.
383 747 506 815 Qua
529 748 1088 820 permittente,abiit
1112 753 1182 806 ad
1207 765 1326 820 eos,
1343 757 1401 808 et
1423 751 1601 809 dixit:
1622 752 1901 821 Carator,

245 835 308 895 si
329 837 622 895 occideris
635 851 746 907 me,
763 837 1292 895 habetAleaander
1311 854 1424 896 rea:
1442 841 1662 898 multos
1681 842 1906 900 milites

246 923 530 984 meliores
569 939 680 996 me,
709 925 815 984 sed
837 928 894 986 si
918 926 1108 985 vultis
1138 928 1209 984 ut
1235 927 1477 985 tradam
1503 928 1667 986 vobis
1706 928 1906 1000 ipsum

247 1013 860 1085 inimicumvestrum,
879 1014 1017 1072 date
1025 1015 1212 1073 michi
1223 1016 1384 1087 quod
1381 1017 1621 1088 postulo
1634 1035 1654 1072 :
1672 1019 1906 1074 tantum

247 1101 591 1174 utpacijici
608 1101 748 1160 sitis
767 1102 926 1159 inter
946 1117 1066 1172 vos,
1087 1105 1294 1174 etjuro
1314 1103 1500 1174 vobis,
1525 1105 1677 1176 quia
1699 1105 1815 1164 huc
1838 1108 1906 1164 in

236 1190 558 1262 palatium
573 1191 839 1248 vestrum
854 1192 1152 1249 adducam
1173 1194 1602 1252 Alexandrum.
1633 1196 1905 1252 Credide-

250 1281 390 1334 runt
421 1278 474 1334 ei
508 1280 744 1348 fratres,
777 1284 836 1336 et
863 1280 1153 1351 paciﬁcati
1187 1285 1341 1351 sunt,
1367 1285 1424 1337 et
1455 1282 1605 1338 dona
1637 1283 1816 1340 multa
1848 1285 1900 1340 ei

253 1365 672 1438 promiserunt.
721 1367 960 1424 Vocavit
1023 1373 1215 1425 autem
1259 1384 1389 1426 eum
1441 1371 1656 1427 iterum
1701 1373 1900 1442 regina

253 1455 542 1510 Candacis
571 1455 820 1525 occulte,
853 1459 912 1512 et
941 1455 1088 1512 dixit
1119 1457 1170 1513 ei
1203 1475 1216 1512 :
1268 1459 1460 1516 Beata
1506 1473 1707 1531 essem,
1743 1460 1799 1518 si
1849 1461 1904 1518 te

253 1543 502 1600 cottidie
515 1557 646 1614 pro:
672 1544 864 1602 oculis
909 1544 1124 1602 habere
1157 1559 1424 1617 possem;
1450 1561 1564 1618 per
1602 1547 1657 1606 te
1685 1550 1904 1621 quippe

250 1631 534 1690 vicissem
561 1645 756 1690 omnes
785 1633 1060 1692 inimicos
1087 1648 1263 1693 W08.
1300 1635 1466 1692 Dedit
1494 1649 1634 1706 ergo
1665 1637 1720 1693 ei
1753 1638 1898 1694 dona

2012 487 2166 544 viris
2191 487 2337 544 sunt
2361 487 2605 544 intactae
2633 487 2846 542 214000
2872 503 2900 555 ,ο
2941 483 3064 541 viri
3108 484 3265 542 enim
3304 485 3471 542 nullo
3492 486 3660 543 modo

2015 571 2300 632 habitant
2314 574 2474 634 inter
2493 588 2598 632 nos
2607 593 2632 646 ,-
2643 574 2747 632 sed
2767 574 2933 630 ultra
2941 573 3212 644 fluvium
3227 573 3295 630 in
3313 573 3448 630 alia
3457 575 3656 646 parte.

2014 664 2134 720 Per
2153 677 2630 734 unumquemque
2649 676 2873 719 annum
2896 659 3664 734 celebramusfestivitatem

2013 751 2179 808 Jovis
2187 765 2302 822 per
2318 751 2571 822 triginta
2588 751 2734 818 dies,
2753 750 2908 807 etsic
2930 749 3261 807 transimus
3280 747 3484 807 videre
3499 750 3662 808 viros

2013 839 2262 908 nostros,
2295 841 2351 896 et
2373 840 2642 909 ga-udent
2668 837 2970 896 nobiscum
3022 837 3282 909 triginta
3330 837 3555 896 diebus.
3584 839 3663 897 Si

2013 928 2153 998 quis
2179 929 2316 985 vult
2332 931 2400 984 in
2423 927 2646 986 laticia
2675 942 2917 985 manere
2947 941 3080 985 cum
3113 940 3301 985 ustore
3337 941 3470 998 sua,
3507 928 3664 985 tenet

2015 1030 2145 1073 eam
2159 1029 2272 1088 per
2297 1031 2480 1076 unum
2513 1031 2753 1074 ann-um.
2787 1015 2952 1082 Quod
2965 1015 3022 1073 si
3038 1013 3262 1072 mulier
3280 1014 3663 1088 impregnata

2001 1105 2246 1176 peperit
2263 1107 2621 1174 masculum,
2638 1105 2794 1161 tenet
2809 1117 2940 1160 eum
2939 1103 3122 1176 pater
3131 1117 3346 1176 seciam,
3361 1105 3481 1161 etsi
3477 1103 3664 1177 femi-

2011 1206 2155 1250 nam
2171 1193 2427 1264 peperit,
2459 1193 2664 1250 nuu'it
2689 1207 2819 1248 eam
2843 1192 3017 1262 pater
3033 1205 3150 1264 per
3189 1205 3376 1249 annos
3419 1191 3656 1263 septem,

2010 1282 2214 1352 postea
2241 1281 2464 1339 reddet
2478 1295 2610 1337 eam
2635 1279 2824 1336 matri
2846 1293 2986 1337 sua.
3025 1279 3174 1336 Cum
3201 1281 3398 1337 autem
3429 1293 3661 1352 pugna-

2015 1370 2163 1426 tura
2189 1369 2526 1426 venerimus
2553 1383 2686 1424 cum
2713 1367 2941 1438 aliquo,
2961 1380 3169 1425 sumus
3196 1380 3437 1424 numero
3467 1366 3660 1425 decies

2015 1458 2168 1515 dena
2188 1459 2369 1516 milia
2389 1458 2750 1530 equitantes,
2767 1457 2910 1514 alia
2920 1457 3120 1534 autem
3139 1455 3483 1514 custodiunt
3493 1455 3660 1512 insu-

2017 1546 2136 1603 lam
2147 1547 2448 1617 nostram;
2461 1547 2518 1603 et
2529 1545 2835 1603 obviamus
2850 1544 3117 1602 inimicis
3137 1559 3241 1602 nos
3248 1545 3360 1602 tris
3379 1557 3569 1615 usque
3579 1543 3664 1601 ad

2011 1635 2172 1705 ipsos
2184 1635 2576 1705 montes,-viri
2597 1635 2796 1692 autem
2807 1633 3003 1692 nostri
3019 1633 3364 1690 insecuntur
3372 1633 3516 1704 post
3530 1647 3657 1701 nos,

256 1719 500 1790 regalia,
529 1719 678 1776 inter
708 1736 837 1792 quae
861 1736 1137 1778 coronam
1161 1738 1231 1779 ex
1256 1723 1450 1795 lapide
1474 1724 1898 1783 adamantinam
1929 1750 1982 1809 Β
2014 1724 2072 1778 et
2086 1737 2218 1780 c-um
2237 1737 2484 1781 reserva
2491 1723 2804 1794 fuerimus
2827 1736 2959 1778 cum
2979 1723 3252 1790 victoria,
3277 1721 3540 1778 adorant
3554 1734 3659 1777 nos

253 1813 316 1862 et
376 1809 639 1864 bruniam
681 1814 742 1865 et
782 1809 1088 1866 elamidem
1137 1809 1450 1868 stellatam.
1487 1813 1624 1868 Inde
1676 1815 1896 1879 abiens,

254 1895 362 1951 ivit
397 1897 452 1952 in
485 1897 732 1968 criptam
777 1912 948 1968 quam
990 1899 1337 1956 monstravit
1369 1901 1422 1956 ei
1455 1901 1787 1972 Candaulis,
1819 1903 1902 1958 di-

252 1997 396 2040 cens
429 1983 583 2056 quod
633 1985 712 2041 ibi
759 1985 1152 2042 comedissent
1200 1987 1300 2042 dii.
1351 1987 1537 2057 Igitur
1592 1993 1899 2060 antequam

251 2072 667 2143 ingrederetur
700 2075 836 2130 fecit
869 2075 1244 2146 oblationem,
1269 2081 1330 2133 et
1353 2077 1438 2133 sic
1466 2077 1764 2146 ingressus
1787 2082 1897 2146 est,

251 2165 314 2218 et
337 2161 482 2218 vidit
510 2162 590 2218 ibi
623 2163 932 2233 caliginem
964 2178 1247 2234 magnam,
1274 2171 1334 2220 et
1362 2165 1515 2220 inter
1552 2165 1735 2238 ipsam
1767 2166 1902 2222 cali-

251 2249 448 2320 ginem
463 2250 606 2307 vidit
635 2250 924 2307 lucentem
949 2251 1178 2308 stellam
1200 2257 1260 2308 et
1282 2254 1684 2325 apparitiones
1707 2254 1904 2327 ydolo-

253 2351 408 2409 rum,
432 2337 581 2394 vidit
613 2343 672 2394 et
705 2340 984 2408 quosdam
1011 2343 1437 2410 recumbentes,
1455 2341 1682 2398 lucidos
1704 2341 1904 2400 oculos

254 2425 415 2482 sicut
437 2426 710 2482 lucernas
734 2427 1040 2496 habentes,
1059 2442 1303 2498 quorum
1332 2444 1480 2485 unus
1500 2429 1646 2485 dixit
1663 2431 1898 2501 eizAve,

250 2513 613 2571 Alexander.
647 2514 748 2570 Cui
781 2515 863 2570 ait
896 2533 907 2568 :
948 2516 1095 2581 Quis
1124 2531 1184 2574 es
1213 2519 1301 2584 tu,
1335 2517 1568 2574 domine
1590 2526 1617 2575 ?
1664 2519 1730 2574 Et
1763 2519 1898 2575 ille:

257 2603 386 2674 Ego
432 2617 568 2661 sum
607 2603 1019 2674 Sesonchosis,
1044 2619 1297 2676 regnum
1341 2607 1554 2663 mundi
1594 2608 1814 2678 tenens,
1848 2609 1908 2664 et

253 2691 546 2748 mundum
572 2691 922 2764 subjugans,
939 2693 999 2749 et
1017 2693 1250 2754 faciens
1267 2708 1461 2752 omnes
1482 2695 1788 2766 subjectos,
1801 2697 1907 2754 sed

262 2780 460 2837 tamen
476 2781 663 2838 michi
682 2795 801 2839 non
818 2782 910 2838 est
925 2795 1135 2838 nomen
1158 2783 1280 2838 tale
1301 2783 1482 2852 quale
1500 2785 1564 2858 tu
1585 2783 1828 2841 habebis
1839 2785 1906 2840 in

257 2868 365 2924 tua
394 2881 579 2940 quam
593 2868 1010 2942 fabricaberis
1042 2870 1441 2927 Alewandria.
1467 2871 1788 2940 Ingredere
1819 2873 1906 2929 ta-

251 2969 386 3012 men
405 2957 689 3028 amplius,
705 2957 759 3014 et
775 2957 1023 3014 videbis.
1044 2959 1111 3013 Et
1125 2958 1269 3012 vidit
1289 2959 1497 3014 iterum
1515 2957 1622 3014 alia
1635 2974 1682 3014 m
1707 2959 1904 3029 caligi-

256 3048 482 3114 nem,et
510 3045 796 3116 quendam
822 3046 1121 3102 sedentem
1145 3047 1310 3116 quasi
1336 3046 1388 3100 in
1414 3047 1550 3102 sede
1580 3047 1781 3118 regali,
1807 3049 1901 3105 cui

259 3132 406 3188 dixit
430 3152 442 3186 :
473 3133 621 3200 Quis
643 3148 722 3204 es,
748 3134 1016 3190 domine?
1043 3135 1148 3200 Qui
1175 3135 1251 3190 ait
1282 3153 1294 3188 :
1326 3135 1640 3192 Nativitas
1663 3135 1904 3193 deorum

249 3233 354 3292 ego
377 3235 529 3279 sum.
579 3221 722 3278 Vidi
753 3222 894 3278 tein
923 3223 1084 3280 terra
1114 3222 1312 3294 Lybiae
1339 3221 1398 3279 et
1424 3223 1590 3280 modo
1638 3223 1736 3282 hic
1781 3237 1904 3282 esse

247 3309 496 3368 videris.
525 3310 626 3366 Cui
660 3310 988 3366 Alexander
1017 3311 1096 3366 ait
1127 3329 1139 3364 :
1175 3311 1290 3368 Dic
1312 3311 1520 3381 michi,
1545 3317 1687 3382 quot
1715 3325 1902 3370 annos

247 3397 521 3456 victurus
546 3412 694 3456 sum.
729 3397 830 3454 Ille
867 3398 1171 3470 respondit
1201 3419 1213 3454 :
1249 3401 1424 3458 Hanc
1453 3413 1700 3457 causam
1719 3414 1902 3470 quam

247 3487 590 3558 interrogas
611 3487 840 3558 Oportet
853 3487 924 3542 ut
935 3501 1100 3542 nemo
1119 3489 1470 3544 mortali-um
1487 3487 1661 3556 sciat,
1681 3489 1828 3558 quia
1844 3490 1899 3546 si

251 3575 526 3644 cognitus
539 3575 774 3648 fuisset
803 3573 1024 3632 homini
1057 3575 1184 3633 dies
1203 3575 1413 3633 mortis
1433 3590 1574 3647 sua,
1599 3577 1771 3634 tanta
1793 3577 1898 3634 tri-

255 3661 484 3719 bulatio
515 3663 572 3720 ei
601 3663 914 3734 accideret,
949 3664 1130 3734 quasi
1160 3665 1403 3722 cottidie
1447 3665 1602 3721 mori
1647 3665 1894 3722 deberet.

253 3751 334 3820 (F.
360 3753 511 3823 216.)
536 3751 830 3809 Facturus
853 3765 912 3808 es
929 3752 1252 3821 civitatem,
1269 3767 1401 3824 qua
1409 3753 1682 3824 gloriosa
1704 3755 1899 3811 easta-

253 3838 342 3896 bit
378 3843 447 3896 in
485 3839 600 3896 toto
632 3840 896 3910 mundo;
943 3840 1032 3897 ibi
1065 3841 1485 3914 fabricabitur
1529 3841 1900 3914 sepulchrum

251 3927 438 3998 tuum,
464 3927 670 4000 ibique
695 3929 1032 3998 requiescet
1057 3943 1268 4000 corpus
1300 3930 1484 3986 tamn.

321 4016 532 4072 Exiens
585 4015 739 4086 inde,
771 4017 926 4072 venit
973 4017 1044 4073 ad
1089 4017 1303 4074 milites
1339 4031 1501 4086 suos,
1545 4031 1899 4088 movensque

246 4104 590 4174 exercitum,
614 4104 897 4176 applicuit
930 4104 998 4139 ²¹³
1044 4106 1116 4161 ad
1158 4108 1494 4176 Amazones,
1523 4105 1781 4175 dirigens
1808 4106 1896 4162 eis

245 4191 557 4262 epistolam
582 4193 756 4248 talem
784 4213 795 4247 :
819 4195 950 4251 Rea:
979 4194 1316 4250 Alemander
1339 4193 1733 4251 Amaronibus
1747 4208 1898 4266 gau-

249 4279 433 4336 dium.
459 4278 732 4349 Pugnam
752 4295 934 4351 quam
969 4294 1098 4338 cum
1117 4281 1308 4338 Dario
1313 4281 1579 4353 fecimus
1596 4279 1761 4338 vobis
1780 4296 1896 4338 non

244 4367 620 4438 incognitam
655 4369 966 4441 credimus,
997 4371 1052 4426 et
1090 4369 1372 4442 quomodo
1420 4368 1896 4441 oppugnarimus

1935 3092 1978 3117 ΓΙ

1936 3128 1980 3153 \J

2012 1812 2134 1869 viri
2155 1812 2365 1870 nostri.
2389 1813 2466 1869 Si
2487 1825 2610 1882 qua
2631 1825 2706 1866 ea:
2726 1809 2895 1867 nobis
2914 1809 3220 1878 ceciderit,
3238 1807 3666 1866 hereditabunt

2013 1914 2144 1956 eam
2173 1914 2304 1972 qua
2329 1897 2796 1971 supervixerint.
2839 1899 2988 1955 Ecce
3030 1897 3510 1968 signiﬁcavimus
3548 1895 3659 1953 tibi

2013 1989 2496 2046 consuetudinem
2511 1987 2779 2044 nostram
2809 1999 2992 2056 quam
2991 1985 3266 2058 facimus
3287 1985 3445 2041 omni
3465 1998 3621 2040 anno
3635 2003 3662 2054 ,-

2015 2077 2079 2132 tu
2099 2077 2296 2132 autem
2307 2075 2617 2132 considera
2630 2075 2689 2130 et
2681 2075 2797 2145 fac
2809 2073 2966 2145 quod
2975 2073 3216 2144 oportet,
3231 2072 3292 2130 et
3301 2070 3662 2130 scribeillud

2011 2163 2198 2220 nobis.
2237 2163 2405 2230 Quod
2429 2165 2487 2220 si
2505 2174 2786 2233 pugnare
2814 2159 3092 2230 volueris,
3119 2161 3200 2216 ad
3217 2161 3378 2231 ipsos
3397 2160 3660 2216 eniemus

2012 2250 2248 2307 obviam
2277 2251 2424 2320 tibi;
2443 2250 2672 2320 oportet
2694 2252 2850 2305 enim
2891 2248 2962 2304 ut
3005 2248 3224 2304 stemus
3253 2241 3314 2304 et
3325 2259 3660 2318 pugnemus

2013 2339 2328 2396 adversum
2347 2351 2466 2396 vos.
2481 2337 2559 2394 Si
2577 2337 2774 2392 autem
2792 2335 3063 2393 viceritis
3083 2348 3208 2404 nos,
3232 2335 3468 2391 nullam
3486 2333 3659 2390 habe-

2016 2427 2156 2484 bitis
2189 2428 2444 2496 tandem,
2476 2429 2628 2499 quia
2659 2426 2932 2498 feminas
2979 2423 3236 2492 vicistis,
3268 2421 3373 2480 sed
3419 2422 3480 2478 et
3501 2421 3662 2492 quod

2016 2516 2244 2572 tollatis
2275 2530 2314 2572 a
2343 2514 2512 2571 nobis
2543 2529 2660 2570 non
2695 2512 3033 2569 invenietis.
3072 2511 3239 2568 Unde
3281 2522 3440 2580 cave,
3473 2510 3656 2581 impe-

2013 2605 2200 2672 rator,
2234 2619 2306 2660 ne
2334 2603 2486 2674 quid
2513 2603 2624 2660 tibi
2653 2601 2890 2659 adversi
2915 2599 3243 2672 contingat.

2087 2693 2308 2762 Legens
2357 2691 2684 2748 Alexander
2716 2688 3025 2761 epistolam
3078 2687 3243 2756 hanc,
3278 2685 3431 2757 risit,
3465 2691 3526 2742 et
3577 2687 3655 2743 ita

2015 2780 2321 2851 rescripsit
2341 2800 2354 2834 :
2387 2780 2739 2849 Trespartes
2749 2777 2960 2834 mundi
2971 2775 3491 2849 apprehendimus,
3507 2774 3659 2832 etvi-

2013 2869 2266 2925 ctoriam
2261 2869 2560 2940 fecimus;
2571 2867 2726 2924 unde
2737 2867 2792 2924 si
2804 2865 2966 2922 vobis
2985 2861 3404 2921 resistentibus
3417 2877 3538 2919 non
3545 2876 3660 2934 pu-

2007 2957 2396 3028 gnaverimus
2414 2955 2729 3025 vobiscum,
2757 2955 2927 3025 turpe
2947 2951 3263 3010 eritnobis.
3288 2952 3568 3009 Attamen
3588 2951 3660 3008 do

2011 3043 2176 3102 vobis
2186 3045 2348 3102 censi
2357 3045 2524 3100 tium.
2536 3044 2616 3100 Si
2629 3043 2808 3102 vultis
2817 3043 3016 3114 perire
3037 3041 3096 3099 et
3115 3039 3416 3097 dimittere
3436 3039 3660 3096 terram

2009 3132 2269 3190 vestram
2279 3132 2472 3188 utnon
2485 3131 2790 3188 habitetur
2802 3129 3224 3202 amplius,veni
3231 3128 3284 3184 te
3294 3128 3451 3185 sicut
3466 3126 3660 3186 divis-

2013 3219 2092 3276 tis
2104 3218 2338 3276 obviam
2348 3219 2518 3277 nobis
2529 3221 2610 3276 ad
2617 3220 2857 3278 montes.
2875 3217 2952 3276 Si
2965 3217 3164 3274 autem
3175 3228 3290 3273 non
3301 3215 3490 3274 vultis
3491 3215 3658 3287 peri-

2007 3320 2092 3376 re,
2118 3307 2507 3377 ingredimini
2517 3306 2800 3378 ﬂuvium,
2823 3307 2882 3362 et
2908 3305 2998 3362 sic
3027 3306 3344 3376 loquamur
3364 3303 3431 3360 in
3449 3316 3652 3360 unum.

2009 3395 2158 3452 Juro
2179 3397 2378 3452 autem
2397 3395 2561 3452 vobis
2576 3409 2684 3466 per
2708 3395 2862 3464 deos,
2887 3395 3038 3465 quia
3057 3393 3289 3450 nullum
3310 3392 3538 3448 malum
3545 3404 3658 3462 pa-

2011 3483 2246 3541 tiemini
2271 3499 2309 3541 a
2337 3483 2526 3542 nobis.
2563 3485 2816 3554 Equites
2859 3483 3058 3540 autem
3083 3480 3362 3555 feminas
3394 3480 3657 3551 quantas

2007 3573 2194 3630 vultis
2212 3573 2464 3645 dirigite
2484 3571 2670 3640 nobis,
2693 3572 2754 3627 et
2766 3569 3115 3628 donabimus
3135 3569 3434 3640 singulas,
3456 3566 3660 3642 etpost

2011 3662 2235 3732 tempus
2259 3661 2624 3718 dimittemus
2647 3673 2747 3717 eas
2765 3658 2962 3716 redire
2985 3658 3052 3715 in
3074 3657 3300 3714 terram
3317 3669 3510 3714 suam.
3537 3657 3656 3712 Da-

2011 3751 2134 3806 tum
2151 3752 2348 3806 autem
2369 3749 2528 3818 quod
2549 3749 2734 3806 vultis
2755 3748 2892 3805 date
2911 3746 3095 3804 nobis.
3115 3745 3501 3804 Considerate
3519 3757 3656 3816 ergo

2009 3838 2066 3894 et
2083 3837 2327 3894 scribite
2345 3837 2532 3896 nobis.
2563 3837 2682 3894 Illae
2708 3842 2902 3893 autem
2934 3835 3401 3903 considerantes,
3429 3833 3656 3888 direxe-

2010 3931 2142 3981 runt
2169 3925 2221 3980 ei
2246 3925 2523 3996 poledros
2555 3925 2757 3980 decem
2791 3930 2848 3980 et
2879 3923 3160 3991 caballos,
3187 3929 3243 3977 et
3269 3921 3403 3977 inde
3426 3921 3656 3992 proiec-

2009 4019 2106 4070 tus
2129 4020 2236 4069 est.
2257 4015 2454 4082 (Onos.
2483 4029 2564 4082 ιη,
2584 4013 2694 4081 13.)
2713 4012 2948 4082 Legitur
2975 4017 3163 4067 tamen
3188 4009 3342 4080 quod
3367 4008 3654 4065 llalestris

2007 4103 2132 4158 sive
2144 4101 2429 4158 Minotbea
2448 4115 2657 4172 procax
2674 4101 2927 4155 Amazon
2943 4103 3181 4154 cum300
3193 4097 3421 4152 feminis
3435 4096 3506 4152 ad
3521 4110 3652 4152 eum

2007 4188 2460 4259 venerit,gratia
2493 4187 2880 4259 suscipiendae
2917 4188 2986 4242 ab
3019 4201 3086 4242 eo
3117 4185 3338 4242 sobolis
3370 4183 3646 4240 excitata.

2080 4279 2298 4349 (Epist.
2333 4279 2414 4334 ait
2439 4277 2687 4334 Aristot.
2725 4275 2862 4331 Cod.
2897 4274 3090 4331 Bamb.
3129 4275 3164 4329 f.
3199 4274 3342 4342 229.)
3389 4273 3526 4330 Cum
3555 4285 3652 4328 au-

2009 4371 2123 4423 tem
2155 4366 2491 4438 perveniret
2519 4364 2844 4421 Alexander
2866 4364 2937 4420 ad
2963 4366 3163 4434 portas
3189 4361 3450 4434 Caspias,
3471 4362 3528 4416 et
3552 4359 3652 4416 mi-

246 4456 496 4512 Indiam
526 4457 808 4528 aliasque
831 4459 1057 4529 gentes,
1083 4459 1510 4528 quaresistcre
1538 4457 1705 4515 nobis
1729 4459 1893 4515 nullo
1923 4451 1976 4511 D
2010 4460 2241 4510 raretur
2273 4460 2488 4510 terram
2525 4453 2681 4508 illam
2715 4451 2848 4523 quia
2879 4457 3010 4508 erat
3058 4453 3227 4521 bona,
3259 4449 3538 4521 cognovit
3571 4449 3650 4506 ibi

246 4545 412 4602 modo
416 4545 755 4616 potuerunt.
781 4547 1146 4618 Quapropter
1157 4547 1475 4605 scribimus
1487 4546 1669 4618 vobis,
1687 4549 1894 4619 utper-

244 4633 499 4692 solvatis
514 4634 682 4692 nobis
703 4635 928 4706 dat-um,
971 4637 1118 4708 quia
1148 4651 1264 4692 non
1286 4638 1582 4694 veniemus
1601 4650 1777 4709 super
1797 4651 1895 4694 vos

247 4722 501 4794 aliquod
517 4725 746 4780 malum
763 4725 923 4782 varis
947 4725 1194 4787 inferre.
1216 4725 1298 4781 Ad
1317 4725 1438 4781 haec
1453 4725 1736 4796 rescripta
1758 4731 1894 4782 sunt

248 4812 364 4868 ista
380 4831 392 4867 :
411 4814 736 4870 Amazones
744 4813 1129 4884 potent-issine
1152 4829 1178 4858 ρ
1203 4814 1384 4883 atque
1389 4814 1691 4886 fortiores
1711 4815 1896 4871 omni-

250 4900 354 4958 bus
370 4901 617 4958 militiis
638 4903 684 4958 A
695 4902 1110 4974 leuandrogau
1121 4901 1302 4958 dium.
1327 4903 1699 4974 Scripsimus
1711 4904 1896 4974 etsig-

245 4990 630 5062 niﬂcavimus
643 4989 776 5060 tibi,
791 4991 1106 5062 antequam
1116 4992 1326 5048 venias
1337 4993 1404 5048 in
1403 4992 1562 5063 fines
1574 4992 1823 5052 nostros.
1833 4992 1902 5046 ut

247 5079 408 5134 scias
420 5077 704 5149 quomodo
717 5079 1454 5151 venias,nefortepatiaris
1467 5080 1896 5151 turpitudinem

244 5166 428 5223 Scias
439 5166 720 5236 quoniam
734 5165 1030 5222 habitatio
1044 5167 1249 5224 nostra
1273 5166 1363 5222 est
1380 5166 1545 5223 ultra
1551 5167 1816 5238 fluvium
1834 5168 1898 5223 in

245 5255 512 5326 quadam
531 5255 760 5324 insula,
784 5268 966 5324 quam
987 5255 1184 5328 cingit
1204 5256 1329 5326 ipse
1334 5255 1572 5327 ﬂuvius
1593 5255 1660 5310 in
1676 5268 1898 5325 gyrum

246 5355 362 5399 non
387 5339 610 5399 habens
631 5341 886 5399 iniciam
913 5357 1103 5414 neque
1120 5343 1326 5416 ﬁnem,
1363 5341 1420 5399 et
1445 5356 1520 5398 ea:
1562 5355 1685 5398 una
1719 5341 1897 5412 parte

2007 4543 2199 4613 aliqua
2235 4558 2360 4612 qua:
2396 4543 2507 4598 sibi
2541 4541 2892 4598 videbantur
2924 4540 3146 4597 odiosa.
3183 4541 3362 4596 Erant
3409 4539 3561 4596 enim
3595 4537 3649 4593 in

2007 4632 2150 4702 ipsis
2174 4631 2317 4687 locis
2341 4630 2558 4687 diversi
2585 4637 2892 4702 serpentes
2915 4635 2973 4684 et
3000 4629 3225 4700 bestiae,
3243 4628 3314 4684 de
3335 4628 3547 4700 quibus
3569 4626 3654 4683 di-

2006 4725 2212 4777 xerunt
2246 4719 2509 4776 homines
2541 4719 2649 4776 loci
2684 4719 2842 4776 illius
2873 4723 2930 4776 ut
2963 4722 3241 4775 caverent
3269 4733 3350 4774 se.
3371 4717 3521 4773 Tulit
3555 4729 3654 4772 au-

2009 4815 2120 4864 tem
2151 4813 2384 4864 centum
2421 4807 2837 4878 quinquaginta
2869 4807 3093 4879 peritos
3125 4806 3386 4863 locorum
3416 4805 3512 4876 qui
3536 4802 3648 4859 sibi

2007 4897 2280 4954 ducatum
2303 4898 2639 4968 preberent,
2662 4901 2720 4952 et
2749 4897 3003 4968 perrexit
3039 4910 3168 4952 cum
3198 4894 3350 4949 omni
3384 4892 3648 4948 exercitu

2007 4999 2202 5041 mense
2235 4988 2500 5056 Augusto
2537 5000 2636 5056 per
2687 4983 3163 5040 ardentissimum
3211 4981 3394 5038 solem
3445 4985 3504 5036 et
3547 4995 3650 5052 per

2005 5089 2248 5130 arenosa
2273 5073 2418 5144 loca,
2437 5072 2788 5144 promittens
2803 5071 3021 5142 premia
3037 5069 3408 5140 ductoribus,
3425 5069 3648 5126 siillum

2007 5163 2227 5219 salvum
2248 5163 2549 5218 ducerent.
2568 5163 2963 5216 Pervencrunt
2983 5164 3177 5216 autem
3203 5158 3256 5214 in
3283 5158 3646 5227 Bactriacen,

2006 5252 2101 5308 ubi
2135 5259 2270 5308 sunt
2296 5253 2504 5320 gentes
2545 5264 2672 5321 qua)
2721 5249 2996 5304 dicuntur
3045 5248 3238 5318 Seres,
3275 5252 3336 5304 et
3376 5253 3510 5306 sunt
3568 5247 3648 5304 ibi

2007 5343 2251 5396 arbores
2280 5339 2562 5394 habentes
2594 5337 2730 5392 folia
2761 5335 2922 5393 velut
2953 5335 3162 5408 lanam,
3201 5337 3350 5394 unde
3385 5337 3649 5394 homines

1605 5457 1839 5513 vuum
1881 5455 2279 5524 LECTIONES,

317 5526 362 5561 ²¹
392 5527 550 5584 venit
583 5533 643 5584 et
685 5541 736 5584 a.
772 5533 822 5584 δ.
