3992 6054
312 265 432 329 595

1476 262 1956 328 EKKEHARDI
1999 264 2555 334 URAUGIENSIS

3593 273 3713 337 596

318 400 473 460 illius
498 405 669 460 terrae
695 402 912 461 faciunt
936 402 1047 461 sibi
1070 408 1290 461 vestes.
1315 403 1423 461 Sed
1446 407 1507 461 et
1527 404 1707 461 duces
1726 402 1954 461 itineris
1980 398 2038 460 A
2068 402 2714 477 quingentos,horaque
2729 406 3031 464 undecima
3046 409 3710 480 ccenaverunt.Cumque

315 491 682 562 collegerunt
710 507 782 548 ex
814 507 900 549 ea.
935 493 1193 559 Quadam
1225 509 1364 550 vero
1392 494 1483 549 die
1517 492 1649 549 dum
1682 493 1796 548 iter
1824 507 1954 565 age-

316 587 469 646 rent,
503 586 813 652 cmperunt
844 582 1003 638 sitim
1037 583 1251 639 habere
1284 582 1574 651 majorem.
1610 582 1790 649 Quam
1822 597 1951 639 cum

316 668 647 725 Alexander
676 671 921 727 sufferre
952 686 1063 726 non
1097 674 1319 742 posset,
1366 670 1597 741 quidam
1638 671 1805 727 miles
1857 672 1955 727 Ze-

316 757 512 828 philus
545 758 772 814 nomine
804 758 1022 815 invenit
1053 773 1258 829 aquam
1304 758 1358 813 in
1407 762 1573 830 petra
1624 762 1850 829 cavata,
1883 760 1955 815 de

316 860 426 914 qua
458 846 719 917 implevit
742 847 1025 903 cassidem
1050 861 1213 902 suum
1242 850 1301 902 et
1328 846 1528 903 attulit
1552 847 1693 917 regi,
1723 846 1853 919 plus
1872 847 1957 902 di-

317 931 504 1003 ligens
534 935 661 1004 ejus
691 934 865 992 vitam
890 948 1059 1005 quam
1084 950 1263 991 suam.
1289 934 1389 991 Ille
1413 940 1605 991 autem
1628 951 1957 993 convocans

316 1023 660 1093 exercitum,
698 1039 893 1079 coram
927 1024 1196 1080 omnibus
1224 1024 1373 1081 fudit
1415 1024 1598 1096 ipsam
1642 1040 1849 1096 aquam
1900 1026 1955 1082 in

312 1113 551 1181 terram,
586 1126 676 1182 ne,
709 1110 843 1167 dum
872 1112 1100 1169 videret
1130 1114 1427 1169 exercitus
1479 1114 1629 1184 quod
1666 1114 1763 1170 ille
1796 1115 1960 1173 Solus

316 1199 565 1268 biberet,
589 1198 719 1270 plus
751 1200 917 1255 sitire
942 1200 1250 1273 inciperet.
1282 1202 1561 1260 Laudavit
1581 1207 1773 1260 autem
1798 1205 1958 1260 boni-

315 1295 493 1342 tatem
523 1287 742 1358 Zephili
778 1302 946 1359 quam
980 1290 1185 1346 habuit
1216 1290 1272 1345 in
1304 1304 1455 1360 eum,
1482 1286 1778 1363 et'optima
1806 1293 1955 1349 dona

315 1375 474 1431 dedit
506 1376 578 1431 ei.
617 1376 994 1433 Confortatus
1024 1392 1165 1434 vero
1197 1378 1269 1433 de
1299 1378 1405 1435 hoc
1437 1380 1736 1436 exercitus
1778 1380 1959 1452 ecepit

316 1463 419 1519 ire.
447 1465 731 1536 Apparuit
764 1469 955 1524 autem
975 1480 1087 1521 non
1111 1466 1281 1536 longe
1306 1468 1514 1524 flumen
1541 1468 1596 1523 in
1616 1468 1873 1540 deserto,
1901 1469 1956 1524 in

316 1552 485 1621 cujus
513 1553 639 1624 ripa
671 1559 839 1609 erant
869 1570 1069 1611 cannae
1102 1555 1235 1613 alue
1283 1557 1587 1626 sexaginta
1619 1557 1866 1629 pedibus
1897 1562 1956 1613 et

316 1656 540 1710 grossae
573 1642 725 1698 sicut
755 1643 946 1713 pinus,
973 1658 1044 1698 ex
1074 1644 1286 1713 quibus
1311 1645 1526 1701 fiebant
1549 1647 1763 1703 tabulae
1786 1646 1855 1702 ad
1881 1648 1957 1702 fa-

2064 492 2199 550 luna
2234 494 2432 552 lucere
2467 496 2770 569 inciperet,
2806 498 3003 555 subito
3042 503 3326 556 venerunt
3370 498 3713 571 scorpiones

2064 587 2121 638 et
2153 590 2461 655 serpentes
2495 587 2741 657 aliazque
2776 587 2910 644 ferae
2942 587 3143 643 bibere
3195 589 3266 644 de
3313 587 3437 660 ipso
3470 588 3620 659 lacu,
3651 594 3714 645 et

2063 674 2185 727 tota
2201 677 2359 729 terra
2387 673 2482 729 illa
2511 676 2819 731 resonabat
2842 676 2911 731 de
2930 675 3120 732 sibilis
3136 676 3512 747 serpentium.
3532 678 3712 733 Pone-

2066 758 2204 814 bant
2221 774 2361 829 ergo
2384 761 2602 818 milites
2619 767 2782 819 scuta
2803 763 2858 817 in
2883 764 3073 820 fronte
3095 768 3421 820 castrorum
3437 780 3540 836 per
3563 764 3714 821 ordi'

2064 861 2214 917 nem,
2241 854 2300 904 et
2325 851 2600 906 tenebant
2625 850 2856 907 lanceas
2881 852 2935 907 in
2957 852 3242 923 manibus,
3268 856 3328 908 et
3359 853 3444 909 sic
3466 853 3713 925 recipie-

2068 936 2207 992 bant
2238 943 2544 1009 serpentes
2574 944 2775 995 contra
2808 955 2869 997 se
2914 940 3235 1009 venientes,
3270 946 3327 995 et
3379 941 3713 1012 aliquantos

2066 1025 2411 1082 occiderunt
2443 1041 2513 1082 ex
2539 1027 2642 1083 eis.
2670 1029 3101 1084 Recedentibus
3122 1033 3312 1085 autem
3337 1031 3713 1101 serpentibus

2068 1114 2224 1169 circa
2260 1115 2502 1170 terciam
2538 1116 2726 1172 noctis
2759 1117 2978 1186 horam,
3013 1132 3141 1173 cum
3167 1118 3281 1188 jam
3316 1123 3623 1189 sperarent
3648 1134 3714 1175 se

2069 1203 2326 1272 requiem
2376 1203 2706 1274 habituros,
2759 1219 2896 1260 ecce
2945 1204 3016 1259 de
3063 1205 3357 1261 montibus
3402 1206 3716 1262 veniebant

2070 1290 2166 1344 alii
2199 1296 2505 1361 serpentes
2535 1291 2820 1348 columnis
2850 1292 3201 1361 grossiores,
3235 1294 3449 1349 erectis
3468 1295 3718 1365 pectori-

2070 1378 2198 1447 bus,
2224 1380 2446 1449 apertis
2482 1380 2701 1447 buccis,
2726 1379 2796 1435 de
2820 1395 3064 1451 quorum
3087 1380 3297 1451 [oculis
3318 1380 3404 1453 ²¹⁶]
3436 1382 3717 1439 scintilla-

2070 1468 2168 1522 bat
2198 1482 2505 1538 venenum,
2537 1468 2830 1539 alitusque
2859 1484 3059 1525 eorum
3092 1473 3221 1525 erat
3250 1471 3514 1526 mortifer
3539 1488 3553 1536 ;
3583 1487 3715 1528 cum

2071 1555 2281 1626 quibus
2318 1558 2650 1626 pugnabant
2683 1556 2816 1627 plus
2849 1571 3019 1627 quam
3053 1571 3222 1613 unam
3268 1558 3468 1614 horam
3502 1560 3713 1631 noctis,

2069 1648 2127 1699 et
2159 1644 2338 1700 occisi
2370 1648 2503 1700 sunt
2536 1644 2607 1699 ab
2629 1644 2718 1701 eis
2738 1645 2977 1714 triginta
2998 1646 3150 1702 servi
3173 1651 3234 1701 et
3251 1646 3455 1717 viginti
3476 1647 3713 1703 milites.

316 1730 554 1787 ciendas
580 1745 769 1787 casas.
800 1731 883 1786 Ibi
916 1746 1057 1801 ergo
1103 1738 1426 1803 posuerunt
1456 1737 1669 1790 castra.
1702 1737 1957 1806 Cumque
1986 1753 2041 1814 Β
2072 1736 2143 1788 At
2170 1737 2477 1803 postquam
2513 1738 2888 1788 recesserunt
2923 1738 3242 1805 serpentes,
3279 1738 3559 1791 venerunt
3581 1749 3719 1791 can-

314 1832 384 1873 ex
415 1819 616 1875 eadem
649 1834 796 1889 aqua
830 1819 1029 1876 bibere
1061 1820 1295 1890 vellent,
1318 1826 1446 1877 erat
1468 1835 1659 1879 amara
1680 1823 1831 1879 sicut
1859 1823 1951 1880 fel.

316 1907 776 1977 Angustiabatur
803 1907 1001 1978 itaque
1033 1923 1134 1964 rex
1164 1908 1295 1979 plus
1328 1910 1397 1965 de
1414 1910 1761 1967 animalibus
1787 1926 1956 1982 quam

315 1994 384 2051 de
415 1996 766 2067 hominibus,
794 1997 927 2067 quia
962 1996 1061 2052 illa
1095 1997 1250 2053 sitim
1283 2002 1608 2069 temperare
1640 1998 1830 2055 minus
1858 2015 1958 2056 no-

315 2090 537 2153 verant,
566 2084 624 2154 (f.
661 2088 786 2157 230)
812 2085 1028 2142 milites
1053 2092 1244 2142 autem
1269 2086 1364 2142 alii
1391 2085 1687 2157 lingebant
1715 2088 1953 2158 ferrum,

314 2172 411 2227 alii
437 2172 713 2228 bibebant
737 2173 950 2243 oleum,
970 2174 1065 2229 alii
1087 2189 1226 2230 vero
1244 2174 1313 2230 ad
1338 2178 1553 2231 tantam
1571 2181 1957 2247 pervenerant

315 2260 745 2330 necessitatem,
782 2266 843 2317 ut
878 2262 1102 2318 urinam
1133 2276 1293 2319 suam
1324 2261 1610 2318 biberent.
1638 2265 1956 2334 Pergentes

314 2347 493 2416 igitur
522 2349 686 2419 juxta
720 2349 901 2420 ripam
950 2349 1209 2418 ejusdam
1262 2350 1441 2405 amari
1494 2351 1765 2421 fluminis,
1800 2353 1955 2409 circa

315 2440 579 2492 octavam
611 2437 723 2492 diei
755 2438 955 2493 horam
987 2442 1272 2495 venerunt
1300 2438 1371 2494 ad
1420 2439 1725 2495 castellum
1760 2455 1953 2510 unum,

314 2523 369 2578 in
404 2524 595 2580 insula
624 2526 887 2595 ejusdem
916 2526 1169 2582 fluminis
1192 2526 1469 2598 positum,
1493 2527 1645 2597 quod
1674 2542 1747 2583 ex
1770 2528 1958 2600 predi-

311 2612 423 2668 ctis
456 2614 657 2669 cannis
677 2618 806 2669 erat
825 2614 1192 2671 aedificatum.
1221 2616 1303 2671 Ibi
1325 2615 1597 2671 viderunt
1624 2631 1841 2686 paucos
1861 2618 1960 2673 ho-

316 2699 501 2756 mines
532 2701 739 2770 nudos,
777 2701 872 2771 qui
921 2703 1121 2757 statim
1174 2706 1235 2758 ut
1291 2703 1612 2760 exercitum
1662 2704 1954 2775 viderunt,

315 2800 342 2840 a
355 2787 749 2842 bsconderunt
765 2802 847 2844 se.
868 2788 1195 2844 Alexander
1209 2794 1398 2845 autem
1422 2790 1625 2847 volens
1649 2791 1806 2863 loqui
1828 2807 1959 2849 cum

316 2874 401 2929 eis
433 2879 495 2930 ut
529 2889 735 2946 aquam
784 2876 895 2931 sibi
940 2877 1337 2948 ostenderent,
1370 2893 1500 2935 cum
1534 2878 1730 2937 nullus
1756 2894 1958 2937 eorum

316 2964 838 3034 appareret,jussit
866 2965 1309 3037 paucasjactari
1334 2968 1602 3039 sagittas,
1634 2973 1695 3025 ut
1716 2969 1806 3025 vel
1828 2985 1961 3041 pro-

312 3055 444 3122 pter
474 3052 746 3108 timorem
778 3054 1127 3124 sagittarum
1159 3056 1429 3123 exirent;
1462 3056 1565 3113 sed
1598 3056 1682 3112 illi
1716 3056 1848 3128 plus
1896 3073 1959 3115 se

312 3141 767 3198 absconderunt.
795 3144 948 3199 Tunc
972 3142 1128 3199 misit
1150 3143 1204 3198 in
1229 3144 1416 3214 ipsum
1442 3145 1651 3200 ﬂumen
1675 3144 1961 3203 ducentos

311 3244 382 3284 ex
409 3229 822 3286 Macedonibus
850 3246 979 3287 cum
1014 3230 1241 3288 levibus
1268 3232 1465 3288 armis.
1502 3232 1606 3299 Qui
1656 3248 1786 3290 cum
1844 3235 1959 3305 jam

312 3321 585 3387 quartam
611 3322 835 3389 partem
862 3318 1114 3375 fluminis
1134 3324 1718 3391 pernatassent,ecce
1735 3322 1806 3378 de
1830 3338 1964 3394 pro-

313 3406 488 3461 fundo
519 3411 893 3462 emerserunt
922 3408 1215 3479 yppotami
1246 3407 1315 3441 m
1345 3409 1622 3465 fortiores
1654 3425 1823 3480 quam
1848 3411 1962 3467 ele-

312 3493 533 3565 phanti,
556 3498 614 3549 et
647 3494 982 3551 videntibus
1011 3495 1229 3552 ceteris
1252 3500 1308 3552 et
1330 3496 1762 3569 plangentibus,
1789 3499 1961 3556 devo-

313 3585 588 3638 raverunt
620 3597 739 3638 eos.
767 3582 1072 3653 Yppotami
1102 3587 1294 3639 autem
1331 3584 1503 3639 medii
1538 3589 1671 3641 sunt
1699 3586 1962 3644 homines

309 3676 369 3725 ct
400 3670 571 3726 medii
605 3670 836 3726 caballi.
868 3672 1059 3726 Iratus
1082 3677 1276 3727 autem
1303 3671 1632 3729 Alexander
1657 3673 1709 3728 in
1735 3689 1838 3731 eos
1862 3676 1958 3746 qui

310 3760 632 3815 exercitum
665 3774 768 3832 per
799 3758 938 3815 talia
961 3759 1090 3816 loca
1112 3759 1181 3793 ²¹⁶
1205 3759 1707 3832 ducebant,jussit
1726 3768 1958 3821 centum

308 3864 379 3902 ex
408 3847 496 3904 eis
526 3848 675 3903 mitti
711 3862 766 3903 1n
799 3848 1031 3918 flumen,
1056 3853 1115 3905 et
1136 3855 1442 3921 cmperunt
1472 3851 1767 3922 yppotami
1798 3852 1962 3909 ebul-

312 3935 419 3992 lire
450 3935 598 3993 sicut
636 3937 913 4007 formicae,
936 3942 996 3993 et
1020 3937 1450 3995 devoraverunt
1483 3952 1606 3996 eos.
1633 3939 1771 3996 Inde
1796 3942 1953 4012 moti,

310 4025 378 4080 ad
418 4024 779 4081 undecimam
811 4023 926 4081 diei
959 4025 1157 4081 horam
1187 4024 1459 4082 viderunt
1485 4027 1540 4082 in
1567 4029 1693 4100 ipso
1720 4029 1956 4084 flumine

310 4113 572 4169 homines
605 4113 659 4168 in
693 4113 981 4170 naviculis
1016 4114 1287 4171 rotundis
1329 4115 1398 4169 dc
1442 4131 1625 4173 canna
1674 4117 1864 4186 factis,
1896 4121 1953 4172 et

313 4202 821 4271 interrogaverunt
846 4217 968 4273 eos,
998 4203 1093 4259 ubi
1119 4218 1325 4273 aquam
1351 4203 1575 4261 dulcem
1603 4204 1952 4261 invenirent.

311 4290 417 4355 Qui
453 4290 855 4346 indicaverunt
889 4291 976 4347 eis
1009 4290 1195 4347 lacum
1230 4291 1419 4348 dulcis
1444 4307 1607 4362 aqute
1635 4292 1690 4348 in
1712 4297 1845 4349 ante
1870 4307 1957 4349 re-

311 4377 672 4448 periendum.
703 4378 866 4434 Ibant
889 4392 1029 4449 ergo
1051 4383 1174 4435 tota
1196 4385 1365 4436 nocte
1391 4380 1615 4450 fatigati
1650 4381 1720 4437 de
1749 4382 1868 4451 siti,
1895 4386 1952 4437 et

2070 1820 2177 1888 eri,
2206 1820 2491 1875 habentes
2508 1818 2685 1877 dorsa
2707 1821 2850 1876 dura
2874 1821 3027 1877 sicut
3044 1822 3367 1892 coeodrilli,
3394 1837 3523 1893 quae
3540 1822 3718 1892 jactis

2073 1906 2290 1964 lanceis
2321 1910 2617 1979 perforata
2652 1923 2764 1965 non
2794 1914 2964 1973 sunt;
2998 1910 3212 1967 multos
3261 1915 3451 1967 tamen
3495 1925 3567 1966 ex
3598 1910 3718 1967 illis

2072 1996 2414 2053 occiderunt
2434 1997 2489 2051 in
2506 1998 2658 2067 igne,
2678 1997 2886 2068 reliqui
2904 1999 3270 2055 intraverunt
3292 1998 3479 2055 laeum
3504 2000 3713 2071 ipsum.

2146 2084 2225 2153 (F.
2252 2086 2404 2157 231.)
2426 2086 2547 2141 Iam
2577 2089 2818 2140 venerat
2847 2086 3047 2155 quinta
3079 2085 3278 2156 vigilia
3307 2086 3518 2156 noctis,
3539 2090 3599 2142 et
3631 2101 3720 2142 re-

2073 2173 2378 2243 quiescere
2397 2172 2631 2229 volebat
2646 2174 2964 2244 exercitus,
2982 2178 3038 2229 et
3054 2189 3187 2231 ecce
3211 2179 3494 2231 venerunt
3519 2173 3719 2231 leones

2075 2260 2189 2316 albi
2220 2260 2468 2330 majores
2497 2260 2703 2331 tauris,
2739 2265 2797 2316 et
2828 2262 3238 2319 concutientes
3270 2263 3534 2319 cervices
3556 2278 3716 2333 suas,

2072 2364 2203 2405 cum
2253 2349 2715 2406 murmuratione
2764 2364 2967 2419 magna
3027 2351 3286 2406 fecerunt
3345 2351 3621 2423 impetum
3662 2351 3719 2407 in

2072 2450 2214 2504 eos;
2250 2437 2359 2509 ipsi
2394 2441 2588 2493 autem
2618 2442 2978 2508 exceperunt
3007 2452 3107 2494 eos
3152 2439 3457 2495 venabulis
3486 2439 3629 2509 suis,
3660 2442 3719 2495 et

2074 2525 2285 2581 mortui
2315 2531 2469 2581 sunt.
2496 2526 2631 2581 Post
2657 2525 2777 2581 hzec
2799 2530 3086 2582 venerunt
3108 2527 3265 2598 porci
3303 2527 3462 2583 mira;
3503 2527 3723 2597 magni-

2071 2613 2312 2683 tudinis,
2335 2613 2616 2669 habentes
2635 2613 2899 2670 diversos
2922 2613 3172 2684 colores,
3195 2618 3252 2670 et
3277 2630 3406 2670 cum
3431 2613 3549 2671 illis
3565 2614 3725 2671 simi-

2075 2700 2212 2757 liter
2240 2706 2667 2772 pugnaverunt.
2700 2703 2924 2758 Interea
2958 2702 3230 2774 apparuit
3277 2703 3463 2759 bestia
3498 2717 3606 2759 una
3641 2703 3722 2759 si-

2075 2788 2229 2845 milis
2260 2788 2507 2859 caballo,
2542 2788 2727 2858 major
2752 2788 3084 2861 elephanto,
3109 2790 3219 2845 tria
3247 2790 3468 2847 habens
3494 2805 3719 2847 cornua

2074 2881 2314 2947 armata,
2359 2877 2684 2948 vidensque
2742 2883 2954 2947 castra,
3000 2883 3309 2948 antequam
3370 2878 3595 2935 biberet
3647 2880 3720 2935 de

2075 2964 2223 3027 lacu.
2251 2964 2412 3021 dedit
2434 2965 2709 3037 impetum
2746 2965 2800 3021 in
2823 2971 3034 3036 castra,
3061 2966 3596 3038 resistentibusque
3619 2967 3722 3022 mi-

2076 3053 2525 3123 litibus,occidit
2541 3069 2611 3110 ex
2627 3054 2774 3125 ipsis
2788 3054 2992 3124 viginti
3008 3058 3279 3126 quatuor,
3296 3055 3719 3126 quinquaginta

2072 3142 2482 3208 conculcavit;
2516 3148 2708 3198 tamen
2740 3143 3083 3199 occiderunt
3129 3157 3276 3200 eam.
3309 3144 3523 3199 Deinde
3551 3158 3722 3200 vene-

2074 3234 2207 3287 runt
2241 3236 2296 3287 et
2329 3231 2803 3302 vespertiliones,
2824 3232 2976 3287 sicut
3008 3236 3067 3287 et
3090 3246 3264 3303 supra
3290 3233 3576 3304 scriptum
3597 3236 3712 3301 est,

2072 3319 2237 3389 quasi
2270 3319 2573 3390 columbae,
2610 3320 2893 3376 habentes
2924 3319 3129 3375 dentes
3160 3321 3312 3377 sicut
3338 3320 3621 3390 homines,
3656 3326 3716 3376 et

2074 3407 2359 3463 feriebant
2393 3407 2609 3463 milites
2643 3408 2697 3462 in
2734 3408 2910 3464 facies
2929 3423 3083 3477 suas,
3104 3413 3161 3464 et
3184 3409 3487 3479 plagaseis
3509 3409 3720 3465 infere-

2072 3495 2228 3551 bant.
2266 3497 2561 3552 Venerunt
2588 3500 2647 3551 et
2679 3496 2903 3552 surices
2926 3496 3077 3552 sicut
3101 3496 3326 3568 vulpes,
3349 3502 3409 3552 et
3431 3512 3725 3567 quaecum-

2072 3599 2183 3654 que
2214 3584 2484 3639 animalia
2519 3584 2883 3655 mordebant,
2921 3585 3117 3640 statim
3164 3586 3582 3657 moriebantur,
3618 3586 3720 3641 ho-

2072 3672 2257 3728 mines
2284 3677 2475 3728 autem
2508 3686 2580 3727 ex
2612 3672 2902 3728 morsibus
2934 3687 3134 3728 eorum
3167 3686 3279 3729 non
3312 3672 3522 3729 mortui
3557 3676 3714 3729 sunt.

2075 3760 2592 3831 Appropinquante
2635 3765 2827 3815 autem
2858 3760 2989 3816 luce
3018 3764 3301 3817 venerunt
3330 3775 3465 3817 aves
3495 3761 3718 3818 similes

2069 3848 2427 3919 vulturibus,
2457 3849 2741 3904 habentes
2788 3849 3041 3905 colorem
3093 3848 3497 3920 rubicundum,
3531 3850 3716 3920 pedes

2069 3951 2208 3992 vero
2240 3942 2299 3992 et
2331 3940 2520 3993 rostra
2554 3938 2736 4007 nigra,
2769 3940 2826 3992 et
2859 3937 3251 4008 impleverunt
3295 3942 3479 3994 totam
3528 3937 3714 4008 ripam

2069 4023 2203 4094 laci,
2229 4028 2285 4080 et
2315 4026 2695 4081 extrahentes
2727 4025 2920 4096 pisces
2940 4026 3010 4081 de
3035 4025 3163 4082 lacu
3187 4026 3588 4095 comederunt,
3615 4026 3718 4080 ho-

2071 4115 2253 4169 mines
2283 4128 2422 4170 vero
2447 4129 2558 4169 non
2584 4120 2927 4170 nocuerunt.
2956 4116 3144 4170 Iratus
3167 4118 3360 4170 autem
3386 4112 3716 4170 Alexander

2067 4207 2273 4257 contra
2305 4203 2486 4259 duces
2516 4203 2643 4271 via),
2674 4202 2807 4258 fecit
2839 4202 2927 4259 eis
2959 4202 3179 4258 abscidi
3206 4216 3409 4258 manus
3426 4207 3484 4257 et
3511 4202 3711 4273 pedes,

2070 4296 2131 4347 ut
2164 4291 2277 4346 vivi
2312 4307 2340 4347 a
2388 4292 2763 4363 serpentibus
2812 4291 3279 4361 comederentur,
3322 4291 3713 4360 hortatusque

2066 4383 2154 4434 est
2190 4380 2421 4449 milites,
2457 4385 2521 4435 ut
2556 4380 2735 4435 fortes
2765 4384 2962 4436 essent
3004 4394 3108 4435 nec
3157 4380 3212 4435 in
3262 4379 3526 4435 adversis
3558 4378 3713 4435 sicut

308 4470 436 4520 erat
458 4465 544 4521 eis
568 4466 859 4536 angustia,
878 4466 1013 4537 quia
1038 4468 1413 4523 omnesibant
1431 4470 1656 4525 armati.
1677 4470 1954 4526 Occurre-
1983 4457 2036 4517 D
2070 4468 2295 4524 feminae
2342 4467 2684 4525 deficerent.

312 4553 451 4609 bant
481 4558 674 4610 autem
707 4553 793 4610 eis
823 4553 1041 4624 leones,
1078 4556 1220 4625 ursi,
1254 4556 1535 4627 tygrides,
1561 4562 1618 4612 et
1645 4572 1747 4630 per
1770 4562 1953 4614 totam

310 4646 537 4697 noctem
572 4642 905 4712 pugnabant
932 4658 1062 4698 cum
1092 4643 1194 4699 eis.
1224 4643 1349 4700 Alia
1379 4660 1517 4701 vero
1550 4645 1662 4715 die,
1689 4647 1950 4717 cumjam

312 4728 445 4786 lassi
469 4734 692 4801 essent,
709 4730 846 4786 hora
873 4730 1035 4801 quasi
1051 4734 1257 4788 octava
1275 4737 1665 4803 pervenerunt
1679 4734 1749 4791 ad
1766 4734 1951 4805 ipsum

312 4818 520 4875 lacum.
548 4818 880 4873 Posnerunt
905 4817 1195 4888 itaqueibi
1218 4824 1413 4876 castra
1434 4820 1489 4875 in
1513 4820 1879 4891 longitudine
1894 4825 1951 4877 et

310 4904 622 4962 latitudine
640 4904 711 4963 ad
728 4906 838 4963 tria
857 4907 1103 4962 miliaria
1123 4906 1314 4973 ;lacus
1331 4922 1472 4964 vero
1493 4915 1619 4964 erat
1645 4910 1953 4982 spaciosus

312 4994 380 5049 ad
416 4995 731 5052 miliarium
766 5011 960 5052 unum.
981 4998 1134 5052 Tunc
1164 4996 1505 5053 locaverunt
1529 4997 1873 5069 elephantos
1898 4999 1952 5054 in

312 5083 499 5138 media
526 5088 691 5155 parte
713 5088 1062 5156 castrorum,
1078 5090 1139 5141 ut
1160 5084 1460 5142 continere
1484 5101 1547 5141 se
1572 5092 1773 5158 posset
1795 5102 1956 5143 exer-

315 5170 489 5240 citus,
518 5171 566 5226 si
602 5172 741 5242 quid
772 5173 859 5229 eis
891 5182 1064 5230 nocte
1096 5174 1524 5246 superveniret,
1549 5179 1609 5231 et
1632 5174 1955 5232 incidentes

315 5257 520 5314 silvam
552 5273 679 5330 quae
707 5265 833 5316 erat
858 5261 1014 5317 circa
1048 5261 1257 5333 lacum,
1295 5261 1580 5318 faciebant
1615 5263 1771 5319 focos
1796 5263 1953 5318 mille

2138 4557 2219 4625 (F.
2253 4556 2401 4626 232.)
2433 4556 2597 4612 Motis
2635 4555 2768 4611 inde
2817 4555 3048 4625 castris,
3084 4554 3412 4611 Alexander
3457 4552 3708 4609 tetendit

2069 4660 2250 4716 usque
2284 4645 2353 4700 ad
2404 4659 2581 4715 mare,
2618 4644 2871 4716 probare
2896 4644 3119 4712 volens,
3155 4643 3203 4698 si
3254 4647 3459 4715 posset
3506 4643 3709 4698 orbem

2064 4733 2313 4790 circuire
2362 4748 2462 4804 per
2512 4746 2812 4799 oceanum,
2854 4737 2911 4788 et
2967 4731 3235 4802 quoniam
3283 4730 3546 4786 homines
3594 4729 3709 4786 loci

2065 4822 2223 4878 illius
2242 4821 2513 4877 dicebant
2534 4823 2838 4877 tenebrosa
2864 4821 2942 4877 ibi
2974 4819 3120 4890 loca,
3146 4824 3201 4875 ct
3237 4820 3388 4890 quod
3424 4819 3707 4874 Hercules

2064 4916 2121 4965 et
2154 4910 2322 4965 Liber
2353 4925 2463 4966 non
2495 4909 2616 4966 ausi
2647 4914 2841 4965 essent
2872 4908 2941 4964 ad
2975 4907 3107 4964 illas
3153 4912 3351 4979 partes
3400 4906 3705 4974 accedere,

2064 4998 2353 5054 ordinavit
2384 4997 2677 5054 sinistram
2709 5003 2932 5068 partem
2960 4996 3144 5057 Indiae.
3193 4994 3464 5064 circuire,
3499 4999 3561 5049 ut
3594 5008 3709 5049 non

2063 5091 2218 5143 esset
2250 5087 2413 5143 locus
2439 5086 2548 5143 sibi
2576 5086 2926 5155 incognitus.
2955 5087 3300 5140 Invenerunt
3324 5087 3519 5138 autem
3548 5080 3711 5153 palu-

2063 5175 2189 5230 dem
2223 5176 2458 5244 siccam,
2486 5190 2613 5246 quae
2644 5174 2895 5230 habebat
2918 5187 3130 5230 cannas
3148 5172 3379 5240 multas,
3408 5186 3512 5243 per
3535 5185 3709 5243 quam

2064 5279 2193 5320 cum
2226 5264 2553 5322 voluissent
2584 5263 2856 5333 transire,
2887 5262 3071 5318 exivit
3098 5261 3230 5317 inde
3264 5260 3453 5317 bestia
3494 5259 3709 5316 similis

1672 5384 1909 5441 VARIIE
1950 5386 2244 5443 LECTION
2250 5388 2349 5443 ES.

380 5474 1109 5607 ζὲ.γριὲ2ἓὲἓιὶ¹1.γέῗί›ἰιιδ
1134 5482 1295 5555 quod
1316 5497 1399 5543 an
1424 5484 1787 5556 yperpotami
1818 5484 2126 5556 legendum
2153 5485 2239 5543 sit
2263 5484 2485 5545 dubito.
2520 5482 2589 5517 ’³⁸
2626 5482 2756 5541 loco
2789 5488 2838 5539 1.
2886 5480 2955 5515 ’⁸⁸
3002 5481 3095 5540 ita
3140 5480 3262 5539 cod.
3296 5480 3487 5539 Bamb
3541 5479 3706 5538 Hist.

310 5548 534 5622 Alcm;
563 5548 740 5607 deest.
780 5555 827 5606 1.
860 5550 954 5608 rel
