3992 6054
267 248 389 310 597

1140 244 1583 309 CHRONICA.
1616 280 1697 292 -
1725 241 2203 309 CHRONICON
2246 207 2796 311 UNIVERSALE.

3549 248 3672 312 598

266 391 609 460 yppotamo,
644 387 864 446 habens
901 391 1107 460 peetus
1149 388 1299 446 sicut
1340 390 1715 460 cocodrillus,
1757 394 1815 448 et
1858 390 1912 447 in
1942 378 1998 442 A
2038 386 2290 457 Videbis,
2331 401 2470 455 rex,
2506 387 2657 446 duas
2692 384 2950 454 arbores,
2992 366 3179 443 unam
3205 386 3371 457 solis,
3412 386 3673 446 alteram

270 476 456 534 dorso
478 478 748 547 gestabat
779 478 944 549 quasi
979 493 1218 549 serram,
1251 478 1458 535 dentes
1478 480 1699 536 habens
1725 479 1917 537 fertis-

273 568 481 638 simos,
534 568 842 637 subitoque
890 569 1105 625 occidit
1141 569 1212 625 de
1257 569 1541 626 militibus
1591 570 1757 641 duos,
1810 587 1915 629 nec

273 656 469 728 potuit
502 657 849 712 transforari
883 657 1131 725 lanceis;
1164 674 1294 715 cum
1327 658 1553 715 malleis
1581 664 1775 715 tamen
1811 661 1919 717 fer-

274 744 396 801 reis
442 745 784 801 oeciderunt
814 760 957 802 eam.

348 833 565 889 Deinde
596 834 896 890 venientes
918 834 985 889 ad
1013 833 1248 892 ultimas
1277 835 1453 892 Indiae
1485 835 1681 905 silvas,
1717 851 1919 906 posue-

274 926 416 978 runt
447 925 643 977 castra
676 921 731 977 in
761 920 1119 991 longitudine
1152 923 1530 980 miliariorum
1564 939 1684 989 sex,
1711 924 1766 979 in
1792 924 1921 980 lati-

277 1010 481 1066 tudine
511 1025 653 1065 vero
686 1010 932 1066 duorum
969 1015 1026 1066 et
1060 1010 1303 1082 dimidii,
1342 1027 1519 1083 prope
1553 1013 1788 1069 fluvium
1822 1014 1918 1083 qui

278 1096 500 1153 dicitur
538 1098 800 1153 Bucmar.
844 1099 982 1154 Erat
1018 1104 1210 1155 autem
1250 1100 1392 1155 hora
1436 1099 1550 1154 diei
1592 1100 1914 1156 undecima.

277 1184 350 1240 Et
381 1200 510 1241 cum
538 1186 652 1255 jam
685 1200 919 1242 coenare
950 1186 1186 1257 vellent,
1220 1202 1355 1244 ecce
1380 1189 1576 1243 subito
1608 1189 1921 1245 veniebant

277 1277 551 1343 pastores
579 1277 639 1328 et
671 1274 766 1344 qui
801 1274 954 1342 ligna
1005 1275 1335 1343 trahebant,
1372 1276 1718 1332 nunciantes
1765 1277 1919 1347 quod

280 1361 598 1417 multitudo
643 1361 1085 1433 elephantorum
1125 1364 1197 1419 de
1228 1364 1374 1420 silva
1424 1364 1691 1420 venirent
1743 1380 1920 1435 super

278 1463 398 1504 eos.
434 1449 763 1505 Alexander
793 1465 932 1506 vero
964 1451 1554 1522 precepit-equitibus
1583 1452 1653 1507 de
1682 1452 1921 1508 Thessa-

279 1535 377 1605 lia,
408 1540 468 1592 ut
492 1536 768 1592 tollerent
800 1552 994 1595 secum
1029 1554 1236 1610 porcos
1258 1544 1317 1594 et
1339 1544 1719 1595 occurrerent
1746 1540 1830 1596 eis
1864 1540 1918 1595 in

277 1625 464 1694 equis,
507 1625 701 1681 sciens
738 1626 892 1695 quod
931 1628 1269 1697 grunnitum
1302 1643 1610 1699 porcorum
1644 1628 1921 1684 timerent

2029 477 2200 545 luna,
2227 477 2285 532 et
2302 477 2479 533 arbor
2503 476 2648 534 solis
2677 475 2947 549 loquitur
2975 475 3191 534 Indica
3224 475 3457 547 lingua,
3490 476 3669 534 arbor

2022 580 2158 622 vero
2189 564 2345 623 luna
2365 567 2631 637 loquitur
2656 567 2836 626 Greco
2857 578 3141 634 sermone,
3165 564 3226 620 et
3242 563 3315 622 ab
3336 565 3489 637 ipsis
3506 566 3671 636 pote-

2020 656 2113 712 ris
2131 655 2286 711 seire
2305 669 2438 725 qua
2454 655 2562 710 tibi
2582 654 2834 711 debeant
2851 655 3102 711 evenire.
3132 655 3388 724 Cumque
3406 668 3527 711 rem
3550 658 3666 710 tam

2026 742 2423 799 incredibilem
2449 742 2701 811 audiret,
2721 742 2990 811 cogitans
3009 741 3162 811 quod
3187 756 3292 813 per
3308 742 3502 811 jocum
3526 742 3666 799 talia

2027 830 2290 886 dicerent
2311 830 2443 885 fecit
2464 845 2563 886 eos
2584 830 2729 886 male
2750 830 3015 898 tractari,
3032 828 3234 885 dicens
3252 850 3264 885 :
3279 829 3677 902 Sieperoem't

2021 919 2224 990 gloria
2243 933 2374 975 mea
2390 917 2463 975 ab
2483 921 2603 977 oce!
2610 919 2779 974 dente
2798 920 2865 977 in
2886 919 3189 987 orientem,
3209 919 3279 975 ut
3292 919 3399 976 isti
3414 933 3581 976 senes
3601 920 3673 976 de

2024 1021 2115 1064 me
2142 1008 2334 1064 risum
2350 1008 2639 1078 faciant?
2672 1007 2757 1062 illi
2792 1013 2985 1063 autem
3020 1007 3669 1078 aﬂlrmabantjurando,

2030 1095 2181 1166 quod
2198 1095 2413 1151 nullam
2435 1095 2715 1151 fallaciam
2738 1096 3020 1165 dicerent,
3038 1095 3140 1152 sed
3156 1110 3353 1152 verum
3368 1110 3501 1152 esse
3514 1095 3669 1167 quod

2029 1185 2302 1241 dicebant
2339 1185 2736 1241 ostenderent.
2780 1187 3082 1254 Rogabant
3112 1185 3291 1254 igitur
3329 1199 3460 1241 eum
3500 1184 3668 1240 amici

2028 1273 2151 1343 ejus
2170 1278 2229 1329 et
2246 1274 2509 1343 comites,
2534 1278 2593 1327 ut
2614 1273 2772 1329 nullo
2794 1273 2962 1329 modo
2980 1273 3446 1344 pretermitteret
3469 1271 3670 1328 videre

2032 1362 2204 1416 talem
2223 1376 2475 1417 causam.
2501 1361 2650 1417 Tulit
2671 1376 2810 1430 ergo
2831 1366 3004 1418 30000
3022 1362 3281 1432 equitum
3302 1375 3517 1430 secum,
3540 1360 3671 1415 mit-

2030 1455 2275 1520 tensque
2308 1454 2568 1506 ceterum
2597 1450 2919 1505 exercitum
2945 1450 3000 1504 in
3025 1449 3295 1506 Fasiacen
3328 1465 3459 1505 cum
3491 1448 3671 1508 omni.-

2032 1539 2140 1594 bus
2160 1538 2380 1593 divitiis
2400 1552 2544 1608 quas
2567 1537 2907 1608 collegerat,
2935 1537 3057 1609 ipse
3076 1552 3204 1594 cum
3227 1537 3449 1593 delecta
3470 1535 3672 1606 juven-

2031 1630 2157 1682 tute
2183 1630 2423 1682 secutus
2437 1630 2524 1681 est
2542 1639 2711 1681 senes
2726 1625 2858 1681 illos
2882 1639 2982 1697 per
2997 1625 3120 1681 loca
3141 1622 3283 1680 dura
3299 1631 3356 1681 et
3375 1624 3666 1680 districta.

278 1710 595 1782 elephanti,
620 1713 818 1783 sicque
840 1715 1021 1783 fugati
1042 1719 1195 1770 sunt.
1223 1715 1433 1771 Milites
1449 1720 1641 1772 autem
1665 1716 1920 1772 sonanti-
1948 1729 2001 1788 Β
2031 1715 2341 1769 Venientes
2365 1718 2557 1769 autem
2583 1714 2678 1769 ubi
2705 1714 2947 1768 arbores
2968 1717 3157 1781 erant,
3179 1713 3453 1768 viderunt
3479 1711 3669 1768 locum

280 1797 390 1854 bus
404 1797 668 1856 buccinis
685 1802 978 1871 persecuti
994 1806 1127 1857 sunt
1141 1818 1263 1871 eos,
1280 1808 1335 1858 et
1353 1804 1781 1859 subnervantes
1793 1819 1915 1873 eos,

277 1886 702 1945 occideruntex
716 1889 799 1945 eis
819 1893 1139 1959 nongentos
1158 1892 1476 1960 octoginta,
1498 1899 1555 1946 et
1575 1891 1920 1948 tuleruntex

277 1973 365 2029 eis
385 1974 593 2031 dentes
606 1982 662 2030 et
676 1992 816 2032 corn
828 1991 918 2046 ua,
935 1981 993 2032 et
1014 1978 1314 2034 redierunt
1336 1978 1389 2034 in
1409 1985 1626 2049 castra,
1648 1979 1921 2051 illamque

276 2064 506 2117 noctem
540 2063 823 2120 habentes
855 2065 1130 2134 quietam,
1163 2066 1271 2121 alia
1307 2067 1399 2121 die
1429 2072 1733 2138 coeperunt
1757 2069 1841 2124 ire
1866 2069 1918 2123 in

278 2148 425 2205 alias
458 2154 657 2219 partes
696 2151 890 2208 Indiae.
938 2153 1305 2209 lnvenientes
1337 2158 1527 2210 autem
1560 2170 1795 2225 campos
1828 2170 1922 2227 pa-

277 2239 495 2306 tentes,
540 2238 810 2294 viderunt
855 2239 932 2294 ibi
978 2239 1239 2295 homines
1277 2240 1562 2296 masculos
1590 2246 1648 2296 et
1680 2242 1921 2297 feminas

280 2324 488 2393 nudos,
514 2340 759 2395 quorum
786 2326 1088 2396 longitudo
1108 2332 1233 2383 erat
1259 2343 1461 2384 novem
1491 2330 1717 2398 pedum,
1744 2334 1802 2385 et
1827 2331 1923 2385 ha-

282 2412 498 2467 bebant
532 2415 1017 2470 consuetudinem
1049 2420 1102 2470 et
1141 2416 1194 2470 in
1227 2421 1381 2471 terra
1412 2422 1467 2472 et
1503 2417 1555 2471 in
1590 2417 1923 2474 ﬂuminibus

282 2501 520 2556 morari.
548 2503 684 2557 Nam
710 2502 843 2558 dum
870 2503 1100 2573 quidam
1122 2504 1193 2559 de
1213 2504 1475 2559 exercitu
1502 2504 1717 2560 vellent
1743 2505 1825 2561 ire
1850 2507 1919 2561 ad

279 2601 396 2656 eos,
435 2589 629 2644 subito
659 2589 1067 2647 immerserunt
1096 2607 1155 2646 se
1190 2591 1241 2645 in
1274 2592 1526 2647 ﬂumine.

349 2675 567 2730 Deinde
605 2682 891 2733 venerunt
933 2679 989 2732 in
1027 2678 1230 2734 silvam
1274 2679 1343 2732 de
1383 2678 1777 2749 cinocephalis
1805 2679 1922 2750 plc-

277 2774 429 2830 nam,
464 2763 571 2819 hoc
602 2767 694 2819 est
726 2764 1055 2820 hominibus
1084 2766 1286 2821 canina
1321 2766 1513 2837 capita
1545 2766 1915 2823 habentibus.

278 2848 383 2914 Qui
408 2864 538 2906 cum
562 2865 664 2906 eos
693 2856 1002 2922 percutere
1034 2852 1274 2921 vellent,
1301 2869 1430 2908 cum
1454 2854 1688 2923 sagittis
1715 2870 1814 2910 eos
1839 2856 1921 2911 fu-

276 2942 584 3005 gaverunt.
636 2939 774 2995 Post
823 2939 946 2996 haec
994 2938 1325 2995 dicentibus
1373 2941 1487 2996 illis
1530 2941 1625 3011 qui
1664 2956 1793 2996 cum
1836 2942 1921 2998 eis

277 3027 445 3079 erant
479 3024 550 3079 de
585 3030 743 3081 terra
774 3026 889 3096 illa,
923 3027 1074 3096 quod
1108 3026 1283 3082 nichil
1313 3028 1427 3097 jam
1462 3029 1592 3083 novi
1628 3031 1916 3098 reperturi

277 3118 495 3179 essent,
522 3118 802 3184 ceperunt
827 3115 1019 3170 redire
1038 3116 1090 3169 in
1115 3116 1408 3184 Fasiacen,
1436 3117 1586 3172 unde
1610 3122 1914 3188 venerunt,

276 3200 659 3270 precepitque
680 3202 1024 3271 Alexander,
1044 3204 1503 3259 uttenderentur
1519 3208 1713 3259 castra
1732 3220 1836 3275 per
1856 3209 1919 3260 12

280 3285 547 3343 miliaria.
583 3289 837 3359 Cumque
867 3290 1057 3345 omnia
1084 3290 1465 3360 tentoriajam
1491 3296 1687 3348 erecta
1720 3298 1919 3348 essent

278 3375 333 3425 et
367 3374 531 3428 multi
558 3374 669 3429 foci
694 3376 947 3439 accensi,
971 3376 1166 3440 subito
1198 3382 1356 3431 tanta
1384 3377 1470 3432 vis
1495 3377 1619 3433 euri
1646 3379 1782 3433 ﬂare
1806 3394 1920 3434 coe-

280 3459 386 3529 pit,
422 3466 485 3515 ut
514 3462 700 3518 omnia
740 3463 994 3519 tentoria
1037 3464 1335 3535 dejiceret,
1379 3465 1645 3520 animalia
1687 3480 1917 3536 quoque

278 3547 526 3603 multum
564 3554 938 3621 vexarentur,
981 3552 1116 3621 quia
1156 3552 1427 3607 scintillae
1458 3552 1528 3608 de
1563 3553 1705 3608 focis
1746 3554 1914 3608 dorsa

278 3648 479 3690 eorum
506 3636 793 3692 feriebant
814 3638 1013 3709 eisque
1040 3639 1203 3694 valde
1227 3641 1532 3696 nocebant.
1562 3640 1917 3709 Colligentes

278 3709 417 3792 Ergo
451 3725 722 3793 tentoria,
758 3726 1103 3782 invenerunt
1136 3727 1344 3784 vallem
1375 3728 1683 3798 quandam,
1719 3728 1916 3799 ibique

278 3814 472 3866 castra
507 3810 815 3868 locabant:
844 3814 943 3869 sed
978 3814 1312 3870 ceciderant
1336 3816 1498 3871 nives
1522 3830 1741 3884 magnae
1763 3816 1917 3871 sicut

278 3894 426 3952 lana.
465 3898 793 3954 Alexander
822 3914 960 3956 vero
982 3900 1191 3956 timens
1215 3915 1286 3956 ne
1309 3900 1550 3956 multum
1578 3905 1913 3957 crescerent

275 3985 443 4040 nives
466 3985 518 4040 in
542 3987 772 4056 castris,
797 3989 1079 4058 prmcepit
1107 3988 1392 4044 militibus
1416 3993 1478 4044 ut
1498 3989 1916 4044 coneulcarent

276 4086 395 4142 eas,
419 4079 477 4129 et
499 4079 688 4130 tamen
714 4075 876 4131 multi
901 4090 971 4131 ex
995 4075 1053 4145 (f.
1080 4078 1207 4148 233)
1232 4077 1462 4133 nivibus
1486 4077 1732 4131 extincti
1756 4080 1912 4146 sunt,

277 4162 579 4231 quingenti
605 4162 835 4219 scilicet
857 4164 1093 4233 milites,
1121 4164 1216 4234 qui
1235 4169 1289 4220 et
1312 4164 1388 4218 ibi
1414 4164 1626 4235 sepulti
1652 4170 1806 4220 sunt.

349 4250 649 4307 Venerunt
673 4257 804 4323 post
830 4253 951 4308 haec
974 4253 1043 4308 ad
1069 4253 1405 4324 speluncam
1433 4252 1528 4310 ubi
1555 4254 1722 4309 Liber
1754 4258 1919 4324 pater

272 4337 528 4408 jacebat,
573 4340 909 4411 dictumque
948 4345 1058 4409 est,
1105 4341 1153 4396 si
1188 4340 1399 4411 aliquis
1432 4342 1484 4396 in
1516 4343 1757 4397 eandem
1790 4357 1919 4413 spe-

2032 1802 2253 1868 largum
2286 1807 2344 1855 et
2378 1803 2549 1856 thure
2576 1805 2633 1855 et
2666 1799 3043 1871 opobalsamo
3083 1800 3345 1871 plenum;
3389 1805 3483 1855 est
3518 1799 3670 1854 enim

2033 1890 2108 1944 ibi
2142 1888 2287 1945 silva
2320 1889 2416 1945 ubi
2459 1889 2579 1944 b:ec
2622 1893 2959 1958 nascuntur,
2990 1891 3045 1944 et
3077 1888 3341 1944 homines
3369 1887 3481 1944 loci
3514 1886 3672 1943 illius

2030 1976 2119 2033 his
2154 1976 2511 2032 nutriuntur.
2556 1978 2846 2032 lntrantes
2890 1976 3086 2045 itaque
3125 1975 3314 2031 locum
3353 1976 3669 2052 sacratum,

2031 2064 2374 2120 invenerunt
2422 2064 2787 2120 sacerdotem
2832 2062 2944 2119 loci
2986 2064 3193 2134 ipsius,
3233 2062 3400 2132 cujus
3442 2066 3671 2118 statura

2029 2157 2157 2208 erat
2178 2152 2311 2223 plus
2329 2152 2527 2207 decem
2553 2152 2816 2221 pedibus,
2835 2154 2891 2205 et
2914 2151 3163 2207 habebat
3185 2164 3399 2221 corpus
3421 2150 3668 2219 nigrum,

2029 2239 2236 2295 dentes
2257 2240 2514 2305 caninos,
2540 2244 2599 2294 et
2616 2253 2687 2293 ex
2710 2240 2951 2295 auribus
2973 2238 3099 2308 ejus
3123 2237 3436 2309 perforatis
3463 2236 3673 2307 pende-

2030 2328 2169 2383 bant
2201 2343 2458 2397 gemmze.
2494 2327 2671 2392 Quem
2701 2342 2831 2382 cum
2855 2326 3172 2382 salutasset
3208 2325 3555 2393 Alexander,
3590 2325 3672 2380 in-

2032 2416 2348 2484 terrogavit
2373 2430 2524 2484 eum,
2544 2429 2647 2485 pro
2663 2429 2772 2484 qua
2788 2428 2966 2469 causa
2992 2413 3235 2470 veniret.
3263 2411 3367 2467 Ille
3389 2427 3528 2467 vero
3552 2411 3667 2467 ait:

2041 2503 2200 2571 Veni,
2235 2502 2307 2558 ut
2329 2503 2563 2559 videam
2590 2515 2791 2559 sacras
2821 2500 3064 2558 arbores
3092 2501 3239 2557 solis
3260 2501 3322 2556 et
3337 2499 3508 2557 luna.
3537 2499 3671 2553 Bar-

2031 2588 2098 2644 ba
2109 2605 2207 2645 rus
2233 2590 2532 2661 respondit
2550 2609 2561 2643 :
2576 2592 2651 2647 Si
2670 2590 2925 2646 mundus
2946 2603 3006 2646 es
3027 2603 3065 2645 a
3072 2587 3506 2660 fornicatione,
3535 2585 3676 2644 licet

2028 2680 2099 2734 ut
2116 2679 2303 2735 intres
2323 2678 2595 2734 divinum
2617 2678 2821 2735 locum.
2859 2677 3053 2732 Secuti
3085 2680 3221 2732 sunt
3249 2680 3441 2732 autem
3475 2689 3671 2744 regem

2028 2780 2096 2820 ex
2131 2766 2333 2821 amicis
2376 2766 2498 2821 suis
2531 2765 2796 2833 trecenti,
2833 2764 3047 2835 quibus
3077 2763 3341 2835 precepit
3372 2762 3669 2833 sacerdos,

2030 2854 2482 2924 utdeponerent
2525 2853 2731 2908 anulos
2760 2858 2818 2908 et
2851 2852 3252 2908 calciamenta.
3296 2852 3431 2906 Erat
3479 2856 3672 2907 autem

2029 2941 2173 2995 hora
2203 2940 2314 2996 diei
2350 2940 2675 3010 undecima,
2701 2944 2756 2996 et
2781 2940 3164 3011 exspectabat
3191 2938 3466 2996 sacerdos
3487 2937 3673 2994 donec

2028 3028 2324 3084 occideret
2358 3028 2474 3091 sol;
2508 3042 2635 3083 nam
2670 3027 2902 3082 dicebat
2945 3042 3074 3082 eum
3116 3030 3253 3082 tunc
3285 3025 3477 3081 solere
3511 3024 3666 3096 loqui

2027 3119 2084 3169 et
2120 3130 2461 3185 responsum
2504 3115 2661 3183 dare,
2703 3115 2956 3184 itemque
2987 3114 3056 3169 de
3086 3114 3294 3169 arbore
3336 3112 3486 3169 lunae
3516 3110 3669 3168 dice-

2030 3205 2148 3272 bat,
2184 3202 2336 3273 quod
2369 3203 2595 3258 oriente
2627 3207 2685 3257 et
2720 3202 3036 3257 irradiante
3068 3200 3201 3256 luna
3232 3201 3356 3272 ipsa
3389 3200 3556 3256 daret
3578 3214 3670 3255 re-

2028 3305 2325 3361 sponsum.
2367 3291 2550 3360 lgitur
2591 3294 2897 3361 coeperunt
2927 3288 3302 3345 deambulare
3342 3302 3445 3359 per
3485 3288 3667 3358 ipsam

2028 3378 2252 3444 silvam,
2285 3393 2412 3448 quae
2435 3388 2561 3432 erat
2585 3393 2747 3432 muro
2771 3376 3017 3447 inclusa,
3043 3380 3102 3432 et
3125 3376 3398 3433 viderunt
3430 3374 3668 3447 opobal-

2029 3479 2247 3520 samum
2278 3465 2604 3535 largissime
2633 3479 2871 3520 currere
2897 3464 2966 3520 de
2990 3463 3337 3520 ramusculis
3367 3464 3664 3519 arborum.

2028 3553 2086 3606 ln
2112 3552 2296 3607 media
2320 3568 2459 3608 vero
2482 3552 2624 3607 silva
2650 3558 2817 3608 erant
2837 3552 3082 3607 arbores
3106 3551 3326 3607 similes
3346 3548 3667 3621 cypressis,

2027 3639 2161 3694 alta:
2189 3640 2431 3710 pedibus
2446 3645 2699 3695 centum.
2731 3640 2984 3710 Cumque
3006 3639 3319 3695 miraretur
3342 3637 3671 3693 Alexander

2027 3727 2096 3782 de
2127 3727 2355 3783 illarum
2393 3726 2703 3784 altitudine
2733 3726 2821 3797 υτ,
2855 3731 2915 3782 et
2947 3725 3168 3782 diceret
3200 3725 3355 3796 quod
3388 3725 3460 3780 de
3491 3722 3665 3780 nimia

2028 3815 2217 3886 pluvia
2242 3820 2467 3871 tantum
2490 3820 2845 3882 crescerent,
2864 3815 2923 3884 (f.
2949 3816 3098 3885 234.)
3115 3814 3343 3870 dicebat
3364 3814 3663 3881 sacerdos,

2026 3917 2319 3972 nunquam
2344 3903 2400 3958 in
2426 3903 2584 3959 illum
2618 3902 2806 3958 locum
2840 3902 3061 3973 pluere,
3087 3916 3273 3971 neque
3296 3916 3456 3955 avem
3481 3913 3669 3970 neque

2029 3992 2208 4045 feram
2253 4004 2438 4059 neque
2480 3996 2811 4061 serpentem
2844 3989 2899 4044 in
2932 3990 3093 4060 ipsos
3131 3988 3410 4044 terminos
3448 3988 3667 4043 intrare

2028 4078 2160 4148 quia
2191 4076 2514 4147 antiquitus
2536 4091 2565 4130 a
2593 4076 2909 4145 majoribus
2933 4076 3200 4130 ludorum
3225 4074 3390 4130 locus
3412 4073 3509 4130 ille
3533 4088 3669 4130 con-

2028 4168 2298 4221 secratus
2318 4166 2473 4219 esset
2498 4162 2607 4219 soli
2629 4168 2686 4217 et
2710 4163 2880 4219 lunae.
2899 4162 3096 4218 Voluit
3118 4165 3308 4217 autem
3338 4159 3665 4216 Alexander

2031 4251 2329 4308 immolare
2350 4251 2647 4317 victimas;
2672 4249 2773 4305 sed
2800 4248 3093 4321 prohibuit
3119 4263 3246 4303 eum
3268 4248 3562 4316 sacerdos,
3584 4247 3669 4303 di-

2030 4355 2185 4409 cens,
2229 4354 2339 4394 non
2379 4338 2555 4394 licere
2590 4338 2644 4391 in
2677 4337 2805 4408 ipso
2846 4336 2974 4392 loco
3016 4335 3423 4406 quodcumque
3454 4331 3667 4389 animal

277 4407 976 4499 luncamintraret,quod
1006 4407 1183 4484 tercia
1205 4407 1301 4485 die
1319 4431 1478 4485 febre
1506 4431 1739 4501 periret.
1765 4407 1917 4487 Tunc
1948 4407 1998 4465 Π
2030 4407 2991 4484 occidercautincensumdethure
3016 4420 3236 4489 facere;
3260 4427 3485 4479 tantum
3501 4436 3670 4479 oscu-

279 4516 553 4585 quosdam
588 4515 943 4586 dijudicatos
966 4516 1044 4571 ibi
1068 4518 1373 4587 miserunt,
1403 4523 1462 4573 et
1487 4523 1550 4574 ut
1574 4518 1791 4574 dictum
1826 4524 1914 4574 est

277 4616 402 4658 esse
453 4603 818 4660 invenerunt.

348 4690 738 4761 Cumquejam
762 4691 1267 4762 apprehenderent
1288 4692 1435 4748 viam
1455 4693 1629 4748 eundi
1651 4693 1705 4748 in
1728 4693 1921 4749 Fasia-

276 4792 401 4847 con,
447 4784 836 4834 occurrerunt
864 4778 948 4833 eis
980 4779 1093 4835 duo
1124 4793 1312 4849 senes,
1355 4794 1502 4850 quos
1534 4781 1911 4850 interrogavit

275 4865 624 4936 Alexander,
658 4866 708 4922 si
742 4866 880 4937 quid
918 4867 1049 4922 novi
1092 4867 1310 4923 scirent
1342 4868 1451 4924 sibi
1488 4870 1909 4925 demonstrare.

275 4954 380 5020 Qui
411 4954 707 5024 dixerunt,
743 4954 1063 5011 mirabilem
1094 4970 1328 5011 causam
1354 4972 1415 5011 se
1440 4956 1612 5025 scire,
1638 4957 1737 5012 sed
1763 4958 1912 5013 viam

274 5042 501 5112 longam
525 5057 676 5113 esse,
698 5043 924 5100 scilicet
947 5043 1143 5099 decem
1168 5044 1413 5111 dierum,
1438 5044 1550 5099 iter
1570 5058 1801 5114 quoque
1819 5059 1914 5099 an-

270 5135 506 5200 gustum
529 5136 592 5186 et
619 5145 799 5201 aquas
829 5130 1041 5187 multas
1068 5135 1124 5186 et
1155 5130 1280 5188 loca
1314 5131 1687 5202 serpentibus
1721 5131 1908 5202 plena.

272 5220 527 5290 Cumque
579 5218 792 5274 blando
841 5233 1104 5276 sermone
1145 5219 1555 5275 sciscitaretur
1584 5218 1723 5289 quid
1753 5225 1911 5275 esset

272 5303 417 5361 illud
451 5310 566 5362 tam
599 5321 888 5377 magnum,
925 5320 1075 5363 unus
1104 5320 1175 5362 ex
1206 5306 1291 5362 eis
1320 5321 1449 5363 cum
1480 5305 1692 5375 gaudio
1722 5305 1907 5361 dixit:

2031 4515 2291 4571 larentur
2314 4515 2473 4585 ipsas
2495 4515 2757 4583 arbores,
2774 4519 2831 4568 et
2860 4515 3133 4581 rogarent
3157 4511 3340 4567 solem
3363 4516 3422 4566 et
3446 4509 3662 4579 lunam,

2030 4607 2090 4659 ut
2115 4617 2254 4658 vera
2278 4602 2387 4657 sibi
2414 4615 2693 4672 responsa
2722 4600 2948 4655 darent.
2976 4601 3115 4655 Post
3139 4598 3261 4656 haec
3282 4598 3553 4654 viderunt
3580 4612 3668 4652 ra-

2028 4691 2158 4747 dios
2179 4690 2319 4746 solis
2346 4689 2719 4761 reSplendere
2741 4703 2974 4744 sursum
3000 4688 3055 4741 in
3079 4686 3480 4743 cacuminibus
3499 4686 3668 4739 arbo-

2028 4793 2174 4849 rum,
2199 4782 2255 4833 et
2282 4777 2558 4833 sacerdos
2582 4777 2662 4832 ait
2687 4796 2699 4831 :
2724 4777 2984 4833 Sursum
3011 4776 3309 4847 respicite,
3341 4773 3492 4829 etde
3519 4784 3667 4843 qua-

2025 4866 2322 4938 licumque
2360 4879 2544 4921 causa
2574 4864 2947 4933 interrogare
2977 4862 3115 4933 quis
3141 4859 3417 4928 voluerit,
3453 4856 3671 4929 cogitet

2022 4955 2089 5010 in
2126 4953 2297 5010 corde
2334 4967 2459 5023 suo,
2491 4953 2706 5023 palam
2742 4966 2861 5008 non
2900 4950 3080 5007 dicat.
3112 4951 3265 5004 Tunc
3297 4962 3425 5002 cum
3459 4959 3662 5016 magna

2024 5056 2162 5098 cura
2182 5046 2487 5112 coeperunt
2510 5040 2822 5111 respicere,
2844 5052 2912 5094 ne
2936 5038 3085 5093 forte
3110 5036 3262 5091 inter
3285 5048 3475 5090 ramos
3496 5034 3667 5089 arbo-

2027 5145 2150 5185 rum
2193 5129 2319 5201 pica
2358 5132 2455 5183 aut
2498 5127 2800 5199 psithacus
2841 5129 3022 5194 esset,
3068 5124 3200 5195 quia
3244 5121 3438 5179 solent
3467 5122 3666 5177 huma-

2026 5232 2152 5273 nam
2193 5215 2520 5288 exprimere
2562 5228 2782 5271 vocem.
2827 5215 3084 5284 Cumque
3122 5210 3202 5266 nil
3246 5208 3467 5267 fraudis
3505 5208 3666 5265 vide-

2027 5309 2174 5374 rent,
2219 5302 2394 5375 coepit
2443 5301 2770 5359 Alexander
2814 5301 3074 5371 cogitare
3116 5299 3173 5355 in
3215 5298 3406 5356 animo
3442 5312 3569 5367 suo,
3613 5296 3663 5353 si

1628 5428 1863 5484 VARLE
1902 5426 2298 5483 LECTIONES.

341 5499 412 5533 ³⁸⁷
446 5498 815 5558 altitudinem
847 5503 896 5557 1.
