3992 6054
281 231 401 299 599

1451 262 1932 330 EKKEHARDI
1978 261 2532 331 URAUGIENSIS

3567 260 3687 326 600

282 369 650 473 triumphans
680 380 895 473 reverti
926 392 1125 457 posset
1156 389 1213 449 in
1247 395 1491 467 patriam
1524 416 1686 460 suam
1712 404 1783 462 ad
1806 419 1921 462 ma-
1949 397 2008 461 A
2036 399 2292 473 griphes,
2326 401 2422 473 qui
2459 399 2690 460 fortiter
2722 397 3005 459 feriebant
3039 396 3253 458 rostris
3284 396 3406 457 suis
3436 396 3681 455 militum

282 461 433 551 trem
460 465 519 518 et
546 478 787 526 sonores
824 469 1181 537 karissimas.
1227 461 1365 542 Cum
1407 490 1601 547 subito
1629 461 1922 551 arboriln-

284 548 417 605 dico
445 564 711 650 ser‘mone
742 563 1045 650 respondit
1072 586 1085 621 ε
1108 570 1289 629 Sicut
1304 574 1696 650 interrogasti

280 641 870 734 "immutatam",
887 653 1008 710 sris
1022 655 1295 717 dominas
1310 662 1471 722 orbis
1487 641 1804 734 tori-aram,
1819 641 1925 731 sed

282 725 457 831 giers
468 727 543 829 in
547 732 826 831 patriam
850 752 969 796 non
993 746 1332 819 reverteris,
1364 725 1925 831 quoniam?

285 812 660 884 diﬂnisrant
682 821 852 917 dcto.
874 828 1144 917 ACumque
1180 834 1278 893 ille
1316 812 1920 917 interrogaretwlnclos

286 917 431 996 quos
451 919 647 963 secum
670 909 935 985 adduxit,
960 916 1334 993 interpretati
1357 909 1918 996 sunteisermonem.

469 996 588 1096 tres
612 995 934 1057 ﬁdelissimi
965 989 1287 1096 ejusamici
1320 989 1920 1096 Perdiccaetﬂﬂlvton

284 1081 350 1184 et
373 1078 646 1184 P‘bvlotas
677 1096 953 1184 ceperunt
977 1094 1252 1168 plangere
1276 1118 1451 1176 super
1473 1107 1579 1166 hac
1601 1078 1926 1184 responsio:

285 1179 381 1271 ηθέ
410 1168 661 1271 Vespere
699 1179 893 1235 autem
933 1184 1174 1244 veniens
1202 1204 1306 1246 rex
1337 1168 1406 1249 ad
1446 1168 1924 1271 interrogandum

284 1253 551 1359 arborem
584 1258 755 1359 lunae,
785 1279 915 1359 cum
946 1272 1208 1332 stetisset
1234 1278 1402 1347 juxta
1432 1253 1928 1359 armi-£51113;

285 1346 531 1441 rogavit,
556 1346 653 1402 ubi
673 1352 815 1407 mori
836 1355 1097 1417 deberet.
1120 1364 1187 1419 Et
1210 1346 1306 1423 ubi
1329 1369 1608 1441 splendor
1625 1346 1776 1435 lunae
1797 1346 1929 1438 tet—i-

282 1431 371 1497 git
400 1431 687 1526 arborem,
715 1445 1017 1514 respondit
1048 1450 1223 1509 arbor
1243 1460 1302 1512 et
1327 1431 1470 1514 dixit
1502 1431 1930 1526 Grecos‘er‘m'o-

287 1529 386 1618 ne‘:
403 1519 994 1618 Pannoniam/mem
1013 1537 1209 1599 atatis
1228 1543 1426 1618 Izates,
1449 1519 1933 1618 Alsaaad'sris—e'd

285 1603 607 1716 afﬂari-ao.
623 1614 975 1716 advenieats
1010 1625 1176 1686 Maio
1204 1631 1274 1689 in
1296 1634 1604 1709 Babylone
1627 1600 1927 1716 morieris,

2036 489 2240 556 facies;
2262 490 2363 546 sed
2381 506 2509 547 cum
2530 490 2760 561 sagittis
2785 495 2840 547 et
2865 489 3057 548 contis
3074 489 3460 546 defendebant
3481 501 3561 545 se.
3582 489 3687 544 Pe-

2035 576 2258 633 rierunt
2280 582 2469 633 tamen
2488 578 2619 634 ineo
2633 578 2949 634 certamine
2972 576 3187 633 milites
3202 576 3507 634 ducentiet
3526 578 3680 631 octo.

2105 664 2242 720 Inde
2281 671 2564 722 venerunt
2605 666 2675 721 ad
2722 667 2927 722 ﬂumen
2974 665 3262 737 quoddam
3302 664 3551 720 inﬂuens
3591 677 3687 718 oc-

2030 763 2199 821 eano,
2242 751 2423 808 latum
2468 752 2732 808 miliariis
2773 754 3002 809 duobus
3038 756 3099 808 et
3141 751 3402 820 dimidio,
3438 751 3494 805 in
3522 749 3689 820 cujus

2031 837 2158 909 ripa
2194 844 2362 895 erant
2399 855 2599 896 cannas
2638 846 2756 896 tam
2800 841 2933 897 altae
2962 846 3021 896 et
3053 853 3296 910 gressa,
3339 843 3401 895 ut
3444 840 3540 894 vix
3580 837 3690 892 tri-

2032 926 2190 996 ginta
2225 928 2491 985 homines
2524 933 2764 1000 possent
2788 944 2956 984 unam
2982 933 3238 1000 portare,
3266 943 3338 984 ex
3365 927 3577 999 quibus
3610 928 3689 982 fa-

2034 1014 2260 1070 cientes
2283 1030 2482 1076 naves.
2510 1015 2867 1072 transierunt
2894 1016 3125 1085 ﬂumen,
3153 1020 3213 1071 et
3238 1016 3581 1071 invenerunt
3605 1015 3686 1071 ibi

2036 1102 2296 1159 homines
2318 1104 2567 1159 vestitos
2591 1104 2843 1175 pellibus
2867 1103 3246 1174 ballenarum,
3276 1104 3373 1174 qui
3397 1103 3685 1159 dederunt

2036 1192 2124 1247 eis
2150 1191 2423 1261 spongias
2452 1190 2615 1246 albas
2641 1195 2696 1246 ct
2731 1206 3056 1262 purpureas
3077 1197 3136 1247 et
3155 1192 3406 1248 conchas
3436 1191 3689 1248 marinas

2039 1279 2340 1350 capientes
2373 1278 2520 1335 duos
2553 1282 2653 1335 aut
2680 1281 2806 1334 tres
2835 1280 3098 1349 congios,
3133 1279 3418 1336 dederunt
3450 1281 3506 1334 et
3538 1279 3692 1336 tuni-

2040 1382 2139 1423 cas
2162 1381 2234 1422 ex
2256 1366 2459 1423 vitulis
2492 1367 2730 1422 marinis
2761 1367 2961 1436 factas,
2995 1372 3056 1423 et
3082 1367 3310 1424 cocleas
3342 1382 3468 1439 qua:
3499 1367 3692 1438 capie-

2042 1458 2179 1513 bant
2198 1458 2515 1513 sextarium
2537 1475 2550 1523 ;
2576 1461 2895 1529 posuerunt
2919 1471 3150 1529 quoque
3163 1459 3297 1513 ante
3315 1472 3415 1513 eos
3433 1471 3687 1527 vermes,

2042 1561 2189 1617 quos
2223 1550 2527 1602 traxerunt
2559 1546 2630 1601 de
2664 1546 2787 1616 ipso
2820 1546 3054 1602 ﬂumine
3084 1559 3326 1616 grossos
3357 1546 3509 1602 sicut
3538 1558 3690 1601 coxa

2041 1633 2309 1704 hominis,
2338 1648 2585 1705 quorum
2611 1647 2787 1705 sapor
2809 1637 2934 1690 erat
2961 1633 3165 1690 melior
3187 1633 3339 1690 omni
3369 1633 3561 1705 pisce;
3591 1631 3693 1689 de-

286 1690 742 1806 ξπο
1015 1728 1239 1786 speras.
1262 1721 1413 1779 Tunc
1427 1690 1709 1797 plangere
1726 1690 1927 1806 coepit:
1961 1744 2015 1804 Β
2045 1722 2255 1779 derunt
2278 1690 2338 1779 et
2356 1690 2567 1792 fungos
2593 1690 2951 1778 rubicundos
2979 1727 3036 1778 et
3070 1737 3340 1778 murenas
3370 1690 3691 1794 pensantes

287 1780 559 1881 similiter
588 1792 646 1844 et
679 1792 846 1881 amici
884 1780 1114 1871 ejus,_et
1146 1809 1348 1868 exiens
1388 1780 1523 1872 inde

289 1870 596 1968 comedere
634 1878 839 1938 noluit.
875 1870 1135 1959 Rogatus
1162 1899 1355 1955 autem
1388 1903 1459 1958 ab

287 1953 568 2062 allii—geret
607 1975 1099 2062 corpusjejunio,
1141 1990 1344 2044 contra
1376 1953 1931 2057 voluntatemusuavu;

292 2044 661 2154 manducavit
693 2059 1003 2154 modicum,
1029 2072 1084 2124 et
1109 2071 1422 2133 collocavit
1445 2093 1509 2136 se
1532 2080 1587 2136 in
1610 2082 1738 2154 ipso
1765 2044 1935 2145 ἐξξῶ

290 2126 539 2239 llo-conm
571 2150 812 2239 paratus
846 2158 1003 2210 esset
1043 2161 1272 2228 quando
1310 2165 1557 2235 primum
1598 2126 1929 2236 sgitfﬁtﬁ

289 2226 529 2328 Alia-die
548 2234 718 2328 valde
738 2237 997 2300 diluculo
1021 2226 1375 2322 surrexit,et
1390 2226 1938 2320 amicossuosexci;

288 2322 433 2422 tavit
452 2324 770 2422 ;”s‘acerdos
787 2332 985 2422 autem
1009 2333 1308 2397 involutus
1332 2342 1582 2414 pellibus
1599 2347 1851 2422 jacebat,
1876 2356 1938 2408 et

289 2411 426 2510 ante
467 2410 644 2510 illum-
672 2417 861 2486 posita
907 2427 1034 2479 erat
1068 2424 1121 2480 in
1158 2410 1355 2486 tabula
1395 2431 1467 2490 de
1506 2410 1692 2494 ebeno
1732 2410 1933 2510 magna

287 2496 457 2565 gleba
489 2499 561 2558 de
584 2501 799 2574 libano,
834 2522 963 2578 quae
987 2509 1068 2566 illi
1094 2513 1164 2571 de
1187 2531 1349 2575 coena
1383 2529 1743 2583 remanserat
1775 2496 1938 2586 Exci1

287 2589 414 2643 tato
446 2588 643 2662 itaque
673 2596 1000 2669 sacerdote,
1034 2602 1215 2659 tercia
1247 2606 1372 2665 vice
1403 2608 1640 2668 intravit
1665 2614 1736 2671 ad
1762 2615 1939 2673 inter-

293 2937 476 3035 Grece
498 2940 642 2996 dixit
672 2961 684 2997 :
808 2946 1019 3006 diaero
1043 2950 1154 3011 tibi
1172 2954 1312 3025 quis
1333 2957 1388 3014 to
1407 2960 1711 3021 occisa/ras
1728 2965 1830 3035 sit,
1853 2979 1943 3025 oc-

290 3025 451 3085 cides
480 3042 630 3101 eam,
655 3033 714 3088 et
728 3032 821 3091 ita
840 3035 1174 3099 mutabitur
1195 3043 1355 3115 quod
1372 3044 1443 3104 de
1463 3048 1519 3105 te
1551 3050 1682 3108 r'ata
1701 3025 1943 3112 ordina-

288 3117 542 3213 o-mmt,
575 3118 636 3174 et
657 3119 1018 3213 irascentur
1066 3129 1253 3188 michi
1301 3133 1421 3192 tres
1468 3151 1696 3196 sorores
1754 3141 1938 3213 Clota,

292 3202 594 3300 Laeliosis,
623 3207 893 3300 Atropos,
925 3227 989 3269 eo
1016 3216 1177 3287 quod
1199 3219 1685 3292 impedimentum
1712 3229 1769 3299 ei
1781 3202 1945 3300 face;

287 3291 408 3347 rim
436 3290 506 3325 “'
548 3295 708 3383 quod
748 3298 852 3356 illi
894 3302 1254 3362 statuimmt.
1275 3290 1500 3379 flgitur
1540 3314 1677 3383 post
1720 3290 1945 3374 deum»

291 3389 475 3476 anum
505 3381 564 3437 et
582 3384 709 3476 octo
734 3399 964 3476 mensos
999 3390 1334 3464 Babylonis
1366 3381 1663 3470 morieris,
1696 3415 1816 3461 non
1834 3419 1949 3476 per

537 3469 699 3528 sicut
699 3474 907 3566 putas,
922 3463 1145 3566 παρὰ
1161 3494 1481 3554 venenum;
1492 3463 1687 3546 mater
1702 3490 1809 3548 tua
1826 3463 1949 3550 tar-

285 3560 548 3647 pissima
574 3560 760 3616 morte
783 3565 1089 3637 morietur,
1116 3568 1176 3625 et
1189 3584 1308 3628 non
1326 3573 1666 3647 sepelietur,
1688 3579 1794 3635 sed
1812 3594 1952 3639 aves

294 3640 354 3695 et
366 3646 515 3705 fera
542 3647 841 3708 comedent
870 3652 1063 3725 illam,
1088 3669 1319 3717 sorores
1342 3640 1458 3718 tata
1478 3660 1617 3720 bene
1634 3640 1758 3724 sese
1777 3666 1953 3726 habs-

296 3726 459 3801 bzmt,
496 3734 562 3791 tu
590 3737 790 3794 autem
814 3740 884 3797 in
897 3755 1092 3813 parvo
1123 3744 1377 3817 tempore
1404 3749 1679 3811 dominas
1698 3755 1820 3812 sris
1842 3756 1957 3814 tsr'

293 3834 522 3911 ram.
543 3824 719 3883 Nam:
736 3840 870 3885 vero
890 3829 1016 3887 noli
1024 3832 1172 3904 plus
1191 3832 1564 3909 interroga/rs
1581 3855 1705 3911 ποε,
1729 3844 1834 3901 sed
1851 3848 1954 3906 sai

298 3907 368 3965 de
391 3909 511 3968 loco
532 3913 649 3971 isto
665 3914 1031 3976 etrsosrtsro
1046 3921 1113 3978 in
1127 3907 1442 3983 Fasiacsa.
1469 3927 1577 3985 Sed
1598 3933 1656 3985 et
1674 3907 1952 3990 sacerdos

298 3998 523 4089 monuit
565 4016 695 4060 eum
729 4009 791 4062 ut
825 4005 1036 4079 abiret,
1077 4009 1299 4082 dicens,
1335 4014 1489 4082 quod
1523 4015 1593 4072 de
1625 4017 1859 4089 planctu
1891 4025 1949 4078 et

299 4084 526 4144 ululatu
553 4091 868 4149 amicorum
893 4095 1021 4166 ejus
1042 4096 1458 4158 irascerentur.
1496 4084 1823 4163 Alexander
1845 4107 1953 4165 ita-

299 4189 410 4245 que
459 4178 692 4236 rediens
729 4180 880 4238 dixit
919 4183 1205 4243 militibus
1241 4187 1382 4259 suis,
1418 4194 1482 4246 ut
1510 4190 1653 4248 nulli
1687 4193 1947 4251 dicerent

299 4262 453 4334 quod
483 4266 818 4339 audierunt,
852 4272 952 4327 sed
975 4272 1032 4347 in
1060 4273 1168 4330 fide
1193 4289 1295 4332 sua
1326 4284 1747 4336 conservarent
1778 4280 1940 4339 illud.

368 4352 587 4410 Deinde
610 4362 891 4414 venerunt
915 4359 987 4415 ad
1011 4360 1214 4418 vallem
1241 4364 1547 4436 quandam,
1566 4366 1622 4422 in
1639 4377 1748 4438 qua
1773 4373 1944 4427 erant

2045 1810 2328 1867 ducentas
2352 1811 2769 1882 quinquaginta
2796 1810 2999 1881 libras,
3022 1810 3303 1878 dicentes,
3326 1810 3478 1881 quod
3503 1808 3693 1867 adhuc

2046 1898 2318 1955 fortiores
2360 1902 2556 1954 essent
2590 1899 2644 1953 in
2677 1886 2914 1954 oceano.
2956 1900 3134 1954 Erant
3172 1903 3364 1954 autem
3404 1898 3458 1953 in
3487 1897 3691 1955 eodem

2046 1986 2280 2043 ﬂumine
2314 1987 2539 2043 feminae
2567 1986 2879 2058 capillatze,
2906 2002 3032 2057 quae
3054 2001 3183 2043 cum
3215 1986 3470 2042 viderint
3499 1989 3694 2042 extra—

2045 2088 2188 2131 neos
2220 2074 2483 2130 homines
2515 2074 2571 2130 in
2608 2076 2733 2145 ipso
2765 2074 2999 2130 ﬂumine
3039 2075 3330 2144 natantes,
3373 2075 3696 2145 apprehen-

2044 2160 2187 2219 dunt
2222 2161 2376 2230 illos,
2410 2167 2467 2218 et
2501 2166 2599 2218 aut
2636 2162 2916 2219 suffocant
2952 2161 3084 2219 illos
3115 2162 3170 2217 in
3202 2163 3402 2218 eodem
3437 2162 3694 2232 ﬂumine,

2046 2253 2143 2306 aut
2177 2249 2417 2305 trahunt
2440 2264 2543 2305 eos
2568 2249 2720 2304 inter
2750 2263 2967 2305 cannas
3001 2248 3278 2320 riparum,
3302 2253 3358 2306 et
3385 2250 3516 2320 quia
3552 2249 3696 2321 ipsa:

2046 2342 2177 2393 sunt
2211 2337 2449 2393 nimium
2483 2338 2769 2407 formosas,
2807 2337 3026 2393 faciunt
3057 2335 3189 2392 illos
3220 2351 3413 2393 secum
3446 2341 3561 2393 tam
3595 2336 3694 2394 diu

2045 2425 2455 2495 concumbere,
2490 2439 2797 2496 quousque
2827 2424 2952 2481 sine
2984 2423 3168 2480 anima
3202 2429 3558 2495 remaneant,
3593 2428 3696 2480 aut

2048 2511 2314 2569 nolentes
2383 2528 2487 2585 pre
2545 2513 2718 2569 nimia
2778 2513 2861 2568 ira
2921 2511 3210 2569 occidunt.
3283 2510 3492 2570 Milites
3554 2527 3697 2569 vero

2049 2600 2364 2657 Alexandri
2404 2601 2915 2674 apprehenderunt
2957 2615 3028 2655 ex
3056 2600 3143 2656 eis
3172 2600 3337 2670 duas,
3370 2616 3497 2670 quae
3526 2604 3696 2657 erant

2048 2689 2195 2747 albae
2228 2690 2377 2745 sicut
2410 2689 2526 2759 nix,
2560 2689 2844 2745 habentes
2873 2687 3123 2760 capillos
3155 2687 3358 2759 longos
3389 2703 3492 2760 per
3520 2688 3695 2746 dorsa

2123 2864 2420 2919 Abeuntes
2436 2862 2588 2932 inde,
2609 2867 2893 2919 venerunt
2911 2861 2964 2917 in
2991 2861 3200 2931 locum,
3223 2862 3320 2918 ubi
3340 2867 3509 2919 erant
3534 2863 3695 2929 ferae,

2052 2949 2123 3006 de
2157 2964 2398 3021 quarum
2431 2949 2721 3021 capitibus
2758 2950 3066 3005 exstabant
3098 2964 3225 3006 ossa
3262 2954 3507 3020 serrata,
3542 2951 3701 3006 sicut

1975 3084 2023 3147 Ο
2051 3036 2282 3107 gladius
2302 3042 2494 3106 acuta,
2516 3052 2647 3094 cum
2668 3038 2881 3108 quibus
2901 3037 3183 3093 feriebant
3204 3036 3419 3093 milites
3442 3038 3698 3108 fortiter,

2058 3127 2104 3147 Α.
2145 3124 2355 3147 ...ηιμ
2389 3125 2622 3147 ,ι,,-,,,
2657 3124 3028 3147 ---ι-,μηι
3080 3129 3128 3147 ,.
3162 3125 3495 3147 ---πμ---η
3524 3140 3589 3147 -__
3619 3125 3698 3147 -2-

2052 3127 2110 3180 et
2144 3124 2357 3181 multos
2384 3125 2623 3196 clypeos
2657 3124 3050 3197 perforabant,
3076 3129 3135 3180 et
3157 3125 3499 3181 occiderunt
3519 3140 3592 3182 ex
3614 3125 3702 3183 eis

2055 3227 2238 3284 usque
2282 3213 2351 3269 ad
2395 3218 2529 3270 octo
2564 3213 2717 3268 milia
2758 3211 3219 3284 quadringentos
3258 3213 3700 3284 quinquaginta,

2055 3301 2256 3372 sicque
2278 3316 2405 3357 cum
2432 3301 2613 3356 multo
2637 3300 2838 3356 labore
2861 3313 3182 3370 magnoque
3212 3300 3473 3371 periculo
3502 3315 3705 3373 perve~

2058 3394 2268 3446 nerunt
2285 3389 2340 3444 in
2362 3389 2655 3444 Fasiacen.
2681 3388 2759 3444 lbi
2780 3387 3044 3460 precepit
3065 3386 3391 3443 Alexander
3407 3387 3574 3443 militi
3595 3403 3701 3444 suo

2058 3476 2281 3546 Alconi,
2313 3491 2482 3548 quem
2517 3481 2895 3548 preposuerat
2922 3476 2976 3530 in
3000 3474 3257 3546 Perside,
3284 3480 3349 3532 ut
3372 3475 3425 3530 in
3459 3474 3704 3547 Babylo-

2060 3564 2154 3620 nia
2168 3564 2294 3620 etin
2312 3564 2552 3621 Perside
2574 3568 2862 3621 statueret
2885 3562 3030 3619 duas
3052 3567 3280 3620 statuas
3305 3563 3376 3619 de
3397 3578 3539 3620 auro
3563 3562 3704 3620 fusi-

2060 3651 2167 3722 les,
2211 3650 2520 3708 altitudine
2557 3652 2760 3722 viginti
2799 3651 3052 3722 quinque
3083 3651 3315 3722 pedum,
3359 3655 3416 3708 et
3458 3650 3515 3707 in
3554 3650 3703 3723 ipsis

2061 3740 2347 3798 scriberet
2385 3740 2574 3797 omnia
2615 3740 2764 3796 facta
2808 3755 2933 3810 sua,
2964 3744 3024 3795 et
3054 3738 3110 3794 in
3141 3738 3345 3796 ultima
3384 3739 3565 3810 India,
3600 3738 3699 3795 ubi

2060 3833 2230 3885 erant
2245 3833 2478 3886 centum
2498 3833 2706 3885 statuae
2722 3829 2774 3882 in
2792 3829 3009 3883 honore
3031 3826 3223 3884 Liberi
3240 3831 3299 3883 et
3316 3828 3582 3885 Herculis
3602 3841 3702 3898 po-

2061 3916 2207 3987 sitae,
2249 3918 2503 3987 erigeret
2546 3916 2695 3972 idem
2737 3916 2915 3972 Alcon
2948 3919 3176 3973 statuas
3204 3930 3413 3972 aureas
3445 3915 3699 3986 quinque

2061 4004 2370 4061 altitudine
2411 4005 2619 4077 pedum
2657 4004 2856 4060 decem
2890 4004 2945 4059 in
2976 4004 3197 4059 honore
3225 4018 3348 4059 suo.
3387 4001 3581 4073 (Onos.
3614 4017 3697 4073 ιιι,

2061 4094 2173 4166 19.)
2206 4094 2342 4149 Post
2376 4096 2743 4164 peragratam
2775 4091 2971 4162 itaque
2994 4091 3209 4148 Indiam
3234 4095 3294 4147 et
3314 4090 3699 4163 perdomitam

2058 4179 2386 4237 Alexander
2411 4195 2542 4236 cum
2563 4180 2631 4235 ad
2657 4194 2859 4235 saxum
2883 4179 3040 4236 miras
3063 4179 3401 4250 asperitatis
3420 4183 3480 4235 et
3501 4177 3702 4234 altitu-

2058 4268 2229 4337 dinis,
2246 4268 2301 4323 in
2316 4283 2461 4339 quos
2481 4267 2644 4324 multi
2670 4266 2865 4338 populi
2884 4268 3290 4338 confugerunt,
3311 4266 3695 4337 pervenisset,

2056 4360 2113 4409 et
2137 4356 2507 4425 cognovisset
2529 4354 2830 4411 Herculem
2856 4356 2926 4409 ab
2950 4354 3378 4425 expugnatione
3402 4353 3523 4409 saxi
3547 4352 3699 4422 ejus-

300 4445 607 4510 serpentes
626 4440 910 4502 habentes
927 4445 983 4501 in
1003 4447 1158 4504 collo
1178 4448 1402 4521 lapides
1424 4434 1832 4526 quilsmaragdi
1860 4458 1935 4513 di-

2055 4444 2183 4500 dem
2208 4447 2383 4500 terra;
2407 4446 2562 4498 motu
2590 4442 2967 4513 prohibitum,
2998 4441 3366 4499 aemulatione
3400 4444 3699 4513 permotus

298 4528 531 4597 cuntur,
559 4528 661 4584 sed
687 4544 798 4586 non
826 4532 1169 4603 permittunt
1192 4535 1419 4608 aliquos
1443 4540 1698 4597 transire
1731 4541 1940 4599 vallem

300 4610 502 4683 ipsam.
541 4616 617 4685 (F.
651 4620 801 4691 225.)
834 4619 1045 4678 Vivunt
1075 4626 1270 4679 autem
1302 4624 1411 4696 ipsi
1443 4625 1514 4682 de
1548 4625 1737 4685 lasere
1769 4632 1830 4686 et
1860 4630 1942 4701 pi-

302 4716 439 4773 pere
490 4700 641 4774 albo,
685 4708 746 4761 et
779 4704 1026 4776 singulis
1058 4707 1223 4765 annis
1266 4715 1521 4780 pugnant
1565 4712 1720 4769 inter
1757 4700 1943 4783 se,ret

300 4789 502 4848 multis
523 4792 910 4851 morientibus
930 4795 1237 4854 solvuntur
1260 4798 1574 4869 smaragdi,
1599 4799 1804 4873 sicque
1825 4801 1942 4860 col-

300 4876 593 4949 liguntur;
635 4881 788 4938 unde
825 4886 882 4938 et
928 4882 1143 4940 milites
1171 4882 1488 4942 Alexandri
1524 4886 1755 4958 aliquos
1796 4888 1942 4946 tule-

300 4971 456 5039 runt,
501 4968 597 5039 qui
644 4984 906 5041 magnam
958 4971 1196 5029 formam
1244 4971 1594 5032 habuerunt.
1646 4977 1787 5034 lude
1841 4991 1941 5049 per

301 5068 503 5124 magna
543 5057 802 5126 pericula
844 5064 1128 5116 venerunt
1162 5059 1217 5116 in
1251 5060 1466 5131 locum,
1508 5062 1603 5119 ubi
1643 5068 1811 5120 erant
1845 5066 1940 5120 be-

300 5141 430 5199 stia
460 5141 744 5202 habentes
772 5147 965 5218 capita
997 5147 1151 5205 sieut
1181 5149 1363 5221 porci,
1396 5150 1615 5208 caudas
1642 5151 1795 5209 sicut
1822 5150 1940 5207 leo-

300 5236 422 5290 nes,
466 5223 713 5293 ungulas
762 5223 906 5282 duas
949 5226 1005 5283 in
1047 5226 1357 5286 latitudine
1394 5244 1500 5286 sex
1539 5229 1769 5301 pedum,
1805 5244 1936 5286 cum

298 5308 513 5381 quibus
542 5311 759 5368 milites
789 5312 1076 5372 feriebant
1105 5316 1368 5377 multum.
1393 5316 1552 5375 Mixti
1574 5316 1661 5374 eis
1682 5320 1849 5374 erant
1877 5319 1940 5373 et

2054 4536 2118 4586 ut
2150 4530 2419 4587 Herculis
2454 4532 2605 4587 facta
2632 4534 2957 4602 superaret,
2986 4544 3116 4585 cum
3150 4544 3374 4586 summo
3406 4528 3603 4585 labore
3628 4544 3698 4586 ac

2055 4617 2314 4688 periculo
2357 4617 2580 4689 potitus
2617 4632 2779 4688 saxo,
2821 4632 3022 4674 omnes
3054 4617 3211 4673 illius
3252 4617 3361 4674 loci
3402 4621 3609 4687 gentes
3639 4617 3695 4672 in

2051 4706 2405 4762 deditionem
2457 4705 2703 4776 accepit,
2742 4704 2935 4761 Nisam
2975 4706 3174 4760 urbem
3217 4704 3383 4775 adiit,
3424 4702 3697 4761 Dedalios

2050 4798 2278 4849 montes
2312 4807 2669 4863 regnumque
2711 4792 3024 4864 Cleophilis
3062 4791 3280 4863 reginae
3308 4793 3695 4865 expugnavit;

2051 4894 2178 4951 quae
2208 4894 2336 4936 cum
2368 4894 2431 4936 se
2461 4879 2743 4951 dedisset,
2784 4881 3098 4938 concubitu
3141 4895 3381 4951 regnum
3424 4880 3690 4937 redemit.

2119 4967 2316 5037 (Onos.
2359 4983 2440 5036 ιη,
2484 4983 2535 5022 c.
2580 4971 2694 5041 20.)
2736 4968 2989 5025 Subaeto
3030 4968 3208 5038 igitur
3244 4968 3399 5024 omni
3441 4968 3690 5038 oriente,

2051 5053 2419 5125 Babyloniam
2451 5055 2724 5112 celeriter
2758 5055 2952 5129 rediit,
2984 5057 3080 5113 ubi
3111 5070 3242 5113 eum
3273 5056 3692 5112 exterritarum

2049 5142 2235 5199 totius
2253 5142 2417 5200 orbis
2437 5143 2863 5214 provinciarum
2889 5143 3060 5215 legati
3086 5143 3564 5216 opperiebantur,
3584 5142 3695 5200 sci-

2049 5227 2183 5288 licet
2226 5229 2727 5301 Kartaginensium
2766 5230 3074 5302 totiusque
3114 5231 3323 5289 Africae
3365 5231 3688 5300 civitatum,

2049 5317 2449 5388 Hyspanorum
2472 5321 2531 5374 et
2555 5317 2869 5388 Gallorum,
2891 5317 3102 5375 Sicilia;
3126 5318 3545 5390 Sardiniaque,
3569 5315 3695 5390 plu-

1659 5404 1892 5462 VARLE
1931 5404 2330 5463 LECTIONES.

366 5465 438 5504 ’“
467 5467 637 5529 deost
659 5471 711 5528 1.
