3986 6048
109 228 204 294 601

951 228 1394 296 CHRONICA.
1428 263 1507 276 —
1537 219 2016 291 CHRONICON
2057 218 2612 287 UNIVERSALE.

3377 211 3519 282 δοε-

109 369 255 427 rimas
275 380 507 440 quoque
529 366 718 440 partis
748 365 947 427 Italiae.
975 368 1190 428 Tantus
1213 369 1364 427 enim
1394 368 1571 426 timor
1605 381 1738 424 oon-
1769 357 1825 419 A
1852 371 2018 416 nemo
2043 359 2404 431 sciat/mem
2430 370 2641 428 meum,
2673 369 2805 416 eum
2831 354 2897 415 tu
2922 368 3040 414 non
3049 352 3259 429 fueris
3307 354 3497 429 digna

111 456 285 513 stituti
318 456 373 512 in
401 471 618 514 summo
650 456 875 514 oriente
911 456 1070 515 ducis
1104 459 1355 530 populos
1388 458 1570 514 ultimi
1591 458 1742 515 occi-

110 545 280 603 dentis
311 546 626 614 invaserat,
655 550 718 602 ut
751 546 884 601 inde
919 547 1286 617 peregrinam
1318 561 1594 603 cerneres
1619 552 1742 602 toto

112 634 303 691 mundo
346 634 715 704 legationem,
762 636 986 706 quovix
1008 636 1744 708 crederesperveuisseru-

112 738 306 780 morem
336 725 503 781 Hist.
549 725 760 794 Alere.)
815 726 953 781 Erat
1012 730 1207 783 autem
1260 741 1332 782 ex
1382 724 1744 797 principibus

113 814 220 882 ejus
244 813 473 882 quidam
505 814 835 885 Antipater,
871 816 1096 871 habens
1133 816 1280 872 duos
1310 814 1461 871 ﬁlios
1508 816 1748 869 Cassan-

113 900 257 957 drum
280 906 340 957 et
368 901 590 969 Yolum,
627 917 871 972 quorum
894 903 1072 961 Yolus
1096 904 1377 975 pincerna
1412 908 1541 959 erat
1565 901 1740 970 regis,

113 989 198 1043 Hie
216 1002 351 1059 ergo
376 989 700 1061 Antipater,
719 992 961 1047 absente
987 992 1319 1049 Alexandro
1344 992 1523 1048 multa
1539 993 1744 1046 contra

112 1090 224 1131 eum
244 1076 391 1132 clam
447 1077 818 1148 moliebatur,
854 1079 975 1147 (fol.
1011 1084 1146 1151 217)
1185 1080 1257 1136 de
1313 1081 1525 1150 quibus
1562 1083 1746 1133 mater

114 1163 222 1231 ejus
250 1164 543 1236 Olympias
573 1166 774 1224 multis
800 1168 1025 1224 vicibus
1047 1169 1373 1238 scripserat
1401 1168 1451 1222 ei
1484 1172 1543 1222 et
1570 1180 1749 1233 angu-

115 1251 409 1309 stiabatur.
450 1256 585 1309 Cum
614 1259 805 1310 autem
839 1260 1172 1311 moraretur
1206 1255 1533 1311 Alexander
1572 1255 1748 1322 Baby-

114 1338 282 1408 loniae,
308 1341 466 1396 misit
490 1343 796 1413 Antipater
818 1344 887 1397 ad
920 1343 1240 1399 maleficum
1274 1344 1581 1413 quendam,
1600 1344 1746 1409 egit-

116 1441 209 1496 que
237 1443 363 1485 cum
398 1443 491 1499 eo,
510 1434 569 1487 ut
595 1431 759 1486 daret
793 1431 905 1487 sibi
927 1446 1274 1488 venenosam
1300 1432 1613 1503 potionem.
1635 1430 1742 1497 Qui

118 1514 234 1571 fecit
261 1517 310 1572 ei
334 1517 511 1573 talem
539 1519 853 1589 potionem,
872 1524 934 1574 ut
959 1534 1069 1575 non
1093 1524 1248 1575 esset
1275 1533 1379 1574 vas
1401 1519 1549 1589 quod
1569 1518 1743 1575 susti-

117 1607 257 1659 neret
285 1604 463 1661 illam.
492 1606 652 1662 Fecit
685 1621 824 1675 ergo
844 1608 1263 1663 cantharellam
1292 1609 1536 1663 ferream
1560 1612 1619 1662 et
1644 1607 1741 1661 mi-

1846 448 2113 520 qaudere
2136 461 2376 505 mecum.
2404 447 2541 513 Quae
2567 446 2828 516 quamvis
2846 445 3088 502 invitum
3110 445 3344 501 reduxit
3362 458 3492 501 eum

1853 537 1923 617 ad
1954 537 2170 592 lectum
2190 551 2377 605 suum,
2406 535 2720 591 dicenszSi
2737 534 3070 605 oenitﬂnis
3102 535 3258 602 tuus,
3283 534 3499 590 ordina

1848 627 2111 695 primum
2140 625 2210 680 de
2233 623 2421 681 nobis.
2454 624 2542 694 (F.
2571 622 2720 692 117.)
2753 622 2958 677 Statim
2985 621 3119 677 fecit
3146 620 3340 677 venire
3364 624 3497 677 nota

1854 712 2023 782 rium,
2054 717 2112 768 et
2138 710 2433 767 ordinavit
2468 714 2878 766 testamentum
2908 711 3021 767 τιςνὶ
3053 710 3296 766 Romani
3348 720 3504 765 umor

1849 814 1982 858 mea
2005 800 2291 873 genuerit
2318 813 2392 855 ex
2409 813 2501 855 me
2528 799 2743 867 filium,
2778 798 2911 868 ipse
2936 797 3135 854 teneat
3156 811 3423 867 regnum,
3449 797 3511 853 et

1853 889 2194 960 imponatur
2215 890 2270 945 ei
2296 901 2505 944 nomen
2524 886 2681 956 quod
2692 885 3076 957 principibus
3094 883 3505 955 plaeuerit.Si

1854 978 2054 1035 autem
2052 977 2259 1049 ﬁliam
2272 972 3298 1047 qenuerit,eliqantsibiMacedones
3306 985 3506 1043 regem

1853 1079 2028 1137 quem
2052 1064 2366 1121 voluerint.
2391 1063 2601 1119 Custos
2621 1062 2886 1132 corporis
2912 1062 3029 1117 mei
3061 1061 3118 1116 et
3138 1060 3505 1132 gubernator

1854 1154 2103 1224 de’qypti
2134 1153 2516 1209 Ptbolomeus
2547 1148 2687 1205 erit.
2725 1149 2981 1204 Aliarum
3012 1162 3242 1219 quoque
3275 1147 3506 1219 provin-

1855 1240 2077 1295 ciarum
2139 1237 2582 1308 dispositionem
2653 1235 2808 1303 fecit,
2841 1249 3057 1304 easque
3114 1234 3312 1304 pueris
3358 1233 3502 1304 suis,

1856 1330 2026 1398 prout
2062 1325 2317 1381 voluerit
2351 1323 2483 1380 dum
2516 1323 2705 1378 adhuc
2737 1322 2977 1391 viveret,
3015 1321 3233 1391 divisit,
3258 1335 3402 1392 quas
3425 1320 3509 1376 di-

1856 1415 2117 1471 visiones
2139 1413 2272 1483 quia
2295 1413 2528 1467 divcrse
2552 1411 2807 1481 scriptas
2850 1409 3228 1480 reperi,velut
3254 1410 3507 1465 incertas

1856 1501 2204 1572 pretermisi.
2231 1503 2309 1571 (F.
2343 1498 2511 1571 218’.)
2546 1498 2909 1553 Diﬂ‘amatum
2933 1501 3021 1552 est
3044 1502 3233 1552 autem
3254 1511 3351 1568 per
3373 1511 3510 1552 cun-

1855 1595 2013 1647 ctum
2047 1589 2345 1660 populum.
2392 1591 2684 1644 mortuum
2746 1600 2879 1641 esse
2938 1584 3352 1640 Alexandrum.
3385 1586 3511 1640 Mox

118 1690 180 1745 sit
205 1693 495 1762 potionem
527 1694 581 1748 in
614 1706 739 1749 eam
755 1671 1043 1764 vdansque
1093 1694 1211 1751 ﬁlio
1240 1710 1344 1751 suo
1389 1695 1736 1765 Cassandro,
1769 1707 1823 1767 B
1851 1677 2047 1767 cuncti
2070 1676 2414 1732 Macedones
2439 1674 2740 1731 vociferati
2771 1679 2925 1741 sunt,
2953 1671 3239 1741 dicentes,
3268 1671 3506 1728 cubicu-

118 1777 305 1834 direxit
335 1794 467 1836 eum
498 1781 553 1836 in
586 1781 896 1838 servicium
931 1783 1272 1851 Alexandri,
1302 1784 1630 1853 precipiens
1676 1789 1737 1839 ut

118 1864 436 1936 loqueretur
472 1869 638 1924 fratri
658 1869 942 1939 squolo,
974 1871 1249 1940 quatinus
1264 1870 1551 1941 potionem
1582 1870 1737 1925 illam

120 1953 263 2009 daret
287 1954 639 2012 Alexandro.
677 1955 903 2013 Accidit
930 1963 1121 2014 autem
1155 1957 1253 2014 illo
1284 1958 1340 2013 in
1367 1962 1650 2027 tempore,
1676 1963 1738 2013 ut

122 2048 426 2110 percuteret
444 2044 772 2101 Alexander
786 2044 987 2101 Yolum
1004 2046 1415 2116 incaput,,non
1430 2046 1737 2101 habentem

122 2129 350 2201 culpam.
393 2134 475 2202 (F.
509 2136 672 2206 218.)
694 2134 865 2214 .Unde
890 2134 1122 2203 juvenis
1155 2134 1354 2190 dolore
1390 2138 1735 2199 commotus,

120 2219 320 2289 accepit
342 2221 638 2291 potionem
659 2221 849 2277 animo
877 2227 1066 2290 grato.
1105 2223 1241 2277 Cum
1267 2227 1460 2277 autem
1484 2221 1738 2277 sedisset

124 2305 421 2364 Alexander
455 2309 511 2363 in
544 2310 955 2366 conviviocum
980 2309 1343 2381 principibus
1367 2324 1433 2364 ac
1460 2309 1742 2365 militibus

121 2393 425 2466 suis,c(epit
456 2396 648 2453 laetari
680 2401 739 2452 et
761 2397 1052 2466 jocundus
1074 2412 1205 2454 esse
1237 2398 1389 2453 ultra
1422 2397 1740 2453 modumin

124 2481 287 2540 medio
308 2489 503 2540 autem
533 2485 801 2541 convivno
828 2501 956 2541 cum
989 2485 1237 2557 amplius
1256 2485 1621 2556 ampliusque
1649 2485 1744 2541 Ιεε-

123 2573 324 2627 taretur
344 2572 645 2643 multaque
671 2574 738 2629 ad
753 2573 1026 2629 convivas
1051 2572 1409 2643 loqueretur,
1429 2572 1625 2629 subito
1648 2586 1745 2643 pe-

125 2656 204 2713 tiit
230 2659 332 2715 sibi
361 2660 491 2717 dari
525 2665 749 2731 potum.
775 2658 952 2716 Yolus
981 2661 1232 2716 infector
1265 2661 1411 2716 tanti
1447 2659 1583 2716 mali
1615 2675 1747 2730 por-

128 2746 252 2801 rexit
268 2748 319 2803 ei
344 2763 654 2805 venenum.
682 2748 847 2814 Quod
876 2763 1005 2805 cum
1041 2748 1308 2818 bibisset,
1329 2748 1526 2805 subito
1556 2748 1747 2804 excla-

130 2834 280 2891 mavit
297 2852 438 2894 voce
476 2850 704 2906 magna,
739 2837 905 2907 quasi
947 2836 1160 2907 aliquis
1193 2836 1447 2893 misisset
1488 2836 1744 2891 lanceam

130 2919 175 2975 in
196 2922 349 2990 jecur
376 2926 527 2995 ejus.
554 2923 856 2981 Paululum
881 2927 1074 2981 autem
1099 2925 1405 2980 continens
1421 2940 1480 2980 se
1502 2928 1560 2979 et
1581 2924 1749 2980 sufl‘e-

132 3022 244 3066 rens
271 3011 556 3079 dolorem,
577 3013 833 3069 surrexit
856 3028 887 3069 a
918 3012 1427 3081 convivio,rogans
1458 3013 1751 3084 principes
1782 3054 1823 3111 (η

134 3110 185 3152 ac
211 3099 414 3157 milites
445 3099 658 3157 sedere
677 3105 736 3156 et
767 3100 1123 3157 comedendo
1155 3116 1221 3155 ac
1252 3100 1503 3156 bibendo
1528 3100 1734 3155 laetari.

134 3184 204 3241 Illi
220 3188 385 3244 verbo
399 3188 1086 3255 turbati,surrexerunta
1111 3191 1749 3257 mensa,steteruntque

134 3272 450 3346 forinsecus,
491 3280 551 3331 ut
585 3275 851 3332 viderent
890 3280 1159 3331 eventum
1184 3274 1632 3330 rei.Alexander
1655 3290 1752 3330 au-
1786 3306 1793 3313 κ

134 3364 227 3415 tem
256 3363 453 3420 volens
480 3377 734 3434 vomere,
753 3363 1005 3432 quesivit
1039 3377 1307 3434 pennam,
1327 3367 1389 3418 ut
1420 3362 1750 3417 mitterctin

130 3453 307 3515 guttur
333 3466 507 3508 suum
522 3451 591 3507 ad
608 3450 1042 3522 provocandum
1065 3451 1384 3515 vomitum;
1415 3450 1586 3506 Yolus
1611 3465 1750 3506 vero

133 3534 399 3595 inveniens
430 3553 683 3611 pennam
734 3538 922 3593 liuivit
950 3553 1074 3593 eam
1105 3552 1348 3607 veneno,
1375 3543 1434 3593 et
1483 3538 1754 3608 porrexit

132 3621 225 3679 illi.
261 3626 433 3692 Quam
490 3643 620 3683 cum
652 3626 750 3682 ille
782 3626 837 3681 in
867 3631 1076 3698 guttur
1136 3625 1397 3681 mitteret
1447 3625 1628 3695 magis
1687 3641 1753 3682 ac

134 3713 289 3782 magis
336 3716 588 3786 urgebat
636 3731 763 3771 eum
824 3729 1125 3783 venenum,
1168 3717 1463 3783 totamque
1524 3718 1753 3769 noctem
1800 3778 1805 3781 η

135 3797 266 3856 illam
284 3803 446 3859 duxit
465 3804 813 3859 insomnem.
838 3803 1034 3859 Altera
1061 3817 1197 3858 vero
1212 3801 1304 3857 die
1326 3818 1453 3857 cum
1474 3803 1753 3859 sensisset

134 3900 184 3941 se
213 3891 461 3959 positum
494 3892 549 3946 in
576 3891 1105 3961 malo,convocavit
1140 3904 1342 3945 omnes
1367 3890 1580 3945 milites
1595 3905 1753 3956 suos,

133 3977 181 4028 et
207 3978 516 4036 ammonuit
562 3993 684 4049 eos,
720 3984 782 4035 ut
814 3980 958 4035 bene
989 3982 1044 4034 et
1070 3977 1315 4049 pacificc
1350 3977 1501 4032 inter
1523 3991 1583 4032 se
1606 3978 1757 4033 vive-

134 4066 445 4125 rent.Facta
475 4082 617 4124 vero
647 4072 841 4137 nocte,
878 4067 1126 4139 precipit
1157 4079 1359 4122 omnes
1392 4065 1552 4121 exire
1571 4066 1643 4122 de
1664 4083 1761 4123 cu-

135 4148 320 4223 biculo,
340 4155 516 4213 simul
545 4160 604 4211 ct
638 4155 861 4212 Roxani
894 4169 1133 4212 uxorem
1158 4168 1338 4211 suam.
1364 4154 1619 4223 Cumque
1642 4170 1759 4211 om-

133 4252 217 4295 ncs
235 4242 513 4313 exissent,
531 4242 792 4314 precepit
818 4242 1045 4298 cuidam
1072 4240 1337 4297 familiari
1361 4256 1468 4297 suo
1492 4244 1554 4296 ut
1575 4242 1759 4312 aperi-

133 4329 205 4380 ret
234 4330 437 4399 regiam
473 4330 625 4400 (211)
660 4345 788 4402 quae
816 4334 950 4387 erat
983 4344 1161 4401 super
1211 4329 1554 4386 descensum
1601 4328 1755 4385 ﬂuvii

1853 1764 2017 1820 lariis
2040 1783 2059 1818 .-
2088 1763 2335 1833 Scitote,
2370 1764 2521 1833 quia
2543 1775 2740 1818 omnes
2764 1775 2867 1818 eos
2900 1760 3249 1828 occidemus,
3269 1759 3394 1816 nisi
3415 1758 3511 1814 de-

1849 1852 2243 1909 monstraoeri
2250 1851 2327 1908 tis
2344 1850 2511 1907 nobis
2536 1850 2837 1906 dominum
2848 1848 3137 1905 nostrum.
3148 1847 3166 1917 (
3179 1848 3304 1902 F.21
3315 1845 3393 1916 9.)
3408 1844 3511 1901 llle

1851 1945 2044 1995 autem
2060 1939 2302 1996 audiens
2316 1943 2373 1993 et
2389 1951 2746 2006 cognoscens
2759 1950 2961 1992 eorum
2977 1933 3505 2006 perturbationem,

1854 2027 2134 2098 precepit,
2170 2031 2230 2082 ut
2256 2025 2528 2080 tollerent
2559 2039 2688 2080 eum
2710 2038 2840 2080 cum
2866 2023 2990 2093 ipso
3010 2021 3164 2078 lecto
3188 2021 3244 2075 in
3280 2034 3395 2091 quo
3421 2019 3507 2089 ja-

1852 2116 2043 2185 cebat,
2079 2120 2138 2170 et
2168 2117 2456 2185 ponerent
2484 2127 2615 2169 eum
2675 2112 2729 2166 in
2759 2110 3128 2167 eminentiori
3160 2108 3507 2180 etspacioso

1854 2203 2004 2273 loco,
2029 2205 2090 2258 ut
2123 2208 2323 2273 posset
2353 2199 2538 2256 videri
2571 2201 2642 2255 ab
2674 2198 2982 2262 omnibus;
3007 2202 3068 2253 et
3098 2196 3311 2253 sedens
3343 2196 3400 2251 in
3424 2195 3505 2251 le-

1852 2294 1971 2359 cto,
2006 2290 2300 2361 percussit
2329 2291 2535 2359 pectus
2559 2302 2743 2357 suum,
2781 2286 2926 2342 ﬂens
2949 2284 3244 2353 amariter,
3272 2288 3330 2339 et
3360 2297 3505 2339 voce

1855 2392 2056 2448 magna
2112 2376 2416 2432 clamavit:
2448 2377 2582 2432 Heu
2596 2389 2708 2444 me,
2740 2372 3084 2430 Alexander
3137 2370 3413 2440 moritur,
3448 2372 3509 2427 et

1853 2465 2207 2523 Macedonia
2224 2465 2559 2521 minuetur!
2576 2460 2982 2519 OMaoedones
3007 2473 3217 2517 nomen
3241 2458 3507 2516 oestrum

1856 2554 2064 2611 amodo
2090 2565 2269 2623 super
2302 2550 2587 2608 barbaros
2606 2548 3157 2606 nondominabitur.
3173 2548 3326 2603 Tunc
3349 2545 3509 2602 dixe-

1857 2648 1995 2698 runt
2025 2640 2372 2697 Macedones
2386 2653 2588 2694 omnes
2618 2637 2716 2708 qui
2733 2637 3057 2694 asstabant:
3076 2632 3510 2706 Meliusfuerit

1855 2729 2024 2786 nobis
2046 2728 2203 2784 omni
2212 2727 2316 2785 bus
2340 2728 2493 2783 mori
2525 2726 2729 2795 tecum,
2755 2726 2905 2795 quia
2919 2723 3055 2795 post
3068 2722 3314 2779 mortem
3344 2721 3509 2778 tuam

1856 2832 1974 2874 non
1998 2816 2185 2874 stabit
2206 2815 2573 2872 Macedoniae
2599 2826 2867 2884 regnum.
2900 2812 3035 2867 Poet
3076 2810 3198 2866 haec
3245 2812 3510 2866 mortuus

1859 2911 1946 2962 est
1981 2904 2333 2971 Alexander,
2369 2907 2427 2957 et
2462 2906 2790 2974 posuerunt
2821 2914 2950 2956 eum
2980 2899 3036 2954 in
3065 2911 3302 2955 currum
3317 2911 3506 2965 suum,

1862 2995 2272 3062 duxeruutque
2302 3004 2333 3046 a
2366 2989 2681 3059 Babylonia
2715 2989 2769 3043 in
2804 2986 3242 3044 Alexandriam.
3273 2983 3511 3040 Ptholo-

1862 3097 2025 3138 meus
2055 3085 2244 3137 autem
2282 3080 2436 3134 filius
2461 3078 2612 3148 Lagi,
2641 3076 2923 3147 pergebat
2951 3079 3086 3131 ante
3102 3088 3336 3130 currum
3360 3070 3511 3142 ejus,

1862 3168 2103 3241 plorans
2132 3173 2191 3224 et
2223 3166 2453 3224 dicens:
2491 3168 2536 3222 0
2546 3165 2893 3237 fortissime
2910 3161 3275 3231 Alexander,
3300 3172 3517 3217 nonac-

1860 3258 2068 3316 eidisti
2089 3256 2284 3313 tantos
2302 3257 2370 3313 in
2388 3255 2519 3311 vita
2539 3251 2927 3324 tua,quantos
2948 3253 3015 3308 in
3035 3250 3221 3307 morte
3243 3248 3516 3306 tua.Fue-

1864 3350 2002 3401 runt
2032 3350 2222 3402 autem
2255 3345 2381 3400 dies
2425 3343 2558 3399 vitae
2615 3342 2743 3411 ejus
2801 3343 2889 3410 33,
2916 3339 3077 3408 regni
3123 3352 3264 3394 vero
3288 3340 3373 3404 12,
3410 3349 3512 3392 sex

1865 3438 2000 3490 ante
2030 3432 2489 3490 destructionem
2525 3430 2686 3499 regni
2717 3431 3050 3496 Persarum,
3077 3427 3131 3481 in
3157 3425 3406 3497 septimo
3430 3423 3514 3478 in-

1862 3523 2115 3579 terfecto
2147 3520 2319 3576 Dario
2350 3519 2493 3576 illud
2527 3516 2841 3587 destruxit,
2876 3514 3132 3587 quinque
3160 3519 3369 3586 postea
3425 3526 3514 3568 re-

1863 3610 2090 3680 gnavit'
2106 3650 2120 3664 .

1865 3696 2381 3755 ‘Add.5.Condidit
2399 3700 2592 3751 autem
2620 3693 2797 3750 urbes
2823 3696 2906 3748 12.
2937 3705 3081 3762 quas
3101 3704 3302 3747 omnes
3317 3704 3422 3762 suo
3445 3687 3517 3744 de

1937 3769 2167 3823 nomine
2199 3766 2579 3823 Alexandrias
2612 3761 2988 3833 nuncupavit,
3018 3761 3368 3833 Alexandria
3389 3772 3518 3830 quae

1938 3837 2174 3894 condita
2206 3843 2297 3892 est
2347 3837 2456 3892 sub
2506 3834 2737 3890 nomine
2788 3830 3040 3889 Bucefali
3093 3833 3249 3903 equi,
3274 3830 3522 3903 Alexan-

1938 3908 2061 3963 dria
2096 3913 2417 3975 montuosa,
2452 3903 2800 3975 Alexandria
2831 3903 2983 3974 apud
3014 3900 3247 3975 Porum,
3275 3900 3520 3975 Alexan-

1939 3978 2062 4034 dria
2125 3978 2176 4031 iu
2236 3971 2447 4045 Scytia,
2483 3973 2831 4045 Alexandria
2867 3971 3239 4045 Babylonis,
3276 3971 3519 4045 Alexan-

1940 4047 2063 4104 dria
2113 4045 2266 4117 apud
2314 4041 3097 4117 MassagetasLAlexandria
3154 4041 3306 4117 apud
3351 4041 3520 4117 lEgy;

1942 4123 2125 4188 ptum,
2150 4108 2496 4188 Alexandria
2516 4108 2953 4188 apudOrigala,
2980 4108 3328 4188 Alexandria
3357 4108 3512 4188 apud

1942 4178 2268 4253 'Grani'cum,
2295 4178 2636 4241 Alexandria
2664 4178 2827 4253 apud
2847 4182 3143 4251 Troadem,
3165 4178 3515 4253 Alexandria

1944 4261 2094 4329 apud
2109 4250 2395 4329 Tigridem
2422 4250 3039 4329 ﬂuvium,Alexandria
3063 4250 3213 4323 apud
3248 4251 3512 4329 Xantum.

1944 4319 2244 4398 Insignix‘it
2273 4341 2413 4395 ergo
2453 4319 2883 4398 earum'muros
2913 4319 3229 4398 primorum
3262 4319 3519 4398 quinque

132 4394 378 4488 Eufratis,
402 4394 633 4475 etcum
665 4394 833 4474 nemo
869 4417 946 4473 ibi
964 4394 1142 4487 esset,
1161 4417 1348 4473 erexit
1386 4431 1444 4473 se
1474 4415 1545 4471 de
1566 4420 1748 4473 stratu

1939 4394 2802 4488 sensusensu.leseaetar
2823 4395 2879 4488 in
2894 4394 2981 4488 ei?
2999 4413 3010 4448 =
3027 4394 3510 4488 erasures:

134 4514 221 4558 suo
251 4508 428 4564 media
486 4511 676 4577 nocte,
707 4511 767 4563 et
795 4506 1082 4563 exstinxit
1141 4504 1460 4575 lucernam,
1505 4509 1562 4560 et
1623 4505 1756 4575 quia

136 4602 229 4645 non
253 4593 482 4651 valebat
503 4598 740 4652 erectus
766 4594 871 4665 ire,
892 4592 1158 4649 manibus
1180 4592 1545 4663 pedibusque
1569 4597 1761 4663 repta-

134 4677 200 4731 Vit
228 4695 322 4751 per
349 4690 567 4741 terram
597 4683 668 4741 ad
700 4684 1007 4752 ﬂumen,ut
1041 4687 1406 4751 mergeretur
1457 4681 1513 4737 in
1542 4682 1761 4738 eo.Ro-

136 4767 244 4823 xani
272 4777 459 4849 autem
492 4787 637 4829 uxor
668 4773 796 4844 ejus
829 4771 1101 4841 vigilans,
1137 4772 1195 4825 et
1230 4768 1435 4825 videns
1476 4783 1604 4826 eum
1640 4774 1761 4825 ten-

137 4850 339 4914 dentem
367 4861 438 4916 ad
475 4860 708 4923 ﬂumen,
739 4863 944 4916 secuta
976 4864 1069 4914 est
1103 4872 1233 4913 eum
1281 4871 1459 4931 cprsu
1513 4855 1761 4913 velocis-

137 4939 280 5013 simo,
313 4952 372 5003 et
400 4964 534 5005 cum
560 4948 677 5017 jam
737 4962 923 5019 prope
955 4947 1164 5002 ﬂumen
1186 4944 1759 5015 seadvolveret,am-

138 5026 339 5096 plexata
374 5040 464 5093 est
495 5036 887 5107 eum,dicens:
913 5035 1160 5091 Heume
1179 5034 1483 5100 miseram,
1518 5033 1593 5089 ut
1606 5033 1759 5103 quid

135 5118 286 5177 vadis
307 5122 669 5197 temetipsum
688 5123 981 5182 occidere?
1003 5122 1103 5179 Cui
1129 5119 1226 5177 ille
1240 5139 1259 5176 :
1276 5122 1469 5191 Orate,
1487 5120 1754 5190 Romani,

1932 4483 2123 4539 genus
2144 4468 2327 4535 Jobis,
2352 4468 2514 4538 fecit,
2536 4462 2602 4525 Ᾰ.
2629 4468 2697 4525 Β.
2729 4476 2789 4524 Γ.
2821 4483 2883 4528 Α.
2910 4467 3012 4536 Η.,
3029 4465 3117 4522 vel
3144 4464 3276 4521 aliis
3306 4462 3523 4519 litteris

1936 4575 1991 4613 α.
2029 4559 2086 4612 Ρ.
2123 4557 2180 4612 C.
2213 4557 2277 4610 H.
2313 4560 2376 4609 Θ.
2430 4555 2495 4609 Et
2555 4567 2721 4622 quem
2776 4548 2936 4605 orbis
2990 4545 3298 4603 universus
3369 4542 3525 4622 ferro

1939 4641 2220 4698 superare
2252 4640 2363 4698 non
2396 4618 2778 4698 potuit,_vino
2807 4625 2867 4677 et
2915 4631 3142 4675 veneno
3202 4618 3518 4686 superatus

1940 4695 2113 4769 atque
2145 4695 2442 4753 extinctus
2473 4695 2770 4750 occubuit.

1939 4760 2162 4849 (ΒέοΑ.)
2197 4776 2379 4845 Igitur
2408 4773 2477 4808 ²¹⁰
2534 4778 2664 4845 post
2717 4774 2961 4828 mortem
3023 4760 3334 4821 Alexandri
3380 4773 3519 4849 cum

1870 4865 2034 4921 multi
2065 4864 2173 4919 sibi
2208 4861 2615 4930 succederent,
2642 4857 2898 4916 obtinuit
2948 4852 3324 4930 Ptholomeus
3358 4848 3524 4930 Egy-

1868 4948 2052 5015 ptum,
2088 4942 2409 5013 Philippus,
2446 4940 2541 5010 qui
2574 4926 2629 4994 et
2666 4937 2939 5004 Arideus,
2971 4933 3152 4988 frater
3184 4926 3518 5015 Alexandri,

1869 5030 2254 5087 Macedoniam
2277 5028 2364 5098 ²²⁰,
2392 5029 2689 5096 Seleucus,
2728 5024 2823 5095 qui
2881 5026 2938 5076 et
2989 5019 3260 5086 Nicanor,
3296 5014 3518 5085 Syriam

1867 5121 1926 5174 et
1960 5117 2329 5189 Babyloniam
2352 5119 2413 5171 ct
2444 5126 2620 5184 regna
2654 5109 2921 5178 orientis,
2955 5106 3279 5176 Antigonus
3325 5102 3520 5159 Asiam

1470 5233 1707 5289 VARLE
1747 5232 2151 5288 LECTIONES.

194 5316 255 5353 ²¹⁹
284 5322 619 5398 Hieperqit
645 5329 731 5383 10.
805 5323 879 5358 ⁶²⁰
915 5319 1639 5381 macedoniam—orientis
1670 5333 1701 5376 e
1722 5333 1874 5378 eorr.
1908 5326 1958 5376 1.

1703 5416 1925 5476 NOTAE.

206 5486 343 5565 (211)
374 5495 412 5551 1.
446 5507 496 5552 e.
524 5495 779 5569 januam.
