3992 6054
124 252 251 317 605

1008 264 1451 334 CHRONICA.
1487 304 1567 318 —
1595 265 2077 334 CHRONICON
2117 271 2663 340 UNIVERSALE.

3435 238 3637 345 eos

129 387 297 485 xime
332 392 488 451 bello
517 394 571 452 in
602 396 848 457 Lucania
885 399 1076 460 victus
1109 408 1164 460 et
1216 406 1449 463 occisus
1504 410 1615 462 est.
1653 407 1793 462 Post
1826 404 1877 464 A
1910 411 2105 464 mento
2134 409 2335 469 Justus
2362 411 2753 485 principatum
2777 410 3031 471 obtinuit
3060 411 3149 471 ³⁸⁸.

124 479 257 563 haec
280 484 649 555 Romanijam
665 492 1422 565 potentesessecoeperunt,
1457 494 1793 565 bellumque

124 568 183 624 ln
216 573 553 631 centesimo
583 581 643 631 et
677 580 1031 648 octogesimo
1092 582 1211 637 fere
1246 582 1495 639 miliario
1527 583 1598 639 ab
1645 585 1790 639 urbe

124 671 264 714 cum
284 662 644 720 Samnitibus
660 667 890 737 Papirio
911 668 1203 726 dictatore
1224 672 1661 741 gesserunt,ubi
1676 672 1780 726 Fa-

128 745 270 803 bius
305 750 585 809 Maximus
617 755 899 825 magister
941 758 1201 828 equitum
1256 762 1499 816 absente
1538 759 1768 832 Papirio

125 835 479 895 felicissime
512 840 807 899 dimicavit
830 849 887 900 et
921 851 1096 902 20000
1154 848 1472 905 Samnitum
1544 849 1767 906 delevit

123 923 348 981 Postea
403 928 691 987 Samnites
748 933 1251 1006 circumspectiori
1314 954 1455 994 cura
1491 940 1791 995 instructo

127 1016 426 1086 exercitu,
445 1019 599 1089 apud
616 1020 905 1078 Caudinas
919 1025 1198 1082 Furculas
1212 1026 1499 1096 angustiis
1515 1027 1778 1083 locorum

127 1102 440 1174 armisque
455 1107 766 1165 conclusos
795 1111 1238 1182 Romanos,Tito
1263 1115 1491 1170 Biturio
1508 1119 1563 1170 et
1582 1115 1790 1186 Spurio

122 1192 433 1249 Postumio
456 1197 817 1269 consulibus,
865 1199 1081 1269 ingenti
1140 1202 1427 1258 dedecore
1485 1204 1786 1267 vicerunt,

126 1294 379 1349 quorum
415 1284 532 1340 dux
556 1286 799 1343 Pontius
817 1304 920 1358 pro
937 1304 1143 1359 magna
1170 1291 1494 1347 securitate
1519 1292 1783 1348 victoriae

126 1369 487 1427 Herennium
523 1375 744 1443 patrem
779 1390 946 1431 suum
977 1378 1292 1448 consuluit,
1322 1383 1515 1435 utrum
1549 1379 1781 1437 clausos

128 1457 436 1515 occideret
470 1476 539 1516 an
569 1468 837 1533 parceret
866 1465 1053 1522 victis.
1093 1467 1163 1521 Ut
1198 1467 1363 1522 vivos
1399 1472 1589 1523 tamen
1611 1468 1786 1524 dede-

128 1546 279 1615 cori,
305 1554 593 1619 servaret,
624 1550 822 1620 elegit.
851 1553 1424 1627 Universumquippe
1456 1556 1774 1612 Romanum

129 1636 459 1691 exercitum
496 1639 754 1709 turpiter
776 1642 1230 1711 captum,armis
1292 1644 1783 1713 vestimentisque

1907 496 2048 546 Alex.
2111 501 2296 549 Maced.
2328 503 2475 551 Asim.

2054 583 2100 633 1.
2254 585 2303 635 1.
2665 581 2987 653 Philippus,
3032 582 3127 652 qui
3177 586 3235 638 et
3279 581 3545 655 Arideus,

1915 668 2093 724 frater
2153 667 2484 739 Alexandri,
2523 671 2783 740 regnavit
2814 671 3163 728 Macedonia;
3215 673 3381 728 annis
3408 675 3461 742 7,
3518 687 3550 728 a

1912 757 2345 813 restaurationc
2377 758 2579 830 templi
2611 773 2760 814 anno
2812 759 3133 815 centesimo
3175 761 3550 830 nonagesimo

1914 847 2140 902 octavo.

2054 938 2088 988 7
2230 939 2263 990 7
2514 940 2536 990 1
2620 937 2764 992 Ilinc
2795 936 3197 1006 Asiaeregnum
3226 936 3448 1008 incipit,
3486 938 3541 994 in

1914 1036 2028 1092 quo
2053 1023 2272 1094 primus
2304 1029 2431 1096 post
2494 1023 2886 1080 Alexandrum
2921 1023 3185 1093 regnavit
3224 1025 3550 1094 Antigonus

1913 1111 2079 1166 annis
2103 1116 2186 1167 18.

2052 1203 2085 1256 8
2232 1205 2254 1253 1

1912 1287 2020 1343 nia}
2052 1286 2218 1344 annis
2246 1293 2332 1343 19.

2546 1206 2581 1256 2
2655 1199 2979 1257 Cassander
3009 1200 3548 1270 regnavitMacedo-

2602 1426 2607 1433 ,
2649 1378 2796 1437 Syriae

2611 1452 2825 1499 regnum

2630 1501 2816 1561 incipit.

1978 1582 2043 1634 13
2222 1582 2255 1633 6
2503 1582 2537 1633 7
2790 1585 2811 1634 1
3036 1579 3291 1648 Regnum
3365 1577 3542 1649 Syriae

1905 1666 2312 1736 etBabyloniae
2343 1665 2412 1699 ²²⁶
2434 1670 2493 1722 et
2533 1667 2899 1738 superiorum
2957 1666 3214 1722 locorum
3257 1666 3539 1735 nascitur,

132 1723 758 1826 nudatum,vilioribus
780 1729 1399 1826 vestimentistantum
1421 1733 1495 1787 ob
1510 1747 1784 1788 verecun.
1821 1749 1873 1808 Β
1905 1723 2239 1825 ubipri'mus
2271 1723 2805 1826 postAlexaﬁdmm
2838 1755 3101 1824 regnavit
3143 1754 3418 1811 Seleucus
3450 1723 3542 1808 Ni.

130 1810 286 1867 diam
319 1827 627 1883 corporum
644 1817 953 1885 tegendam
987 1819 1306 1886 concessis,
1374 1820 1602 1890 longum
1628 1821 1784 1876 ordi-

132 1914 261 1955 nem
286 1901 554 1959 victoriae
569 1918 741 1972 agere
754 1906 1040 1977 precepit,
1060 1908 1467 1979 sexcentisque
1500 1909 1769 1965 Romanis

131 1988 440 2057 equitibus
476 1991 528 2044 in
564 1990 894 2048 obsidatum
913 1995 1191 2064 acceptis,
1226 1996 1499 2052 consules
1543 1997 1787 2065 ignomi-

132 2075 223 2131 nia
260 2082 544 2134 oneratos
570 2080 934 2150 remisit,sub
959 2081 1061 2137 tali
1092 2084 1430 2139 conditione
1471 2085 1653 2155 pacis,
1683 2100 1792 2155 qua

94 2228 97 2235 η
135 2164 209 2221 lis
244 2167 612 2224 Samnitibus
647 2168 1021 2240 placuit.Sed
1055 2171 1100 2226 si
1137 2171 1308 2227 ﬁdem
1352 2173 1792 2231 foederisRoma

132 2254 187 2308 ni
212 2261 582 2325 servassent,
620 2261 716 2312 aut
753 2257 923 2312 hodie
956 2273 1065 2313 non
1099 2264 1323 2329 essent,
1386 2264 1484 2315 aut
1526 2261 1792 2316 Samniti-

137 2342 243 2397 bus
261 2344 1048 2415 subjaeuissent.Posteriori
1082 2347 1789 2417 siquidemannojubcnte

144 2435 358 2486 senatu
386 2431 552 2487 ﬁdem
578 2432 833 2499 solvunt,
858 2448 1077 2504 eosque
1094 2436 1580 2506 Papirioconsule
1602 2437 1652 2491 in
1677 2436 1794 2491 bel-

136 2517 255 2574 lum
283 2526 534 2591 cogunt,
570 2536 677 2576 nec
708 2525 841 2577 ante
870 2523 996 2577 cedi
1058 2523 1146 2579 vel
1198 2523 1408 2579 cedere
1467 2525 1788 2595 desierunt,

138 2624 316 2678 quam
356 2609 537 2665 victis
565 2609 918 2666 Samnitibus
947 2615 1238 2682 captoque
1262 2613 1408 2669 duce
1429 2628 1625 2668 eorum
1658 2629 1785 2669 cum

144 2700 373 2767 septem
394 2697 864 2767 milibus,jugum
884 2699 969 2754 eis
983 2706 1393 2770 reposuerunt.
1431 2703 1509 2756 Eo
1528 2706 1792 2773 tempore

138 2783 364 2853 Appius
394 2783 675 2839 Claudius
701 2799 909 2840 censor
939 2799 1144 2854 aquam
1180 2786 1474 2842 Claudiam
1526 2788 1653 2842 urbi
1712 2788 1795 2842 in-

140 2870 306 2925 duxit
324 2874 392 2926 et
415 2871 567 2926 viam
586 2872 830 2943 Appiam
847 2873 1074 2928 stravit.
1095 2875 1230 2928 Post
1257 2875 1378 2930 haec
1403 2874 1692 2930 Samnites
1707 2890 1794 2930 re-

141 2962 349 3029 parato
380 2959 533 3015 bello
568 2960 842 3026 Quintum
870 2961 1108 3017 Fabium
1151 2962 1451 3018 Maximum
1507 2963 1793 3034 vicerunt,

136 3048 340 3103 tribus
374 3047 607 3104 milibus
640 3048 932 3105 hominum
963 3050 1425 3106 occisis.Postca
1459 3066 1586 3107 cum
1629 3056 1795 3122 pater

138 3135 263 3205 ejus
300 3135 514 3191 Fabius
547 3136 827 3192 Maximus
851 3136 1084 3206 legatus
1115 3138 1289 3194 datus
1316 3139 1544 3208 fuisset,
1568 3143 1625 3194 et
1643 3141 1795 3195 Sam-

138 3224 288 3280 nites
321 3222 485 3293 vicit,
507 3227 566 3279 et
607 3224 1547 3298 plurimaipsorumoppidacepit.
1569 3226 1793 3283 Deinde

137 3312 383 3367 Publius
418 3312 722 3368 Cornelius
752 3312 1310 3371 RuﬁnusetMarcus
1331 3315 1540 3371 Curius
1581 3318 1792 3371 Denta-

135 3402 225 3456 tus
253 3400 451 3465 ambo,
485 3400 780 3469 consules,
816 3406 1020 3456 contra
1048 3403 1360 3458 Ramentas
1383 3402 1454 3436 ”‘
1499 3403 1693 3473 missi,
1736 3419 1796 3458 n-

132 3489 406 3555 gentibus
438 3488 657 3559 praaliis
673 3494 774 3544 eos
809 3491 1139 3559 coniecere,
1171 3491 1250 3546 ita
1286 3492 1487 3546 ruinas
1520 3491 1681 3562 ipsas
1706 3505 1797 3546 ur‘

136 3574 286 3632 bium
315 3576 637 3647 diruentes,
666 3581 724 3633 ut
761 3578 937 3633 hodie
968 3580 1256 3635 Samnium
1290 3580 1342 3633 in
1379 3581 1508 3651 ipso
1558 3580 1793 3636 Samnio

135 3666 470 3736 requiratur
494 3680 595 3721 nec
630 3666 798 3722 facile
823 3667 1169 3723 inveniatur.
1195 3669 1346 3724 Tune
1396 3668 1608 3724 bellum
1640 3684 1796 3723 cum-

145 3754 508 3809 Samnitibus
542 3769 643 3825 per
676 3757 742 3809 49
772 3769 957 3810 annos
987 3759 1178 3810 actum
1215 3755 1511 3812 subiatum
1557 3762 1668 3826 est,
1696 3772 1796 3811 ne-

143 3855 250 3910 que
278 3840 440 3897 ullus
489 3842 682 3898 hostis
716 3843 821 3898 fuit
848 3843 997 3897 intra
1038 3843 1284 3914 Italiam,
1330 3845 1425 3915 qui
1477 3846 1789 3901 Romanam

138 3929 419 3986 virtutem
450 3932 631 4000 magis
661 3931 1014 4001 fatigaverit.

206 4017 392 4085 (Ηῐεκ.
424 4020 492 4075 in
512 4022 668 4076 Dan.
710 4036 760 4076 c.
797 4020 1038 4091 x.)Post
1098 4020 1498 4076 Alexandrum
1558 4021 1792 4078 Ptholo-

146 4119 327 4177 meus,
365 4107 497 4176 Lagi
517 4107 967 4177 ﬁlius,regnavit
993 4108 1357 4165 Alexandriae
1390 4109 1616 4180 primus
1630 4111 1794 4165 annis

152 4196 233 4265 40,
260 4209 293 4251 a
328 4196 757 4252 restauratione
780 4197 979 4268 templi
1012 4211 1160 4252 anno
1195 4200 1314 4253 198.
1369 4199 1482 4254 lste
1534 4199 1640 4254 fuit
1700 4200 1793 4255 vir

160 4282 671 4353 prudentissimus,
697 4284 1021 4341 ditissimus
1054 4300 1282 4355 quoque
1301 4300 1367 4340 ac
1416 4286 1791 4358 fortissimus,

155 4373 447 4441 tantaeque
476 4371 777 4442 potentize,
798 4377 857 4428 ut
874 4373 1156 4443 Pyrrhum
1180 4387 1377 4441 regem
1401 4374 1651 4444 Epyrota
1668 4390 1792 4431 rum

1827 3098 1875 3158 Ο

1903 1843 2259 1899 canorannis
2276 1844 2516 1911 triginta
2535 1843 2909 1912 duobus.Hic,
2934 1848 3106 1913 capto
3125 1841 3412 1897 Demetrio
3436 1844 3543 1896 An-

1907 1931 2085 2001 tigoni
2104 1932 2241 2001 ﬁlio,
2276 1946 2516 2001 regnum
2538 1931 2687 1987 Asiae
2709 1930 3025 2001 destruxit,
3042 1933 3097 1987 et
3114 1943 3183 1985 ex
3199 1929 3448 1999 duobus,
3484 1926 3542 1984 id

1902 2024 1991 2075 est
2015 2020 2161 2076 Asiae
2184 2024 2243 2075 et
2273 2020 2472 2089 Syrize,
2499 2034 2673 2076 unum
2704 2020 2835 2074 fecit
2872 2018 3196 2089 imperium.
3260 2017 3418 2073 Unde
3476 2020 3535 2072 et

1903 2107 2059 2164 ﬁlius
2089 2108 2215 2177 ejus
2248 2108 2693 2176 Antiochus,qui
2725 2110 2781 2161 et
2816 2107 3043 2176 Sother,
3096 2109 3223 2176 post
3282 2118 3413 2161 eum
3455 2118 3545 2160 re-

1901 2187 2096 2255 gnavit
2132 2187 2185 2242 in
2222 2186 2381 2257 Syria
2416 2190 2475 2242 et
2506 2187 2661 2254 Asia,
2697 2190 2827 2256 post
2872 2199 3039 2255 quem
3082 2183 3347 2255 regnavit
3404 2184 3543 2238 item

1903 2275 2243 2343 Antiochus,
2281 2275 2375 2344 qui
2415 2274 2720 2330 dicebatur
2741 2273 2942 2329 Theos.
2976 2275 3089 2329 Has
3138 2276 3331 2328 autem
3363 2271 3544 2327 urbes

1902 2363 2163 2419 condidit
2196 2362 2473 2419 Seleucus
2507 2381 2518 2415 :
2546 2361 2930 2429 Antiochiam,
2965 2360 3313 2429 Laodiciam,
3348 2357 3546 2429 seleu-

1903 2434 2071 2502 ciam,
2099 2433 2419 2503 Apamiam,
2456 2428 3042 2500 Edissam,Beroeam,
3095 2429 3330 2485 Pellam.
3397 2428 3547 2495 Qua-

1905 2537 2031 2577 rum
2057 2520 2418 2575 Antiochiam
2451 2522 2710 2574 12°anno
2735 2517 2893 2586 regni
2922 2517 3007 2573 sui
3040 2515 3297 2573 condidit
3329 2519 3384 2570 et
3421 2528 3537 2569 me-

1905 2607 2180 2677 tr0polim
2213 2606 2462 2678 publica;
2479 2605 2561 2661 rei
2578 2621 2694 2662 suae
2709 2603 3117 2661 constituit.—
3143 2604 3222 2658 Ex
3278 2602 3386 2658 hoc
3404 2606 3544 2657 tem-

1908 2709 2066 2766 pore,
2096 2695 2151 2749 id
2184 2698 2276 2749 est
2307 2695 2376 2748 ab
2398 2694 2570 2750 inicio
2603 2692 2763 2763 regni
2788 2690 3036 2761 Seleuci,
3071 2692 3427 2761 subputatur
3474 2686 3543 2722 "7

1907 2785 2220 2840 Grecorum
2269 2798 2531 2853 regnum,
2578 2786 2745 2852 juxta
2795 2782 3077 2837 Hebream
3119 2778 3189 2812 ²²⁸
3241 2776 3542 2833 historiam

1908 2872 2368 2928 Machabeorum.

1977 2966 2045 3017 25
2191 2963 2258 3013 18
2511 2964 2531 3013 1
2722 2962 2787 3013 13
2996 2953 3341 3024 Demetrius,
3381 2950 3536 3009 ﬁlius

1909 3047 2490 3119 Antigoni,regnavit
2516 3046 2569 3102 in
2604 3047 2732 3104 Asia
2770 3050 2832 3101 17
2864 3045 3047 3102 annis.

1978 3139 2047 3190 27
2230 3140 2251 3189 1
2512 3140 2543 3189 3
2726 3139 2790 3189 15
3083 3129 3406 3200 Antigonus
3484 3130 3546 3182 et

1909 3225 2239 3281 Alexander
2272 3223 2372 3279 ﬁlii
2397 3222 2708 3279 Cassandri
2735 3222 2822 3293 "9,
2847 3223 3238 3292 regnaverunt
3279 3218 3334 3273 in
3358 3218 3539 3273 Mace-

1913 3314 2083 3370 donia
2109 3313 2275 3369 annis
2303 3315 2352 3367 4.

1978 3406 2035 3457 31
2227 3404 2247 3456 1
2508 3402 2541 3453 7
2755 3403 2823 3455 19
3039 3395 3367 3452 Demetrius
3454 3409 3544 3450 re-

1905 3491 2109 3562 gnavit
2142 3491 2195 3545 in
2223 3487 2555 3545 Macedonia
2587 3487 2754 3543 annis
2786 3503 2885 3543 sex
2908 3485 2994 3540 ²⁸⁰.

1979 3582 2047 3633 37
2230 3583 2252 3632 1
2478 3580 2542 3630 13
2731 3579 2798 3629 25
3015 3573 3231 3642 Pyrrus
3245 3584 3347 3625 rex
3372 3567 3543 3641 Epyri

1915 3669 2196 3737 corrupto
2223 3665 2486 3721 exercitu
2519 3661 2793 3718 Demetrii
2826 3661 3069 3732 ipsoque
3096 3661 3318 3728 fugato,
3342 3671 3546 3727 regna-
3656 3708 3659 3717 ,

1910 3755 1992 3812 vit
2024 3753 2432 3809 Macedonibus
2462 3765 2692 3807 menses
2724 3753 2775 3819 7,
2796 3752 2922 3821 post
2965 3762 3136 3818 quem
3168 3746 3547 3817 Lysimachus

1911 3843 2078 3899 annis
2105 3840 2174 3874 ²³¹
2203 3855 2326 3896 sex.
2425 3876 2431 3882 -

1978 3935 2046 3987 40
2225 3933 2258 3985 4
2476 3931 2542 3982 16
2756 3928 2827 3980 28

1979 4017 2406 4089 (H.m.)Anno
2438 4015 2510 4068 ab
2577 4014 2731 4069 Urbe
2789 4011 3022 4069 condita
3080 4012 3234 4079 464°,
3294 4008 3393 4079 qui
3454 4013 3546 4064 est

1907 4105 2225 4164 Ptholomei
2256 4108 2401 4172 33‘",
2428 4100 2739 4166 Tarentini,
2774 4100 2871 4169 qui
2890 4100 2945 4154 in
2969 4095 3352 4154 ultimaltalia
3379 4101 3538 4165 sunt,

1908 4199 2220 4252 Romanam
2238 4192 2485 4248 classem
2507 4190 2658 4244 forte
2681 4190 3113 4258 pretereuntem
3146 4183 3447 4239 hostiliter
3468 4183 3554 4237 in-

1908 4286 2205 4351 vaserunt,
2240 4281 2535 4350 prefectos
2580 4275 2809 4331 navium
2854 4273 3197 4329 occiderunt
3230 4284 3547 4340 omnesque

1909 4372 2083 4431 utiles
2103 4369 2255 4426 bello
2279 4367 2536 4438 reliquos
2552 4362 2939 4421 vendiderunt
2965 4360 3163 4433 precio
3180 4376 3193 4425 ;
3212 4359 3363 4416 unde
3374 4371 3547 4428 gran-

152 4472 326 4528 regno
356 4459 663 4530 depulsum
698 4460 1057 4529 restitueret,
1094 4461 1459 4531 Cyprumque
1481 4476 1544 4516 ac
1587 4463 1797 4517 Pheni-
1830 4446 1877 4504 Ι)
1910 4462 1981 4518 de
1998 4459 2499 4516 bellumintereos
2514 4456 2831 4511 ortumest.
2857 4451 3385 4523 (Jonn.)Tarentum
3400 4461 3546 4502 vero

157 4560 273 4601 cem
309 4546 640 4617 multasque
672 4549 847 4604 urbes
869 4547 1171 4604 etinsulas
1192 4563 1259 4605 ac
1288 4549 1553 4619 regiones
1567 4550 1765 4607 obtine

161 4638 264 4705 ret,
296 4640 356 4690 et
388 4636 545 4692 victo
566 4636 876 4706 Demetrio,
916 4636 1035 4692 ﬁlio
1070 4638 1362 4707 Antigoni,
1407 4638 1648 4695 Seleuco
1676 4654 1799 4709 par-

155 4725 259 4778 tem
281 4724 444 4793 regni
468 4724 580 4794 sui,
617 4741 744 4795 quae
766 4727 838 4780 ab
873 4725 1156 4796 Antigono
1190 4727 1377 4781 fuerat
1439 4727 1652 4797 ablata,
1714 4743 1801 4783 re-

1911 4566 1940 4606 a
2001 4543 2777 4611 Lacedemoniisconditum,
2833 4540 3113 4597 Calabriae
3171 4535 3462 4608 quondam
3491 4538 3553 4591 et

1914 4637 2137 4710 Apuliae
2170 4635 2468 4704 totiusque
2498 4630 2764 4687 Lucaniae
2785 4632 2960 4700 caput
2992 4631 3138 4697 erat,
3158 4624 3402 4695 divitiis,
3437 4636 3554 4680 ma-

1914 4719 2910 4797 gnitudine,muris,portuipsoque
2944 4717 3062 4773 situ
3097 4713 3381 4771 mirabile.
3446 4712 3549 4784 (Η.

150 4811 667 4885 stitueret.(Hmn.)
698 4814 819 4883 Hic,
854 4814 1233 4870 llierosolima
1266 4819 1325 4870 et
1378 4815 1594 4871 Judaeis
1663 4815 1796 4872 dolo
1907 4814 2012 4884 m.)
2042 4814 2336 4867 Romanus
2370 4809 2569 4878 itaque
2588 4802 3268 4861 exercituscumEmilio
3299 4799 3552 4858 consule

149 4900 429 4971 subactis,
459 4900 761 4957 multosex
786 4902 871 4959 eis
895 4901 1119 4959 iterum
1139 4902 1193 4956 in
1217 4904 1520 4974 zEgyptum
1540 4907 1599 4958 tr
1629 4908 1801 4960 anstu

148 4980 236 5052 lit,
273 4989 627 5057 quostamen
652 4993 854 5059 postea
877 4989 1127 5058 benigne
1155 4984 1799 5059 traetavit.Hujustem_

145 5085 274 5140 pore
288 5074 560 5145 princeps
575 5076 887 5132 sacerdotu
910 5092 960 5131 m
1000 5073 1396 5133 llierosolimis
1420 5072 1615 5147 Onias,
1631 5065 1799 5135 Jaddl

166 5159 328 5218 ﬁlius
363 5163 468 5218 fuit
512 5177 659 5233 ;quo
694 5168 944 5234 mortuo,
984 5163 1139 5220 ﬁlius
1168 5163 1294 5233 ejus
1331 5166 1568 5235 Symeon
1592 5182 1803 5236 cogno-

1870 4962 1877 4967 ,
1913 4902 2143 4957 irruens
2176 4899 2230 4953 in
2256 4897 2563 4953 universos
2601 4893 3044 4950 Tarentinorum
3072 4892 3237 4962 ﬁnes,
3278 4891 3408 4960 igne
3444 4888 3553 4944 fer-

1915 5003 2094 5059 roque
2124 4990 2315 5043 vastat
2346 4983 2415 5017 ²³²
2451 4983 2661 5052 omnia,
2697 4981 2943 5053 plurima
2965 4984 3259 5050 expugnat
3273 4977 3344 5013 ’³³
3359 4977 3552 5049 opida,

1914 5077 2181 5149 injuriam
2207 5072 2841 5141 insolenteracceptam
2856 5067 3179 5124 crudeliter
3196 5065 3450 5123 vindicat
3463 5063 3553 5126 ²³³,

1915 5163 2216 5221 Tarentini
2240 5175 2378 5217 vero
2401 5174 2527 5215 cum
2549 5157 2817 5230 plurimis
2851 5156 3229 5211 ﬁnitimorum
3282 5153 3558 5226 presidiis

1496 5325 1736 5381 VARle
1778 5324 2176 5383 LECTIONES.

212 5418 275 5494 f"
307 5418 433 5491 lege
464 5420 751 5494 Samnitas
780 5434 855 5477 ea;
880 5420 958 5477 H.
990 5419 1323 5494 m._{“_Hic
1341 5422 1478 5494 jam
1512 5426 1578 5494 12
1610 5421 1729 5494 (vel
1756 5427 1822 5478 13
1852 5424 1898 5494 γ)
1922 5418 2348 5494 quaterniones
2377 5415 2445 5494 ijt
2472 5410 2783 5494 138.19%?“
2812 5409 3061 5494 δειξγιρη
3121 5412 3172 5464 5-
3228 5407 3297 5443 ²²⁷
3346 5423 3557 5494 ειιρριξς

151 5488 376 5547 tabatnr
406 5495 456 5548 4.
482 5490 551 5524 ²²⁸
582 5492 930 5549 hebreorum
963 5496 1041 5547 9°.
1076 5490 1146 5525 ²²⁹
1176 5491 1212 5548 f.
1239 5506 1291 5550 c.

153 5555 214 5591 ³³⁸
239 5566 573 5636 expugnant
602 5595 673 5604 —-
703 5562 998 5620 vindicant
1031 5568 1081 5619 5.

1367 5482 1627 5552 θεππι9έ
1661 5482 1894 5553 ²³⁰Ηωὸ
1922 5482 2141 5551 desunt
2162 5496 2247 5547 9°.
2284 5485 2352 5520 "1
2373 5482 2543 5542 deest
2570 5485 2647 5541 9ο.
2682 5482 2751 5518 ²³²
2799 5484 3033 5540 vastant
3087 5494 3241 5540 corr.
3299 5484 3496 5538 vastat
3522 5485 3553 5539 δ
