3986 6048
148 204 255 271 609
1016 192 1456 267 CHRONICA.
1490 236 1568 249 —-
1594 198 1722 265 CH]

1968 198 2072 264 ON
2114 194 2662 269 UNIVERSALE.
3424 212 3542 283 610

151 340 290 415 apud
321 341 554 397 Grecos
580 342 779 396 orator
809 340 869 394 et
912 335 1329 410 pbyIOSOphus,
1362 351 1539 410 super
1582 333 1789 394 biblio-
1819 337 1873 397 A
1903 335 2341 394 convenientem
2364 337 2450 396 eis
2472 339 2945 413 suppetlectilem
2966 350 3026 402 et
3042 344 3279 407 calicem
3295 351 3541 413 talento-

149 433 370 487 thecam
408 429 593 499 regis,
613 428 780 498 cujus
810 441 1079 496 magnum
1113 426 1315 481 habuit
1344 426 1621 498 studium,
1655 439 1790 481 con-
1904 439 2027 481 rum
2057 426 2302 495 triginta
2331 432 2387 483 et
2422 430 2606 484 stolas
2637 430 2834 486 decem
2863 439 2923 488 et
2953 450 3265 507 purpuram
3297 445 3354 496 et
3378 457 3543 501 coro-

150 520 390 574 stitutus
420 522 579 572 erat.
602 516 709 582 Qui
744 515 876 571 dum
912 515 1172 571 studeret
1205 516 1392 570 omnia
1425 530 1529 586 per
1561 514 1793 570 univer-
1902 528 2030 568 nam
2052 515 2321 571 decoram
2344 520 2400 572 et
2433 517 2615 573 lineas
2638 519 2710 575 de
2735 520 2893 577 bisso
2916 529 3170 596 centum,
3195 533 3458 597 preterea
3482 535 3543 587 et

149 622 258 664 sam
289 612 518 661 terram
552 605 783 660 inventa
813 616 1170 674 congregare
1197 604 1488 660 volumina
1507 607 1562 658 et
1597 601 1791 671 acqui—
1902 606 2135 671 pateras
2158 607 2212 657 et
2240 603 2474 660 trullam
2495 605 2564 638 ²⁵ι
2589 611 2647 662 et
2671 607 2943 665 libatoria
2968 613 3023 666 et
3043 616 3307 670 crateras
3332 630 3540 674 aureas

151 709 269 752 rere
299 694 348 749 si
382 692 532 764 quid
564 692 799 761 dignum
819 691 1049 747 audiret
1072 689 1465 748 iudustriavel
1487 690 1790 746 voluntate
1902 688 2047 745 duas
2093 692 2209 746 Deo
2254 693 2568 763 vovendas,
2616 710 2930 767 omnesque
2972 699 3225 772 Iudaeos,
3277 718 3425 773 quos
3483 706 3541 762 in

152 784 317 853 regis,
340 782 751 850 interrogatus
782 780 854 835 ab
884 794 953 836 eo
978 784 1117 851 quot
1139 779 1599 835 milialibrorum
1620 778 1791 833 habe-
1899 778 2145 848 Egypto
2200 780 2463 850 captivos
2506 782 2748 853 invenit,
2802 783 3020 843 liberos
3066 803 3199 845 esse
3249 792 3535 863 permisit.

156 877 255 936 ret,
291 868 626 949 respondit,
660 872 731 925 20
758 866 934 936 milia,
968 867 1070 923 sed
1102 867 1219 923 cito
1265 867 1335 923 ad
1367 867 1790 937 quinquaginta
1903 864 2114 936 (Ηιειι.)
2160 867 2458 924 Abeuntes
2501 874 2694 925 autem
2745 870 3120 946 interpretes,
3154 881 3216 932 et
3243 892 3272 932 a
3303 880 3546 949 regibus

152 960 297 1015 milia
325 971 512 1029 posse
545 948 763 1026 νδηίιιθ,
798 955 1134 1026 dicensque,
1155 956 1483 1012 nuntiatum
1504 955 1613 1011 sibi
1633 968 1788 1021 esse,
1902 953 2053 1008 Asiae
2082 954 2350 1010 honorati
2380 961 2535 1012 sunt.
2572 957 2710 1027 (Jos.
2745 975 2845 1030 xu,
2880 963 2957 1033 3.)
2981 963 3119 1019 Nam
3144 948 3424 1025 Seleucus
3452 968 3547 1023 Ni-

151 1046 291 1119 apud
319 1045 566 1102 Iudaeos
587 1044 767 1101 multa
788 1044 987 1100 haberi
1002 1043 1366 1116 bybliotheca
1394 1042 1575 1113 regali
1596 1044 1787 1114 digna,
1901 1055 2079 1097 canor
2100 1042 2155 1096 in
2176 1042 2532 1115 civitatibus,
2552 1060 2696 1117 quas
2718 1062 2822 1117 per
2840 1048 3029 1104 Asiam
3044 1051 3459 1125 aaditicaverat,
3478 1059 3536 1111 et

155 1134 435 1209 persuasit
487 1134 633 1204 regi,
687 1133 986 1189 annitente
1037 1132 1289 1202 Aristeo,
1339 1133 1588 1202 quodam
1634 1132 1791 1202 regis
1902 1129 1956 1184 in
1993 1129 2269 1187 inferiore
2299 1132 2459 1202 Syria
2493 1137 2554 1189 et
2602 1134 2656 1190 in
2710 1135 2834 1206 ipsa
2884 1139 3194 1211 metropoli
3241 1142 3543 1200 Antiochia

152 1224 324 1279 amico
356 1222 725 1291 necessario,
753 1226 814 1278 ut
838 1221 908 1277 ad
943 1221 1279 1278 Eleazarum
1310 1220 1643 1292 pontificem
1668 1221 1792 1276 Hie-
1903 1218 2212 1289 republica
2227 1233 2329 1274 sua
2344 1220 2664 1290 dignoseos
2678 1224 3149 1297 fecit,eta3quum
3164 1228 3249 1284 eis
3263 1229 3542 1286 honorem

157 1310 478 1367 rosolimam
507 1308 578 1343 ³⁸⁸
610 1310 889 1379 mitteret,
926 1323 1140 1379 rogans
1171 1314 1237 1366 ut
1275 1308 1385 1365 sibi
1417 1308 1577 1364 viros
1608 1308 1789 1379 legem
1903 1320 2033 1362 cum
2058 1307 2493 1365 habitatoribus
2508 1310 2992 1367 Macedonibuset
3006 1313 3540 1387 Grecisdeputavit.

156 1400 400 1456 scientes
450 1398 797 1468 destinaret,
834 1398 932 1468 qui
982 1412 1105 1454 eam
1155 1398 1211 1453 in
1255 1399 1493 1454 Grecam
1538 1397 1789 1468 linguam
1976 1394 2076 1463 (Η.
2108 1397 2212 1466 m.)
2240 1399 2403 1453 Anno
2437 1398 2508 1453 ab
2535 1399 2684 1453 Urbe
2708 1398 2941 1454 condita
2969 1401 3545 1472 quadringentesimo

157 1489 560 1543 transferrent.
591 1487 697 1552 Qui
729 1500 802 1542 ex
831 1487 1100 1543 omnibus
1136 1486 1508 1557 septuaginta
1541 1487 1702 1543 viros
1733 1486 1790 1541 in
1904 1482 2014 1553 70°,
2034 1484 2130 1552 qui
2157 1488 2247 1540 est
2267 1485 2644 1556 Phyladelphi
2671 1486 2891 1558 primus
2912 1486 3001 1556 ²⁶²,
3018 1490 3332 1561 Tarentini,
3360 1498 3546 1550 morte

157 1576 267 1646 lege
296 1576 684 1631 doctissimos
712 1574 909 1645 elegit,
931 1590 1149 1646 eosque
1178 1575 1299 1645 regi
1332 1575 1678 1631 transmisit.
1702 1573 1788 1629 llli
1904 1571 2067 1641 Pyrri
2098 1574 2350 1643 cognita,
2378 1574 2587 1629 iterum
2612 1588 2755 1630 nova
2778 1575 3062 1632 adversus
3085 1578 3369 1635 Romanes
3389 1579 3550 1636 solli-

155 1679 278 1719 vero
309 1663 724 1719 Alexandriam
756 1662 917 1719 ducti
937 1668 997 1719 et
1020 1678 1050 1719 a
1074 1678 1209 1734 rege
1235 1664 1481 1732 benigne
1504 1663 1785 1734 suscepti,
1822 1688 1872 1745 Β
1902 1658 2084 1714 citant
2110 1658 2289 1731 arma;
2309 1650 2815 1731 Kartaginensium
2840 1664 3052 1720 auxilia
3076 1679 3182 1736 per
3199 1666 3423 1736 legatos
3447 1682 3551 1739 po-

159 1752 429 1808 Demetrio
448 1762 587 1808 sunt
610 1751 1019 1807 commendati.
1041 1751 1146 1818 Qui
1168 1752 1337 1808 duxit
1356 1764 1460 1808 eos
1482 1752 1537 1807 in
1557 1752 1790 1807 domum
1905 1752 2149 1804 scuntet
2167 1750 2460 1820 accipiunt
2479 1768 2493 1817 ;
2511 1756 2903 1821 consertaque
2927 1753 3152 1823 praelio,
3170 1755 3407 1811 Romani
3427 1756 3549 1812 vin-

158 1844 427 1896 seeretam
456 1845 516 1896 et
552 1840 689 1896 huic
720 1841 953 1911 negotio
988 1846 1199 1913 aptam,
1233 1855 1403 1898 secus
1441 1841 1582 1897 litus
1614 1840 1791 1896 maris
1905 1840 2044 1893 cunt
2100 1836 2187 1892 ³⁵³.
2224 1839 2309 1894 lbi
2362 1839 2477 1908 jam
2551 1843 2692 1896 tunc
2767 1841 3233 1913 Kartaginenses,
3286 1845 3552 1914 quamvis

160 1929 415 1999 positam,
454 1928 553 1983 ubi
588 1943 691 2000 per
721 1930 1091 2000 septuaginta
1121 1930 1270 1985 duos
1302 1930 1428 1985 dies
1457 1944 1682 1984 omnem
1715 1928 1793 1984 le-
1904 1925 2156 1982 nondum
2202 1927 2405 1982 hostes
2448 1926 2718 1999 judicati,
2769 1928 2922 1984 vinci
2974 1935 3164 1986 tamen
3201 1945 3230 1986 a
3277 1934 3552 1990 Romanis

157 2031 270 2085 gem
300 2016 697 2073 disertissime
729 2017 1179 2088 transtulerunt,
1201 2017 1444 2074 cottidie
1466 2017 1599 2074 huic
1622 2031 1793 2087 nego-
1905 2029 2078 2085 posse
2109 2019 2442 2071 senserunt.
2477 2015 2612 2081 Quae
2646 2016 2794 2089 (212)
2827 2030 2923 2073 res
2964 2019 3327 2075 occasionem
3371 2020 3552 2078 bello-

164 2107 233 2159 tio
260 2121 453 2162 curam
509 2120 699 2178 usque
748 2106 818 2162 ad
862 2107 1061 2163 horam
1107 2121 1315 2163 nonam
1363 2106 1788 2178 impendentes.
1903 2117 2031 2158 rum
2053 2103 2259 2160 tribuit
2283 2103 2437 2159 inter
2467 2104 2755 2161 Romanos
2787 2111 2847 2161 et
2879 2105 3203 2163 Africanos.
3226 2108 3364 2175 Quae
3397 2108 3549 2166 bella

161 2194 365 2259 Quibus
383 2195 1792 2267 diebustransactis,congregavitomnesJudaeos
1904 2190 2002 2247 diu
2035 2195 2334 2262 protracta
2368 2207 2434 2248 ac
2466 2192 2702 2248 nimium
2734 2194 3035 2250 sevissima
3060 2196 3295 2267 utrique
3317 2197 3546 2269 experti

161 2283 471 2340 Demetrius
497 2284 572 2340 ad
594 2284 782 2340 locum
802 2284 857 2338 in
879 2299 992 2355 quo
1014 2283 1316 2341 translata:
1350 2284 1579 2340 fuerant
1607 2284 1788 2354 leges,
1904 2284 2043 2335 sunt
2072 2279 2292 2350 populi,
2328 2280 2591 2350 quamvis
2622 2281 2850 2337 demum
2908 2284 3148 2338 Romani
3197 2299 3328 2340 cum
3374 2285 3551 2341 nimio

163 2376 213 2425 et
233 2373 607 2440 presentibus
630 2372 1052 2443 interpretibus
1068 2372 1211 2441 legit
1228 2386 1343 2429 eas.
1373 2374 1627 2442 Cumque
1650 2372 1793 2428 mul-
1903 2367 2117 2424 sudore
2149 2368 2404 2425 victores
2434 2369 2781 2425 existerent.
2818 2370 3113 2428 Ariminus
3161 2371 3217 2427 in
3278 2372 3460 2429 Gallia
3489 2379 3551 2430 et

165 2457 335 2516 titudo
358 2460 667 2532 complexa
688 2460 869 2530 legem
891 2459 983 2516 vel
1007 2460 1268 2516 seniores
1290 2461 1417 2530 ejus
1436 2461 1793 2531 interpretes
1903 2457 2270 2513 Beneventus
2298 2457 2353 2512 in
2388 2457 2617 2513 Samnio
2647 2459 2755 2514 hoc
2787 2462 3048 2529 tempore
3072 2474 3103 2515 a
3125 2461 3397 2517 Romanis
3416 2476 3551 2518 con-

165 2547 517 2619 Demetrium,
547 2565 619 2605 eo
652 2550 802 2619 quod
837 2562 1169 2618 magnarum
1202 2564 1396 2604 rerum
1418 2553 1571 2604 esset
1597 2549 1793 2605 inven-
1903 2545 2040 2610 ditas
2064 2550 2218 2602 sunt.
2244 2548 2407 2602 Anno
2431 2546 2765 2618 prescripto
2796 2547 3061 2618 prodigia
3092 2548 3215 2605 visa
3238 2554 3396 2620 sunt,
3422 2565 3551 2607 san-

165 2638 264 2704 tor,
280 2635 599 2705 laudasset,
621 2638 844 2706 rogavit
863 2642 926 2693 ut
941 2637 1115 2692 etiam
1130 2637 1467 2707 presidibus
1490 2637 1615 2693 suis
1637 2638 1795 2692 dare-
1901 2634 2033 2704 guis
2051 2633 2123 2689 de
2142 2640 2296 2691 terra
2328 2634 2385 2689 in
2417 2634 2618 2691 multis
2640 2634 2787 2691 locis
2808 2635 3015 2692 effossa
3040 2636 3341 2709 proﬂuxit,
3367 2638 3457 2694 lac
3477 2639 3549 2696 de

169 2726 250 2776 tur
289 2723 550 2794 legenda.
592 2725 834 2781 Gavisus
877 2740 1018 2795 ergo
1066 2739 1190 2792 rex,
1224 2724 1581 2781 voluntatem
1630 2741 1791 2782 suam
1902 2721 2046 2778 caelo
2074 2723 2128 2778 in
2163 2723 2396 2779 modum
2428 2723 2639 2794 pluviae
2685 2722 3010 2780 descendit.

169 2822 279 2866 esse
311 2814 650 2885 perfectam,
685 2819 745 2869 et
772 2814 1008 2870 relcctis
1042 2813 1290 2885 legibus,
1325 2827 1558 2870 sensum
1602 2818 1659 2869 et
1706 2828 1795 2870 sa-
1976 2814 2139 2866 Anno
2162 2816 2354 2866 autem
2379 2811 2957 2882 quadringentesimo
2976 2813 3333 2883 octogesimo
3356 2818 3544 2885 sexto,

172 2897 416 2966 picntiam
446 2917 651 2958 earum
684 2904 1129 2975 obstupescens,
1153 2901 1301 2957 dixit
1324 2901 1394 2957 ad
1415 2903 1790 2973 Demetrium,
1906 2897 2001 2969 qui
2034 2902 2126 2953 est
2149 2897 2526 2969 Phyladelphi
2550 2903 2693 2968 17‘“,
2716 2899 2951 2955 Romani
2972 2900 3221 2971 Appium
3245 2900 3546 2957 Claudium

169 2989 436 3045 ammirari
457 3006 546 3061 se,
576 2992 731 3061 quod
754 3006 920 3047 nemo
944 2992 1468 3062 bystoriographus
1490 3005 1596 3047 nec
1621 2995 1791 3063 poeta
1826 3039 1870 3063 η
1904 2985 2204 3042 consulem
2227 2986 2581 3042 Mamertinis
2613 2986 2828 3043 auxilia
2857 2987 3312 3058 deposcentibus
3342 2993 3549 3044 contra

174 3074 367 3133 Grecus
396 3079 663 3149 ejusdem
705 3080 849 3150 legis
892 3042 1271 3147 meminisset,
1304 3095 1433 3135 cum
1484 3086 1600 3136 tam
1622 3042 1791 3135 rmira
1824 3042 1873 3100 Ο
1904 3075 2214 3129 Hieronem
2244 3075 2741 3144 Syracusanorum
2775 3089 2967 3145 regem
3015 3080 3072 3130 et
3121 3078 3429 3133 Poenorum
3457 3091 3552 3132 co-

173 3164 446 3223 existeret.
468 3169 573 3225 Cui
599 3169 925 3225 Demetrius
945 3167 1569 3241 respondit,neminem
1591 3181 1791 3224 ausum
1907 3160 2050 3233 pias,
2088 3176 2369 3235 quasgrex
2398 3161 2523 3235 ipse
2554 3162 2936 3235 conduxerat,
2967 3164 3025 3219 in
3071 3163 3326 3219 Siciliam
3375 3163 3547 3220 mise-

174 3250 329 3309 fuisse
357 3256 855 3328 conscriptionem
887 3257 1015 3327 ejus
1046 3260 1306 3325 tangere,
1329 3272 1396 3311 eo
1419 3255 1571 3327 quod
1602 3256 1792 3312 divina
1906 3255 2059 3306 runt.
2088 3250 2194 3316 Qui
2227 3254 2343 3305 tam
2374 3251 2650 3306 celeriter
2677 3266 2778 3307 eos
2800 3252 2963 3322 vicit,
2993 3256 3057 3308 ut
3079 3253 3201 3323 ipse
3224 3267 3327 3308 rex
3347 3267 3550 3323 regum

169 3346 328 3411 esset,
354 3343 577 3401 addens
611 3345 763 3415 quod
795 3345 1196 3416 The0pompus
1222 3343 1426 3400 volens
1454 3344 1510 3399 in
1532 3345 1792 3416 hystoria
1906 3337 2306 3408 magnitudine
2336 3339 2691 3410 perterritus
2725 3345 2859 3395 ante
2881 3354 2942 3397 se
2965 3340 3184 3397 victum
3218 3354 3388 3411 quam
3418 3354 3553 3397 con-

171 3424 367 3497 aliquid
397 3432 468 3488 de
500 3433 596 3489 his
627 3432 1026 3503 conscribere,
1054 3436 1244 3488 mente
1263 3432 1337 3488 sit
1358 3434 1630 3489 turbatus
1661 3433 1794 3504 plus
1903 3441 2170 3496 gressum
2186 3427 2365 3484 fuisse
2384 3428 2728 3500 prodiderit.
2749 3429 3031 3485 Hannibal
3053 3444 3193 3486 vero
3218 3429 3412 3486 senior
3435 3430 3554 3486 dux

171 3527 318 3582 quam
350 3520 414 3574 30
444 3521 677 3591 diebus,
704 3520 885 3576 donec
910 3521 1041 3576 inde
1065 3519 1177 3575 sibi
1200 3519 1548 3576 dementiam
1583 3522 1792 3577 factam
1905 3518 2212 3572 Poenorum
2243 3515 2298 3569 in
2330 3517 2635 3586 Agriginto
2690 3517 2933 3575 civitate
2982 3516 3195 3574 Sicilia;
3245 3516 3552 3574 obsidione

171 3615 283 3658 esse
311 3608 666 3678 suspicatus,
700 3612 761 3663 et
790 3607 844 3663 in
879 3608 1095 3664 somnis
1140 3622 1371 3679 quoque
1420 3609 1789 3680 ammonitus,
1905 3605 2134 3662 cinctus
2168 3619 2198 3660 a
2227 3604 2518 3676 Romanis,
2554 3606 2626 3661 ad
2656 3620 2939 3662 summam
2988 3609 3309 3675 egestatem
3342 3605 3552 3677 perdu-

174 3692 306 3758 quod
334 3694 397 3728 ²⁴⁷
433 3696 543 3753 hoc
577 3696 629 3751 ei
660 3695 792 3752 ideo
823 3696 1154 3767 accidisset,
1189 3697 1322 3768 quia
1364 3697 1589 3753 divinas
1633 3696 1794 3766 leges
1905 3702 2038 3752 ctus
2060 3697 2237 3766 esset,
2263 3694 2376 3751 nisi
2398 3697 2597 3750 Hanno
2618 3710 2801 3751 novus
2830 3695 3150 3766 imperator
3173 3696 3555 3766 Kartaginen-

172 3784 444 3841 scrutatus
466 3788 633 3842 esset
658 3789 717 3840 et
742 3785 812 3842 ad
836 3785 1096 3857 impuros
1120 3784 1382 3841 homines
1403 3799 1503 3842 eas
1526 3786 1677 3842 ferre
1699 3800 1795 3842 vo-
1904 3785 2052 3840 sium
2083 3800 2212 3840 cum
2253 3783 2555 3854 equitibus
2610 3782 2768 3839 mille
2818 3783 3153 3854 quingentis
3196 3788 3253 3840 et
3302 3784 3545 3855 triginta

175 3861 377 3940 luisset,
411 3888 542 3928 cum
579 3872 908 3928 humilitate
941 3887 970 3928 a
1004 3875 1119 3929 Deo
1150 3873 1374 3929 veniam
1407 3872 1787 3945 supplicaret.
1905 3872 2141 3930 milibus
2155 3872 2417 3943 peditum
2432 3876 2489 3929 et
2507 3871 3549 3945 trigintaelephantissuperveniens,

175 3952 403 4027 Cumque
434 3961 699 4017 scribere
730 3961 1070 4032 quievisset,
1107 3961 1330 4032 recepit
1354 3976 1606 4018 sensum.
1633 3961 1794 4017 Refe-
1906 3960 2392 4032 expugnationem
2432 3960 2690 4015 civitatis
2722 3960 3023 4030 paulisper
3055 3959 3423 4027 distulisset;
3449 3960 3553 4017 sed

175 4041 316 4098 rebat
357 4048 533 4104 etiam
565 4049 636 4105 de
669 4048 988 4106 Theotecto
1035 4047 1105 4082 "°
1156 4048 1553 4120 tragediarum
1598 4052 1790 4121 poeta,
1905 4040 2183 4097 οοιὶῐίιιυο
2215 4044 2387 4110 capta
2418 4042 2531 4109 est,
2567 4038 2846 4109 Ρωηίψιθ
2877 4038 3016 4094 Via“
3067 4043 3127 4094 οι
3174 4039 3356 4109 fuga”
3391 4045 3548 4110 sunt.

176 4129 288 4196 quia
314 4148 437 4191 cum
466 4138 635 4193 nisus
660 4136 730 4171 ²⁶⁹
762 4136 967 4194 fuisset
992 4138 1049 4193 in
1074 4137 1269 4209 aliquo
1301 4138 1564 4194 dramate
1592 4152 1792 4194 eorum
1905 4126 2191 4209 Hannibal
2239 4141 2369 4209 Qum
2406 4126 2626 4209 Minoi?
2670 4125 2880 4196 θνθείιι
2936 4124 3202 4182 “ﬁdem”
3251 4126 3551 4209 θῙθΡῘξτὲΡῒιί

174 4220 477 4283 meminisse
500 4242 632 4297 quae
654 4226 850 4281 divino
872 4205 1247 4283 continentur
1263 4225 1574 4298 volumine,
1589 4227 1748 4283 obscr

1976 4207 2082 4278 pti,
2119 4206 2481 4277 Agrigentini
2515 4205 2624 4295 sub
2664 4218 2876 4298 corona
2909 4218 3109 4298 omnes
3137 4209 3272 4261 sunt
3305 4206 3547 4298 v‘enditi.

175 4306 301 4362 retis
322 4312 521 4387 oculis,
551 4316 886 4385 recognovit
906 4331 1138 4374 causam
1157 4332 1277 4373 suae
1300 4316 1608 4387 caecitatis,
1630 4320 1690 4372 et
1709 4316 1749 4371 it

1978 4293 2045 4343 »ει
2066 4288 2208 4357 haec,
2236 4286 2373 4387 Gaio
2396 4285 2627 4387 Aquilio
2659 4284 2829 4341 Floro
2851 4288 2911 4339 et
2939 4284 3115 4387 Lupio
3140 4284 3412 4342 Cornelio
3435 4285 3552 4387 Sci-

1978 4381 2073 4387 ---
2116 4381 2286 4387 μμ--
2321 4365 2448 4387 τι---
2520 4364 2951 4387 ,μιηεηηη
3045 4378 3323 4387 -__-_-_.
3370 4364 3420 4387 ε-
3500 4380 3525 4387 -

174 4364 568 4459 liberatus-est—
586 4364 1793 4475 Ξίρἒξὲίὸῆθῗῦἑῖέιῖὶέιῖίῖἆιῖἶῖὲἰεὲίὲὶιὶὲῖ
1823 4390 1875 4449 D
1906 4365 2468 4475 ἓΞἯθιξῩΕέξλὲΡίὲὲδν
2484 4364 2954 4475 ..ίὲῗῖἑέἕξῗῖῗξῗῗ
2992 4364 3554 4475 ΗίῗῗοέθίὲηςίέςηῬξ

216 4444 431 4457 .-η-...ν
462 4444 557 4459 νυ.
588 4444 618 4459 ..
651 4444 938 4474 γνώμην,
970 4444 1086 4461 νυν
1220 4444 1435 4462 wn"...
1482 4444 1749 4475 ...ιδιυιηη

175 4477 526 4548 Ptholomeus
549 4498 741 4548 autem
759 4493 980 4550 remisit
996 4494 1232 4550 eosdem
1256 4496 1521 4551 seniores
1542 4509 1673 4551 cum
1696 4494 1749 4551 ht

1985 4462 2034 4502 m
2089 4444 2427 4502 Hannibalis
2484 4445 2995 4515 subrogaverunt,
3045 4444 3143 4515 qui
3187 4459 3218 4501 a
3283 4445 3550 4518 Scipione

1978 4526 2348 4551 ..-ηιηυεηικη
2390 4522 3523 4551 ηηηοηηιζαηζιηιεηΙηηηθῖιηηηηηε-υηνιζηηηει

1905 4526 2146 4585 consule
2158 4526 2370 4594 victus,
2388 4524 2834 4580 confertissimis
2849 4524 3121 4581 hostibus
3135 4538 3197 4581 se
3212 4524 3548 4596 immiscuit,

177 4579 317 4678 92ῗῆ
344 4576 564 4678 ξιοηεηε
595 4581 909 4678 ιξξιίουίαυεέ
946 4581 1129 4678 stolas
1176 4584 1429 4678 9min“
1460 4588 1519 4640 ει
1552 4584 1799 4678 auri}?
1900 4576 3555 4678 inatanegantes:imam{eamsigna};

178 4651 310 4759 lenta
330 4663 438 4723 duo
460 4676 521 4725 et
543 4669 783 4725 calicem
808 4651 977 4726 unius
996 4670 1202 4727 talenti
1217 4651 1528 4743 totumque
1541 4673 1794 4730 convivii
1900 4651 2495 4759 }"5;I53;'}},'{e’1}g{{;,}
2514 4651 2952 4740 51,331,353};
3421 4651 3556 4739 ἕόἧ-

180 4742 402 4839 ιδοιξιιῐῐι.
420 4757 678 4829 Principi
703 4761 897 4814 autem
923 4758 1296 4817 sacerdotum
1318 4742 1596 4818 Eleazaro
1618 4762 1796 4818 desti-
1904 4742 2155 4839 gressus
2175 4770 2234 4821 et
2263 4764 2474 4834 victus,
2500 4765 2573 4820 ab
2591 4763 2857 4820 exercitu
2879 4778 2986 4821 suo
3004 4742 3291 4820 seditione
3313 4765 3443 4819 orta
3471 4761 3555 4819 la-

182 4836 315 4892 navit
346 4856 446 4913 per
464 4861 570 4904 eos
594 4845 778 4903 lectos
800 4846 1000 4903 decem
1019 4862 1151 4905 cum
1164 4849 1459 4919 argenteis
1472 4851 1723 4921 pedibus
1737 4854 1797 4907 et
1906 4836 2142 4921 pidibus
2159 4848 2475 4918 coopertus
2504 4843 2746 4901 interiit.
2773 4843 2948 4901 Lucio
2978 4844 3188 4901 Manlio
3217 4841 3467 4902 Vulsone
3491 4848 3555 4899 et

1513 4977 1748 5034 VARLE
1789 4974 2186 5035 LECTIONES.

182 5080 742 5190 mmjherosolimam
775 5102 805 5152 5
837 5103 923 5155 9ο.
962 5111 1208 5169 semper,
1243 5098 1404 5171 quod
1430 5098 1497 5157 in
1528 5104 1576 5158 1.
1613 5102 1722 5158 eia:
1748 5100 1929 5183 ,ςρφηθι
1956 5100 2067 5158 aut
2109 5098 2198 5157 bis
2244 5096 2483 5180 legitur.
2516 5094 2585 5130 ²⁴⁷
2615 5112 2687 5153 eo
2721 5094 2873 5222 quod
2901 5101 2986 5177 9ο..
3009 5094 3079 5128 ’⁸⁸
3111 5094 3452 5153 theothecto
3485 5099 3544 5153 δ.

206 5216 240 5222 _-
264 5170 408 5219 Visus
435 5172 508 5222 9°.
544 5174 630 5222 11.
664 5168 734 5202 ²⁸⁰
767 5170 877 5222 deo
911 5184 941 5222 τι
976 5185 1027 5222 n.
1065 5172 1115 5222 5.
1150 5167 1219 5202 ’⁵1
1251 5170 1462 5222 trullas
1487 5175 1562 5222 9ο.
1599 5171 1668 5205 ³⁵³
1702 5188 1942 5222 nrimns-
1977 5176 2171 5222 ortum
2202 5174 2289 5222 est
2325 5183 2598 5222 punicum
2631 5168 2725 5222 bel
2755 5182 2849 5222 um
2900 5182 3166 5222 primum.
3202 5169 3341 5222 Nam
3368 5167 3426 5222 Τ.
3461 5171 3544 5222 11.

205 5167 420 5252 ξχιξξιὲ
435 5172 517 5250 9ο..
544 5174 630 5225 11.
664 5168 734 5202 ²⁸⁰
767 5170 941 5252 deoa
974 5185 1027 5240 p.
1055 5167 1126 5252 _t’i._
1150 5167 1219 5252 ξθί
1243 5167 1462 5252 trullas
1487 5175 1562 5227 9c.
1599 5171 1668 5205 ³⁵³
1700 5173 1943 5252 primus,
1977 5167 2849 5252 ortumest:punicumbellum
2900 5167 3184 5252 primum.
3202 5169 3341 5225 Nam
3368 5167 3426 5223 Τ.
3461 5171 3548 5225 11.

183 5226 244 5269 ³⁸⁸
270 5226 735 5310 Carthaginenses
764 5239 904 5297 victi
938 5226 1073 5297 sunt
1107 5245 1193 5297 11.
1225 5239 1331 5301 ubi
1359 5255 1492 5312 qua
1519 5226 1971 5315 εθᾳπαῖίτῖφῖξυ
1991 5226 2134 5315 ipsa
2162 5226 2447 5300 Historia
2473 5238 2751 5297 macella
2775 5226 3016 5310 stt/mpm
3042 5240 3201 5297 sunt.

1745 5367 1968 5425 NOTAE.

248 5459 380 5546 (212)
411 5474 543 5545 Quae
566 5509 633 5522 —
662 5478 992 5543 existerent
1028 5479 1355 5541 Ekhehardi
1407 5480 1589 5542 verba
1639 5487 1801 5547 sunt.
