3992 6054
375 166 487 228 611

1534 152 2014 220 EKKEHARDI
2059 134 2616 215 URAUGIENSIS

3666 156 3793 217 612

374 301 562 355 Marco
594 295 770 353 Atilio
802 291 1022 366 Regulo
1047 292 1412 363 consulibus,
1442 293 1654 349 bellum
1682 292 1735 346 in
1762 289 2018 344 Africam
2061 288 2105 344 Α.
2140 290 2296 354 sunt,
2351 299 2552 340 novem
2605 283 2756 339 milia
2808 282 3056 340 militum
3104 298 3254 341 casa
3304 290 3465 356 sunt,
3506 289 3575 341 20
3625 286 3789 342 milia

378 388 724 443 translatum
767 391 875 454 est,
911 384 1124 455 quibus
1157 383 1446 438 Hamilcar
1477 381 1594 436 dux
1622 381 1931 434 Pcenorum
1965 381 2023 430 et

374 477 572 531 Hanno
596 474 746 530 alter
778 473 949 530 classi
977 474 1274 543 prefectus
1298 471 1701 535 occurrerunt,
1719 469 2021 521 conserto-

376 577 486 632 que
517 561 708 617 navali
745 560 966 632 pralio,
992 560 1150 615 Poeni
1178 559 1233 613 in
1259 559 1449 627 fugam
1473 556 1626 611 versi
1654 558 1811 622 sunt,
1839 556 1908 609 64
1931 567 2027 608 na-

374 665 478 707 ves
500 650 901 722 perdiderunt,
919 647 1195 704 consules
1212 647 1465 702 victores
1484 645 1538 698 in
1561 643 1812 698 Africam
1840 646 2030 697 trans-

376 738 531 794 vecti
592 743 748 808 sunt,
802 735 1287 805 Kartaginemque
1335 737 1620 804 petentes,
1656 733 1760 785 300
1811 733 1907 786 aut
1959 743 2027 784 eo

381 826 628 897 amplius
650 824 892 882 castella
921 822 1180 894 p0pulati
1206 825 1362 878 sunt.
1381 821 1624 876 Manlius
1645 834 1773 876 cum
1796 816 2024 873 victrici

377 911 570 969 classe
610 913 805 968 Africa
839 911 1152 976 decedens,
1184 914 1361 965 27000
1390 909 1753 980 captivorum
1786 908 2024 962 Romam

375 1001 603 1067 evexit;
630 999 889 1069 Regulus
909 999 963 1054 in
990 998 1183 1053 Africa
1206 996 1530 1068 remanens,
1546 1001 1750 1054 contra
1774 1002 1898 1053 tr'es
1924 996 2026 1053 du-

375 1103 476 1144 ces
500 1087 821 1157 dimicavit,
849 1087 1233 1143 Hastrubales
1255 1092 1313 1142 et
1337 1086 1719 1142 Halmicarem
1742 1101 1813 1141 ex
1829 1085 2024 1141 Sicilia

374 1175 648 1232 accitum.
669 1178 924 1246 Cumque
949 1175 1089 1231 haut
1116 1175 1368 1246 procula
1395 1175 1625 1231 flumine
1652 1173 1909 1243 Bagrada
1934 1189 2026 1230 ca-

375 1267 500 1320 stra
516 1265 831 1336 posuisset,
849 1264 1064 1321 multos
1077 1264 1323 1320 militum
1342 1264 1411 1320 ad
1436 1264 1645 1319 ﬂumen
1671 1263 2026 1319 descenden-

375 1357 469 1408 tes
495 1367 740 1424 serpens
772 1353 930 1409 mira
964 1352 1384 1422 magnitudinis
1421 1352 1745 1408 devoravit.
1766 1352 2022 1421 Regulus

376 1442 448 1498 ad
475 1440 918 1512 expugnandam
936 1441 1181 1497 bestiam
1197 1457 1326 1497 cum
1348 1441 1610 1497 exercitu
1636 1440 2017 1510 descendens,

375 1529 637 1600 squamis
659 1530 787 1600 ejus
813 1528 928 1584 tela
955 1545 1065 1585 non
1090 1530 1728 1602 recipientibus,jussit
1756 1529 2017 1599 balistas,

376 1618 587 1687 quibus
618 1618 765 1674 muri
805 1618 1274 1689 confringuntur,
1308 1619 1522 1688 afferri,
1556 1619 1763 1689 hisque
1785 1618 2019 1673 ossibus
2050 1637 2105 1697 Β

373 1704 501 1775 ejus
533 1706 872 1776 confractis,
907 1707 1099 1762 occisa
1140 1712 1247 1763 est.
1284 1708 1460 1778 Cujus
1509 1708 1730 1763 corium
1782 1709 2019 1763 Romam

376 1794 683 1851 devectum
708 1800 812 1851 120
836 1795 1045 1866 pedum
1068 1796 1265 1866 spacio
1285 1796 1500 1852 dicitur
1519 1796 1858 1853 distentum.
1886 1799 2022 1853 Kar-

376 1883 712 1951 taginenses
762 1884 959 1954 itaque
1020 1884 1184 1940 fracti
1219 1884 1405 1956 bellis,
1442 1886 1595 1941 inter
1626 1885 1842 1943 multos
1871 1902 2020 1958 quos

378 1971 577 2043 precio
609 1972 1019 2030 conduxerunt
1051 1974 1106 2029 in
1139 1974 1416 2031 auxilium
1446 1976 1795 2048 Xantippum
1829 1992 2019 2046 regem

376 2059 930 2117 Lacedemoniorum
980 2062 1228 2119 accitum
1281 2062 1439 2119 bello
1487 2065 1874 2135 prefecerunt.
1913 2066 2017 2132 Qui

375 2163 506 2205 cum
531 2150 841 2205 Poenorum
867 2151 1052 2221 copiis
1074 2150 1382 2208 instructis
1395 2153 1466 2207 ad
1482 2168 1729 2223 pugnam
1744 2155 2022 2225 procede-

375 2240 489 2306 ret,
524 2241 593 2292 30
625 2236 781 2294 milia
812 2240 1195 2299 Romanorum
1245 2240 1491 2297 militum
1534 2247 1828 2312 prostrata
1861 2248 2016 2313 sunt,

377 2323 639 2394 Regulus
664 2325 782 2382 dux
805 2325 902 2383 ille
926 2327 1139 2383 nobilis
1163 2344 1292 2384 cum
1309 2329 1643 2399 quingentis
1659 2331 1798 2386 viris
1812 2335 2021 2402 captus

377 2416 491 2483 est,
524 2419 584 2469 et
616 2414 672 2469 in
704 2419 942 2471 catenas
971 2416 1295 2488 conjectus,
1331 2418 1558 2475 decimo
1600 2420 1833 2475 tandem
1884 2420 2019 2475 belli

375 2501 579 2558 Punici
604 2498 761 2558 anno
793 2504 1043 2561 nobilem
1095 2504 1449 2576 triumphum
1504 2508 2021 2578 Kartaginensibus

377 2589 558 2645 dedit.
583 2591 908 2662 Xantippus
926 2596 1044 2647 tam
1066 2593 1305 2649 audacis
1326 2595 1462 2649 facti
1497 2599 1789 2665 conscius,
1827 2612 2019 2653 rerum

378 2676 737 2733 instabilium
778 2680 1157 2736 mutationem
1188 2682 1417 2751 timens,
1446 2683 1577 2739 ilico
1610 2699 1684 2739 ex
1704 2686 1894 2741 Africa
1921 2686 2022 2740 mi-

373 2766 565 2834 gravit
596 2767 653 2821 in
685 2768 965 2824 Greciam.
992 2770 1275 2827 Posthac
1299 2772 1435 2827 fessi
1461 2777 1547 2828 t0t
1572 2774 1738 2830 malis
1760 2776 2023 2845 Kartagi-

382 2867 617 2925 nenses,
647 2855 957 2926 petendam
989 2872 1117 2914 esse
1151 2873 1349 2929 pacem
1381 2876 1411 2915 a
1444 2862 1717 2918 Romanis
1749 2862 2023 2920 decreve-

381 2946 540 3013 runt,
566 2942 638 2998 ad
671 2958 842 3014 quam
878 2959 997 3000 rem
1029 2946 1268 3003 Atilium
1302 2949 1589 3018 Regulum
1621 2957 1791 3006 antea
1816 2953 2021 3009 ducem

376 3030 786 3098 Romanorum,
814 3035 1111 3105 quemjam
1133 3050 1239 3106 per
1263 3037 1718 3107 quinquennium
1743 3043 2020 3097 tenebant

376 3119 692 3191 captivum,
713 3120 866 3176 inter
880 3126 1114 3178 ceteros
1129 3122 1356 3193 legatos
1373 3126 1653 3198 precipue
1667 3133 2021 3199 putaverunt

376 3206 754 3265 mittendum.
786 3209 895 3275 Qui
928 3227 1057 3268 cum
1090 3214 1327 3269 Romam
1351 3216 1596 3287 veniret,
1623 3218 1835 3274 ductus
1856 3219 1913 3273 in
1938 3233 2022 3275 se-

377 3299 598 3367 natum,
634 3298 811 3353 nichil
845 3300 1006 3370 quasi
1036 3302 1329 3359 Romanus
1360 3304 1499 3375 egit,
1535 3304 1799 3376 dixitque
1849 3322 1913 3363 se
1950 3323 2023 3364 ex

380 3383 477 3439 illa
503 3385 618 3456 die,
636 3401 744 3457 qua
770 3403 824 3442 in
850 3393 1202 3459 potestatem
1226 3393 1494 3449 Afrorum
1519 3394 1793 3467 venisset,
1819 3397 2023 3453 Roma-

375 3486 513 3529 num
540 3487 668 3530 esse
698 3474 768 3507 ³³⁸
799 3477 1043 3534 desisse.
1068 3478 1268 3550 Itaque
1291 3486 1349 3536 et
1382 3496 1618 3538 uxorem
1651 3498 1681 3539 a
1711 3485 2019 3556 complexu

378 3561 648 3633 removit,
684 3567 742 3619 et
767 3567 995 3622 senatui
1028 3569 1234 3638 suasit,
1260 3583 1331 3623 ne
1356 3584 1466 3640 pax
1489 3586 1618 3627 cum
1653 3572 1806 3627 Afris
1831 3573 2017 3629 fieret.

376 3648 542 3715 Quod
570 3656 627 3706 et
658 3653 932 3710 obtinuit.
970 3656 1225 3726 Cumque
1263 3657 1482 3713 vellent
1533 3675 1662 3715 eum
1711 3662 1905 3718 Roma
1936 3667 2022 3719 te-

378 3751 538 3809 nere,
572 3741 805 3810 negavit
853 3757 915 3798 se
968 3745 1023 3799 in
1066 3760 1133 3800 ea
1183 3746 1327 3802 urbe
1370 3762 1727 3820 mansurum,
1780 3750 1834 3804 in
1885 3766 2017 3823 qua,

377 3830 686 3899 postquam
719 3830 873 3887 Afris
906 3833 1199 3904 servierit,
1237 3835 1579 3905 dignitatem
1617 3837 1763 3894 civis
1792 3839 2020 3897 honesti

380 3914 594 3973 habere
626 3933 738 3975 non
771 3930 993 3991 posset.
1026 3922 1221 3978 Rediit
1253 3938 1392 3994 ergo
1424 3926 1811 3996 Kartaginem.
1840 3928 2021 3995 Quem

378 4017 711 4075 regressum
744 4009 1023 4067 machina
1054 4010 1428 4081 illigaverunt
1460 4020 1519 4069 et
1541 4014 1611 4070 ad
1636 4017 1861 4073 radium
1880 4020 2022 4074 solis

374 4106 603 4165 semper
654 4098 812 4152 stare
864 4098 1147 4171 fecerunt,
1196 4103 1558 4174 resectisque
1608 4105 1928 4177 palpebris,
1966 4108 2021 4163 in

373 4195 577 4239 somno
606 4182 674 4217 ’⁵⁸
702 4193 1078 4244 necaverunt.
1106 4188 1268 4244 Alter
1298 4191 1506 4247 deinde
1530 4193 1741 4251 Atilius
1763 4196 2021 4266 Regulus

373 4274 430 4327 et
463 4271 711 4329 Manlius
743 4273 972 4345 Vulsco,
1004 4278 1172 4332 ambo
1207 4278 1296 4334 bis
1329 4282 1621 4353 consules,
1659 4299 1789 4340 cum
1831 4285 2020 4343 classe

2139 375 2310 440 capta
2345 371 2698 427 referuntur.
2731 371 2888 426 Inter
2920 371 3041 427 hac
3081 372 3357 428 Lutacius
3398 374 3604 430 consul
3649 388 3786 430 cum

2139 458 2329 514 classe
2360 463 2755 514 trecentarum
2790 458 3019 514 navium
3044 459 3099 514 in
3124 459 3374 515 Siciliam
3407 466 3789 518 transvectus

2138 551 2248 614 est,
2278 547 2369 602 cui
2401 547 2713 602 Panicum
2738 546 3156 617 quadragentis
3178 548 3423 605 navibus
3443 550 3787 621 magnisque

2139 634 2325 705 copiis
2346 636 2619 690 Hannone
2645 636 2792 690 duce
2815 639 3157 702 occurrunt,
3184 637 3450 707 factaque
3472 652 3685 708 pugna,
3702 638 3790 693 vi-

2136 727 2269 779 ctus
2298 726 2495 780 Hanno
2519 724 2637 780 dux
2660 725 2809 794 fuga
2833 725 3052 795 primus
3076 726 3213 792 fuit;
3245 731 3312 781 75
3342 726 3573 783 Punica
3604 742 3787 784 naves

2136 817 2324 883 capta
2343 818 2497 883 sunt,
2523 816 2628 869 120
2648 814 2986 884 submersa,
3018 818 3086 869 32
3117 814 3270 869 milia
3303 820 3495 886 capta,
3522 818 3590 872 14
3620 814 3783 870 milia

2138 914 2289 955 casa
2321 906 2473 956 sunt.
2508 902 2649 956 Post
2680 901 2804 958 hac
2834 901 2905 956 ad
2940 902 3262 973 Lutacium,
3297 902 3507 958 deinde
3538 903 3782 960 Romam

2138 990 2459 1057 mittentes,
2492 1005 2693 1061 pacem
2726 992 2835 1047 sub
2867 992 2973 1048 hac
3019 991 3359 1047 conditione
3390 993 3675 1062 fecerunt,
3716 996 3779 1049 ut

2139 1078 2335 1134 Sicilia
2366 1079 2743 1149 Sardiniaque
2774 1079 3126 1135 decederent
3146 1086 3206 1136 et
3240 1094 3341 1152 per
3373 1084 3443 1135 20
3469 1080 3784 1137 continuos

2137 1182 2318 1223 annos
2373 1168 2485 1223 tria
2546 1168 2702 1223 milia
2750 1168 3103 1225 talentorum
3162 1169 3291 1241 puri
3342 1169 3466 1225 auri
3505 1169 3783 1226 Romanis

2129 1256 2581 1326 persolverent;
2638 1256 2841 1326 sicque
2894 1257 3118 1313 finitum
3188 1263 3281 1313 est
3333 1257 3441 1314 hoc
3493 1258 3780 1315 Punicum

2138 1343 2353 1399 bellum
2390 1357 2491 1415 per
2521 1348 2589 1399 23
2624 1357 2806 1399 annos
2838 1349 3223 1415 protractum.

2208 1433 2686 1503 Histemporibus
2703 1438 3016 1502 argenteus
3031 1448 3299 1490 nummus
3315 1433 3559 1505 primum
3581 1434 3782 1491 Roma

2136 1519 2423 1590 figuratus
2450 1526 2559 1578 est.
2596 1522 2807 1593 (HIER.)
2840 1524 3055 1578 Aratus
3084 1521 3423 1592 astrologus
3453 1521 3687 1591 claruit,
3717 1526 3783 1577 et

2137 1608 2387 1674 Quintus
2418 1610 2636 1666 Ennius
2684 1615 2857 1681 poeta
2905 1610 3134 1668 Tarenti
3187 1610 3466 1682 nascitur,
3497 1610 3595 1681 qui
3642 1614 3777 1682 post

2135 1697 2329 1753 Roma
2361 1699 2583 1769 deguit,
2615 1703 2929 1755 contentus
2969 1698 3140 1755 unius
3171 1698 3396 1755 ancilla
3428 1698 3775 1754 ministerio.

2207 1787 2346 1854 (Jos.
2383 1802 2481 1858 xu,
2513 1792 2590 1859 5.)
2624 1789 2747 1853 Quo
2778 1788 2955 1843 etiam
2995 1792 3259 1859 tempore
3305 1787 3579 1843 defuncto
3612 1785 3781 1842 Elea-

2134 1888 2294 1944 zaro,
2325 1874 2716 1947 principatum
2749 1876 3063 1933 sacerdotii
3096 1876 3359 1948 suscepit
3382 1881 3629 1947 patruus
3650 1874 3782 1944 ejus

2134 1966 2409 2035 Manases,
2464 1967 2642 2022 frater
2690 1967 2878 2023 Jaddi.
2913 1967 3037 2033 Quo
3090 1972 3338 2038 mortuo,
3386 1965 3671 2023 successit
3725 1964 3779 2020 ei

2134 2054 2328 2124 Onias,
2366 2054 2521 2110 ﬁlius
2553 2055 2851 2126 Symeonis
2881 2055 3051 2126 Justi,
3086 2070 3275 2126 quem,
3312 2059 3377 2112 ut
3419 2069 3595 2127 supra
3630 2053 3781 2109 dixi-

2133 2157 2281 2215 mus,
2317 2145 2621 2215 parvulum
2662 2145 2918 2215 reliquit.

2185 2253 2320 2299 Alex.
2368 2252 2534 2299 Maced
2597 2254 2737 2300 Asia.
2772 2253 2937 2312 Syria.

2240 2336 2261 2384 1
2415 2335 2445 2385 δ
2628 2338 2693 2387 17
2840 2336 2909 2386 29
3022 2328 3627 2401 (Hmn.)Phtolomeus
3644 2330 3772 2400 Phy

2133 2417 2287 2473 ladel
2296 2419 2442 2490 phus
2466 2419 2733 2489 regnavit
2756 2418 3121 2475 Alexandria
3137 2418 3303 2473 annis
3318 2417 3597 2487 tringinta
3612 2421 3772 2472 octo.

2236 2509 2270 2559 2
2414 2512 2447 2561 0
2840 2512 2907 2561 30
3016 2506 3347 2562 Demetrius
3371 2511 3555 2562 semet
3578 2505 3770 2576 ipsum

2134 2594 2375 2651 Seleuco
2412 2596 2672 2667 tradidit,
2709 2595 2806 2666 qui
2841 2595 3142 2651 destructo
3171 2595 3239 2628 ’⁵³
3266 2609 3445 2665 regno
3496 2594 3644 2651 Asia
3702 2609 3777 2650 ex

2136 2685 2385 2752 utroque
2421 2697 2591 2739 unum
2628 2683 2763 2738 fecit
2805 2682 3132 2752 imperium.

2240 2775 2270 2825 3
2419 2777 2441 2825 1
2841 2776 2899 2826 31
3021 2772 3335 2841 Ceraunus,
3373 2769 3470 2841 qui
3498 2774 3559 2826 et
3605 2770 3778 2824 Ptho-

2136 2855 2377 2929 lomeus,
2405 2860 2667 2929 regnavit
2692 2859 3038 2915 Macedonia
3071 2874 3301 2915 menses
3324 2874 3550 2930 novem,
3575 2857 3780 2914 Melea-

2133 2960 2277 3016 grus
2329 2962 2558 3005 menses
2587 2948 2756 3019 duos,
2792 2949 3099 3019 Antipater
3145 2948 3350 3004 diebus
3381 2952 3466 3003 45.

2243 3038 2275 3089 4
2420 3042 2442 3092 1
2846 3041 2914 3092 32
3024 3038 3297 3094 Sostenes
3311 3036 3575 3107 regnavit
3597 3036 3783 3091 Mace-

2136 3124 2324 3181 donia
2355 3124 2522 3180 annis
2552 3125 2798 3182 duobus.

2240 3217 2271 3266 5
2417 3218 2451 3268 2
2882 3219 2902 3269 1
3011 3213 3526 3284 Antiochus,quiet
3542 3212 3754 3268 Sother

2140 3299 2296 3355 ﬁlius
2320 3300 2566 3372 Seleuci,
2595 3302 2861 3372 regnavit
2890 3302 2947 3358 in
2982 3304 3145 3375 Syria
3175 3307 3234 3358 et
3265 3303 3397 3359 Asia
3426 3301 3590 3358 annis
3620 3305 3704 3357 19.

2239 3392 2271 3443 6
2417 3395 2441 3445 1
2877 3396 2910 3446 2
3020 3391 3346 3460 Antigonus
3376 3390 3639 3460 regnavit
3670 3390 3783 3444 Ma-

2133 3478 2390 3535 cedonia
2405 3481 2570 3535 annis
2592 3480 2829 3559 triginta
2863 3496 2986 3536 sex.
3013 3480 3114 3536 Hic
3132 3480 3606 3537 Lacedemoniam
3629 3479 3784 3536 obti-

2132 3568 2255 3624 nuit
2288 3569 2651 3641 Pyrrumque
2682 3570 3003 3642 superavit.

2206 3662 2263 3711 11
2414 3660 2447 3712 6
2875 3665 2908 3714 7
3017 3661 3232 3715 Aratus
3274 3657 3629 3729 agnoscitur.

2205 3750 2271 3801 12
2414 3752 2447 3802 7
2877 3753 2909 3804 8
3021 3752 3348 3819 Argenteus
3375 3760 3641 3804 nummus
3670 3745 3782 3802 Ro-

2135 3848 2242 3891 ma
2272 3833 2522 3905 primum
2554 3834 2861 3906 figuratur.

2205 3926 2273 3978 20
2383 3928 2449 3978 15
2846 3927 2912 3980 16
3020 3925 3337 3982 Judeorum
3378 3924 3781 3996 pontificatum

2144 4018 2281 4084 post
2306 4012 2647 4070 Eleazarum
2679 4014 2963 4085 Manases,
2997 4019 3244 4085 patruus
3275 4015 3422 4086 ejus,
3460 4014 3705 4086 accepit.

2206 4105 2270 4158 2i
2386 4105 2453 4158 16
2846 4106 2913 4160 17
3025 4104 3170 4159 Anni
3203 4104 3274 4159 ah
3312 4104 3486 4160 inicio
3519 4108 3677 4159 3700.

2205 4196 2277 4248 2L
2385 4194 2452 4248 17
2883 4196 2905 4245 1
3024 4192 3209 4261 (Hum.
3251 4194 3320 4250 in
3360 4195 3516 4250 Dan.
3569 4206 3620 4247 c.
3675 4192 3781 4265 ιι.)

2138 4280 2476 4350 Antiochus,
2512 4280 2610 4350 qui
2639 4280 2963 4337 vocabatur
2990 4281 3195 4353 Theos,
3221 4282 3278 4337 id
3306 4286 3394 4338 est
3426 4283 3597 4351 Deus,
3624 4280 3782 4336 ﬁlius

371 4357 757 4417 ducentarum
779 4364 1008 4420 navium
1023 4369 1348 4436 etquatuor
1374 4346 1705 4439 legionibus
1725 4374 2022 4446 Lylibeum
2053 4346 2106 4406 D
2137 4370 2409 4427 Antiochi
2441 4346 2719 4441 Sotheris,
2756 4370 3018 4439 regnavit
3050 4370 3104 4425 in
3138 4346 3300 4441 Syria
3329 4375 3389 4426 et
3430 4346 3592 4426 Asia,
3616 4369 3785 4427 annis

372 4447 650 4536 profecti,
672 4453 1121 4522 superveniente
1145 4456 1482 4531 Hannibale,
1509 4461 1856 4519 Hamilcaris
1881 4463 2021 4536 filio,

371 4533 510 4626 victi
545 4541 701 4610 sunt,
736 4539 1070 4614 majoreque
1098 4545 1395 4605 exercitus
1424 4554 1595 4621 parte
1623 4552 1877 4626 perdita,
1913 4533 2029 4626 ipsi

369 4623 467 4681 vix
498 4636 834 4686 evaserunt.
859 4632 997 4689 Post
1021 4634 1130 4691 hos
1153 4634 1429 4696 Claudius
1447 4640 1651 4698 consul
1675 4657 1805 4700 cum
1830 4623 2023 4702 classe

372 4714 757 4775 ducentarum
775 4720 980 4791 viginti
1009 4725 1242 4781 navium
1262 4728 1333 4783 ad
1354 4729 1601 4801 Drepani
1626 4737 1857 4802 portum
1886 4749 2020 4790 con-

375 4806 462 4896 tra
495 4804 723 4863 hostem
756 4810 1057 4880 profectus
1088 4819 1199 4885 est,
1226 4817 1324 4873 ubi
1368 4834 1500 4878 mox
1520 4828 1806 4896 exceptus
1836 4824 2029 4882 classe

370 4891 699 4967 Panorum,
733 4897 867 4955 dum
899 4906 1102 4957 contra
1146 4906 1401 4976 auspicia
1448 4891 1798 4970 dimicasseu
1864 4930 2035 4987 supe-

371 4985 536 5073 ratus
566 4988 676 5056 est,
701 4989 761 5041 et
789 4987 916 5058 ipse
949 4989 1179 5060 quidem
1212 5007 1342 5049 cum
1366 4997 1608 5054 navibus
1647 5005 1715 5057 30
1736 4985 2031 5073 Lylibeum

371 5071 652 5146 confugit,
687 5073 926 5148 reliqua
955 5093 1153 5137 omnes
1184 5088 1283 5139 aut
1310 5089 1496 5156 capta
1543 5093 1638 5145 aut
1716 5071 2033 5151 submersa

2139 4465 2223 4518 15.
2244 4462 2377 4515 Ista
2400 4458 2683 4515 adversus
2707 4459 3107 4515 Ptholomeum
3121 4458 3577 4531 Phyladelphum
3593 4458 3783 4530 gessit

2140 4551 2293 4608 bella
2311 4563 2480 4621 quam
2497 4546 2743 4620 plurima
2758 4551 2816 4603 et
2838 4548 2984 4604 totis
3004 4547 3314 4619 Babylonis
3336 4552 3512 4619 atque
3534 4547 3782 4604 orientis

2139 4640 2365 4698 viribus
2389 4636 2707 4693 dimicavit.
2726 4634 2938 4692 Volens
2959 4640 3153 4693 autem
3175 4636 3550 4694 Ptholomeus
3572 4636 3783 4693 moles-

2140 4735 2265 4787 tum
2298 4726 2463 4783 ﬁnire
2491 4732 2807 4796 certamen,
2834 4741 2965 4783 cum
2986 4726 3109 4797 ipse
3133 4731 3326 4783 tamen
3349 4741 3588 4797 magnas
3606 4726 3784 4782 hahe-

2141 4823 2232 4877 ret
2261 4816 2479 4889 copias,
2514 4815 2688 4870 ﬁliam
2719 4828 2880 4871 suam
2930 4815 3247 4872 Beronicen
3296 4816 3586 4872 Antiocho
3618 4814 3787 4871 dedit

2146 4920 2406 4976 uxorem,
2429 4904 2524 4975 qui
2548 4904 2619 4960 de
2646 4905 2840 4974 priore
2864 4918 3043 4960 uxore
3074 4903 3322 4960 Laodice
3349 4904 3497 4961 duos
3528 4903 3784 4959 habebat

2149 4995 2317 5072 filios,
2345 5001 2669 5069 Seleucum,
2705 4997 2801 5068 qui
2831 4997 3351 5066 cognominabatur
3381 4995 3690 5065 Calinicus,
3723 4998 3782 5050 et

2148 5091 2396 5150 alterum
2421 5089 2787 5146 Antiochum.
2811 5087 3131 5146 Antiochus
3152 5089 3346 5146 autem
3371 5086 3591 5159 dicens,
3613 5085 3786 5141 Bero-

1732 5275 1969 5335 VARLE
2007 5278 2304 5339 LECTION
2310 5276 2410 5335 ES.

445 5422 515 5460 ⁴²⁶
546 5439 611 5485 se
637 5440 769 5489 esse
799 5435 858 5490 δ.
893 5430 963 5467 ’⁸⁸
993 5436 1219 5495 somnio
1247 5439 1300 5496 4.
1334 5443 1386 5500 ὅ.
1418 5438 1490 5477 ³⁸⁸
1521 5441 1813 5505 destruxit
1847 5447 1989 5510 asia
2018 5461 2260 5526 regnum
2293 5446 2549 5522 fecitque
2580 5459 2654 5505 ex
2685 5447 2939 5521 utroque
2967 5458 3143 5507 unum
3173 5443 3317 5521 imp.
3357 5448 3416 5502 ὅ.
