3986 6048
128 162 253 224 613

1012 150 1450 226 CHRONICA.
1489 199 1564 210 -.
1595 161 2074 227 CHRONICON
2115 162 2667 230 UNIVERSALE.

3427 169 3545 232 6M

130 297 306 355 nicen
340 306 402 355 se
435 292 584 354 velle
616 295 831 353 habere
863 295 1025 366 regni
1055 302 1386 353 consortem
1415 302 1473 353 et
1504 296 1785 355 Laodicen
1820 303 1871 359 A
1902 297 2183 369 tulerunt,
2219 315 2345 370 qua
2367 300 2577 357 civitas
2601 296 2780 358 Italia
2803 297 3078 373 opulenta
3105 301 3389 372 quondam
3416 303 3542 360 fuit.

133 389 189 443 in
213 388 349 445 loco
368 388 730 456 concubina,
758 391 886 457 post
911 386 1157 442 multum
1178 388 1458 458 temporis
1479 392 1791 458 superatus

131 489 336 532 amore
361 475 643 531 Laodicen
669 490 799 530 cum
824 474 1023 530 liberis
1045 474 1167 530 suis
1190 474 1425 530 reduxit
1450 476 1504 530 in
1526 490 1786 544 regnum.

134 564 278 630 Qua
304 569 573 619 metuens
595 563 926 631 ambiguum
951 562 1057 617 viri
1081 563 1354 633 animum,
1376 578 1447 618 ne
1472 563 1791 619 Berenicen

138 651 476 722 reduceret,
512 652 698 707 virum
734 664 836 721 per
870 651 1172 708 ministros
1211 666 1434 707 veneno
1477 652 1790 720 interfecit,

138 740 469 796 Berenicen
488 753 629 795 vero
658 753 788 794 cum
822 738 943 794 ﬁlio
974 754 1144 809 quem
1173 754 1245 795 ex
1277 739 1563 795 Antiocho
1592 739 1793 808 genuit

138 828 402 883 Icadioni
439 831 499 883 et
541 828 772 882 Genneo
814 827 1180 898 principibus
1226 828 1381 896 regis
1417 826 1792 883 occidendam

140 915 411 985 tradidit,
448 916 692 987 ipsaque
715 931 843 972 cum
871 915 1088 985 majore
1116 915 1235 971 ﬁlio
1267 916 1509 972 Seleuco
1540 915 1794 972 Calinico

138 1004 431 1074 regnavu.

216 1093 434 1162 (Ηιειι.)
464 1091 696 1148 Parthis
727 1107 757 1147 a
790 1092 1163 1147 Macedonum
1202 1091 1443 1162 imperio
1475 1091 1798 1147 recedenti-

140 1180 272 1247 bus,
328 1180 550 1250 primus
599 1180 866 1249 regnavit
910 1183 1176 1249 Arsaces,
1228 1180 1382 1235 unde
1412 1185 1469 1235 et
1502 1180 1796 1236 Arsacidae

140 1267 288 1322 dicti
318 1272 476 1323 sunt.

139 1393 279 1440 Alex.
328 1391 509 1440 Maced.
558 1392 699 1440 Asia.
731 1391 896 1453 Syria.

216 1475 286 1527 32
393 1475 462 1526 27
889 1473 923 1525 9
1034 1471 1232 1527 Annus
1294 1470 1798 1541 quingentesimus

145 1560 218 1614 ab
251 1560 406 1615 Urbe
437 1558 692 1615 condita.

216 1650 285 1702 38
398 1651 464 1702 33
858 1651 926 1701 15

217 1734 591 1791 Ptholomeus
638 1735 973 1803 Evergetes,
1028 1732 1179 1788 ﬁlius
1222 1733 1547 1788 Ptholomei
1595 1733 1799 1804 Phyla-

146 1824 368 1895 delpbi,
425 1822 687 1891 regnavit
740 1820 1107 1877 Alexandria
1155 1821 1321 1876 annis
1367 1826 1457 1891 26,
1502 1836 1530 1877 a
1575 1826 1798 1877 restau-

146 1914 377 1968 ratione
429 1911 627 1982 templi
681 1924 827 1965 anno
871 1913 997 1965 276.
1048 1910 1163 1966 Sub
1204 1911 1312 1966 hoc
1360 1911 1589 1981 Jhesus,
1643 1911 1796 1966 [ilius

145 2000 371 2071 Sirach,
422 1999 633 2056 librum
684 2014 849 2055 suum
900 1998 1272 2069 conscripsit.
1327 1999 1510 2069 (HIER.
1541 1998 1609 2054 in
1635 2001 1793 2056 Dan.

145 2104 195 2145 c.
231 2092 338 2159 xl.)
370 2089 472 2142 Hic
503 2102 643 2156 ergo
670 2088 1045 2144 Ptholomeus
1070 2086 1140 2120 ⁸³⁷
1167 2091 1302 2159 post
1336 2091 1580 2142 mortem
1610 2087 1797 2158 patris

144 2176 237 2233 sui
268 2175 670 2247 Phyladelpbi,
704 2191 808 2246 pro
837 2175 1059 2231 ultione
1088 2176 1274 2246 patris
1307 2178 1364 2230 et
1398 2176 1607 2231 occisa
1641 2190 1799 2231 soro-

144 2266 246 2333 ris,
273 2279 403 2320 cum
438 2278 644 2333 magno
675 2264 939 2319 exercitu
974 2263 1212 2318 intravit
1246 2263 1607 2334 provinciam
1643 2264 1799 2332 regis

143 2353 464 2424 aquilonis,
511 2352 567 2407 id
610 2356 702 2408 est
746 2351 967 2407 Seleuci
1009 2352 1265 2423 Calinici,
1311 2353 1407 2422 qui
1449 2367 1577 2408 cum
1616 2358 1801 2407 matre

144 2442 392 2498 Laodice
410 2441 673 2511 regnavit
694 2441 750 2496 in
771 2441 952 2511 Syria,
968 2444 1024 2496 et
1046 2442 1200 2512 cepit
1221 2441 1439 2511 Syriam
1461 2445 1521 2496 et
1541 2440 1799 2496 Ciliciam

142 2538 205 2586 et
229 2529 568 2600 superiores
602 2534 799 2599 partes
829 2533 992 2584 trans
1020 2530 1298 2585 Eufraten
1323 2533 1380 2584 et
1405 2544 1628 2584 omnem
1658 2542 1800 2599 pene

141 2619 360 2674 Asiam.
423 2620 677 2688 Cumque
735 2617 994 2673 audisset
1046 2617 1102 2671 in
1151 2616 1398 2688 Egypto
1454 2616 1799 2672 seditionem

143 2706 387 2775 moveri,
431 2706 715 2776 diripiens
756 2720 996 2775 regnum
1037 2705 1285 2775 Seleuci,
1321 2708 1389 2760 40
1421 2705 1577 2760 milia
1619 2704 1801 2759 talen-

144 2801 342 2851 torum
375 2795 601 2864 argenti
628 2794 765 2849 tulit
788 2809 1041 2865 vasaque
1073 2794 1339 2865 preciosa
1362 2797 1423 2848 et
1445 2792 1800 2849 simulachra

146 2884 393 2939 deorum
420 2883 532 2939 duo
557 2883 712 2937 milia
737 2883 1069 2953 quingenta,
1098 2882 1153 2937 in
1177 2883 1389 2953 quibus
1416 2874 1584 2938 erant
1616 2887 1675 2937 et
1703 2880 1801 2936 illa

152 2987 286 3042 qua
316 2971 612 3064 Gambis_es
644 2976 819 3064 capta
845 2973 1088 3064 {Egypto
1118 2970 1173 3024 in
1202 2972 1412 3064 Pareas
1439 2972 1797 3041 portaverat.
1835 3004 1881 3064 Β

147 3062 306 3115 Gens
332 3073 471 3115 vero
510 3059 774 3130 Egyptia
817 3058 1105 3115 idolatria
1147 3058 1391 3115 multum
1424 3059 1622 3114 dedita
1652 3062 1798 3113 erat.

148 3151 217 3203 Et
255 3148 390 3218 quia
422 3152 553 3220 post
584 3148 800 3204 multos
825 3162 1007 3202 annos
1030 3147 1170 3202 deos
1200 3161 1398 3203 eorum
1430 3146 1807 3202 Ptholomeus

150 3236 462 3303 retulerat,
499 3238 838 3305 Evergetem
879 3251 1008 3291 eum
1049 3234 1443 3306 appellabant.
1484 3236 1553 3289 Et
1585 3234 1802 3303 Syriam

147 3324 389 3395 quidem
448 3324 575 3395 ipse
634 3324 911 3388 obtinuit,
971 3323 1228 3379 Ciliciam
1277 3336 1419 3380 vero
1469 3323 1655 3377 amico
1702 3336 1806 3377 suo

146 3412 444 3469 Antiocho
472 3411 908 3481 gubernandam
944 3410 1211 3481 tradidit,
1235 3415 1291 3466 et
1317 3410 1604 3482 Xantippo
1636 3408 1807 3466 alteri

145 3502 285 3558 duci
342 3500 671 3572 provincias
722 3506 886 3555 trans
936 3501 1232 3556 Eufraten.

223 3589 328 3658 (Η.
362 3590 467 3662 m.)
522 3592 680 3645 Anno
731 3589 803 3644 ab
853 3588 1003 3645 Urbe
1056 3588 1293 3644 condita
1342 3588 1810 3659 quingentesimo

146 3682 389 3747 octavo,
428 3677 525 3747 qui
557 3682 651 3732 est
682 3677 905 3746 primus
955 3676 1278 3745 Evergetis,
1331 3676 1635 3747 repentina
1678 3676 1815 3731 sub~

145 3768 352 3827 versio
380 3767 567 3837 ipsius
597 3767 791 3821 Roma
832 3766 1093 3837 pervenit
1139 3766 1499 3836 triumphum
1532 3767 1813 3823 Romano-

147 3872 301 3915 rum.
339 3853 632 3925 Siquidem
667 3854 881 3919 Quinto
907 3853 1146 3910 Lutacio
1169 3854 1374 3909 Catulo
1402 3859 1461 3908 et
1483 3852 1632 3909 Aulo
1666 3854 1814 3909 Man-

147 3946 232 4002 lio
263 3942 629 4012 consulibus,
657 3942 905 3998 diversa
926 3942 1148 4011 ignium
1175 3955 1579 4011 aquarumque
1606 3941 1811 3997 clades

149 4046 305 4105 pene
356 4032 736 4101 absumpsere
790 4032 1015 4086 urbem.
1070 4030 1207 4084 Nam
1259 4030 1498 4100 Tyberis
1554 4027 1812 4084 insolitis

149 4127 366 4177 auctus
416 4118 699 4175 imbribus
745 4123 803 4174 et
856 4118 1011 4175 ultra
1058 4117 1389 4189 Opinionem
1447 4116 1806 4187 redundans,

151 4209 349 4266 omnia
382 4209 577 4264 Roma
615 4206 862 4264 adiﬁcia
894 4207 951 4261 in
985 4204 1157 4277 plano
1199 4204 1528 4273 constituta
1562 4203 1809 4271 delevit;

149 4299 407 4354 diversa
457 4295 775 4366 qualitates
826 4294 1089 4350 locorum
1142 4294 1213 4350 ad
1264 4308 1434 4349 unam
1484 4307 1811 4349 convenere

1824 1652 1878 1712 B

1902 386 2064 452 Quod
2108 387 2320 443 bellum
2365 390 2531 443 ambo
2572 390 2849 445 consules
2889 390 3040 445 intra
3074 405 3175 445 sex
3208 391 3332 447 dies
3360 394 3549 448 trans-

1901 479 2166 543 egerunt,
2195 476 2523 545 quindecim
2555 477 2788 532 milibus
2821 468 3072 533 hostium
3105 477 3296 534 casis.

1972 563 2185 618 Eodem
2220 578 2368 619 anno
2409 565 2583 620 etiam
2625 565 2767 620 Galli
2810 565 3083 636 Cisalpini
3125 566 3256 621 novi
3298 566 3547 621 extitere

1902 648 2122 719 hostes,
2176 651 2488 707 adversum
2540 668 2684 722 quos
2732 652 2891 708 varia
2931 659 3092 709 sorte
3125 652 3403 709 bellatum
3434 656 3545 708 est.

1904 739 2039 793 Nam
2072 738 2129 793 in
2160 740 2347 809 primo
2387 740 2663 796 conflictu
2704 740 2932 797 Valerio
2974 741 3213 798 consule
3249 741 3358 797 tria
3394 740 3552 796 milia

1905 840 1977 880 ex
2008 828 2282 882 Romanis
2306 828 2591 898 cecidere,
2620 829 2676 883 in
2700 830 2954 885 secundo
2978 833 3046 886 14
3070 830 3223 885 milia
3254 829 3549 885 Gallorum

1904 929 2052 969 casa
2089 921 2244 984 sunt,
2278 916 2391 971 duo
2417 916 2570 972 milia
2595 923 2784 987 capta.
2822 917 2932 972 Sed
2955 917 3027 972 ob
3050 917 3297 987 priorem
3327 917 3551 973 cladem

1909 1002 2239 1074 triumphus
2286 1004 2508 1059 consuli
2561 1005 2881 1075 denegatus
2931 1010 3041 1060 est.
3094 1007 3256 1061 Anno
3298 1007 3369 1061 ab
3400 1007 3551 1062 Urbe

1906 1091 2137 1145 condita
2170 1092 2634 1162 quingentesimo
2666 1096 2781 1163 17°,
2818 1094 2913 1163 qui
2943 1098 3032 1148 est
3066 1094 3369 1164 Evergetis
3398 1093 3553 1149 deci-

1909 1192 2052 1248 mus,
2080 1179 2195 1234 dux
2224 1181 2530 1236 Pacorum
2562 1181 2889 1237 Hamilchar
2921 1182 2991 1236 ab
3024 1182 3292 1253 Hispanis
3315 1182 3369 1237 in
3398 1181 3551 1237 bello

1908 1264 2252 1323 interfectus
2292 1272 2403 1335 est,
2449 1284 2577 1324 cum
2614 1270 2728 1339 jam
2773 1270 2928 1325 aliud
2976 1270 3190 1326 bellum
3240 1271 3549 1327 adversum

1908 1355 2197 1411 Romanos
2244 1355 2391 1411 clam
2445 1360 2696 1428 pararet.

1981 1442 2192 1516 (Ηιεκ.)
2222 1444 2596 1502 Ptholomeus
2630 1445 3000 1517 Phylopator,
3044 1446 3195 1502 ﬁlius
3224 1448 3548 1518 Evergetis,

1910 1533 2173 1601 regnavit
2242 1533 2606 1591 Alexandria
2665 1535 2830 1590 annis
2888 1540 2973 1605 17,
3036 1549 3066 1595 a
3125 1535 3552 1591 restauratione

1908 1620 2111 1691 templi
2144 1636 2293 1677 anno
2325 1627 2474 1677 302°.
2513 1622 2694 1691 (mea.
2730 1624 2798 1679 in
2826 1623 2980 1679 Dan.
3018 1623 3059 1679 Ζ.
3087 1624 3152 1695 l.)
3184 1625 3325 1679 Post
3360 1614 3555 1694 fugam

1909 1717 1968 1762 et
2018 1714 2260 1764 mortem
2318 1710 2545 1766 Seleuci
2597 1711 2834 1766 Calinici
2886 1711 2988 1765 ﬁlii
3040 1711 3329 1781 Antiochi,
3382 1726 3551 1781 quem

1908 1794 2200 1852 interfecit
2222 1799 2545 1867 .Evergetes
2579 1803 2745 1869 pater
2776 1799 2946 1869 hujus
2975 1799 3403 1870 Phylopatoris,
3438 1800 3553 1855 duo

1909 1883 2010 1939 ﬁlii
2033 1885 2254 1942 Seleuci
2275 1887 2556 1956 ejusdem,
2578 1887 2853 1944 videlicet
2870 1887 3149 1944 Seleucus
3166 1892 3553 1958 cognomento

1909 1974 2206 2031 Ceraunus
2237 1981 2294 2030 et
2329 1976 2650 2032 Antiochus
2682 1976 2778 2046 qui
2812 1976 3140 2048 appellatus
3170 1982 3264 2032 est
3295 1979 3550 2046 Magnus,

1906 2063 2209 2132 provocati
2241 2078 2341 2134 spe
2373 2064 2655 2134 victoria,
2691 2069 2748 2120 et
2780 2065 2834 2120 in
2863 2065 3144 2121 ultionem
3174 2065 3361 2135 patris
3391 2079 3555 2120 exer-

1905 2150 2025 2206 citu
2095 2166 2299 2220 magno
2366 2157 2740 2223 congregato,
2812 2155 3097 2209 adversus
3151 2154 3554 2210 Ptholemeum

1906 2239 2354 2310 Phylopatorem
2388 2255 2543 2295 arma
2586 2240 2932 2311 corripiunt.
2979 2242 3235 2310 Cumque
3275 2241 3555 2297 Seleucus

1910 2326 2093 2396 major
2117 2328 2297 2383 frater
2318 2329 2503 2384 tereio
2527 2328 2753 2399 imperii
2776 2330 2865 2385 sui
2888 2344 3038 2385 anno
3062 2329 3294 2385 occisus
3316 2337 3476 2384 esset
3499 2329 3556 2383 in

1907 2416 2099 2484 Frigia
2142 2431 2248 2486 per
2288 2416 2480 2472 dolum
2521 2417 2842 2487 Nicanoris,
2881 2418 3178 2473 exercitus
3212 2418 3310 2487 qui
3341 2422 3468 2472 erat
3499 2416 3555 2471 in

1911 2504 2070 2577 Syria
2105 2505 2343 2559 fratrem
2365 2506 2493 2575 ejus
2514 2506 2862 2562 Antiochum
2888 2510 3272 2575 cognomento
3297 2506 3557 2575 Magnum

1910 2589 1980 2645 de
2015 2590 2304 2661 Babylone
2336 2592 2563 2647 vocavit
2587 2592 2659 2648 ad
2683 2608 2922 2662 regnum
2951 2592 3150 2664 Syria,
3177 2606 3304 2662 qua
3326 2606 3396 2647 eo
3419 2596 3562 2647 tem-

1908 2692 2052 2748 pore
2087 2680 2399 2735 tenebatur
2433 2694 2462 2734 a
2496 2681 2831 2737 Ptholomeo
2862 2680 3270 2752 Phylopatore.
3304 2680 3560 2755 Cumque

1909 2771 2223 2835 pugnasset
2278 2767 2558 2823 adversus
2602 2768 2781 2824 duces
2831 2769 2978 2838 ejus,
3014 2768 3184 2823 immo
3230 2766 3561 2838 proditione

1910 2854 2189 2910 Theodoti
2228 2856 2527 2924 cujusdam
2570 2857 2919 2913 obtinuisset
2960 2857 3198 2926 Syriam,
3244 2856 3299 2911 in
3342 2860 3561 2913 tantam

1912 2942 2070 2996 venit
2103 2942 2424 3013 audaciam,
2454 2949 2514 2999 ut
2548 2944 2704 3000 ultro
2730 2945 3016 3015 .Egyptiis
3048 2944 3261 3000 bellum
3295 2944 3558 2999 inferret.

1914 3028 2271 3100 Phylopator
2323 3035 2536 3101 autem,
2590 3033 2800 3088 amissa
2833 3032 2992 3103 Syria
3028 3031 3359 3103 proditione
3388 3030 3565 3086 Theo-

1918 3116 2059 3188 doti,
2091 3120 2469 3188 congregavit
2495 3119 2928 3175 multitudinem
2951 3119 3258 3191 plurimam
3280 3119 3566 3175 adversus

1918 3207 2282 3277 Antiochum,
2325 3206 2585 3277 initoque
2623 3209 2941 3264 certamine
2972 3209 3138 3277 juxta
3181 3206 3417 3278 cpidum
3459 3208 3567 3261 Ra-

1919 3294 2088 3364 pliia,
2115 3295 2269 3364 quod
2291 3301 2381 3350 est
2406 3295 2461 3350 in
2485 3295 2696 3352 ﬁnibus
2716 3296 2965 3367 Egypti,
2994 3296 3317 3353 Antiochus
3337 3309 3565 3350 omnem

1919 3383 2115 3438 amisit
2148 3384 2492 3453 exercitum,
2524 3388 2579 3440 et
2614 3400 2716 3455 per
2746 3386 2981 3441 deserta
3016 3384 3263 3454 fugiens,
3297 3396 3445 3454 pene
3475 3396 3570 3438 ca-

1920 3476 2057 3541 ptus
2090 3475 2199 3526 est.
2236 3472 2491 3541 Cumque
2528 3472 2881 3529 decessisset
2918 3473 3100 3544 Syria,
3138 3473 3207 3528 ad
3241 3476 3565 3528 extremum

1923 3559 2139 3615 foedere
2173 3564 2231 3614 et
2265 3560 2636 3631 pactionibus
2664 3561 3017 3618 conditionis
3046 3559 3344 3631 cujusdam
3373 3572 3567 3631 pugna

1923 3646 2083 3702 ﬁnita
2108 3651 2215 3704 est.

1995 3736 2135 3805 (Jos.
2167 3751 2268 3806 χιι,
2295 3738 2372 3810 3.)
2406 3738 2523 3793 Sub
2554 3737 2662 3794 hoc
2691 3740 2957 3809 tempore
2986 3735 3171 3794 Judai
3203 3734 3386 3794 multa
3416 3734 3568 3791 mala

1925 3821 2277 3893 tolerabant,
2299 3825 2433 3880 dum
2452 3831 2610 3881 terra
2633 3840 2835 3881 eorum
2860 3825 3112 3881 diversis
3134 3823 3579 3880 calamitatibus’

1925 3910 2286 3980 subjacebat.
2322 3913 2459 3967 Nam
2499 3928 2627 3968 cum
2661 3913 2983 3969 Antiochus
3017 3918 3332 3984 pugnasset
3362 3916 3567 3968 contra

1922 3999 2322 4055 Ptholemeum
2354 3999 2802 4070 Phylopatorem
2834 4006 2894 4056 et
2927 4000 3104 4056 ﬁlium
3143 4000 3270 4071 ejus
3306 3999 3570 4071 Epypha-

1924 4102 2072 4158 nem,
2120 4086 2304 4143 Judaei
2336 4087 2391 4142 in
2424 4087 2612 4143 medio
2658 4088 2830 4159 positi
2880 4088 3146 4159 utrisque
3197 4086 3568 4144 vincentibus

1924 4174 2288 4245 laborabant,
2339 4180 2401 4231 ut
2449 4190 2620 4247 pares
2674 4176 2998 4232 existerent
3045 4176 3175 4233 navi
3223 4176 3477 4232 turbata
3510 4179 3570 4229 et

1926 4264 2377 4335 tempestatibus
2422 4265 2750 4321 ﬂuctuanti.

148 4362 499 4458 perniciem,
541 4383 810 4453 quoniam
850 4397 978 4452 qua
1016 4382 1209 4440 sevior
1246 4381 1551 4439 inundatio
1596 4382 1810 4451 tenuit,
1842 4362 1895 4422 D
1925 4388 2060 4436 Alex.
2118 4388 2300 4436 Maced.
2341 4390 2509 4450 Syriae.

148 4474 478 4531 madefacta
511 4471 800 4542 dissolvit,
835 4476 898 4526 et
929 4486 1057 4542 qua
1099 4486 1308 4528 cursus
1343 4471 1626 4527 torrentis
1658 4471 1816 4527 inve-

149 4565 257 4634 nit,
305 4560 552 4633 impulsa
603 4559 836 4629 dejecit.
894 4560 1188 4629 Aquarum
1226 4574 1364 4616 vero
1402 4558 1811 4629 gravissimam

147 4652 381 4709 cladem
410 4649 646 4720 gravior
679 4649 827 4719 ignis
850 4648 1104 4704 vastatio
1127 4653 1332 4705 secuta
1357 4653 1466 4704 est.
1505 4647 1612 4713 Qui
1638 4648 1812 4736 ignis,

152 4741 445 4797 incertum
474 4737 623 4795 unde
643 4737 986 4806 surrexerit,
1014 4737 1297 4808 plurimas
1319 4736 1580 4793 civitatis
1612 4740 1814 4808 partes

152 4830 534 4900 pervagatus,
550 4826 842 4882 hominum
863 4825 1281 4895 domorumque
1298 4831 1555 4894 stragem
1578 4825 1815 4880 misera-

152 4916 331 4973 bilem
353 4915 507 4970 fecit.
528 4914 741 4971 Dehinc
758 4929 889 4970 cum
907 4914 1096 4969 omnia
1115 4915 1171 4969 in
1190 4913 1440 4970 circuitu
1467 4914 1613 4969 foris
1636 4914 1815 4970 deva-

151 5010 363 5074 staret,
394 5004 578 5060 adem
607 5004 799 5059 Vesta
836 5003 1144 5074 corripuit,
1188 5003 1339 5059 unde
1370 5002 1640 5060 Metellus
1674 5016 1806 5058 cum

150 5107 400 5150 arsuros
445 5093 597 5148 Deos
643 5091 879 5163 eripuit,
933 5091 1172 5147 brachio
1221 5090 1652 5161 semiustulato,
1710 5090 1808 5147 vix

151 5181 403 5251 aufugit.
453 5182 579 5237 Tito
628 5180 955 5252 Simpronio
1004 5181 1223 5236 Graeco
1271 5186 1330 5235 et
1380 5179 1517 5236 Gaio
1573 5178 1807 5234 Valerio

155 5270 407 5328 Falcone
436 5270 799 5341 consulibus,
834 5268 1052 5327 bellum
1078 5268 1318 5325 Romani
1349 5267 1593 5326 Faliscis
1625 5266 1697 5299 ³⁸⁸
1726 5267 1810 5323 in-

2032 4471 2055 4522 1
2209 4470 2278 4523 34
2458 4470 2484 4524 1
2635 4467 2864 4540 (Hum)
2922 4466 3201 4523 Seleucus
3255 4463 3562 4536 Calinicus,

1928 4554 2195 4611 Antiochi
2235 4555 2417 4625 major
2451 4556 2620 4626 ﬁlius,
2658 4556 2923 4628 regnavit
2951 4555 3130 4627 Syria
3160 4559 3216 4611 et
3252 4554 3404 4612 Asia
3435 4568 3566 4612 cum

1925 4648 2109 4700 matre
2137 4643 2380 4700 Laodice
2406 4644 2572 4701 annis
2591 4649 2678 4702 20.
3176 4645 3180 4650 ’

2029 4736 2063 4788 2
2207 4735 2274 4787 35
2453 4736 2489 4789 2

2028 4824 2059 4876 3
2205 4823 2273 4876 36
2451 4824 2484 4875 3

2029 4911 2062 4964 4
2244 4914 2265 4963 1
2451 4911 2487 4966 4
2628 4908 2959 4969 Demetrius
3007 4909 3271 4983 regnavit
3311 4907 3575 4967 Macedo-

1921 4998 2034 5055 nia
2055 4997 2220 5055 annis
2238 5001 2325 5056 10.

1995 5090 2062 5146 14
2244 5089 2270 5145 1
2419 5091 2488 5145 14
2633 5090 2960 5160 Antigonus
3007 5088 3272 5159 regnavit
3313 5085 3576 5145 Macedo-

1921 5177 2029 5235 nia
2051 5177 2217 5234 annis
2234 5178 2322 5233 13.

1991 5269 2058 5322 15
2237 5266 2274 5321 2
2415 5268 2483 5322 15
2625 5264 2946 5325 Judeorum
2974 5264 3237 5338 pontifex
3264 5262 3464 5322 Onias.

1508 5354 1747 5414 VARIE
1788 5355 2196 5413 LECTIONES.

222 5447 295 5485 ⁸⁸⁷
328 5447 494 5511 deost
517 5452 595 5509 9°.
677 5446 883 5507 falacis
907 5449 961 5507 4.
992 5452 1044 5508 δ.
1079 5453 1168 5508 10.
1201 5446 1403 5506 aliseis
1440 5451 1517 5506 9°.
