3986 6048
427 105 545 174 615

428 246 566 294 Alex.
600 242 784 293 Maced.
848 238 1018 306 Syriae.

499 347 559 398 21
750 346 783 399 8
959 345 980 397 1
1138 341 1415 397 Seleucus
1474 343 1799 409 Ceraunus,
1862 319 2087 396 Seleuci

433 430 674 485 Calinici
706 429 884 500 filius,
922 430 1188 499 regnavit.
1217 430 1393 500 Syriae
1435 444 1615 485 annos
1662 434 1799 484 tres.

508 522 579 573 22
759 522 792 573 9
963 520 998 572 2

510 610 579 661 23
724 610 793 661 10
965 609 996 659 3

511 695 587 749 24
731 697 790 747 11
973 697 995 748 1
1149 691 1488 760 Antiochus,
1516 692 1613 762 qui
1638 691 1831 748 dictus
1860 695 1948 746 est
1981 690 2089 747 Ma-

433 794 603 851 gnus,
625 780 807 834 frater
825 777 1051 834 Seleuci
1067 778 1332 849 Cerauni,
1351 780 1615 849 regnavit
1629 780 1806 851 Syria;
1821 778 1986 835 annis
1998 780 2083 833 36.

507 873 577 924 25
722 870 790 923 12
966 870 989 922 1

501 959 573 1012 26
720 958 787 1011 13
958 957 990 1008 3

502 1058 603 1127 (Η.
639 1072 716 1115 m.
764 1059 846 1114 Cf.
890 1059 969 1115 Η.
1016 1059 1114 1131 R.)
1167 1059 1355 1114 Finito
1406 1059 1586 1129 igitur
1635 1060 1821 1131 primo
1870 1059 2088 1116 Punico

430 1145 609 1218 bello,
646 1148 800 1219 quod
825 1162 932 1219 per
952 1147 1159 1217 viginti
1186 1153 1307 1203 tres
1339 1162 1518 1204 annos
1550 1152 1801 1204 tractum
1831 1153 1943 1219 est,
1970 1147 2085 1217 jam

431 1235 672 1290 Romam
698 1235 1024 1291 clarissima
1047 1234 1233 1303 gloria
1257 1236 1379 1291 noti
1407 1236 1540 1291 facti
1570 1240 1726 1306 sunt,
1748 1240 1806 1290 et
1831 1250 1934 1306 per
1954 1236 2086 1291 anni

431 1323 695 1394 spacium
720 1325 846 1380 sine
877 1323 1107 1380 bellicis
1136 1324 1676 1380 conﬂictationibus
1707 1324 2085 1394 quieverunt;

433 1411 753 1481 eodemque
801 1426 950 1466 anno
993 1411 1117 1466 Jani
1160 1416 1347 1481 portae
1391 1411 1606 1467 clausae
1638 1415 1791 1481 sunt,
1829 1412 1981 1482 quod
2015 1412 2086 1467 ab

436 1498 611 1555 Urbis
640 1499 977 1555 conditione
1005 1500 1112 1554 sub
1146 1500 1324 1554 Numa
1361 1499 1665 1569 Pompilio,
1697 1499 1926 1554 Romuli
1958 1514 2087 1555 suc-

1600 98 2086 173 EKKEHARDI
2127 100 2684 171 URAUGIENSIS

3727 104 3870 173 616

2116 242 2173 302 Α
2210 240 2341 298 dum
2357 246 2690 312 pretextato
2712 245 2771 296 et
2794 238 2889 296 vix
2919 252 2949 294 a
2982 235 3237 310 puericia
3261 252 3520 311 egresso,
3552 240 3649 312 qui
3675 247 3869 314 posta

2204 330 2399 386 dictus
2427 334 2521 386 est
2549 331 2877 399 Africanus,
2904 329 2978 384 ab
3008 328 3130 399 ipsa
3163 334 3349 384 morte
3378 328 3685 401 liberatus,
3719 347 3871 388 sau-

2199 418 2324 474 cius
2348 422 2538 473 tamen
2566 419 2620 472 in
2643 423 2834 473 castra
2860 415 3052 472 rediit.
3077 418 3401 486 Pugnatum
3425 416 3635 474 deinde
3658 426 3758 475 est
3788 420 3872 475 ab

2198 505 2402 560 eodem
2426 505 2665 561 consule
2683 505 2835 575 apud
2858 504 3120 560 Trevium
3142 502 3210 535 ³⁸³
3235 504 3491 575 ﬂuvium,
3518 506 3872 576 iterumque

2200 592 2436 649 Romani
2479 594 2737 663 superati
2781 595 2937 648 sunt.
2975 591 3340 661 Simpronius
3377 593 3583 649 consul
3623 597 3681 648 et
3728 592 3873 663 ipse

2197 681 2461 738 conﬂixit
2501 696 2631 736 cum
2674 679 3013 749 Hannibale,
3046 683 3102 733 et
3133 678 3349 735 amisso
3382 680 3670 749 exercitu,
3704 693 3871 751 pene

2197 769 2359 826 solus
2390 769 2596 824 evasit.
2630 770 2689 823 In
2715 783 2784 823 eo
2809 772 2994 824 tamen
3022 766 3174 823 bello
3199 768 3373 823 etiam
3403 767 3691 823 Hannibal
3723 782 3872 824 sau-

2195 859 2385 917 ciatus
2416 861 2528 913 est.
2567 857 2673 923 Qui
2709 861 2910 927 postea
2933 871 3063 912 cum
3088 855 3143 909 in
3167 856 3458 921 Etruriam
3490 857 3684 926 primo
3715 870 3871 912 vere

2196 947 2502 1015 transiret,
2546 946 2601 999 in
2640 960 2864 1001 summo
2909 944 3210 1015 Apennino
3259 948 3613 1015 tempestate
3658 958 3872 1000 corre-

2199 1039 2355 1107 ptus.
2376 1034 2552 1090 biduo
2570 1033 2845 1089 continuo
2868 1032 3247 1089 immobiliter
3266 1032 3454 1102 stetit,
3472 1031 3711 1088 nivibus
3725 1046 3871 1088 cum

2198 1123 2463 1178 exercitu
2508 1119 2853 1185 conclusus;
2896 1120 2995 1175 ubi
3037 1133 3281 1190 magnus
3318 1119 3615 1175 hominum
3662 1133 3875 1175 nume-

2200 1225 2322 1280 rus,
2355 1209 2615 1279 jumenta
2651 1222 2822 1279 quam
2857 1206 3123 1278 plurima,
3148 1206 3443 1276 elephanti
3476 1221 3623 1277 pene
3652 1220 3870 1263 omnes

2200 1299 2418 1367 frigore
2440 1298 2764 1368 perierunt.
2801 1296 3017 1351 Deinde
3041 1295 3096 1350 in
3119 1295 3381 1353 Tusciam
3407 1295 3667 1365 veniens,
3689 1295 3869 1365 juxta

2201 1387 2443 1442 Sarnum
2485 1385 2745 1454 ﬂuvium,
2787 1384 3020 1440 nebulis
3067 1389 3446 1455 prospectum
3488 1383 3873 1455 impedienti-

2204 1476 2333 1545 bus,
2360 1488 2623 1544 magnam
2650 1477 2872 1544 partem
2896 1473 3190 1528 sociorum
3212 1488 3280 1528 ac
3296 1472 3702 1542 iumentorum
3736 1488 3874 1544 per-

436 1599 702 1656 cessore,
749 1590 975 1642 tantum
1016 1586 1282 1656 contigit,
1326 1559 1532 1657 postea
1581 1559 1723 1643 vero
1762 1602 1868 1657 pcr
1909 1586 2172 1650 annosB
2202 1563 2370 1632 didita
2399 1563 2522 1633 ipse
2546 1567 2739 1657 aﬂtem
2764 1561 2859 1657 ιλιι-ί
2883 1559 3870 1657 61?.Qllan_t_0,‘quisolussuperfue-

440 1676 899 1745 quadringentos
939 1675 1372 1746 quinquagenta
1419 1691 1531 1732 non
1574 1677 1788 1731 evenit.
1831 1678 1911 1733 Eo
1952 1682 2089 1732 tem-

433 1778 578 1835 pore
614 1764 1060 1836 potentissimus
1098 1764 1308 1820 Siciliae
1342 1780 1444 1820 rex
1478 1765 1649 1820 Hiero
1683 1765 1751 1820 ad
1785 1764 1955 1821 ludos
1983 1766 2090 1822 Ro-

436 1866 584 1907 mam
605 1853 784 1921 venit,
802 1857 857 1908 et
874 1851 1300 1911 ducenta‘milia
1323 1853 1646 1909 modiorum
1669 1853 1849 1910 tritici
1870 1854 2089 1926 populo

438 1939 591 1997 dono
625 1940 807 1997 dedit.
1388 1932 1395 1937 ’

512 2028 613 2097 (Η.
644 2031 749 2101 m.)
782 2032 943 2085 Anno
974 2031 1046 2085 ab
1078 2031 1231 2086 Urbe
1269 2030 1503 2086 condita
1543 2033 1693 2101 534°,
1731 2030 1827 2101 qui
1856 2035 1945 2087 est
1976 2031 2091 2101 pri-

440 2128 568 2172 mus
608 2115 928 2173 Ptholemei
970 2118 1399 2189 Phylopatoris,
1448 2117 1659 2173 bellum
1694 2118 1970 2174 Punicum
2004 2134 2093 2174 se-

429 2203 681 2261 cundum
705 2206 985 2261 Romanis
1005 2206 1229 2262 illatum
1250 2210 1340 2261 est
1360 2222 1463 2277 per
1484 2205 1859 2261 Hannibalem
1885 2207 2088 2262 ducem

425 2292 678 2348 Pmnoru
694 2308 767 2361 m,
805 2292 984 2349 filium
1018 2293 1378 2363 Hamilcaris,
1416 2293 1511 2364 qui
1545 2295 1616 2349 ab
1649 2295 1915 2364 Hispanis
1942 2295 2091 2351 occi-

428 2393 533 2436 sus
547 2386 657 2436 est.
682 2380 1005 2451 Hicitaque
1026 2381 1330 2450 Hannibal,
1346 2382 1480 2437 dum
1502 2382 1689 2437 adhuc
1709 2397 1912 2437 novem
1932 2387 2092 2439 esset

442 2482 743 2537 annorum,
776 2469 1051 2525 Amilcari
1086 2470 1239 2540 patri
1263 2470 1333 2525 ad
1360 2484 1490 2526 aras
1512 2471 1833 2539 juraverat,
1868 2474 2089 2526 ut'cum

429 2556 687 2626 primum
716 2562 915 2626 posset
938 2564 1143 2612 contra
1174 2558 1460 2613 Romanos
1495 2563 1798 2629 pugnaret.
1836 2560 2093 2629 Cumque

436 2646 506 2698 20
526 2646 685 2698 esset
710 2657 1014 2713 annorum,
1039 2644 1378 2713 Saguntum,
1397 2645 1869 2700 ﬂorentissimam
1896 2646 2094 2716 Hispa-

440 2729 551 2786 niae
575 2731 797 2800 urbem,
824 2732 1095 2787 Romanis
1121 2732 1384 2801 amicam,
1413 2735 1749 2803 obpugnare
1778 2748 2095 2803 aggressus

440 2820 550 2872 est.
586 2816 670 2872 Ad
705 2832 872 2888 quem
905 2818 1145 2874 Romani
1183 2818 1409 2888 legatos
1444 2820 1748 2889 miserunt,
1786 2824 1907 2876 uta
1940 2821 2092 2876 bello

2203 1658 2314 1722 rat,
2359 1650 2759 1722 supersidens,
2793 1649 2890 1705 vix
2928 1648 3330 1705 difﬁcultatem
3369 1648 3600 1705 itineris
3642 1650 3870 1719 evasit,

2202 1742 2304 1798 sed
2339 1740 2593 1809 oculum,
2629 1754 2742 1809 quo
2769 1738 2886 1807 jam
2929 1737 3146 1794 dudum
3185 1752 3343 1807 aeger
3380 1741 3527 1809 erat,
3572 1738 3870 1795 violentia

2201 1830 2438 1899 frigoris
2460 1833 2516 1884 et
2540 1827 2870 1898 vigiliarum
2896 1840 2963 1883 ac
2986 1825 3209 1883 laboris
3243 1826 3457 1883 amisit.

2273 1937 2434 1990 Anno
2456 1936 2528 1990 ab
2550 1935 2703 1990 Urbe
2730 1934 2967 1990 condita
2996 1933 3460 2004 quingentesimo
3483 1936 3601 2004 4ου,
3632 1934 3744 2004 qui
3776 1939 3873 1990 est

2201 2024 2487 2095 septimus
2516 2022 2949 2093 Phylopatoris,
2990 2021 3256 2078 Emilius
3288 2021 3504 2079 Paulus
3526 2026 3584 2076 et
3615 2023 3872 2078 Terren-

2201 2112 2320 2167 tius
2352 2111 2418 2144 9“
2452 2113 2635 2167 Varro
2686 2111 2955 2167 consules
3000 2115 3202 2167 contra
3250 2110 3629 2167 Hannibalem
3674 2112 3867 2181 missi,

2204 2214 2308 2271 per
2343 2200 2759 2270 impatientiam
2798 2199 3092 2267 Varronis,
3127 2198 3315 2254 altero
3349 2198 3592 2255 consule
3624 2206 3870 2255 contra-

2205 2287 2458 2356 dicente,
2495 2286 2648 2358 apnd
2681 2287 2968 2343 Caudinas
3001 2286 3222 2359 Apuliae
3255 2288 3442 2342 vicum
3474 2301 3684 2342 omnes
3716 2301 3869 2358 pene

2205 2378 2474 2432 Romanzc
2499 2376 2624 2447 Spei
2649 2376 2806 2432 vires
2827 2375 3228 2445 perdiderunt.
3264 2374 3432 2431 Nullo
3461 2374 3612 2430 enim
3636 2376 3866 2431 Punico

2206 2465 2360 2519 bello
2411 2465 2649 2533 gravius
2699 2464 2916 2518 addicti
2970 2470 3125 2520 sunt.
3187 2464 3372 2518 Periit
3421 2463 3638 2534 quippe
3687 2464 3749 2518 in
3797 2478 3865 2519 eo

2204 2553 2469 2609 Emilius
2500 2552 2717 2608 Paulus
2738 2552 2965 2621 consul,
2992 2553 3085 2622 qui
3110 2551 3243 2608 dum
3269 2552 3505 2608 saucius
3524 2552 3579 2607 in
3604 2551 3861 2622 quodam

2204 2657 2344 2699 saxo
2379 2642 2722 2711 resedisset,
2750 2642 2992 2697 Lentulo
3022 2641 3133 2697 sibi
3165 2655 3375 2712 equum
3408 2641 3718 2711 offerente,
3747 2656 3862 2712 quo

2210 2731 2437 2800 fugiens
2458 2729 2610 2785 cladi
2634 2734 2992 2800 superesset,
3028 2729 3235 2799 noluit,
3270 2735 3446 2801 atque
3470 2730 3551 2785 ibi
3573 2729 3861 2801 persedit,

2210 2819 2397 2875 donec
2434 2820 2506 2873 ab
2536 2818 2805 2873 hostibus
2848 2818 3237 2888 interemptus
3276 2824 3385 2874 est.
3427 2818 3741 2874 Perierunt
3781 2818 3861 2873 ibi

432 2903 783 2977 abstineret,
812 2921 957 2978 quos
980 2906 1077 2962 ille
1103 2921 1133 2961 a
1156 2921 1222 2963 se
1245 2907 1524 2977 injuriose
1547 2908 1778 2977 abjecit.
1812 2908 2089 2965 Miserunt
2121 2933 2172 2997 α
2207 2907 2550 2963 consulares
2575 2910 2749 2975 atque
2775 2906 3016 2976 pretorii
3044 2906 3153 2961 viri
3173 2910 3261 2977 20,
3281 2910 3597 2963 senatores
3611 2911 3872 2977 autcapt

439 3007 549 3064 pro
567 2994 769 3052 eadem
784 3011 847 3051 re
861 2996 1097 3052 Fabium
1118 2996 1511 3067 Kartaginem,
1530 2996 1631 3052 sed
1652 2998 1750 3053 ille
1770 2997 1940 3053 etiam
1958 3013 2089 3054 cum

433 3079 505 3114 ²⁸⁹
523 3081 602 3137 ibi
623 3082 767 3140 dura
788 3097 1073 3155 responsa
1096 3084 1462 3155 percepisset
1485 3104 1495 3137 ε
1517 3086 1671 3155 Quae,
1698 3086 1908 3155 inquit,
1923 3101 2092 3144 mora

432 3170 553 3227 est?
573 3171 652 3227 In
671 3170 778 3228 Ιιοο
798 3185 900 3243 ego
920 3172 1280 3243 sinupacem
1312 3171 1645 3242 bellumque
1666 3174 1855 3243 porto,
1887 3175 2093 3231 utrum

433 3257 699 3328 digitis?
728 3258 847 3315 lllis
885 3260 1389 3315 subclamantibus
1416 3279 1427 3313 :
1452 3261 1724 3315 Bellum:
1751 3263 1974 3333 Igitur,
2011 3263 2091 3318 in-

432 3346 581 3416 quit,
608 3347 878 3418 accipite.
907 3348 974 3403 Et
999 3361 1249 3403 excusso
1277 3348 1331 3401 in
1357 3347 1542 3403 media
1568 3350 1729 3405 curia
1756 3354 1906 3419 togae
1932 3352 2086 3423 sinu,

428 3434 598 3507 quasi
629 3435 803 3506 plane
836 3436 966 3492 sinu
996 3435 1211 3493 bellum
1255 3437 1437 3492 ferret
1465 3436 1554 3494 ²⁶⁰.
1590 3438 1823 3493 effudit.
1864 3441 2088 3497 Interea

429 3522 735 3593 Saguntini
773 3523 920 3578 fame
949 3522 1091 3579 victi
1125 3528 1280 3592 sunt,
1309 3529 1367 3579 et
1390 3529 1598 3581 octavo
1636 3524 1863 3580 demum
1895 3541 2090 3597 menso

428 3610 613 3681 capti,
648 3609 871 3667 ultimis
904 3612 975 3665 ab
1005 3611 1322 3667 Hannibale
1353 3613 1542 3682 poenis
1570 3613 1921 3670 afficiuntur.
1952 3617 2090 3671 Tum

430 3697 677 3755 Publius
706 3698 1011 3755 Cornelius
1051 3699 1242 3770 Scipio
1272 3700 1474 3755 consul
1507 3716 1637 3757 cum
1670 3702 1933 3758 exercitu
1964 3703 2091 3758 mit-

426 3784 579 3843 titur
598 3785 654 3841 in
673 3785 1027 3857 Hispaniam,
1047 3786 1326 3859 Tyberius
1352 3787 1715 3858 Simpronius
1735 3789 1789 3843 in
1812 3789 2086 3845 Siciliam.

426 3871 710 3929 Hannibal
753 3888 914 3945 vero,
948 3874 1155 3930 relicto
1188 3874 1245 3929 in
1277 3875 1552 3945 Hispania
1602 3876 1784 3932 fratre
1816 3891 1921 3933 suo
1953 3879 2094 3934 Has-
2130 3900 2133 3903 ·

427 3960 693 4033 drubale,
715 3962 995 4032 Pyrineos
1021 3963 1301 4018 transivit
1325 3968 1569 4034 montes,
1595 3970 1653 4019 et
1680 3964 1833 4020 inter
1856 3966 2094 4022 ferocis-

430 4050 610 4108 simas
644 4049 944 4107 Gallorum
978 4056 1187 4122 gentes
1214 4053 1369 4107 ferro
1399 4053 1548 4107 viam
1582 4052 1833 4124 aperuit,
1859 4058 1919 4107 et
1940 4069 2092 4111 nono

428 4139 658 4197 demum
701 4138 794 4195 die
824 4153 855 4193 a
890 4139 1140 4211 Pyrineo
1173 4139 1245 4194 ad
1279 4140 1456 4210 Alpes
1495 4140 1778 4211 pervenit.
1819 4141 1922 4196 Ubi
1955 4140 2089 4197 dum

433 4234 753 4284 montanos
783 4227 981 4283 Gallos
1003 4228 1075 4283 ab
1098 4242 1345 4285 ascensu
1368 4243 1496 4283 eum
1526 4227 1811 4298 repellere
1849 4228 2089 4284 obniten

330 4348 344 4360 -
427 4320 522 4372 tes
554 4314 707 4371 bello
747 4321 1011 4385 superat,
1057 4322 1232 4386 atque
1266 4316 1451 4371 invias
1480 4332 1654 4387 rupes
1686 4316 1801 4386 igni
1831 4322 1892 4372 et
1921 4320 2087 4374 aceto

434 4402 713 4473 ferroque
768 4402 1058 4459 rescindit
1104 4403 1192 4473 ³⁸1,
1245 4404 1623 4473 quatriduum
1672 4410 2084 4478 commoratus,

432 4491 639 4564 quinto
674 4490 769 4548 die
801 4506 932 4549 cum
976 4492 1225 4548 maximo
1265 4491 1466 4549 labore
1493 4492 1566 4550 ad
1598 4493 1766 4566 plana
1798 4496 2085 4566 pervenit.

429 4589 706 4645 Traditur
733 4592 928 4645 autem
952 4589 1023 4645 ad
1048 4589 1273 4645 Italiam
1297 4590 1537 4646 duxisse
1560 4597 1793 4648 centum
1815 4592 1970 4647 milia
1992 4606 2091 4663 pe.

429 4677 638 4748 ditum,
676 4681 746 4733 20
766 4676 837 4710 ’⁸³
858 4677 1013 4734 milia
1043 4678 1326 4749 equitum,
1362 4683 1429 4734 37
1460 4679 1822 4751 elephantos.
1859 4683 2087 4736 Interea

435 4767 607 4825 multi
639 4766 879 4836 Ligures
902 4771 957 4823 et
984 4768 1130 4823 Galli
1155 4767 1475 4837 junxerunt
1501 4783 1563 4824 se
1588 4768 1914 4824 Hannibali.
1947 4771 2089 4825 Sim-

414 4856 674 4927 pronius
745 4856 1027 4928 Tyberius
1096 4858 1373 4927 Graccus,
1444 4858 1679 4927 cognito
1747 4858 2086 4915 Hannibalis

426 4944 702 5015 adventu,
756 4946 1079 5003 exercitum
1113 4961 1186 5003 ex
1220 4945 1415 5002 Sicilia
1459 4946 1697 5015 trajecit
1743 4947 2081 5014 Ariminum,

2116 4281 2171 4343 D

2205 3002 2306 3052 aut
2326 2995 2502 3051 occisi
2520 3000 2606 3064 30,
2623 2995 2945 3050 nobiliores
2958 2994 3068 3051 viri
3083 3000 3204 3065 300,
3225 2995 3585 3066 pedestrium
3608 2995 3862 3051 militum

2201 3083 2460 3153 £0milia,
2478 3084 2737 3152 equitum
2761 3083 2875 3137 tria
2902 3082 3055 3137 milia
3080 3083 3382 3152 quingenti
3407 3082 3859 3154 quinquaginta,

2202 3173 2384 3227 Varro
2407 3170 2615 3226 consul
2633 3186 2762 3225 cum
2784 3170 3202 3240 quinquaginta
3223 3170 3522 3240 equitibus
3538 3170 3857 3226 Venusium

2202 3259 2368 3329 fugit.
2405 3260 2519 3313 Nec
2551 3257 2792 3313 dubium
2816 3261 2926 3326 est,
2953 3256 3115 3312 illum
3140 3255 3289 3311 diem
3314 3257 3581 3313 ultimum
3614 3257 3856 3313 Romani

2202 3351 2398 3403 status
2429 3347 2686 3402 futurum
2718 3346 2921 3415 fuisse,
2955 3345 3004 3400 si
3034 3344 3316 3400 Hannibal
3344 3360 3480 3401 mox
3510 3348 3644 3416 post
3675 3345 3857 3401 victo-

2202 3436 2346 3493 riam
2379 3435 2447 3490 ad
2486 3436 2694 3490 l’rbcm
2725 3432 3148 3490 contendisset.
3188 3432 3469 3489 Hannibal
3499 3433 3554 3488 in
3590 3435 3854 3492 testimo-

2201 3526 2359 3581 nium
2383 3523 2644 3580 victoria;
2669 3538 2790 3580 suae
2812 3527 2935 3576 tres
2961 3521 3186 3578 modios
3208 3523 3513 3578 anulorum
3542 3536 3852 3579 aureorum

2204 3613 2572 3683 Kartaginem
2614 3612 2792 3681 misit,
2831 3627 2978 3683 quos
3007 3627 3081 3667 ex
3111 3611 3377 3668 manibus
3405 3610 3852 3668 interfectorum

2202 3705 2592 3760 Romanorum
2641 3703 2902 3773 equitum
2955 3704 3410 3771 senatorumque
3452 3698 3732 3756 detraxit.
3777 3702 3853 3755 De

2202 3794 2467 3851 exercitu
2489 3807 2595 3849 suo
2617 3806 2768 3848 caesa
2793 3794 2930 3847 sunt
2954 3790 3065 3846 tria
3090 3789 3245 3844 milia
3270 3788 3556 3859 multique
3579 3789 3847 3845 sauciati.

2203 3886 2433 3938 Interea
2464 3882 2648 3936 Varro
2677 3881 2915 3935 Romam
2945 3877 3139 3947 rediit,
3175 3877 3345 3947 eique
3364 3877 3571 3947 gratia:
3594 3876 3852 3933 referun-

2203 3976 2350 4028 tura
2375 3973 2602 4035 senatu,
2636 3968 2790 4039 quod
2822 3966 3114 4037 publicam
3148 3980 3268 4021 rem
3301 3979 3413 4021 non
3446 3964 3844 4035 desperasset.

2202 4061 2332 4132 lpse
2355 4062 2567 4126 autem,
2593 4072 2706 4111 non
2730 4055 2865 4112 vita;
2889 4054 3232 4126 cupiditate,
3254 4054 3355 4109 sed
3377 4067 3573 4109 amore
3599 4052 3847 4124 publica;

2203 4148 2285 4205 rei
2317 4161 2379 4204 se
2409 4158 2742 4217 superesse,
2786 4144 3012 4214 reliquo
3051 4143 3246 4200 aatatis
3276 4156 3395 4199 suae
3428 4146 3689 4212 tempore
3721 4155 3848 4213 pro-

2204 4236 2380 4294 bavit.
2399 4237 2537 4290 Nam
2562 4235 2799 4289 barbam
2820 4231 3216 4303 capillumque
3235 4229 3547 4299 summisit,
3563 4233 3623 4285 et
3643 4234 3844 4300 postea

2203 4338 2513 4396 numquam
2556 4323 2844 4378 recubans
2880 4320 3072 4376 cibum
3112 4319 3287 4391 cepit.
3322 4320 3584 4375 Honores
3615 4332 3844 4388 quoque

2200 4429 2331 4472 cum
2381 4414 2434 4470 ei
2485 4412 2855 4468 deferrentur
2894 4424 2923 4465 a
2966 4406 3203 4479 populo,
3255 4406 3565 4475 recusavit,
3619 4405 3840 4475 dicens,

2201 4502 2563 4560 felicioribus
2616 4497 3054 4570 magistratibus
3093 4496 3177 4552 rei
3217 4494 3467 4567 publica:
3509 4508 3656 4566 opus
3694 4508 3837 4551 esse.

2200 4595 2393 4663 Usque
2428 4589 2573 4646 adeo
2608 4593 2804 4645 autem
2845 4584 3049 4642 ultima
3100 4582 3431 4655 desperatio
3473 4583 3557 4639 rei
3600 4581 3841 4653 publica

2199 4681 2349 4753 apud
2376 4678 2643 4735 residuos
2674 4678 2960 4731 Romanos
2982 4673 3108 4744 fuit,
3138 4676 3202 4729 ut
3231 4671 3302 4728 de
3325 4670 3706 4742 relinquenda
3735 4671 3845 4726 ita-

2197 4771 2273 4827 lia
2297 4768 2651 4837 sedibusque
2675 4763 2989 4835 querendis
3010 4760 3317 4818 consilium
3347 4758 3661 4817 ineundum
3678 4762 3843 4829 puta-

2198 4863 2348 4916 rent.
2370 4856 2533 4924 Quod
2554 4857 2731 4911 etiam
2753 4857 2993 4910 auctore
3017 4849 3233 4907 Cecilio
3250 4847 3521 4905 Marcello
3543 4846 3845 4903 conﬁrma-

2198 4952 2318 5004 tum
2341 4947 2518 5015 esset,
2545 4943 2655 4998 nisi
2680 4940 2984 4997 Cornelius
3002 4938 3216 5011 Scipio,
3242 4942 3377 4994 tunc
3403 4935 3675 4992 tribunus
3696 4933 3845 4990 mili-

417 5033 685 5094 Publius.
711 5035 1016 5092 Cornelius
1056 5035 1249 5106 Scipio
1294 5034 1598 5090 Hannibali
1637 5036 1789 5106 apud
1826 5036 2085 5092 Ticinum
2194 5039 2338 5106 tum,
2374 5033 2469 5105 qui
2505 5035 2706 5104 postea
2738 5015 2931 5085 dictus
2958 5033 3048 5083 est
3078 5026 3406 5095 Africanus,
3434 5037 3539 5079 eos
3567 5022 3840 5080 districto

429 5124 655 5193 primus
684 5125 969 5195 occurrit,
1002 5125 1431 5195 commissoque
1461 5125 1685 5195 praalio,
1719 5125 1934 5196 fugatis
1966 5126 2086 5183 suis
2193 5122 2391 5196 gladio
2424 5119 2814 5179 deterruisset
2834 5116 3080 5187 singulis
3105 5114 3400 5185 minitans,
3427 5125 3493 5168 ac
3518 5111 3710 5184 potius
3730 5125 3838 5184 pro

431 5215 489 5267 et
522 5225 672 5284 pene
701 5212 973 5270 omnibus
1004 5212 1197 5285 victis,
1230 5213 1359 5286 ipse
1388 5226 1418 5269 a
1444 5211 1565 5270 ﬂlio
1596 5212 1864 5285 Scipione
1893 5212 2087 5273 admo-

2197 5213 2403 5287 patriae
2452 5207 2794 5267 defensione
2822 5205 2881 5262 in
2907 5219 3012 5263 sua
3047 5202 3226 5261 verba
3267 5201 3470 5273 jurare
3513 5197 3835 5281 coegisset.

1791 5310 2031 5365 VARLE
2072 5308 2474 5371 LECTIONES.

498 5392 570 5433 ³⁸⁸
590 5393 722 5457 dum
757 5400 835 5455 9°.
911 5397 983 5435 ³ου
998 5401 1266 5473 gestaret
1296 5402 1350 5458 4.
1382 5404 1433 5457 5.
1510 5398 1581 5436 ὀι
1603 5397 1898 5459 rescendit
1924 5403 1976 5456 ὅ.
2052 5398 2125 5436 ’⁸³
2149 5401 2303 5461 CXX.
2333 5401 2387 5458 4.
2421 5402 2472 5458 ὕ.
2506 5399 2593 5456 lo.
2669 5391 2740 5430 ³⁸⁸
2762 5390 3047 5453 tereinum
3073 5392 3151 5449 9°.
3226 5386 3296 5426 ³⁸4
3317 5384 3608 5447 terentina
3633 5386 3711 5443 9°.
3740 5388 3809 5442 10
