3986 6048
272 149 391 212 617

1150 153 1590 217 CHRONICA.
1626 186 1702 200 —
1734 141 2211 212 CHRONICON
2255 149 2798 221 UNIVERSALE.

3563 172 3682 234 618

256 274 528 351 ἐυὺὴοο
562 291 824 358 tempore
855 291 1109 355 quatuor
1140 286 1290 344 locis
1320 287 1705 375 pugnabatur
1730 299 1760 340 a
1809 282 1917 338 Ro-
1945 280 2006 342 A
2035 281 2190 375 nibal
2224 283 2624 357 frequentidus
2656 290 2873 362 praeliis
2904 291 3096 351 victus
3127 308 3158 352 a
3187 295 3472 371 Scipione,
3507 306 3679 375 petiit

268 377 481 447 manis,
528 375 583 432 in
626 375 790 431 Italia
831 380 1036 432 contra
1077 376 1470 446 Ilannibalem,
1524 376 1579 431 in
1648 374 1916 446 llispania

265 470 475 520 contra
525 466 761 519 fratrem
810 463 936 533 ejus
986 465 1415 535 Hastrubalem,
1477 466 1531 519 in
1588 461 1917 519 Macedonia

265 559 474 610 contra
524 553 873 623 Philippum,
916 552 971 606 in
1023 552 1287 608 Sardinia
1340 558 1544 610 contra
1596 551 1810 607 Sardos
1858 554 1919 606 et

252 638 519 699 Alterum
554 641 963 697 Hastrubalem
994 643 1490 713 Kartaginensem,
1541 657 1709 713 quem
1756 641 1916 697 Titus

265 732 531 801 Manlius,
568 732 624 786 in
658 731 981 788 Sardiniam
1017 732 1250 800 missus,
1275 733 1468 788 vivum
1491 731 1648 802 cepit
1679 731 1915 785 Romam

266 834 384 891 que
434 820 715 891 portavit.
773 820 1074 892 Philippus
1125 834 1357 891 quoque
1406 821 1460 875 in
1511 818 1836 875 Macedonia
1885 832 1913 872 a

266 908 484 964 Levino
508 908 783 977 vineitur,
818 914 876 964 et
906 908 959 964 in
1000 909 1271 979 Hispania
1306 905 1616 964 IIastrubal
1647 911 1705 961 et
1735 908 1911 976 Mago,

266 997 493 1053 tercius
523 996 704 1053 frater
735 996 1090 1066 Hannibalis,
1125 1010 1155 1051 a
1195 998 1427 1053 duobus
1472 995 1753 1051 fratribus
1799 995 1917 1049 Sci-

266 1084 956 1157 pionibus[superantur,
1009 1085 1107 1156 qui
1153 1092 1343 1139 tamen
1395 1085 1564 1140 ambo
1616 1082 1915 1154 Scipiones

265 1173 483 1230 fratres
544 1173 599 1228 in
658 1174 936 1244 Hispania
983 1190 1013 1230 a
1068 1175 1247 1229 fratre
1292 1171 1661 1229 Hastrubalis
1710 1175 1914 1243 postea

262 1262 451 1319 occisi
492 1266 646 1319 sunt.
695 1262 856 1318 Unde
902 1262 1170 1319 omnibus
1220 1276 1432 1333 pavore
1479 1259 1911 1330 cunctantibus,

244 1350 480 1422 Scipio,
535 1355 735 1422 postea
786 1352 1093 1407 Africanus
1144 1350 1358 1422 dictus,
1405 1354 1578 1406 natus
1629 1352 1767 1405 tunc
1818 1363 1915 1404 an-

262 1454 373 1496 nos
402 1442 491 1509 24,
526 1439 680 1495 ultro
710 1454 773 1495 se
803 1440 1039 1509 obtulit,
1070 1444 1129 1496 et
1163 1440 1583 1513 proconsulare
1608 1440 1911 1510 imperium

260 1528 321 1583 in
398 1527 705 1598 Hispanias
764 1530 1032 1598 sortitus,
1102 1527 1379 1583 ultionem
1448 1527 1636 1598 patris
1699 1532 1759 1582 et
1820 1541 1913 1598 pa-

2029 375 2087 425 ct
2122 372 2241 443 ipse
2276 390 2473 447 pacem
2512 382 2570 435 et
2620 379 2977 451 colloquium
3029 382 3336 454 Scipionis.
3385 372 3673 448 Ubi'cum

2031 475 2094 517 se
2124 464 2356 519 attoniti
2399 467 2495 523 diu
2543 470 2947 526 ammiratione
2988 478 3190 528 mutua
3221 472 3328 529 deo
3360 476 3673 536 clarissimi

2031 548 2207 607 duces
2238 556 2701 629 conSpexissent,
2728 558 2943 616 infecto
2976 562 3137 632 pacis
3168 564 3405 633 negotio
3447 567 3671 626 disces-

2029 644 2251 728 serunt.
2280 643 2561 700 Hannibal
2581 650 2706 703 tres
2726 648 3134 719 exploratores
3151 652 3221 706 ad
3245 658 3435 709 castra
3448 654 3672 728 Scipio-

2028 726 2117 781 nis
2150 728 2329 800 misit,
2363 747 2509 801 quos
2538 738 2741 805 captos
2775 736 2965 807 Scipio
2993 737 3350 797 circumduci
3396 724 3499 813 per
3548 724 3674 801 eas-

2027 817 2152 871 tras
2176 817 2352 886 jussit
2382 821 2584 891 eisque
2606 824 2864 878 ostendit
2896 829 3086 881 totum
3120 830 3466 901 exercitum,
3495 833 3673 889 nichil

2027 904 2098 959 de
2124 906 2396 964 hostibus
2427 917 2860 981 percunctatus,
2897 914 3201 983 prandium
3237 930 3465 988 quoque
3493 920 3674 989 jussit

2026 993 2111 1047 eis
2142 992 2288 1065 dari,
2324 997 2689 1069 refectosque
2740 1001 2902 1055 abire
2954 1002 3239 1071 permisit.
3266 1006 3484 1061 Deinde
3526 1023 3674 1079 pra}-

2026 1079 2165 1137 lium
2188 1082 2259 1137 ab
2301 1088 2549 1156 utroque
2596 1086 2753 1143 duce
2787 1090 3158 1146 commissum
3208 1096 3318 1166 est,
3370 1095 3523 1164 quod
3571 1097 3670 1153 diu

2026 1170 2249 1238 magnis
2279 1171 2749 1237 ducumartibus
2782 1176 3153 1248 dispositum,
3203 1182 3427 1249 magnis
3477 1182 3671 1254 copia-

2025 1272 2151 1313 rum
2182 1259 2431 1317 molibus
2461 1268 2690 1331 gestum
2720 1269 2831 1335 est,
2859 1265 3028 1335 quale
3076 1267 3172 1324 vix
3222 1268 3342 1323 ulla
3391 1273 3667 1330 memoria

2025 1346 2154 1417 fuit,
2193 1349 2405 1420 quippe
2436 1367 2565 1407 cum
2613 1354 2953 1424 peritissimi
2996 1355 3106 1410 viri
3151 1356 3351 1428 copias
3402 1373 3541 1416 suas
3595 1360 3668 1417 ad

2026 1436 2243 1493 bellum
2264 1440 2603 1496 educerent.
2632 1443 2824 1513 Scipio
2851 1448 3039 1499 tamen
3064 1446 3257 1501 victor
3279 1448 3497 1518 extitit,
3519 1464 3666 1520 pene

2023 1530 2195 1596 capto
2228 1528 2563 1585 Hannibale.
2601 1531 2907 1601 Octoginta
2941 1532 3233 1604 elephanti
3265 1535 3342 1591 ibi
3369 1541 3466 1592 aut
3508 1540 3666 1609 capti

261 1614 381 1671 trui
416 1616 690 1686 precipue
730 1617 1060 1685 intendens,
1110 1617 1429 1685 Pyreneum
1483 1621 1906 1684 transgressus,
1941 1637 1995 1697 Β
2024 1619 2124 1669 aut
2167 1617 2367 1672 occisi”
2396 1624 2551 1674 sunt.
2604 1621 3112 1690 Kartaginensium
3165 1624 3412 1680 militum
3462 1627 3667 1696 viginti

258 1703 452 1775 primo
486 1704 703 1774 impetu
740 1703 1104 1773 Kartaginem
1137 1718 1341 1759 novam
1375 1703 1664 1774 HiSpanize
1714 1703 1904 1775 cmpit,

259 1791 364 1848 ubi
409 1792 594 1863 copia}
639 1793 764 1848 auri
815 1793 1160 1862 argentique
1213 1807 1430 1861 magnae
1480 1790 1549 1824 ²⁶⁸
1597 1793 1907 1848 Poenorum

258 1884 319 1937 et
387 1881 737 1937 nobilissimi
801 1881 1056 1951 obsides,
1109 1895 1257 1951 quos
1302 1881 1373 1935 ab
1424 1880 1694 1951 Hispanis
1745 1894 1909 1936 acce-

257 1975 490 2043 perant,
525 1985 654 2027 cuin
688 1970 910 2039 magnis
944 1970 1218 2041 presidiis
1247 1974 1434 2025 erant.
1470 1969 1552 2025 Ibi
1586 1969 1759 2023 etiam
1801 1970 1909 2024 Ma-

253 2072 490 2129 gonem,
561 2061 798 2115 fratrem
863 2059 1217 2128 Ilannibalis,
1286 2063 1520 2129 captum
1596 2071 1725 2114 cum
1777 2057 1906 2113 aliis

252 2148 494 2204 Romam
526 2149 705 2204 misit.
741 2150 934 2204 Roma:
957 2148 1159 2217 ingens
1180 2146 1390 2203 laiticia
1415 2147 1623 2203 oritur.
1649 2148 1904 2217 Cumque

254 2238 590 2295 universam
622 2237 950 2309 Hispaniam
985 2251 1015 2291 a
1043 2238 1301 2308 Pyreneo
1326 2250 1507 2306 usque
1530 2235 1601 2290 ad
1624 2250 1903 2291 oceanum

254 2325 454 2397 Scipio
478 2325 834 2397 subegisset,
852 2330 1206 2383 revocatusa
1222 2324 1516 2394 Romanis,
1533 2338 1664 2380 cum
1681 2323 1902 2393 ingenti

248 2415 444 2485 gloria
475 2416 711 2471 Romam
744 2417 924 2487 venit,
960 2420 1019 2472 et
1052 2415 1142 2470 14⁰
1180 2429 1330 2471 anno
1363 2417 1670 2485 postquam
1698 2412 1905 2468 Hanni-

249 2504 349 2561 bal
376 2505 434 2560 in
466 2505 691 2561 Italiam
722 2510 981 2576 venerat,
1026 2504 1124 2576 qui
1172 2510 1263 2560 est
1312 2508 1428 2558 1508
1466 2502 1898 2574 Phylopatoris,

250 2609 383 2651 cum
418 2594 635 2651 Licinio
667 2596 875 2652 Crasso
902 2594 1109 2652 consul
1152 2596 1389 2650 creatus
1435 2596 1491 2647 et
1543 2591 1599 2646 in
1649 2591 1902 2646 Africam

251 2683 466 2740 missus
494 2688 606 2740 est.
639 2684 833 2755 Scipio
865 2684 1114 2740 Africam
1148 2696 1446 2752 agressus,
1491 2680 1732 2735 hiberna
1778 2681 1903 2735 Poe-

253 2788 461 2830 norum
520 2779 580 2828 et
626 2773 871 2844 mapalia
918 2772 1311 2841 Numidarum,
1367 2785 1495 2841 quae
1542 2769 1679 2825 haut
1732 2768 1900 2838 longe

257 2863 505 2919 aberant
529 2863 600 2919 ab
624 2863 809 2932 Utica,
846 2867 1015 2918 nocte
1048 2859 1452 2917 fecitincendi.
1480 2859 1636 2914 Poeni
1663 2856 1895 2929 trepidi,

254 2966 388 3009 cum
436 2966 573 3008 casu
622 2951 904 3007 accidisse
946 2951 1132 3021 ignem
1183 2952 1480 3021 putarent,
1532 2948 1783 3003 inermes
1828 2946 1898 3003 ad

230 3042 710 3113 extinguendum
743 3046 1129 3099 cucurrerunt
1156 3059 1170 3109 ;
1197 3041 1405 3111 quadc
1432 3055 1492 3095 re
1517 3038 1684 3094 facile
1708 3039 1779 3093 ab
1812 3054 1899 3093 ar-

224 3132 429 3190 rmatis
456 3132 720 3203 obpressi
754 3137 907 3188 sunt.
947 3134 1005 3186 In
1056 3130 1319 3201 utrisque
1369 3129 1583 3185 castris
1630 3130 1697 3183 40
1743 3127 1895 3183 milia

245 3222 540 3279 hominum
575 3221 687 3291 igni
722 3223 991 3292 ferroque
1041 3224 1382 3290 consumpta
1434 3223 1589 3288 sunt,
1643 3217 1896 3288 quinque

246 3310 405 3385 milia
438 3316 630 3383 capta,
667 3310 847 3367 duces
877 3310 986 3382 ipsi
1011 3309 1423 3366 miserabiliter
1455 3308 1708 3364 ambusti
1742 3322 1895 3378 aegre

243 3399 641 3471 diffugerunt;
676 3399 988 3457 Hastrubal
1021 3400 1138 3456 dux
1191 3398 1559 3467 Kartaginem
1612 3397 1894 3469 profugus

241 3490 427 3545 venit.
452 3490 579 3545 Mox
603 3490 831 3561 Syphax
858 3493 914 3544 et
940 3478 1254 3545 Hastrubal
1280 3487 1590 3559 plurimum
1623 3501 1892 3557 reparan-

243 3583 338 3635 tes
402 3578 744 3649 exercitum,
811 3580 1018 3635 iterum
1087 3593 1215 3634 cum
1275 3576 1544 3648 Scipione
1590 3575 1891 3645 congressi

240 3671 402 3737 sunt,
429 3668 682 3739 victique
705 3669 996 3738 fugerunt.
1026 3667 1341 3739 Syphacem
1364 3665 1677 3735 fugientem
1703 3664 1893 3721 Lelius

241 3763 305 3813 et
330 3757 627 3814 Masinissa
646 3764 950 3830 ceperunt,
977 3762 1173 3813 cetera
1199 3755 1513 3812 multitudo
1527 3755 1742 3811 Cirtam
1757 3769 1893 3810 con-

244 3846 418 3917 fugit,
448 3862 616 3918 quain
650 3847 947 3903 Masinissa
995 3848 1387 3917 obpugnatam
1438 3844 1491 3898 in
1534 3843 1887 3899 deditionem

240 3936 476 4007 accepit
505 3954 518 4003 ;
544 3937 858 4008 Syphacem
891 3935 961 3991 ad
991 3934 1315 4006 Scipionem
1361 3932 1584 3989 catenis
1630 3932 1887 3989 vinctum

241 4023 512 4096 adduxit,
549 4040 716 4097 quem
745 4024 935 4096 Scipio
963 4039 1091 4080 cum
1132 4023 1468 4093 ingentibus
1514 4021 1718 4093 spoliis
1768 4020 1889 4092 plu-

243 4114 531 4185 rimisque
560 4114 810 4185 captivis
839 4113 1272 4185 perducendum
1304 4114 1539 4168 Romam
1574 4110 1730 4167 Lelio
1774 4116 1890 4167 tra—

214 4202 414 4259 ‘didit.
452 4203 559 4269 Qui
590 4219 719 4261 cum
755 4204 809 4259 in
833 4202 1096 4261 custodia
1113 4202 1352 4273 Tyburti
1378 4201 1710 4272 defecisset,
1738 4216 1891 4257 sum-

238 4296 351 4364 ptu
382 4291 617 4363 publico
642 4292 817 4363 jussit
853 4300 1094 4349 senatus
1117 4307 1243 4348 eum
1269 4290 1586 4347 honorifice
1627 4290 1884 4362 sepeliri.

1931 2994 1981 3059 C

2024 1703 2178 1759 milia
2211 1707 2511 1775 quingenti
2544 1709 2838 1765 interfecti
2875 1714 3029 1766 sunt.
3066 1712 3346 1769 Hannibal
3386 1716 3576 1772 omnia
3606 1720 3663 1771 et

2021 1797 2155 1848 ante
2188 1795 2389 1863 prielio
2420 1800 2479 1851 et
2524 1796 2577 1851 in
2622 1798 2824 1869 prmlio
2884 1804 3180 1870 expertus,
3240 1802 3488 1872 primum
3536 1819 3667 1861 cum

2021 1882 2222 1937 multis
2252 1884 2571 1953 equitibus,
2605 1885 2815 1941 deinde
2845 1901 2973 1944 cum
2999 1889 3224 1959 viginti,
3254 1896 3547 1961 postremo
3570 1894 3669 1949 vix

2019 1984 2148 2025 cum
2181 1976 2431 2040 quatuor
2461 1973 2613 2029 inter
2641 1976 2955 2032 tumultum
3004 1977 3258 2049 elapsus,
3287 1982 3666 2038 Adrumetum

2020 2060 2298 2130 confugit,
2335 2066 2539 2131 postea
2572 2065 2963 2135 Kartaginem,
2998 2072 3128 2137 post
3159 2071 3226 2123 36
3257 2083 3437 2125 annos
3461 2084 3531 2126 ex
3554 2086 3666 2141 quo

2018 2147 2151 2203 inde
2185 2164 2399 2219 parvus
2423 2166 2553 2207 cum
2592 2157 2756 2222 patre
2804 2154 3049 2225 exierat,
3103 2157 3283 2228 venit,
3333 2160 3667 2216 consultan-

2016 2236 2177 2306 tique
2208 2240 2435 2295 senatui
2469 2242 2800 2312 Pomorum,
2837 2243 3051 2299 nullam
3086 2259 3247 2316 spem
3278 2260 3408 2303 esse
3449 2249 3555 2304 nisi
3607 2248 3662 2305 in

2018 2324 2266 2395 petenda
2297 2341 2438 2398 pace
2472 2330 2769 2398 persuasit
2796 2329 2881 2385 ³⁸⁸.
2920 2331 3057 2386 Gaio
3090 2333 3357 2390 Cornelio
3396 2334 3659 2406 Lentulo,

2015 2414 2223 2470 Publio
2250 2414 2318 2448 ²⁶τ
2352 2416 2693 2474 consulibus
2719 2435 2733 2484 ;
2758 2432 2868 2489 pax
2893 2434 2995 2491 per
3017 2421 3343 2492 Scipionem
3358 2423 3661 2480 voluntate

2016 2506 2257 2583 senatus
2308 2504 2624 2575 populique
2676 2507 3193 2575 Kartaginensibus
3243 2525 3523 2567 concessa
3569 2515 3656 2568 est

2015 2604 2191 2647 naves
2216 2596 2404 2647 tamen
2432 2593 2563 2663 plus
2585 2608 2753 2663 quam
2780 2595 3111 2664 quingentae
3136 2599 3189 2652 in
3224 2597 3403 2655 altum
3448 2601 3661 2672 produ-

2015 2683 2147 2749 ctae,
2184 2680 2235 2734 in
2270 2684 2588 2761 conspectu
2619 2682 2876 2739 civitatis
2907 2686 3226 2743 submersa:
3260 2694 3414 2743 sunt.
3469 2688 3659 2759 Scipio

2015 2767 2131 2837 jam
2168 2774 2305 2825 tunc
2336 2777 2725 2839 cognomento
2755 2771 3085 2844 Africanus,
3121 2790 3253 2831 cum
3285 2776 3440 2832 omni
3468 2777 3657 2847 gloria

2014 2858 2403 2930 triumphans,
2438 2861 2645 2916 Urbem
2688 2861 2987 2931 ingressus
3028 2870 3137 2919 est.
3194 2865 3373 2931 Quem
3420 2868 3657 2924 Terren-

2010 2949 2147 3017 tius,
2186 2950 2281 3017 qui
2320 2952 2517 3020 postea
2551 2956 2678 3006 erat
2705 2954 2985 3023 comicus,
3018 2968 3091 3008 ex
3123 2953 3422 3012 nobilibus
3456 2957 3656 3013 Karta-

2008 3037 2336 3106 ginensium
2400 3039 2669 3109 captivus
2727 3042 3179 3112 triumphantem
3230 3049 3364 3114 post
3418 3059 3652 3103 currum

2008 3132 2243 3182 secutus
2266 3132 2354 3182 est
2379 3128 2656 3199 pilleatus
2675 3131 2830 3202 quod
2853 3130 3093 3188 indulta;-
3117 3134 3230 3189 sibi
3248 3132 3517 3191 liberatis
3542 3136 3647 3192 fuit

2006 3229 2253 3285 1nsngne.

2078 3306 2240 3361 Anno
2272 3305 2453 3375 igitur
2476 3306 2546 3362 ab
2569 3308 2721 3364 Urbe
2744 3309 2979 3366 condita
3005 3312 3472 3381 quingentesimo
3490 3328 3655 3385 qum-

2007 3396 2343 3465 quagesimo
2372 3397 2650 3466 secundo,
2710 3398 2807 3468 qui
2854 3403 2942 3455 est
2989 3402 3281 3457 secundus
3328 3403 3652 3461 Ptholemei

2003 3484 2337 3555 Epyphanis
2368 3486 2585 3542 bellum
2618 3489 2897 3544 Punicum
2927 3492 3244 3546 secundum
3279 3490 3502 3548 finitum
3534 3499 3649 3565 est,

2004 3577 2135 3644 post
2171 3588 2380 3631 annum
2416 3581 2480 3631 19
2514 3591 2683 3646 quam
2711 3577 2910 3648 coepit.
2936 3579 3128 3635 Iactet
3178 3580 3424 3637 sealicet
3475 3583 3651 3639 Roma

2001 3662 2271 3719 victoriis
2304 3665 2681 3721 Hannibalem
2705 3666 3017 3739 devicisse,
3068 3673 3260 3726 tamen
3310 3674 3367 3727 in
3418 3674 3652 3744 Campa-

2003 3752 2094 3808 nia
2114 3752 2364 3811 luxuriis
2386 3762 2837 3813 commorantem
2856 3759 3156 3829 provincia
3183 3760 3460 3818 deliciosa
3484 3778 3652 3835 supe-

2003 3841 2155 3897 ravit
2182 3843 2337 3908 ;dum
2371 3852 2538 3914 aquis
2567 3846 2814 3917 innatat,
2850 3848 2984 3903 dum
3028 3850 3291 3919 piscibus
3339 3856 3514 3922 atque
3564 3867 3651 3909 os-

1999 3930 2150 3985 treis
2218 3932 2432 4002 passim
2487 3933 2812 4005 infercitur,
2871 3935 3005 3991 dum
3059 3937 3198 4007 olet,
3272 3943 3455 4009 potat,
3517 3940 3651 3995 dor-

2002 4021 2126 4090 mit,
2175 4033 2455 4091 aquarum
2505 4023 2791 4080 resolutio
2837 4024 3091 4081 mollivit
3133 4027 3406 4081 Punicam
3454 4028 3650 4085 ferita-

2002 4112 2139 4179 tem,
2207 4113 2285 4179 et,
2350 4124 2518 4179 quem
2584 4111 2694 4167 alia
2766 4113 3140 4183 duraverant,
3200 4129 3329 4171 eum
3390 4116 3647 4187 Seplasia

2003 4197 2239 4269 epidum
2275 4200 2601 4272 Campania:
2637 4202 2911 4271 ungentis
2961 4202 3223 4259 odoratis
3269 4202 3645 4262 labefactavit

2001 4290 2061 4342 et
2089 4287 2248 4343 vicxt.

244 4356 467 4447 Qua-re
500 4356 719 4453 audita,
744 4382 929 4439 omnis
960 4383 1081 4437 fere
1115 4381 1277 4437 Italia
1310 4356 1891 4435 Hannibalem—dere-
1918 4356 1974 4419 D
2004 4376 2164 4434 Alex.
2202 4378 2415 4436 Maced.
2452 4378 2631 4453 Syriae

235 4468 435 4539 liquit.
468 4471 595 4542 Ipse
628 4475 820 4527 autem
854 4470 1134 4526 Hannibal
1164 4485 1194 4526 a
1244 4468 1757 4540 Kartaginensibus
1803 4483 1891 4525 re-

238 4557 369 4615 dire
432 4559 653 4632 jussus,
690 4566 753 4617 ut
818 4560 1150 4617 subveniret
1201 4559 1427 4632 patria,
1482 4574 1650 4630 quam
1698 4558 1889 4629 Scipio

236 4648 511 4704 vastabat
536 4650 681 4705 flens
713 4649 928 4706 dicitur
959 4649 1180 4706 Italiam
1221 4648 1549 4719 reliquisse.
1608 4649 1693 4704 Ita
1742 4661 1889 4704 anno

237 4737 353 4809 17°,
391 4738 487 4809 qui
523 4744 616 4794 est
648 4740 870 4810 primus
900 4739 1221 4794 Ptholemei
1256 4738 1601 4809 Epyphanis,
1638 4738 1887 4794 liberata

235 4830 333 4883 est
369 4826 532 4883 Italia
562 4829 636 4884 ab
668 4827 1003 4885 Hannibale.
1038 4827 1231 4898 Legati
1269 4833 1461 4885 autem
1514 4828 1889 4899 Kartagincn-

241 4916 397 4973 sium
431 4931 629 4989 pacem
658 4933 688 4974 a
722 4919 986 4989 Scipione
1018 4924 1308 4990 petentes,
1340 4919 1409 4974 ad
1435 4923 1696 4975 senatum
1726 4919 1886 4975 missi

237 5011 405 5076 sunt,
440 5010 496 5062 et
529 5022 601 5064 ex
631 5008 875 5065 arbitrio
908 5008 1195 5080 Scipionis
1243 5023 1440 5079 pacem
1492 5014 1883 5079 acceperunt;

233 5096 339 5152 sed
375 5096 641 5153 veniente
660 5098 976 5154 Hannibale
998 5097 1508 5169 Kartaginem,pax
1524 5099 1754 5153 turbata
1768 5102 1879 5171 est,

231 5184 537 5259 multaque
558 5187 795 5246 hostilia
818 5189 892 5246 ab
914 5187 1069 5245 Afris
1093 5187 1242 5245 facta
1263 5193 1419 5245 sunt.
1444 5189 1583 5246 Post
1606 5190 1727 5245 haec
1741 5189 1885 5245 Han-

2120 4473 2142 4523 1
2587 4474 2620 4526 4
2729 4471 2940 4543 (Iliam)
2969 4471 3344 4532 Ptholemeus
3365 4474 3647 4549 Phylopa-

2003 4560 2094 4613 tor
2123 4558 2387 4629 regnavit
2418 4558 2783 4617 Alexandria;
2812 4561 2977 4618 annis
3006 4561 3075 4595 ²⁶⁸
3106 4568 3190 4621 17.

2123 4651 2157 4703 2
2584 4653 2615 4705 5

2123 4722 2154 4772 3
2355 4724 2377 4775 I
2575 4725 2608 4777 6
2681 4722 2989 4794 Philippus
3012 4725 3276 4793 regnavit
3297 4725 3644 4784 Macedonia)

1999 4808 2165 4864 annis
2195 4810 2281 4865 42.
2317 4809 2418 4865 Hic
2449 4825 2580 4867 cum
2613 4812 2901 4868 rebellare
2935 4819 3189 4884 pararet,
3243 4814 3489 4885 primum
3540 4829 3643 4887 per

1997 4897 2270 4953 Levinum
2300 4899 2624 4971 consulem,
2656 4900 2866 4957 deinde
2895 4915 3001 4973 per
3017 4903 3204 4959 Titum
3228 4900 3524 4966 Quintium
3549 4917 3644 4960 su-

1997 4991 2240 5059 peratus
2270 4992 2379 5045 est.

2067 5082 2133 5133 17
2319 5082 2384 5133 15
2567 5084 2639 5136 20

2064 5166 2445 5225 Ptholomeus
2488 5168 2856 5242 Epyphanes,
2908 5166 3067 5226 filius
3108 5166 3393 5225 Ptblomei
3434 5169 3645 5242 Phylo-

1603 5344 1840 5404 VARIE
1877 5346 2173 5407 LECI‘ION
2177 5349 2279 5405 ES.

231 5464 308 5505 ³⁸⁸
337 5467 527 5544 capia)
556 5483 778 5544 magnae
809 5485 860 5529 a.
888 5485 937 5528 a.
973 5476 1022 5529 5.
1060 5469 1129 5507 '°°
1161 5469 1454 5545 persuasit
1482 5484 1626 5544 pace
1653 5475 1704 5529 ὅ.
1736 5472 1807 5509 ³⁸⁷
1835 5476 1900 5535 Ρ.

2023 5473 2082 5535 io
2111 5476 2257 5533 Peto
2290 5475 2375 5530 II.
2404 5470 2475 5507 ³⁸⁸
2506 5468 2674 5529 deest
2699 5475 2736 5529 9
2766 5487 2818 5531 c.

556 5568 817 5633 Punon.
852 5569 1061 5639 CLIV.

3341 5566 3420 5630 20
