3986 6048
366 267 484 338 819

1518 252 2005 325 EKKEHARDI
2046 249 2605 323 URAUGIENSIS

3653 241 3782 310 620

370 406 612 481 pateris,
647 402 910 476 regnavit
933 398 1298 459 Alexandria:
1329 395 1493 455 annis
1523 398 1592 453 24
1617 393 1705 466 ω,
1728 408 1758 451 a
1786 396 2009 450 restau-
2042 393 2094 454 Α
2125 387 2417 481 Iosephus
2448 386 2811 481 adolescens,
2840 383 3077 481 sororis
3126 381 3254 481 ejus
3295 383 3450 445 illius
3486 382 3560 443 de
3604 390 3779 481 patre

372 504 597 555 ratione
631 495 830 566 templi
855 508 1002 548 anno
1026 489 1436 547 trecentesimo
1460 492 1544 543 19.
1572 486 1755 555 (Ηιεκ.
1779 483 1846 539 in
1860 484 2014 539 Dan-

373 589 412 642 I.
450 589 517 656 I.)
554 584 734 653 Hujus
767 589 932 654 patre
955 580 1345 651 Phylopatore
1368 577 1661 643 defuncto,
1689 570 2012 628 Antiochus

373 678 628 743 Magnus,
655 679 828 743 rupto
849 671 1065 727 foedere
1088 675 1142 723 et
1178 673 1347 738 pacto
1372 665 1849 736 quodcumpatre
1872 661 2020 714 fece-

375 769 485 832 rat,
522 762 840 817 exercitum
868 760 938 815 de
970 755 1370 827 superioribus
1394 751 1723 822 Babyloniae
1748 746 2018 820 partibus

375 850 753 919 congregavit
789 849 1052 916 factaque
1084 858 1225 915 pace
1271 857 1402 897 cum
1444 840 1713 910 Philippo
1761 834 2021 892 Macedo-

376 955 509 995 num
539 954 697 1006 rege,
736 940 937 991 contra
994 934 1142 988 hunc
1191 930 1583 1001 Epyphanem,
1610 926 1707 997 qui
1730 931 1867 981 tunc
1891 936 2023 993 qua-

376 1032 512 1081 tuor
545 1028 673 1080 erat
702 1020 1330 1089 annorum,exercitum
1365 1017 1539 1072 movit
1569 1014 1658 1069 ’7“.
1710 1010 2023 1081 Pugnanti-

377 1116 486 1170 bns
518 1118 710 1169 autem
744 1112 896 1166 inter
922 1125 983 1166 se
1016 1109 1302 1165 Antiocho
1334 1110 1388 1161 et
1418 1104 1668 1160 ducibus
1696 1099 2020 1157 Ptholomei

288 1228 291 1231 η
374 1202 562 1273 pueri,
597 1201 793 1256 Iudaea
839 1200 891 1253 in
926 1199 1115 1254 medio
1155 1197 1339 1267 posita
1372 1193 1669 1262 multaque
1694 1188 1839 1245 mala
1896 1201 2023 1259 per-

376 1304 567 1360 pessa,
602 1290 656 1343 in
684 1287 979 1343 contraria
1013 1301 1115 1341 sua
1147 1284 1545 1347 scindebatur,
1599 1280 1751 1336 sicut
1803 1281 1863 1333 et
1911 1276 2022 1332 sub

375 1377 717 1434 Ptholomeo
756 1375 1166 1445 Phylopatorc,
1194 1377 1359 1443 patre
1384 1370 1532 1440 ejus,
1557 1368 1688 1425 aliis
1712 1364 2018 1434 Antiocho,

378 1466 509 1521 aliis
541 1465 876 1520 Ptholomeo
902 1462 1517 1529 faventibus.Cumque
1540 1455 1857 1512 Antiochus
1874 1459 2025 1509 tene-

377 1560 466 1608 ret
487 1552 766 1621 Iudaeam,
796 1551 1008 1606 missus
1033 1551 1247 1620 Scopas
1274 1550 1390 1604 dux
1415 1546 1669 1618 partium
1692 1542 2022 1614 Epyphanis

381 1641 728 1708 Ptholomci,
766 1638 1048 1695 adversus
1081 1638 1425 1692 Antiochum
1452 1633 1680 1690 fortiter
1702 1629 2020 1698 dimicavit,

2126 479 2298 535 Tobia
2347 479 2533 549 ’",vir
2578 476 2988 549 sagacissimus
3035 481 3097 533 et
3144 478 3297 536 inter
3345 491 3487 534 suos
3534 477 3777 545 nobilis.

2128 569 2447 640 increpavit
2480 568 2827 626 avunculum
2861 566 3080 623 Oniam.
3116 565 3240 633 Quo
3269 582 3380 623 non
3428 566 3777 624 attendente

2126 672 2233 713 nec
2264 658 2335 713 ad
2374 672 2563 727 regem
2598 658 2681 713 ire
2710 656 2961 726 volente,
2994 656 3149 713 ultro
3177 669 3242 713 se
3270 656 3525 725 legatum
3565 655 3638 712 ad
3685 656 3780 711 re-

2126 759 2254 813 gem
2286 745 2504 801 cbtulit
2537 762 2640 816 pro
2661 746 3017 802 necessitate
3040 744 3259 816 populi,
3286 744 3335 800 si
3358 758 3464 816 per
3482 758 3617 801 eum
3640 742 3780 800 lice-

2129 838 2218 888 ret
2253 832 2383 888 sibi.
2418 833 2524 889 Illo
2555 839 2746 890 autem
2795 833 3151 890 eonsedente
3181 836 3237 888 et
3285 831 3503 905 papulo
3549 831 3779 902 gratias

2131 926 2360 992 agente,
2396 922 2654 993 suscepit
2683 922 2937 992 legatum
2969 920 3125 992 regis
3156 921 3214 977 in
3246 921 3478 978 domum
3510 935 3695 991 suam,
3716 925 3782 978 et

2134 1024 2234 1079 per
2258 1009 2474 1066 multos
2488 1011 2612 1066 dies
2626 1011 2928 1080 magniﬁce
2948 1015 3232 1081 tractans,
3249 1010 3587 1067 muneribus
3600 1009 3782 1066 hono-

2132 1100 2322 1154 ratum
2354 1098 2577 1154 remisit
2606 1098 2676 1153 ad
2708 1113 2923 1169 regem,
2959 1099 3161 1155 dicens
3194 1112 3257 1155 se
3292 1098 3571 1156 continuo
3614 1112 3785 1156 secu-

2133 1188 2348 1241 turum.
2384 1186 2633 1243 Athenio
2663 1192 2858 1244 autem
2892 1187 3124 1244 rediens
3153 1187 3227 1244 ad
3273 1202 3490 1262 regem,
3540 1202 3674 1245 cum
3722 1186 3780 1243 ei

2132 1275 2322 1330 omnia
2356 1274 2663 1345 indicaret,
2701 1276 3099 1333 advenientem
3133 1280 3332 1349 postea
3358 1277 3647 1349 Iosephus
3676 1276 3787 1333 r'ex

2132 1367 2194 1418 et
2222 1362 2420 1433 regina
2456 1363 2763 1435 Cleopatra
2795 1365 3040 1436 benigne
3072 1370 3479 1437 susceperunt,
3533 1364 3787 1423 invenit-

2134 1466 2247 1521 que
2280 1456 2497 1508 tantam
2526 1453 2774 1521 gratiam
2805 1468 3003 1510 coram
3034 1468 3190 1525 rege,
3225 1458 3288 1511 ut
3321 1469 3434 1511 non
3463 1453 3652 1511 solum
3685 1468 3785 1525 po-

2137 1538 2334 1610 pulum
2368 1539 2666 1609 liberaret,
2703 1542 2805 1599 sed
2837 1542 3011 1597 etiam
3037 1542 3153 1599 dux
3172 1542 3387 1599 Iudaeae
3409 1547 3586 1613 atque
3602 1541 3787 1598 humi-

2136 1627 2210 1683 lis
2244 1628 2421 1699 Syriae
2453 1634 2513 1684 et
2545 1629 2918 1687 finitimarum
2953 1631 3255 1701 regionum
3277 1632 3439 1687 abeo
3461 1631 3790 1688 constitue-

380 1729 653 1799 cepitquc
684 1728 941 1783 Iudaeam
976 1729 1116 1796 (Ius.
1150 1742 1247 1795 xu,
1281 1728 1329 1793 3)
1358 1742 1372 1787 ;
1404 1724 1504 1779 sed
1555 1727 1683 1792 post
1736 1720 2022 1775 modicum
2055 1753 2108 1811 B
2139 1722 2324 1772 retur.
2349 1718 2415 1811 is
2445 1718 2626 1811 igitur
2652 1722 2721 1811 2t.)
2748 1719 2914 1775 annis
2958 1720 3182 1811 tributa
3208 1719 3409 1811 Syriae
3465 1725 3522 1811 et
3552 1720 3789 1811 fenicis

381 1822 615 1886 tempus
657 1815 974 1870 Antiochus
1020 1815 1258 1885 Scopam
1308 1813 1467 1881 vicit,
1522 1809 1839 1878 conﬂigens
1893 1821 2024 1861 cum

380 1903 640 1972 eojuxta
675 1904 891 1957 fontem
919 1902 1209 1972 Iordanis,
1261 1901 1595 1969 multosque
1646 1899 1717 1953 de
1762 1894 2027 1951 exercitu

384 1992 511 2061 ejus
541 1995 938 2062 prosternens.
974 1991 1195 2061 ,Postea
1245 2003 1384 2044 vero
1436 1987 1718 2043 Antiocho
1759 1982 2028 2054 capiente
2066 2054 2069 2057 _

386 2080 698 2134 Samariam
730 2084 790 2133 et
822 2079 1096 2134 civitates
1130 2079 1307 2148 Syriae
1326 2092 1472 2148 quos
1496 2078 1712 2145 Scopas
1739 2079 2027 2142 tenuerat,

382 2182 527 2236 gens
548 2166 881 2222 Iudaeorum
906 2172 1112 2236 sponte
1135 2168 1203 2222 ad
1226 2182 1355 2222 eum
1379 2169 1889 2239 veniens,omncm
1907 2167 2031 2236 ejus

384 2255 706 2310 exercitum
740 2254 794 2309 in
828 2255 1126 2310 civitatem
1168 2257 1452 2327 suscepit,
1500 2263 1559 2313 et
1610 2272 1789 2330 prono
1840 2257 2031 2312 animo

386 2342 666 2398 auxilium
699 2342 955 2412 prebuit.
991 2343 1152 2398 Unde
1186 2349 1246 2398 et
1274 2344 1397 2414 ipse
1430 2346 1609 2401 multa
1633 2346 1721 2401 cis
1754 2343 2031 2401 beneficia

386 2429 655 2492 contulit,
692 2444 817 2499 qua}
839 2431 1130 2501 Iosephus
1161 2431 1461 2488 describit.

460 2518 667 2573 V'olens
699 2525 893 2572 autem
927 2520 1247 2575 Antiochus
1271 2537 1381 2576 non
1407 2522 1590 2578 solum
1617 2522 1836 2593 Syriam
1860 2526 1919 2577 et
1948 2521 2036 2575 Ci-

390 2604 580 2662 liciam
635 2614 692 2660 ct
738 2606 946 2662 Liciam
1004 2612 1059 2661 et
1121 2609 1265 2663 alias
1316 2610 1646 2679 provincias
1696 2626 1821 2681 qua}
1868 2614 2035 2665 erant

392 2695 645 2765 partium
670 2694 994 2749 Ptholomei
1022 2697 1326 2765 possidere
1361 2697 1460 2752 sed
1487 2698 1544 2753 in
1568 2700 1871 2769 Egyptum
1897 2713 2037 2767 quo-

394 2798 504 2851 que
540 2797 778 2851 regnum
813 2797 979 2837 suum
1007 2785 1342 2854 extendere,
1381 2787 1527 2841 facta
1553 2801 1692 2857 pace
1715 2802 1845 2842 cum
1864 2786 2039 2841 Ptho-

394 2868 582 2927 lomeo
636 2885 738 2941 per
787 2872 1018 2926 Evolem
1067 2872 1374 2943 Rhodium,
1443 2874 1809 2945 Cleopatram
1863 2873 2036 2929 filiam

396 2974 557 3014 suam
590 2959 839 3029 septimo
869 2975 1017 3015 anno
1054 2960 1442 3018 adolescentis
1499 2963 1805 3032 despondit
1857 2962 1932 3022 ei.
1980 2966 2037 3018 ct

396 3054 488 3105 13°
524 3064 672 3105 anno
704 3048 963 3119 traeidit,
1000 3050 1133 3106 data
1165 3051 1215 3107 ei
1250 3052 1405 3108 dotis
1427 3053 1657 3108 nomine
1696 3054 1848 3109 omni
1884 3053 2042 3110 Cele-

393 3232 577 3297 ptum,
614 3227 745 3296 quia
788 3228 1163 3284 Ptholomeus
1213 3231 1552 3301 Epyphanes
1590 3240 1646 3290 et
1690 3234 1870 3289 duces
1918 3232 2045 3301 ejus

395 3313 949 3383 s:ntientesdolum,
976 3317 1205 3373 cautius
1236 3335 1295 3374 se
1324 3330 1607 3389 cgereunt
1644 3327 1700 3377 et
1736 3321 2043 3390 Cleopatra

395 3403 580 3469 magis
604 3402 712 3455 viri
744 3416 911 3471 quam
945 3406 1209 3473 parentis
1244 3408 1382 3463 fov.t
1427 3417 1646 3481 partes.
1698 3410 1801 3464 llic
1850 3409 2046 3462 Antio-

398 3492 541 3546 chus
575 3491 810 3556 Magnus
842 3492 987 3547 (lUus
1022 3494 1220 3549 habuit
1258 3496 1430 3568 filios,
1470 3500 1681 3555 fratres
1719 3497 2046 3568 Cleopatrae

402 3594 570 3648 quam
588 3579 714 3633 dedi
731 3580 1129 3652 tPtholomeo,
1148 3584 1470 3657 Seleucum,
1490 3589 1584 3658 qui
1600 3588 2048 3655 cognominatus

400 3674 485 3721 es:
521 3668 728 3720 Satlier
761 3668 976 3737 quique
1007 3673 1267 3738 regnavit
1296 3680 1419 3743 post
1443 3674 2045 3743 eum,ctAntiochum,

403 3756 498 3825 qui
533 3754 725 3810 dictus
756 3760 848 3809 cst
880 3756 947 3788 πί
973 3759 1318 3830 Epypliane:
1377 3769 1435 3818 et
1477 3779 1505 3817 a
1560 3768 1724 3833 patre
1774 3760 2047 3817 Romanis

404 3845 576 3899 datus
606 3848 695 3898 cst
726 3843 903 3900 obses
927 3856 1272 3919 mortuoque
1305 3851 1484 3907 fratre
1509 3851 1773 3920 regnavit
1816 3851 1873 3905 in
1922 3848 2050 3905 loco

403 3933 529 4001 ejus
564 3938 659 3999 ;et
695 3933 787 3988 hic
820 3939 906 3989 cst
946 3936 1259 3994 Antiochus
1291 3941 1387 4010 qui
1421 3941 1641 3997 dicitur
1690 3940 1941 3995 illustris
1989 3944 2051 3993 et

405 4022 618 4077 nobilis
651 4022 704 4077 in
740 4022 890 4078 libro
922 4024 1361 4085 ltachabcorum
1394 4030 1499 4098 (Cf.
1544 4031 1585 4097 Ι,
1635 4032 1708 4102 1),
1771 4028 1867 4099 qui
1927 4026 2053 4083 137°

406 4112 569 4179 regni
594 4113 909 4168 Grecorum
944 4129 1092 4171 anno
1123 4132 1365 4186 regnare
1389 4119 1568 4189 coepit
1607 4118 1906 4188 multaque
1939 4131 2054 4173 ma-

407 4199 460 4255 la
488 4200 704 4256 Iudaeis
743 4201 960 4259 inturit.

482 4290 622 4359 (Ios.
661 4292 697 4346 ἰ.
737 4291 773 4346 Ζ.
807 4294 825 4361 )
857 4293 933 4346 ΕΟ
966 4298 1230 4364 tempore
1261 4297 1526 4366 pontifex
1564 4296 1895 4352 Iudaeorum
1943 4293 2054 4351 fuit

410 4377 605 4446 Onias,
640 4377 793 4433 filius
819 4378 1085 4449 Symonis
1114 4383 1287 4453 Iusti,
1322 4384 1522 4439 fratris
1553 4383 1834 4441 Eleazari.
1872 4386 1923 4439 ls
1954 4399 2054 4440 au-

395 3138 544 3208 syria
578 3144 635 3193 ct
663 3138 880 3195 Indica.
1081 3104 1590 3216 tanien—optinent?
1640 3144 1831 3216 potuit
1879 3144 2043 3212 Egy—
2074 3104 2121 3163 Ο

2140 1808 2315 1874 atque
2344 1805 2615 1863 Samarize
2643 1807 3022 1878 dispensavit,
3051 1808 3444 1879 populumque
3458 1808 3792 1867 Iudaeorum

2139 1908 2169 1949 a
2193 1899 2538 1966 paupertate
2560 1900 2619 1951 et
2645 1896 2952 1953 debilitate
2968 1897 3040 1953 ad
3062 1896 3426 1954 clarissimas
3440 1912 3638 1955 rerum
3657 1913 3794 1955 cau-

2142 1997 2239 2040 sas
2272 1983 2563 2055 perduxit.
2598 1985 2810 2042 Habuit
2846 1993 3041 2041 autem
3073 1991 3298 2058 septem
3331 1986 3484 2043 filios
3506 1985 3579 2042 de
3607 2001 3794 2044 uxore

2144 2089 2268 2143 sua,
2303 2078 2362 2129 et
2390 2075 2460 2129 de
2492 2073 2609 2128 illia
2642 2074 2839 2130 fratris
2867 2075 2955 2130 sui
2985 2074 3164 2130 Solini
3187 2090 3363 2132 unum
3392 2075 3626 2132 nomine
3655 2076 3796 2147 Hyr-

2142 2176 2368 2219 canum.
2402 2162 2508 2228 Qui
2541 2178 2671 2219 cum
2701 2162 2985 2218 tredecim
3017 2167 3176 2220 esset
3204 2178 3505 2234 annorum,
3559 2170 3797 2220 natura-

2146 2251 2257 2305 lem
2284 2250 2685 2306 fortitudinem
2709 2256 2767 2306 et
2788 2252 3159 2323 prudentiam
3185 2252 3240 2307 in
3263 2266 3326 2308 se
3343 2251 3792 2323 demonstravit,

2146 2343 2207 2395 ut
2231 2339 2405 2395 etiam
2429 2341 2697 2395 acerbam
2719 2338 3148 2397 aemulationem
3174 2341 3457 2399 fratribus
3477 2341 3792 2398 excitaret.

2143 2428 2432 2499 Iosephus
2464 2442 2602 2483 vero
2633 2428 2877 2498 cupiens
2908 2429 3062 2486 scire
3089 2430 3221 2500 quis
3250 2430 3321 2487 de
3361 2429 3493 2485 filiis
3520 2430 3647 2487 suis
3685 2429 3798 2486 vir-

2149 2523 2274 2574 tute
2305 2518 2509 2573 melior
2538 2518 2843 2588 existeret,
2880 2533 3351 2591 unumquemque
3381 2519 3452 2575 ad
3486 2519 3795 2575 doctorum

2148 2606 2344 2663 studia
2366 2606 2713 2675 destinavit,
2729 2608 2833 2662 sed
2857 2607 3076 2663 desidia
3101 2607 3544 2679 disciplinarum
3570 2606 3797 2664 indocti

2150 2695 2473 2751 redierunt.
2508 2697 2646 2750 Post
2680 2693 2812 2751 illos
2843 2702 3036 2751 autem
3060 2695 3564 2753 adolescentulum
3588 2697 3800 2768 Hyrca-

2149 2799 2285 2842 num
2319 2784 2670 2856 transmisit,
2706 2786 2853 2841 viam
2884 2784 3131 2843 duorum
3164 2785 3391 2844 dierum
3424 2787 3496 2843 ad
3526 2786 3801 2844 solitudi-

2152 2889 2279 2930 nem
2313 2873 2623 2943 seminare,
2658 2874 2804 2930 dans
2831 2874 2883 2931 ei
2916 2876 3171 2946 300juga
3194 2877 3389 2947 boum,
3424 2876 3526 2933 sed
3556 2876 3805 2934 abscon-

2153 2962 2298 3018 dens
2330 2962 2452 3018 lora
2489 2963 2699 3032 quibus
2733 2960 3076 3033 ligarentur.
3112 2966 3370 3035 Cumque
3391 2963 3683 3021 adlocum
3706 2978 3804 3022 ve-

2154 3051 2306 3106 niret
2341 3056 2401 3107 et
2431 3052 2553 3108 lora
2585 3066 2697 3108 non
2730 3051 2993 3123 haberet,
3028 3052 3411 3109 suadentibus
3440 3052 3805 3120 aratoribus,

2155 3144 2216 3195 ut
2241 3155 2345 3210 pro
2371 3140 2460 3195 his
2481 3138 2794 3197 afferendis
2831 3141 3063 3197 domum
3095 3140 3553 3212 transmitteret,
3577 3138 3683 3197 ille
3712 3155 3813 3197 no-

2158 3227 2283 3284 lens
2316 3232 2545 3300 tempus
2569 3228 2914 3301 deperdere,
2942 3230 3158 3286 occidit
3179 3230 3381 3288 decem
3406 3228 3686 3300 jugorum
3712 3230 3813 3287 bo-

2156 3331 2282 3388 ves,
2314 3322 2373 3372 et
2404 3332 2612 3374 carnes
2644 3318 2877 3388 quidem
2905 3319 3194 3389 operariis
3222 3318 3403 3388 dedit,
3439 3317 3629 3391 pelles
3667 3332 3811 3376 vero

2159 3404 2440 3471 incidens,
2474 3406 2797 3463 retinacula
2834 3406 2973 3462 fecit
3010 3426 3022 3461 :
3064 3407 3267 3478 sicque
3298 3406 3582 3465 seminata
3619 3412 3811 3480 terra,

2161 3494 2232 3549 ad
2258 3498 2480 3564 patrem
2502 3495 2698 3550 rediit.
2727 3496 2841 3550 Pro
2865 3510 2977 3565 qua
3003 3496 3211 3552 mentis
3232 3497 3461 3566 argutia
3484 3500 3657 3568 pater
3679 3510 3813 3553 eum

2164 3582 2411 3651 benigne
2441 3583 2787 3654 suscipiens,
2816 3583 3059 3641 nimium
3092 3583 3321 3656 dilexit,
3357 3583 3515 3656 quod
3551 3584 3606 3641 ei
3655 3585 3817 3657 apud

2164 3671 2383 3726 fratres
2415 3670 2689 3727 invidiam
2723 3672 3049 3729 suscitavit.

2194 3790 2201 3797 ι
2238 3759 2370 3814 Post
2404 3760 2525 3814 haec
2554 3760 2890 3815 nunciatum
2922 3766 3010 3816 est
3041 3759 3313 3832 Iosepho,
3349 3759 3528 3819 illium
3568 3761 3815 3821 Ptholo.

2165 3862 2289 3903 meo
2313 3852 2468 3918 regis
2482 3848 2740 3917 genitum
2756 3862 2906 3918 esse,
2922 3864 3238 3920 omnesque
3259 3850 3552 3922 principes
3572 3852 3812 3923 provin-

2166 3935 2383 3992 ciarum
2420 3937 2489 3991 ad
2524 3934 2937 3992 celebrandum
2969 3937 3223 3993 natalem
3254 3938 3419 4009 pueri
3471 3938 3622 3994 diem
3678 3952 3814 3996 cum

2170 4030 2455 4097 apparatu
2488 4025 2733 4081 maximo
2768 4026 3176 4082 Alexandriam
3206 4026 3311 4083 ire.
3370 4024 3627 4097 Cumque
3682 4028 3814 4099 ipse

2167 4113 2253 4169 ire
2286 4113 2447 4169 senio
2474 4113 2903 4184 prohiberetur,
2929 4114 3313 4185 interrogavit
3343 4114 3495 4172 ﬁlios
3516 4129 3655 4171 suos
3687 4116 3820 4187 quis

2168 4215 2369 4257 corum
2400 4200 2579 4257 vellet
2607 4201 2691 4255 ire
2721 4200 2793 4256 ad
2818 4215 3029 4272 regem.
3055 4202 3373 4273 Maioribus
3397 4204 3818 4263 recusantibus

2168 4295 2225 4345 et
2257 4291 2549 4361 Hyeanum
2570 4289 2678 4345 hoc
2702 4290 2891 4346 facere
2919 4305 3091 4361 posse
3124 4291 3479 4364 dicentibus,
3509 4293 3817 4352 consuluit

2169 4380 2380 4450 ipsum.
2417 4378 2524 4445 Qui
2556 4394 2688 4435 cum
2720 4393 2784 4436 se
2813 4378 3176 4451 promisisset
3204 4380 3441 4452 iturum,
3495 4381 3540 4439 si
3584 4386 3820 4440 tantum

410 4470 524 4522 tem
548 4466 721 4522 Onias
742 4468 1022 4536 parvulus
1047 4476 1238 4526 mente
1261 4478 1316 4527 et
1341 4488 1553 4529 avarus
1581 4473 1839 4545 pecuniae
1871 4473 2054 4529 vceti-
2082 4458 2137 4519 D
2169 4468 2426 4524 misisset
2452 4466 2761 4538 epistolam
2785 4469 2985 4524 Arioni
3014 4468 3408 4542 dispensatori
3432 4470 3819 4541 pecuniarum

409 4552 502 4624 gal
529 4554 680 4623 quod
716 4560 915 4625 patres
948 4556 1074 4625 ejus
1104 4574 1208 4629 pro
1231 4560 1443 4631 populo
1468 4561 1705 4630 dabant,
1725 4560 1954 4618 scilicet
1982 4565 2054 4617 20

412 4640 655 4713 talenta,
703 4658 813 4699 non
865 4646 1141 4716 reddidit,
1198 4649 1345 4704 unde
1399 4664 1593 4719 regem
1648 4649 2053 4707 Ptholomeum

411 4730 484 4787 ad
515 4732 658 4787 iram
685 4736 1042 4803 provocavit.
1078 4735 1184 4801 Qui
1236 4738 1473 4794 mittens
1513 4737 1767 4808 legatum
1827 4739 2054 4797 nomine

413 4820 794 4877 Athenionem
869 4821 925 4876 in
974 4823 1353 4896 Hierusalem,
1398 4825 1669 4898 culpabat
1726 4827 1946 4898 Oniam,
1995 4832 2056 4884 et

414 4909 666 4964 minatus
696 4913 789 4964 est
818 4911 969 4980 quod
1004 4915 1219 4968 terram
1250 4915 1560 4971 metiretur
1618 4914 1689 4969 ad
1734 4915 1960 4987 jugera,
1995 4921 2057 4973 et

415 4995 672 5052 mitteret
699 4998 794 5067 qui
820 4999 1152 5056 habitarent
1177 5003 1231 5056 in
1257 5017 1345 5058 ea.
1372 5004 2059 5062 AudientesIudaeiman-

415 5082 547 5141 data
580 5086 759 5156 regis,
794 5088 1204 5159 turbabantur,
1239 5090 1438 5146 Oniam
1472 5106 1610 5148 vero
1643 5092 1820 5149 nichil
1852 5093 2058 5151 horum

413 5168 688 5230 ﬂectebat
715 5179 959 5248 propter
998 5179 1308 5237 avariciam
1360 5194 1545 5238 suam.
1602 5180 1768 5249 Quod
1817 5183 2061 5239 audiens

2168 4573 2315 4630 quas
2349 4555 2468 4627 regi
2501 4555 2775 4628 debedat,
2811 4561 2873 4614 ut
2903 4557 3072 4615 daret
3100 4558 3154 4615 ei
3197 4559 3502 4632 pecuniam
3543 4573 3824 4619 necessa-

2169 4647 2335 4717 riam,
2362 4646 2496 4702 data
2518 4645 2771 4718 epistola
2795 4646 3017 4704 dimisit
3035 4662 3188 4705 eum.
3215 4649 3450 4705 Fratres
3471 4653 3673 4706 autem
3687 4649 3821 4720 ejus

2168 4736 2505 4792 scribebant
2537 4735 2807 4792 omnibus
2837 4736 3041 4793 amicis
3066 4736 3313 4808 regis,ut
3362 4751 3494 4795 eum
3527 4737 3829 4795 interﬁce-

2170 4829 2320 4880 rent.
2354 4824 2462 4890 Qui
2492 4840 2624 4881 cum
2650 4825 2913 4882 venisset
2954 4824 3025 4858 ²⁷⁸
3068 4824 3496 4897 Alexandriam,
3548 4827 3826 4898 porrexit

2172 4912 2371 4968 Arioni
2403 4912 2733 4986 epistolam,
2770 4914 3146 4987 acceptisque
3164 4914 3234 4971 ab
3262 4930 3333 4973 eo
3360 4913 3519 4972 mille
3549 4913 3826 4987 talentis,

2173 4999 2430 5058 latenter
2461 5003 2703 5061 accessit
2720 5003 2791 5060 ad
2824 5005 3248 5075 negotiatores,
3274 5007 3334 5061 et
3357 5010 3726 5075 comparavit
3751 5005 3830 5063 ab

2173 5090 2261 5148 eis
2284 5096 2516 5151 centum
2538 5108 2753 5165 pueros
2774 5093 3027 5150 scientes
3058 5093 3311 5166 litteras,
3344 5108 3833 5167 unumquemque

2172 5181 2397 5239 talento
2434 5198 2565 5251 uno,
2601 5188 2662 5241 et
2690 5187 2923 5241 centum
2972 5182 3251 5256 virgines,
3297 5181 3559 5255 singulas
3608 5184 3835 5242 eodem

1766 5400 2006 5461 VARLE
2045 5403 2446 5465 LECTIONES.

483 5539 555 5585 ’⁸⁸
580 5542 727 5610 XIIII
757 5545 846 5605 90.
867 5541 937 5584 "°
962 5543 1128 5613 misit
1147 5551 1238 5613 eo.
1268 5546 1337 5590 ’τί
1367 5548 1527 5614 deost
1553 5554 1607 5615 tt.
1638 5548 1707 5591 ³⁷⁸
1738 5552 1937 5614 thobia
1969 5554 2126 5616 5.1"
2146 5557 2443 5618 venissent
2474 5562 2527 5618 ις.
