3992 6054
214 324 332 391 621

1106 322 1548 391 CHRONICA.
1582 362 1660 374 —
1688 321 2165 390 CHRONICON
2207 322 2755 393 UNIVERSALE.

3511 332 3628 399 6‘22

218 462 437 536 precio.
476 461 798 535 Susceptus
826 464 1019 519 autem
1053 462 1302 532 benigne
1333 478 1363 519 a
1395 476 1531 533 rege
1554 464 1613 518 et
1638 459 1707 517 ad
1738 474 1874 517 con-
1901 459 1957 521 A
1991 459 2264 532 scalpens
2291 461 2542 519 diversis
2575 462 2942 533 animalibus,
2980 462 3223 537 reliquis
3253 466 3425 525 etiam
3450 470 3628 527 aedifi-

215 553 437 611 vivium
469 554 597 624 ejus
627 552 931 621 invitatus,
982 552 1355 608 discumbens
1400 567 1528 609 cum
1579 550 1874 623 prioribus

214 643 676 715 provinciarum,
736 641 978 697 ultimus
1035 642 1288 697 omnium
1346 640 1517 711 sedit,
1585 646 1872 710 tamquam

216 746 369 804 puer
401 732 473 787 ab
493 731 760 787 omnibus
786 730 1088 801 deSpectui
1114 730 1368 787 habitus.
1398 731 1652 800 Cumque
1675 741 1875 783 omnes

213 835 351 877 ossa
387 818 652 875 ciborum
688 822 823 873 ante
856 818 1017 873 illum
1044 818 1096 871 in
1124 833 1317 873 mensa
1343 818 1720 888 projicerent,
1751 816 1877 886 ipso

212 914 482 978 tacente,
513 907 764 978 Triphon
802 907 1058 978 quidam,
1098 907 1193 977 qui
1229 906 1296 961 ad
1327 906 1698 961 convivarum
1723 905 1877 960 risus

213 1000 392 1068 aptus
416 1001 565 1065 erat,
591 995 935 1063 rogantibus
961 993 1421 1064 convivis,juxta
1447 1008 1702 1049 mensam
1727 991 1881 1061 regis

213 1086 525 1156 assistens,
558 1083 637 1138 ait
674 1083 797 1152 regi
825 1103 836 1136 :
885 1084 1073 1153 Vides,
1105 1083 1359 1153 domine,
1392 1082 1725 1154 anteposita
1749 1094 1882 1137 ossa

210 1174 502 1247 Hyrcano
523 1181 548 1230 ?
573 1174 674 1229 Εω
704 1171 811 1228 hoc
830 1172 1054 1243 coizjice
1074 1172 1229 1243 quod
1243 1173 1304 1228 et
1316 1173 1490 1243 pater
1512 1173 1639 1242 ejus
1658 1170 1747 1227 sic
1768 1183 1884 1225 om-

209 1276 349 1321 nem
360 1263 614 1334 Syriam
632 1260 979 1330 denudavit,
1012 1262 1172 1317 sicut
1189 1260 1310 1316 liceo
1335 1274 1463 1318 ossa
1483 1262 1595 1317 iste
1623 1275 1661 1317 a
1690 1259 1886 1317 carni-

219 1350 720 1424 busexspoliacit.
740 1349 1194 1406 Ridenteautem
1211 1364 1347 1419 rege
1365 1350 1437 1405 ad
1453 1350 1629 1406 verba
1642 1349 1884 1421 Tripho-

218 1442 311 1498 nis
344 1446 401 1497 et
427 1441 824 1508 interrogante
854 1439 1178 1508 llyrcanum
1212 1454 1318 1494 cur
1351 1443 1509 1494 tanta
1564 1454 1697 1494 ossa
1750 1443 1883 1493 ante

214 1546 349 1588 eum
378 1531 640 1601 jacerent
670 1547 681 1581 :
716 1526 883 1598 Apte,
925 1526 1137 1597 inquit,
1169 1527 1422 1597 domine,
1485 1541 1627 1583 nam
1684 1530 1883 1584 canes'

213 1634 447 1692 semper
473 1632 608 1675 ossa
639 1630 769 1672 cum
790 1614 1075 1672 carnibus
1098 1616 1402 1686 decorant,
1427 1616 1586 1672 sicut
1604 1616 1708 1672 isti
1718 1604 1884 1687 fece:

207 1708 376 1778 rant,
402 1706 540 1763 ante
561 1720 702 1777 quos
714 1718 846 1760 ossa
864 1719 918 1759 m
929 1704 1077 1759 inim
1085 1705 1151 1773 ej
1155 1704 1360 1775 acent;
1372 1703 1631 1760 homines
1646 1717 1779 1759 vero
1793 1717 1881 1760 eo-

208 1794 461 1854 medant
480 1807 584 1851 ear
594 1807 715 1862 nes,
741 1804 874 1848 ossa
889 1791 1118 1862 aatemj
1128 1792 1349 1848 uetant.
1367 1791 1522 1863 quod
1542 1790 1599 1847 et
1610 1804 1711 1861 ego
1735 1789 1856 1846 tam
1906 1813 1962 1875 Β

219 1900 407 1959 quam
439 1884 606 1940 homo
646 1895 803 1938 nunc
834 1880 986 1953 feci.
1040 1882 1160 1935 Rex
1210 1885 1401 1937 autem
1462 1880 1705 1935 miratus
1753 1879 1879 1948 ejus

216 1988 570 2046 responsum
621 1975 739 2027 tam
790 1970 1088 2041 sapienter
1144 1968 1386 2039 dictum,
1441 1967 1616 2037 jussit
1676 1980 1877 2023 omnes

214 2064 523 2138 plaudere,
560 2062 803 2117 verbum
835 2060 961 2130 ejus
993 2058 1320 2114 laudantes.
1348 2060 1590 2113 Postera
1614 2072 1755 2114 vero
1786 2056 1879 2112 die

212 2155 523 2224 Hyrcanus
553 2150 623 2207 ad
659 2163 1125 2219 unumquemque
1159 2147 1310 2217 regis
1340 2148 1585 2203 amicum
1630 2161 1881 2221 pergens

211 2248 273 2299 et
299 2241 369 2297 ad
395 2244 666 2312 potentes
692 2236 861 2307 aulae,
887 2236 1161 2293 salutavit
1187 2251 1306 2292 eos.
1337 2238 1596 2292 Instante
1620 2251 1761 2291 vero
1786 2235 1879 2290 die

211 2328 396 2387 natali
431 2327 532 2383 ﬁlii
565 2326 741 2397 regis,
779 2326 1074 2397 principes
1106 2326 1227 2395 regi
1270 2324 1592 2381 offerebant
1639 2324 1707 2357 ’⁷⁸
1760 2340 1880 2399 mu_

211 2433 378 2482 nera,
416 2417 513 2488 qui
552 2416 817 2486 multum,
852 2430 966 2471 non
1000 2415 1131 2486 plus
1171 2429 1341 2485 quam
1374 2413 1581 2485 viginti
1631 2413 1871 2484 talenta,

216 2511 521 2579 Hyrcanus
535 2505 605 2561 ad
626 2505 820 2575 itaque
835 2518 1138 2561 assumens
1157 2518 1371 2574 pueros
1383 2508 1438 2558 et
1456 2503 1713 2573 virgines
1729 2517 1876 2581 quos

214 2599 681 2668 comparaverat,
709 2594 873 2650 dedit
920 2592 1233 2663 unicuique
1278 2591 1560 2647 talentum
1614 2597 1869 2663 portare,

215 2690 275 2743 et
308 2700 526 2758 pueros
557 2684 791 2755 quidem
824 2681 1040 2754 optulit
1065 2682 1208 2751 regi,
1237 2680 1462 2753 puellas
1487 2686 1677 2737 autem
1714 2681 1875 2737 Cleo-

220 2780 411 2848 patrae
443 2775 678 2844 reginae.
715 2772 995 2829 Omnibus
1029 2772 1207 2841 igitur
1250 2770 1699 2854 munificentiam
1747 2769 1873 2838 ejus

215 2863 690 2933 ammirantibus,
725 2878 829 2919 rex
860 2862 1157 2917 honorans
1182 2875 1313 2916 cum
1344 2860 1669 2915 liberaliter
1699 2863 1755 2915 et
1777 2859 1875 2914 do-

216 2952 490 3008 nationes
520 2952 790 3023 copiosas
836 2955 1123 3022 prestans,
1175 2948 1328 3020 patri
1379 2954 1437 3004 et
1485 2948 1767 3005 fratribus
1815 2950 1872 3003 et

212 3042 485 3098 omnibus
519 3040 964 3110 magistratibus
995 3039 1213 3109 scripta
1248 3054 1355 3109 pro
1405 3052 1473 3094 eo
1522 3036 1870 3093 transmisit.

212 3129 537 3186 Audientes
583 3126 1039 3185 autem'fratrcs
1086 3127 1233 3197 ejus,
1287 3126 1426 3183 talia
1477 3140 1606 3182 eum
1660 3140 1690 3180 a
1739 3140 1875 3195 rege
1909 3168 1959 3232 C

218 3219 507 3275 meruisse
531 3222 740 3274 etcum
766 3232 973 3287 magno
998 3217 1215 3273 reverti
1240 3217 1459 3272 honore
1482 3215 1570 3285 ³⁷³,
1598 3216 1652 3270 in
1676 3229 1879 3271 occur-

217 3323 348 3363 sum
380 3308 509 3377 ejus
548 3308 748 3377 egredi
801 3323 864 3363 sc
916 3306 1279 3377 simulantes,
1333 3304 1663 3361 interficere
1715 3303 1877 3359 illum

215 3397 550 3453 omnimodo
582 3398 992 3466 decreverunt,
1046 3396 1221 3451 etiam
1271 3401 1439 3466 patre
1491 3396 1730 3461 sciente,
1783 3393 1880 3463 qui

218 3492 463 3557 pr0pter
492 3487 771 3558 pecunias
805 3500 949 3557 quas
981 3485 1103 3555 regi
1146 3484 1439 3555 optulerat
1491 3484 1882 3561 irascebatur,

218 3574 325 3631 sed
360 3590 555 3645 regem
592 3576 818 3639 timens.
870 3575 1013 3631 iram
1060 3574 1309 3630 celabat.
1368 3574 1881 3631 Committentibus

224 3668 421 3719 autem
455 3664 741 3721 adversus
764 3680 894 3721 eum
929 3663 1209 3719 fratribus
1241 3678 1511 3733 pugnam,
1549 3663 1764 3719 multos
1794 3677 1883 3720 eo.

223 3767 354 3808 rum
390 3768 488 3823 qui
523 3754 918 3823 sequebantur
942 3751 1156 3807 occidit
1188 3766 1317 3807 cum
1348 3751 1579 3807 duobus
1602 3750 1882 3807 fratribus

224 3842 390 3909 suis;
424 3841 608 3897 ceteri
643 3846 835 3898 autem
869 3841 938 3897 ad
962 3846 1183 3912 patrem
1209 3839 1650 3895 llierosolimam
1685 3840 1881 3896 confu-

221 3935 456 3999 gerunt.
492 3930 597 3996 Qui
635 3935 941 4001 postquam
976 3929 1045 3984 ad
1077 3928 1373 3985 civitatem
1397 3928 1576 3998 venit,
1622 3926 1781 3983 nullo
1817 3942 1879 3983 se

226 4019 608 4091 suscipiente,
645 4018 921 4075 discessit
951 4024 1112 4074 trans
1135 4018 1445 4073 Iordanem
1481 4016 1739 4086 fluvium,
1777 4016 1881 4071 ibi-

229 4122 343 4178 que
365 4112 713 4176 remoratus,
743 4107 1048 4177 vectigalia
1074 4107 1348 4176 exigebat
1380 4120 1409 4160 a
1444 4104 1735 4161 barbaris.
1772 4106 1882 4160 Per

228 4197 387 4252 idem
413 4201 607 4254 autem
634 4204 867 4268 tempus
888 4197 1168 4266 regnabat
1195 4196 1251 4250 in
1276 4194 1410 4251 Asia
1444 4194 1746 4264 Seleucus,
1782 4193 1880 4265 qui

229 4284 542 4342 dicebatur
584 4285 811 4355 Sother,
858 4285 1015 4341 filius
1055 4282 1323 4340 Antiochi
1364 4282 1567 4351 Magni.

299 4376 624 4432 Defunctus
653 4379 743 4431 est
779 4378 972 4431 autem
994 4373 1172 4431 Onias
1199 4374 1485 4447 pontifex,
1512 4372 1668 4429 filius
1689 4372 1883 4444 Symo-

226 4464 323 4521 nis
353 4464 503 4521 Iusti
538 4464 737 4521 fratris
770 4463 1052 4534 Eleazari,
1084 4462 1407 4520 avunculus
1437 4461 1670 4534 Iosephi
1696 4461 1883 4532 patris

234 4554 506 4625 Hyrcani,
543 4554 934 4626 principatum
967 4553 1283 4610 sacerdotii
1319 4552 1732 4622 derelinquens
1764 4549 1884 4605 filio

229 4658 340 4701 suo
378 4645 628 4714 Symoni.
664 4645 927 4701 Mortuus
953 4647 1044 4700 est
1077 4648 1270 4699 autem
1304 4647 1362 4698 et
1392 4642 1702 4714 Iosephus,
1735 4640 1885 4710 ejus-

230 4747 345 4803 que
369 4741 555 4789 morte
571 4733 823 4803 contigit
838 4733 1185 4789 seditionem
1202 4732 1323 4803 pati
1342 4730 1616 4804 populum
1643 4737 1885 4803 propter

227 4820 387 4879 filios
418 4824 713 4893 ejus.Nam
738 4823 1058 4893 majoribus
1082 4821 1295 4878 bellum
1318 4822 1659 4891 gerentibus
1678 4825 1882 4877 contra

226 4912 584 4982 Hyrcanum,
603 4912 887 4968 dissensit
904 4914 977 4969 ab
993 4912 1235 4968 invicem
1253 4910 1589 4981 multitudo,
1606 4915 1665 4965 et
1680 4909 1882 4981 plures

235 5000 470 5070 quidem
505 5001 1120 5071 majoribusfratribus
1150 5000 1428 5058 auxilium
1455 5002 1716 5055 ferebant
1748 5014 1881 5055 cum

237 5088 507 5161 principe
541 5092 913 5147 sacerdotum
949 5092 1213 5161 Symone,
1250 5090 1655 5161 quicognatus
1679 5103 1881 5143 eorum

228 5182 293 5233 et
325 5177 514 5234 affinis
534 5184 680 5234 erat.
708 5180 1009 5251 Hyrcanus
1030 5184 1223 5235 autem
1250 5178 1554 5234 discedens
1578 5178 1649 5232 ab
1684 5176 1884 5231 Hiero-

226 5265 442 5323 solima
465 5270 632 5325 trans
653 5270 985 5340 Iordanem,
1013 5268 1219 5325 turrim
1244 5268 1322 5323 ibi
1344 5267 1655 5324 aedificavit
1677 5266 1884 5322 firmis-

219 5356 430 5415 simam
463 5371 537 5415 ex
564 5356 760 5432 lapide
788 5358 944 5431 albo,
976 5363 1036 5416 et
1083 5362 1266 5416 totam
1313 5372 1496 5429 usque
1546 5355 1619 5414 ad
1662 5360 1881 5412 terram

1992 549 2098 605 ciis
2129 548 2316 607 locum
2350 552 2596 627 munivit
2625 568 2793 622 quem
2825 554 3031 623 Tyrum
3075 558 3449 626 nuncupavit.
3494 561 3628 615 Prc-

1992 638 2103 693 fuit
2128 647 2319 695 autem
2348 639 2749 710 illispartibus
2772 655 2873 711 per
2898 656 3077 697 annos
3098 648 3183 712 12,
3201 646 3349 699 omni
3369 653 3626 717 tempore

1990 740 2103 795 quo
2126 726 2424 797 Seleucus,
2455 727 2606 784 filius
2622 729 3107 800 AntiochiMagni,
3130 732 3307 801 Syriae
3344 736 3623 802 regnavit.

1992 813 2114 879 Quo
2147 820 2392 885 mortuo,
2432 818 2609 872 frater
2642 816 2767 886 ejus
2800 819 3122 875 Antiochus
3158 822 3486 891 Epiphanes
3540 840 3630 879 re-

1988 916 2162 972 gnum
2195 904 2467 959 obtinuit.
2504 905 2681 970 Qucm
2717 911 2981 961 metuens
3015 906 3332 978 Hyrcanus,
3368 926 3437 965 ne
3467 913 3628 968 abeo

1991 992 2301 1046 tormentis
2332 992 2662 1048 afﬁceretur
2692 1009 2798 1064 pro
2845 995 2934 1049 his
2986 1010 3112 1064 quae
3156 1001 3359 1053 contra
3410 1001 3632 1055 Arabas

1992 1084 2212 1150 egerat,
2247 1080 2425 1136 vitam
2461 1081 2692 1152 prepria
2726 1098 2893 1139 manu
2932 1081 3134 1138 finivit.
3172 1085 3347 1153 Cujus
3369 1088 3632 1143 substan—

1994 1167 2132 1223 tiam
2163 1169 2485 1225 Antiochus
2518 1169 2625 1224 sibi
2659 1170 2963 1240 applicuit.
3007 1172 3266 1229 Mortuus
3299 1177 3385 1230 cst
3436 1182 3629 1233 autem

1993 1260 2049 1311 et
2100 1258 2305 1326 Symon
2353 1257 2632 1328 pontifex,
2670 1257 2823 1314 filius
2874 1259 3052 1329 Onias,
3108 1262 3442 1332 relinquens
3505 1271 3630 1322 tres

1993 1342 2166 1415 filios,
2208 1344 2407 1401 Oniam
2445 1346 2701 1416 Ibesum,
2747 1347 2946 1403 Oniam
2990 1349 3113 1403 sive
3161 1353 3437 1409 Ananiam
3472 1374 3485 1422 ;
3528 1360 3630 1414 sed

1994 1433 2145 1504 patri
2171 1432 2347 1489 Onias
2378 1434 2432 1489 in
2474 1435 2791 1491 sacerdotii
2827 1436 3042 1492 honore
3077 1442 3365 1496 successit
3402 1461 3415 1509 ;
3451 1452 3509 1500 ct
3541 1448 3630 1505 hic

1993 1526 2083 1577 est
2117 1522 2187 1577 ad
2220 1536 2389 1592 quem
2425 1524 2596 1579 Arius
2629 1538 2731 1579 rex
2765 1525 3121 1595 Spartarum,
3158 1528 3214 1582 id
3245 1534 3333 1584 est
3380 1532 3627 1591 Lacede-

1992 1612 2314 1669 moniorum
2339 1612 2618 1684 epistolas
2651 1614 2829 1683 misit,
2865 1614 3066 1670 dicens
3098 1617 3329 1673 Iudaeos
3362 1627 3420 1675 et
3464 1623 3631 1681 Lace-

1991 1699 2268 1757 demones
2298 1716 2368 1757 ex
2398 1716 2510 1757 uno
2531 1716 2745 1772 genere
2778 1702 3022 1758 Abrahae
3054 1702 3450 1765 descendisse.

2065 1787 2164 1857 (H.
2200 1791 2301 1861 m.)
2350 1792 2511 1845 Anno
2561 1790 2632 1844 ab
2678 1790 2830 1846 Urbe
2878 1790 3630 1863 condita'quingentcsimo

1992 1876 2471 1949 quinquagesimo
2531 1878 2735 1949 primo,
2785 1878 2879 1948 qui
2929 1879 3251 1937 Ptholomei
3302 1885 3631 1956 Epyphanis

1990 1973 2366 2039 computatur
2395 1967 2567 2023 etiam
2594 1968 2834 2038 primus,
2860 1968 3021 2023 Titus
3046 1969 3293 2034 Quintus
3318 1973 3632 2032 Flaminius

1990 2060 2195 2114 contra
2220 2056 2549 2127 Philippum
2581 2056 2926 2112 Macedonia)
2959 2072 3151 2125 regem
3185 2061 3395 2117 missus
3424 2066 3534 2133 est,
3571 2071 3630 2121 ct

1992 2150 2125 2218 post
2151 2145 2350 2216 przelia
2376 2144 2577 2215 multa,
2610 2145 2823 2215 quibus
2858 2146 3198 2203 Macedones
3228 2150 3389 2221 vicit,
3423 2168 3627 2223 pacem

1989 2240 2257 2312 Philippo
2285 2240 2467 2309 dedit,
2495 2242 2605 2297 sub
2636 2239 2969 2297 conditione
2990 2243 3165 2298 etiam
3192 2246 3544 2303 Demetrium
3570 2250 3630 2304 fi-

1990 2329 2129 2386 lium
2163 2344 2331 2385 suum
2362 2329 2624 2385 obsidem
2658 2328 2838 2385 dedit.
2893 2331 2989 2397 (Η.
3040 2333 3137 2399 R.)
3196 2333 3627 2393 Lacedcmoniis

1990 2432 2221 2489 quoque
2240 2417 2451 2474 bellum
2466 2418 2628 2474 Titus
2649 2418 2797 2473 idem
2816 2418 3370 2492 intulit,ducemquc
3395 2424 3628 2482 illorum

1988 2507 2264 2561 Navidcm
2296 2506 2436 2561 vicit
2466 2508 2526 2560 et
2560 2505 2772 2575 quibus
2801 2506 2985 2562 voluit
3014 2508 3446 2568 conditionibus
3479 2513 3531 2568 in
3567 2513 3630 2569 fi-

1988 2596 2116 2651 dem
2151 2593 2401 2665 accepit,
2447 2594 2665 2663 ingenti
2716 2594 2900 2664 gloria
2949 2595 3349 2670 triumphavit,
3403 2602 3626 2660 ducens

1988 2687 2121 2739 ante
2144 2698 2381 2739 currum
2406 2698 2570 2739 suum
2586 2683 2982 2740 nobilissimos
2997 2686 3249 2755 obsides,
3275 2690 3628 2749 Demetrium

1986 2772 2239 2843 Philippi
2284 2771 2463 2828 filium
2523 2776 2579 2827 et
2640 2775 2943 2829 Armenem
3004 2776 3253 2831 Navidis.
3315 2780 3628 2839 Transacto

1988 2860 2142 2917 bello
2185 2862 2571 2930 Macedonico,
2609 2866 2873 2918 secutum
2939 2868 3030 2919 est
3077 2865 3393 2936 Syriacum.
3447 2872 3628 2941 (HlER.

1985 2950 2052 3007 in
2072 2952 2226 3006 Dan.
2255 2982 2325 2989 —
2345 2951 2423 3006 Η.
2448 2951 2553 3021 m.)
2579 2950 2899 3007 Antiochus
2926 2951 3122 3022 itaque
3139 2954 3375 3023 Magnus
3405 2972 3498 3013 rex
3536 2962 3631 3030 Sy-

1987 3038 2109 3109 ria),
2142 3054 2271 3095 cum
2305 3053 2545 3108 regnum
2575 3039 2776 3108 generi
2807 3039 2875 3072 ’⁷⁸
2904 3040 2991 3095 sui
3026 3043 3346 3099 Ptholomei
3390 3047 3632 3118 Epipha-

1987 3128 2078 3184 nis
2116 3128 2380 3184 obtinere
2422 3143 2532 3184 non
2579 3132 2799 3199 posset,
2846 3130 3022 3183 vertit
3074 3145 3137 3185 se
3186 3132 3258 3187 ad
3310 3132 3522 3205 Asiam,
3572 3143 3632 3192 et

1989 3216 2179 3272 navali
2226 3216 2543 3273 certamine
2588 3216 2845 3273 obtinuit
2888 3218 3149 3274 Rhodum
3190 3225 3245 3275 et
3297 3223 3524 3279 Samum
3574 3231 3634 3283 et

1992 3306 2135 3361 alias
2160 3305 2375 3362 insulas
2397 3304 2629 3375 multas,
2647 3305 2856 3362 deinde
2871 3310 3076 3362 contra
3090 3310 3377 3367 Romanos
3398 3318 3633 3370 struens

1994 3393 2232 3464 bellum,
2264 3410 2335 3451 ex
2369 3394 2499 3451 Asia
2534 3395 2743 3450 transit
2792 3395 2849 3450 in
2898 3397 3201 3469 Europam.
3254 3402 3409 3457 Tunc
3458 3403 3632 3459 etiam

1994 3483 2277 3539 Hannibal
2317 3483 2578 3540 exhiberi
2618 3485 2853 3540 Romam
2887 3484 3084 3555 jussus
3123 3502 3152 3542 a
3203 3495 3430 3561 senatu,
3487 3492 3634 3548 clam

1994 3589 2067 3630 ex
2089 3575 2281 3629 Africa
2312 3574 2630 3644 profectus,
2656 3588 2725 3629 ne
2746 3574 3013 3630 Romanis
3032 3576 3384 3649 traderetur,
3423 3580 3490 3635 ad
3529 3582 3637 3635 An-

1997 3663 2251 3719 tiochum
2295 3662 2566 3732 migravit
2604 3662 2773 3733 eique
2815 3678 2874 3719 se
2922 3665 3241 3733 conjunxit.
3286 3669 3463 3734 Quem
3504 3686 3634 3725 cum

1993 3752 2145 3823 apud
2177 3751 2462 3823 Ephesum
2498 3750 2817 3807 invenisset
2848 3758 3221 3810 cunctantem
3270 3772 3396 3811 mox
3423 3758 3490 3813 ad
3518 3755 3638 3814 bel-

1994 3840 2109 3897 lum
2142 3839 2390 3910 impulit.
2429 3841 2612 3910 (Ηῐειι.
2640 3839 2678 3894 l.
2705 3841 2740 3896 Ζ.
2776 3872 2844 3882 --
2875 3843 2953 3896 Η.
2986 3843 3084 3912 m.)
3117 3844 3226 3899 Sed
3258 3847 3518 3901 occurrit
3550 3848 3638 3904 eis

1944 3998 1949 4005 ~
1995 3929 2187 4000 Scipio
2210 3929 2413 3983 Nasica
2448 3943 2576 3983 cum
2610 3929 2790 3983 fratre
2814 3945 2919 3985 suo
2941 3931 3206 4002 Scipione
3231 3934 3524 4005 Africano,
3563 3937 3640 3993 is-

1995 4018 2240 4088 demque
2264 4014 2570 4073 Africanus
2597 4017 2879 4073 familiare
2901 4018 3259 4090 colloquium
3282 4039 3410 4078 cum
3433 4024 3639 4081 llanui-

1996 4106 2125 4164 bale
2156 4106 2378 4175 habuit,
2411 4104 2512 4161 sed
2544 4105 2760 4162 infecto
2790 4108 3044 4178 negotio,
3079 4111 3151 4165 ab
3184 4112 3469 4168 Antiocho
3527 4114 3642 4169 dis-

1993 4196 2195 4253 cessit.
2225 4194 2498 4265 Sequenti
2520 4210 2668 4251 auno
2688 4195 2835 4250 idem
2866 4196 3057 4267 Scipio
3083 4199 3388 4256 Africanus
3430 4202 3639 4258 llanni-

1999 4286 2208 4349 balem,
2229 4285 2323 4356 qui
2350 4289 2487 4340 tunc
2503 4284 2769 4341 Antiochi
2795 4285 2971 4341 classi
2998 4293 3249 4359 preerat,
3278 4291 3466 4346 navali
3492 4305 3639 4361 prce-

1997 4374 2075 4431 lio
2107 4374 2246 4430 vicit
2276 4376 2333 4429 et
2369 4374 2630 4443 fugavit;
2667 4375 2848 4431 frater
2882 4390 3109 4447 quoque
3140 4378 3267 4448 ejus
3311 4379 3522 4435 Lucius
3569 4378 3638 4413 ²τ⁷

1999 4462 2303 4519 Cornelius
2333 4462 2525 4533 Scipio
2558 4463 2762 4519 Nasica
2804 4465 3027 4535 consul,
3070 4466 3290 4523 habens
3329 4467 3385 4523 in
3419 4468 3637 4524 auxilio

1912 4528 1965 4589 D
1997 4554 2312 4621 Eumenen,
2344 4528 2525 4607 Attali
2556 4552 2712 4622 regis
2745 4528 3259 4624 fratrem,'ingenti
3286 4557 3487 4629 pra-lio
3531 4561 3641 4614 An-

1998 4641 2255 4698 tiochum
2298 4640 2435 4698 vicit
2479 4641 2583 4713 (Cf.
2626 4642 2839 4712 linem).
2886 4643 2992 4708 Qui
3036 4659 3237 4715 pacem
3291 4661 3521 4716 rogans,
3567 4661 3636 4703 eo

1991 4736 2125 4807 jure
2148 4736 2401 4793 obtinuit
2440 4741 2501 4793 ut
2531 4737 2698 4793 annis
2729 4737 2973 4807 singulis
2994 4738 3393 4812 mille‘talenta
3420 4739 3638 4812 persol-

1996 4830 2181 4895 veret,
2205 4831 2380 4896 atque
2409 4840 2479 4881 ex
2504 4825 2634 4881 Asia
2653 4831 2711 4881 et
2740 4827 2965 4896 Europa
2991 4828 3295 4897 recedens,
3324 4829 3471 4884 intra
3496 4831 3637 4885 Tau-

1998 4930 2124 4971 rum
2161 4918 2411 4969 montem
2446 4929 2506 4970 sc
2530 4915 2861 4970 contineret
2890 4920 2947 4970 et
2981 4916 3353 4971 Hannibalem
3382 4918 3637 4973 concita-

2000 5009 2184 5059 torem
2203 5001 2618 5058 bellidederet.
2648 5003 2747 5073 (H.
2770 5004 2996 5072 m.)Qui
3023 5004 3245 5072 fugiens
3270 5005 3339 5059 ad
3374 5006 3634 5061 Prusiam

1998 5107 2192 5161 regem
2227 5090 2524 5161 Bythinize,
2552 5107 2679 5147 cum
2705 5107 2732 5147 a
2759 5093 3031 5147 Romanis
3065 5099 3490 5162 reposceretur,
3520 5109 3637 5162 jam

1999 5180 2320 5238 tradendus
2360 5194 2643 5236 venenum
2677 5180 2843 5235 bibit.
2900 5180 3221 5237 Antiochus
3273 5196 3411 5237 vero
3463 5180 3642 5238 filium

1996 5269 2275 5340 Africani,
2310 5282 2478 5338 quem
2511 5274 2703 5324 utrum
2732 5268 3133 5340 cxplorantem
3166 5285 3237 5325 an
3271 5270 3424 5326 bello
3454 5269 3522 5303 97°
3551 5286 3644 5327 ce-

1999 5360 2182 5432 pisset
2214 5358 2505 5415 incertum
2544 5360 2657 5430 est,
2701 5356 2859 5416 ultro
2899 5358 3146 5432 remisit,
3191 5358 3370 5418 filium
3411 5373 3641 5432 quoque

1579 5513 1819 5573 VARUS}
1874 5513 2281 5575 LECTIONES.

299 5655 372 5695 ²⁷⁴
400 5672 455 5719 o.
490 5654 613 5732 regi
642 5656 693 5715 4.
728 5660 782 5716 5.
816 5656 973 5731 regis
1005 5674 1060 5718 ο.
1096 5661 1181 5718 1ο.
1214 5657 1297 5718 lt.
1330 5655 1400 5693 ’7‘
1429 5656 1487 5715 h.
1521 5671 1569 5718 r.
1601 5663 1652 5717 δ.
1685 5655 1755 5694 ’⁷⁸
1781 5653 2016 5737 generis
2044 5656 2094 5719 4.
2125 5653 2194 5693 ’⁷⁷
2224 5652 2461 5716 lucilius
2491 5656 2542 5714 5.
2573 5656 2659 5730 90,
2695 5658 2779 5713 10.
2812 5646 2881 5691 ’⁷⁸
2910 5668 2981 5714 an
3013 5652 3068 5712 in
3103 5652 3256 5714 bello
3286 5654 3371 5716 Oc.
