3986 6048
390 242 508 303 623

1552 231 2035 295 EKKEHARDI
2080 231 2635 295 URAUGIENSIS

3675 234 3796 295 624

392 391 559 434 suum
585 373 931 431 Antiochum
964 369 1226 427 obsidem
1259 367 1437 424 dedit.
1475 367 1665 438 Scipio
1691 364 1893 421 Nasica
1925 365 2035 421 Bo-
2064 362 2119 421 A
2150 365 2447 421 civitatem
2479 365 2646 421 duxit
2677 364 3021 421 exercitum.
3055 362 3588 436 Quo,perveniens,
3634 367 3799 438 cepit

392 479 539 522 mam
566 463 819 532 rediens,
854 460 1075 530 ingenti
1110 458 1291 529 gloria
1337 455 1718 527 triumphavit
1750 468 1951 509 nomen
1976 459 2036 508 et

393 554 518 625 ipse
564 550 637 607 ad
688 548 1067 605 imitationem
1112 546 1309 601 fratris
1353 544 1624 614 Asianus,
1667 542 1799 614 quia
1843 541 2034 597 Asiam

390 642 551 710 vicit,
570 639 817 711 accepit.
843 636 1109 707 Philippo
1124 639 1316 691 autem
1336 632 1709 688 Macedonum
1726 630 1874 698 regi,
1902 630 2032 699 quia

392 735 597 791 contra
628 727 975 784 Antiochum
1008 722 1280 779 Romanis
1315 721 1531 778 auxilio
1568 721 1697 791 fuit,
1732 719 1886 776 filius
1938 722 2038 774 Dc-

391 815 726 875 metrius’"
758 815 1025 871 redditus
1048 817 1160 869 est.
1191 810 1396 880 (Πιεη.)
1423 809 1668 866 Plautus
1690 824 1763 865 ex
1800 808 2033 863 Umbria

393 907 640 978 Arpinas
663 906 857 960 Romm
890 902 1139 959 moritur
1172 903 1279 957 hoc
1317 906 1601 971 tempore,
1655 899 1751 969 qui
1797 902 2037 969 propter

389 1008 630 1051 annonae
656 992 1053 1048 difficultatem
1078 991 1149 1047 ad
1176 988 1356 1045 molas
1388 988 1718 1044 manuarias
1756 987 2035 1057 pistorem

390 1098 449 1140 se
474 1081 792 1151 locaverat,
828 1080 924 1136 ubi
964 1079 1235 1150 quotiens
1257 1080 1329 1133 ab
1358 1092 1535 1148 opere
1558 1080 1850 1139 vacasset,
1879 1075 2039 1129 fabu-

386 1172 472 1228 las
491 1170 750 1226 scribere
765 1168 1097 1225 acvendcre
1112 1167 1320 1223 solitus
1349 1165 1665 1222 erat.Titus
1701 1163 1892 1219 Livius
1924 1167 2039 1216 tra-

386 1259 685 1330 gediarum
719 1258 975 1329 scriptor
1005 1257 1201 1312 clarus
1252 1256 1578 1311 habebatur
1628 1268 1696 1307 eo
1754 1258 2034 1320 tempore,

390 1349 486 1421 qui
517 1348 591 1404 ob
625 1348 835 1417 ingenii
871 1346 1139 1402 meritum
1174 1361 1203 1399 a
1240 1344 1395 1399 Livio
1426 1359 1455 1398 a
1490 1342 1837 1410 Salinatore,
1870 1338 2039 1408 cujus

387 1439 607 1494 liberos
637 1436 965 1505 erudiebat,
1004 1434 1263 1490 libertati
1293 1432 1542 1489 donatus
1570 1436 1679 1487 est.

446 1548 581 1594 Alex.
615 1544 799 1592 Maccd.
894 1544 999 1603 Syr.

493 1637 518 1690 1
672 1634 737 1688 16
920 1635 979 1686 21
1136 1629 1349 1698 (lin-3n.)
1388 1625 1771 1682 Ptholomeus
1798 1623 2041 1695 Epipha-

386 1738 487 1779 nes
516 1720 781 1790 regnavit
811 1717 1174 1774 Alexandriae
1202 1717 1364 1772 annis
1403 1718 1490 1771 24.

459 1830 558 1899 (Η.
593 1843 668 1883 m.
707 1828 823 1881 Hoc
855 1831 1118 1895 tempore
1151 1823 1345 1893 Scipio
1370 1821 1676 1877 Africanus
1698 1821 1770 1876 ab
1807 1820 2036 1888 ingrata

386 1918 494 1975 sibi
537 1918 681 1973 urbe
724 1917 973 1971 Romana
1014 1913 1113 1968 diu
1154 1912 1415 1979 exulans,
1460 1908 1611 1980 apud
1674 1909 2035 1963 Amiternum

387 2006 624 2078 opidum
653 2005 855 2059 morbo
880 2002 1073 2073 periit,
1100 2005 1154 2056 et
1180 2000 1492 2070 sepulchro
1517 2014 1621 2054 suo
1654 1997 1895 2053 inscribi
1916 1997 2037 2067 jus-

394 2096 471 2151 sit
497 2112 509 2150 :
542 2095 801 2164 Ingrata
814 2092 1050 2163 patria,
1080 2104 1153 2146 ne
1168 2103 1299 2146 ossa
1326 2088 1565 2159 gnidem
1592 2100 1722 2142 mea
1761 2084 1960 2142 habes.

464 2205 529 2257 '17
710 2204 777 2254 32
959 2203 981 2253 1
1138 2196 1431 2263 Seleucus,
1450 2194 1862 2265 quictSothcr,
1883 2191 2037 2247 ﬁlius

389 2288 655 2346 Antiochi
685 2287 890 2357 Magni,
927 2284 1188 2354 regnavit
1222 2283 1586 2339 Alexandriae
1617 2280 1686 2315 ’⁸ο
1730 2281 1895 2336 annis
1933 2294 2035 2336 un-

387 2378 593 2434 decim.
631 2377 732 2431 Hic
762 2375 1042 2431 instinctu
1095 2372 1396 2443 cujusdam
1430 2370 1708 2441 Symonis,
1762 2369 1859 2439 qui
1906 2371 2032 2424 erat

354 2472 359 2475 “
389 2464 940 2538 prepositustempli
960 2459 1632 2529 Ilierosolimitani,misit
1659 2456 2032 2513 Heliodorum

388 2555 458 2611 ad
493 2553 841 2609 auferendus
861 2551 1157 2623 pecunias,
1180 2551 1275 2618 qui
1301 2553 1612 2621 correptus
1634 2553 1728 2603 est
1745 2560 1776 2601 a
1796 2548 1934 2613 Deo,
1971 2547 2031 2600 ut

387 2643 441 2697 in
476 2641 924 2696 Machabeorum
967 2638 1181 2707 legitur
1220 2638 1390 2693 libro.

495 2753 516 2801 1
560 2745 628 2779 ²⁸ί
659 2748 729 2801 40
906 2749 938 2798 9
1050 2745 1255 2815 (illam)
1298 2743 1676 2799 Ptholomeus
1734 2741 2033 2811 Phylome-

492 2840 525 2892 2
671 2838 729 2889 41
885 2838 953 2889 10
1130 2836 1245 2901 tor,
1281 2833 1571 2888 secundus
1597 2831 1751 2886 filius
1776 2831 2034 2902 Epypha-

491 2929 522 2979 3
668 2926 736 2978 42
883 2927 939 2976 11
1130 2922 1220 2977 nis
1252 2921 1515 2991 regnavit
1547 2920 1914 2975 Alexandria:
1939 2933 2034 2973 an-

389 3015 477 3071 nis
498 3017 585 3085 35,
604 3027 635 3068 a
660 3011 1086 3068 restauratione
1115 3010 1315 3081 templi
1344 3025 1491 3065 anno
1517 3009 1810 3065 tricesimo
1845 3011 1957 3063 43η.

491 3125 524 3176 4
708 3124 728 3173 1
918 3125 941 3173 1

458 3211 523 3262 13
669 3210 738 3260 10
885 3210 952 3259 10
1131 3204 1243 3259 lius
1284 3204 1556 3274 Philippi,
1602 3203 1865 3272 regnavit
1926 3203 2035 3258 Ma—

384 3294 639 3351 cedoniae
670 3293 836 3350 annis
870 3298 953 3348 10.
988 3324 1056 3332 —
1088 3292 1408 3347 Antiochus
1442 3292 1791 3363 Epiphanes,
1838 3291 1892 3345 id
1942 3294 2031 3346 est

384 3382 655 3451 illustris,
683 3382 865 3435 frater
891 3380 1137 3449 Seleuci,
1174 3380 1329 3435 filius
1365 3380 1591 3434 scilicet
1625 3379 1891 3434 Antiochi
1926 3381 2034 3434 Ma-

382 3472 501 3541 gni,
534 3476 667 3542 post
703 3475 945 3524 mortem
973 3469 1172 3524 fratris
1193 3469 1281 3525 sui
1310 3469 1535 3524 Seleuci
1567 3469 1830 3538 regnavit
1858 3469 1910 3523 in
1938 3470 2034 3539 Sy-

386 3562 471 3615 ria
492 3559 760 3615 annis1'2.
789 3557 970 3629 llujus
994 3573 1251 3613 sororem
1279 3557 1642 3628 Cleopatram
1668 3556 1871 3613 habuit
1897 3572 2034 3612 uxo-

386 3662 506 3703 rem
538 3647 933 3716 Ptholomeus,
969 3647 1066 3716 qui
1099 3650 1158 3701 et
1188 3647 1314 3716 ipse
1334 3646 1640 3702 dicebatur
1662 3645 2026 3717 Epyphancs,

385 3736 455 3793 de
480 3750 590 3807 qua
619 3736 765 3792 duos
788 3734 938 3791 filios
965 3735 1208 3806 accepit,
1243 3749 1391 3805 quos
1408 3735 1661 3791 moriens
1687 3734 1873 3790 adhuc
1907 3749 2033 3806 par-

382 3825 549 3882 vulos
581 3823 837 3895 reliquit.
876 3824 1132 3891 Quorum
1166 3825 1366 3895 major,
1397 3824 1492 3894 qui
1517 3830 1575 3880 et
1600 3838 1705 3895 pro
1729 3839 1796 3879 eo
1830 3838 2032 3893 regna-

381 3914 484 3985 vit,
510 3914 895 3985 Phylometor.
918 3914 1067 3969 alter
1083 3915 1343 3985 Physcon
1361 3914 1684 3969 dicebatur.
1710 3913 2031 3968 Antiochus

382 4009 596 4073 autem,
624 4018 730 4059 suo
756 4018 936 4087 regno
961 4018 1073 4060 non
1093 4008 1426 4072 contentus,
1457 4004 1780 4059 exercitum
1816 4002 2031 4057 dueere

382 4092 727 4149 deliberavit
762 4092 817 4147 in
849 4092 1177 4164 Egyptum,
1210 4098 1436 4149 tractus
1466 4091 1760 4147 desiderio
1789 4091 1936 4161 ejus,
1971 4094 2032 4144 et

382 4187 800 4252 contempnens
817 4179 968 4237 filios
984 4182 1205 4237 sororis
1219 4196 1339 4238 suae
1356 4182 1521 4252 quasi
1538 4181 1763 4236 debiles
1778 4195 1844 4236 ac
1869 4184 2032 4235 tanta

380 4269 613 4339 negotia
647 4284 852 4339 regere
881 4284 992 4325 non
1023 4270 1415 4341 prevalentes.
1448 4268 1801 4326 Perveniens
1853 4269 2032 4338 igitur

385 4357 455 4413 ad
477 4356 769 4414 Pelusium
791 4372 922 4414 cum
948 4373 1149 4429 magna
1174 4360 1415 4423 virtute.
1437 4358 1686 4430 doloque
1711 4358 2033 4414 circumve-

2068 1757 2120 1815 B

2148 469 2272 510 eam
2305 455 2429 511 sine
2462 454 2831 510 conflictione.
2864 453 3131 523 alicujus,
3167 454 3569 523 aperientibus
3591 456 3642 511 ci
3664 473 3801 528 por-

2149 547 2239 598 tas
2268 543 2358 599 his
2392 543 2486 613 qui
2519 543 2843 598 voluntatis
2862 544 2987 613 ejus
3008 545 3175 597 erant
3195 543 3437 612 conscii,
3473 543 3801 613 ingressus-

2149 645 2260 700 que
2292 631 2609 702 civitatem,
2645 632 2862 688 multos
2891 631 3182 686 interfecit
3208 631 3317 687 sibi
3344 633 3635 689 contraria
3670 648 3801 690 sen-

2148 719 2397 783 tientes;
2425 721 2524 775 sed
2549 726 2605 775 et
2629 734 2729 775 eos
2755 720 2915 791 ipsos
2936 720 3031 790 qui
3052 719 3416 775 eicivitatem
3435 728 3796 792 aperuerunt

2151 814 2391 879 propter
2420 809 2657 865 divitias
2693 809 2891 881 templi
2926 809 3162 877 occidit,
3217 810 3553 880 faciensque
3600 812 3796 868 omnia

2148 896 2296 952 mala
2349 896 2444 953 illa
2493 913 2620 967 qua:
2670 899 2723 952 in
2775 897 3210 953 Maebabeorum
3263 898 3521 968 hystoria
3573 900 3796 971 scripta

2150 991 2305 1053 sunt,
2342 986 2539 1041 multis
2571 989 2640 1042 de
2671 986 2889 1058 templo
2919 985 3151 1055 ablatis,
3186 1000 3459 1042 reversus
3487 993 3573 1043 est
3599 988 3799 1044 Antio-

2148 1074 2356 1130 chiam.
2392 1075 2575 1144 (HlER.
2609 1077 2675 1132 in
2706 1077 2886 1146 Dan.)
2919 1078 3056 1131 Post
3091 1075 3383 1131 biennium
3415 1092 3554 1133 vero
3589 1093 3798 1134 rursus

2130 1167 2357 1227 contra
2379 1165 2780 1221 Ptholomeum
2806 1164 3536 1235 congregavitexercitum,
3555 1173 3617 1221 et
3642 1167 3801 1221 venit

2152 1252 2577 1308 Alexandriam.
2616 1257 2871 1324 Cumque
2911 1254 3026 1310 duo
3079 1255 3311 1323 fratres,
3361 1254 3684 1310 Ptholomei
3738 1260 3797 1310 et

2153 1340 2473 1411 Cleopatrae
2507 1342 2626 1411 filii,
2664 1358 2904 1413 quorum
2936 1341 3259 1398 avunculus
3286 1346 3411 1397 erat
3454 1344 3797 1412 Antiochus,

2118 1484 2125 1489 _
2152 1429 2529 1486 obsiderentu
2544 1446 2567 1485 r
2591 1431 2977 1500 Alexandrice,
2998 1433 3230 1486 Romam
3247 1431 3531 1486 miserunt
3546 1431 3795 1499 legatos.

2154 1518 2290 1573 Cum
2324 1522 2514 1574 autem
2547 1518 2929 1575 Romanorum
2981 1518 3156 1589 legati
3204 1520 3501 1577 venissent
3554 1520 3802 1575 Alexan-

2153 1606 2356 1675 driam,
2395 1622 2636 1677 quorum
2672 1624 2823 1664 unus
2853 1615 2977 1663 erat
3000 1610 3226 1664 Marcus
3249 1608 3569 1678 Pompilius
3594 1608 3800 1675 Lenas,

2150 1699 2211 1753 ct
2241 1695 2598 1751 invenissent
2626 1711 2754 1752 eum
2786 1701 3037 1752 stantem
3073 1696 3127 1751 in
3180 1696 3371 1764 litore,
3422 1702 3802 1753 senatuscon-

2153 1783 2370 1839 sultum
2396 1784 2682 1841 dederunt
2706 1785 2777 1853 ci,
2806 1785 3252 1855 quojubebatur
3276 1786 3348 1840 ab
3367 1785 3567 1840 amicis
3598 1785 3801 1857 pepuli

2152 1872 2392 1928 Romani
2448 1873 2751 1929 discedere
2807 1879 2867 1928 et
2900 1890 3003 1929 suo
3029 1873 3271 1944 imperio
3300 1877 3613 1929 contentus
3645 1889 3797 1930 esse.

2152 1961 2258 2026 Qui
2289 1977 2418 2017 cum
2455 1963 2890 2033 responsionem
2923 1962 2991 2017 ad
3014 1963 3327 2018 amicorum
3351 1962 3656 2017 consilium
3682 1963 3802 2019 dis-

2152 2049 2406 2119 tulisset,
2445 2052 2640 2105 orbcm
2675 2051 2883 2107 fecisse
2919 2052 3103 2106 fertur
3136 2050 3190 2104 in
3221 2065 3393 2105 arena
3426 2065 3554 2105 cum
3589 2051 3799 2108 baculo

2151 2154 2319 2209 quem
2350 2141 2588 2195 tenebat
2620 2156 2809 2209 manu,
2842 2144 2899 2195 et
2928 2139 3355 2210 conscripsisse
3390 2153 3582 2207 regem
3622 2145 3801 2196 atoue

2150 2226 2367 2283 dixisse
2393 2248 2404 2282 :
2423 2229 2685 2285 Senatus
2708 2230 2765 2284 et
2777 2229 3032 2300 papulas
3058 2230 3353 2284 Romanus
3371 2229 3716 2299 preez'piant
3732 2230 3805 2284 at

2146 2317 2205 2370 ἔνι
2236 2316 2349 2372 isto
2384 2318 2502 2373 loco
2529 2319 2886 2387 respondeas
2916 2317 3069 2388 quid
3096 2316 3335 2373 consilii
3346 2331 3546 2387 geras.
3574 2317 3801 2382 Quibus

2148 2403 2323 2459 dictis
2357 2404 2482 2475 ipse
2507 2406 2878 2475 perterritus,
2906 2406 2983 2460 ait
3013 2425 3024 2459 :
3049 2406 3125 2461 Si
3146 2404 3463 2475 lzocplaeet
3478 2405 3724 2462 senatui
3745 2406 3805 2462 et

2133 2492 2354 2564 populo
2378 2494 2660 2561 Romano,
2686 2494 3075 2550 recedendum
3099 2494 3201 2551 est.
3222 2495 3285 2548 Et
3303 2493 3499 2549 statim
3525 2495 3793 2551 recessit.

2216 2583 2324 2636 Per
2360 2581 2506 2636 idem
2535 2587 2788 2653 tempus,
2820 2588 2878 2637 ut
2901 2583 3190 2653 Josephus
3213 2583 3386 2653 (xn,ti
3430 2583 3659 2651 scribit,
3702 2583 3801 2639 de-

2146 2672 2379 2727 functus
2410 2675 2499 2726 est
2524 2672 2719 2742 Onias,
2744 2671 2899 2728 filius
2918 2671 3204 2742 Symonis,
3230 2672 3501 2743 princeps
3534 2672 3806 2728 sacerdo-

2146 2764 2288 2829 tum,
2322 2760 2658 2830 relinquens
2692 2760 2866 2817 filium
2904 2760 3204 2833 parvulum
3240 2761 3462 2816 Oniam.
3496 2760 3658 2817 Unde
3695 2766 3806 2817 Au-

2146 2850 2377 2905 tioehus
2419 2850 2584 2904 fratri
2633 2850 2760 2919 ejus
2808 2852 2981 2905 Jhesu
3039 2850 3425 2921 principatum
3475 2849 3802 2907 sacerdotii

2146 2937 2415 3006 contulit,
2453 2952 2621 3008 quem
2656 2944 2860 3009 postea
2892 2940 3076 2995 iratus
3104 2938 3344 2995 abstulit
3377 2944 3436 2994 et
3462 2938 3681 3009 juniori
3712 2956 3808 2995 eo-

2147 3042 2272 3081 rum
2310 3026 2475 3080 fratri
2510 3026 2667 3082 Onia)
2701 3027 2822 3082 sive
2873 3027 3106 3083 Ananiae
3157 3027 3336 3082 dedit.
3391 3026 3602 3082 Habuit
3649 3029 3805 3084 enim

1063 3118 1203 3187 (Jos,
1247 3133 1349 3188 xu,
1382 3121 1433 3185 5,
1471 3123 1623 3187 sqq.)
1666 3118 1937 3184 Perseus,
1975 3115 2036 3169 fi-
2064 3113 2113 3175 Ο
2149 3114 2377 3184 Symon,
2415 3118 2475 3170 ut
2502 3115 2881 3186 prediximus,
2911 3120 3035 3171 tres
3061 3115 3231 3185 filios,
3259 3117 3328 3171 ad
3354 3131 3502 3185 quos
3535 3117 3808 3172 sacerdo-

2146 3202 2215 3256 tii
2251 3203 2613 3274 principatus
2644 3204 2847 3259 oreine
2881 3205 3039 3259 dicto
3065 3204 3348 3275 pervenit.
3374 3205 3587 3261 Jhesus
3605 3210 3805 3261 autem

2145 3292 2413 3346 Jasonem
2448 3306 2509 3347 se
2535 3292 2873 3363 nominavit,
2904 3293 3078 3349 Onias
3099 3308 3239 3349 vero
3264 3294 3387 3349 sive
3419 3294 3676 3350 Ananias
3699 3295 3809 3350 Me-

2148 3380 2351 3436 nelaus
2382 3386 2475 3436 est
2508 3387 2901 3452 nuncupatus,
2940 3388 2999 3437 ut
3032 3384 3322 3453 Iosephus
3370 3382 3528 3438 dicit.
3584 3384 3805 3439 Deinde

2124 3470 2446 3540 ‘-subjungit
2484 3469 2630 3525 idem
2664 3473 2975 3542 Josepbus,
3010 3472 3265 3542 Jhesum,
3302 3472 3355 3527 id
3389 3476 3475 3526 est
3506 3472 3802 3542 Iasonem,

2148 3558 2309 3629 prius
2345 3560 2706 3614 sacerdotem
2730 3566 2931 3614 centra
2963 3560 3274 3614 ltlrnelaum
3301 3559 3648 3615 seditionem
3669 3576 3807 3617 con-

2144 3648 2381 3717 citasse,
2416 3648 2780 3719 eundemque
2813 3648 3125 3703 Menelaum
3150 3664 3279 3704 cum
3306 3648 3428 3704 suis
3452 3649 3801 3719 fautoribus,

2146 3736 2350 3791 relicta
2386 3736 2667 3805 religione
2699 3742 2961 3808 paterna,
2998 3752 3056 3791 se
3090 3737 3160 3791 ad
3208 3737 3552 3793 Antiochum
3596 3747 3806 3795 contu-

2144 3824 2306 3894 lisse,
2343 3824 2624 3895 illumque
2659 3830 2863 3881 contra
2895 3825 3128 3880 Judzeos
3160 3825 3459 3896 incitasse,
3486 3831 3545 3881 et
3568 3831 3706 3897 post
3731 3827 3805 3881 ab

2145 3913 2434 3970 Antiocho
2464 3914 2699 3984 juniore
2735 3928 3015 3985 persuasu
3082 3914 3263 3983 Lysize
3297 3915 3586 3970 occidisse
3616 3914 3705 3969 ³⁸³.
3743 3916 3801 3969 ln

2146 4004 2359 4072 quibus
2381 4004 2579 4059 verbis
2603 4003 2834 4058 videtur
2854 4002 3138 4073 Iosephus
3161 3995 3233 4058 ab
3256 4004 3517 4073 hysteria
3544 4004 3678 4059 libri
3695 4006 3806 4060 Ma-

2144 4092 2492 4147 chabeorum
2527 4091 2884 4162 discrepare,
2921 4091 2973 4145 in
3010 4105 3121 4161 qua
3155 4093 3409 4147 refertur
3443 4092 3531 4161 (ll,
3557 4096 3606 4162 3,
3646 4097 3803 4165 sqq.)

2147 4180 2301 4249 quod
2335 4180 2627 4235 Menelaus
2661 4182 2842 4235 frater
2878 4179 3055 4235 fuerit
3083 4179 3381 4248 cujusdam
3418 4181 3683 4250 Symonis
3732 4180 3805 4237 de

2147 4270 2305 4325 trinu
2340 4268 2652 4339 Benjamin,
2689 4269 2784 4338 qui
2819 4268 2921 4323 fuit
2956 4268 3296 4339 propositus
3330 4267 3548 4339 templi,
3585 4270 3806 4339 quique

2148 4357 2334 4413 adhuc
2387 4356 2620 4412 vivente
2670 4355 2933 4426 Seleuco,
2998 4357 3177 4411 fratre
3236 4356 3500 4412 Antiochi
3561 4362 3806 4428 propter

381 4444 1032 4515 niensPhylometorem
1048 4448 1540 4517 consanguineum
1566 4462 1756 4516 suum,
1783 4461 2032 4519 occupa-
2059 4470 2114 4534 D
2148 4446 2343 4502 odium
2377 4446 2533 4501 Onize
2566 4445 2895 4501 sacerdotis
2929 4444 3038 4501 sibi
3074 4444 3426 4514 resistentis,
3461 4460 3530 4501 ne
3577 4445 3805 4516 aliquid

380 4534 463 4590 vit
482 4532 886 4605 Egyptumlit
906 4550 1035 4591 cum
1052 4536 1269 4593 adisset
1287 4536 1415 4594 loca
1430 4536 1815 4608 Memphitica}
1831 4536 2034 4593 civita-

379 4623 480 4694 tis,
506 4622 825 4695 cepiteam,
855 4624 988 4680 dein
1010 4624 1078 4657 ²⁸²
1101 4631 1304 4681 contra
1333 4626 1762 4696 Alexandriam,
1790 4630 1855 4682 ut
1877 4626 2034 4682 obsi-

381 4712 550 4769 deret
575 4711 997 4784 Ptholomeum,
1024 4715 1192 4785 cujus
1226 4719 1349 4770 erat
1381 4714 1728 4785 avunculus,
1753 4714 2029 4783 tetendit,

380 4802 482 4858 sed
520 4817 621 4874 per
641 4801 821 4858 duces
852 4802 1174 4858 Ptholomei
1210 4804 1414 4875 pulsus
1443 4809 1529 4859 est
1565 4819 1675 4860 non
1723 4804 1909 4860 solum
1956 4805 2029 4860 ab

380 4889 967 4959 Alexandria,verum
1002 4892 1175 4947 etiam
1210 4897 1330 4947 tota
1381 4893 1733 4963 zEgypto(Cf,
1761 4895 1920 4949 Hum.
1965 4893 2031 4947 in

360 4979 582 5050 -Dan.),
616 4980 756 5049 (Jcs.
795 4980 832 5037 ἱ.
872 4980 937 5050 l.)
969 4981 1107 5036 Inde
1140 4993 1434 5053 reversus,
1471 4982 1539 5037 ad
1580 4982 2027 5039 flicrosolimam

2149 4534 2282 4591 mali
2307 4534 2739 4590 machinaretur
2762 4533 2815 4588 in
2833 4533 3094 4602 civitate,
3114 4533 3305 4588 effecit
3326 4538 3385 4588 ut
3402 4533 3801 4590 Heliodorusa

2150 4622 3290 4681 SeleucomittereturIlierosolimamad
3322 4622 3674 4679 auferendas
3708 4638 3805 4694 pe-

2148 4713 2352 4770 cunias
2394 4713 2465 4769 de
2490 4712 2726 4783 templo.
2754 4711 3011 4777 Quicum
3034 4710 3278 4766 territus
3298 4711 3537 4781 rediret,
3588 4711 3803 4784 Symon

2150 4818 2261 4859 non
2295 4801 2545 4857 cessavit
2581 4800 2728 4856 male
2753 4800 2909 4871 loqui
2946 4800 3014 4855 dc
3045 4799 3207 4868 Onia,
3229 4798 3606 4868 etinstigavit
3630 4799 3806 4872 Apol-

2149 4890 2367 4947 lonium
2401 4890 2605 4945 ducem
2639 4894 2846 4945 contra
2868 4904 3017 4945 eum.
3046 4887 3267 4954 Quibus
3290 4886 3388 4942 ille
3409 4888 3648 4955 cedens,
3674 4902 3808 4944 con-

2145 4980 2285 5037 tulit
2317 4994 2379 5037 sc
2409 4979 2481 5035 ad
2515 4992 2725 5050 regem,
2764 4982 2825 5035 ut
2857 4977 2983 5048 ejus
3003 4975 3338 5034 defensione
3360 4981 3526 5034 tutus
3552 4977 3798 5035 viveret.

1730 5163 1969 5219 VARM‘I
2031 5159 2435 5222 LECTIONES.

450 5318 520 5364 η’
551 5324 817 5386 demetrii
852 5333 899 5384 δ.
935 5331 1023 5383 9c.
1056 5323 1127 5359 ’⁸ο
1151 5325 1242 5383 ita
1274 5327 1324 5397 4.
1359 5327 1417 5397 5.,
1441 5327 1518 5393 9°,
1556 5326 1640 5378 10.
1674 5322 1853 5397 Syriae
1887 5327 1973 5397 1_1.
2010 5324 2081 5358 ’δι
2111 5323 2181 5381 in
2214 5328 2281 5397 5._
2308 5320 2545 5397 numeri
2593 5322 2758 5397 1_—_11
2795 5315 2915 5397 eis
2939 5315 3487 5397 scripti‘wathiu
3534 5318 3802 5397 9.0..tq1:0

377 5401 573 5469 antea,
600 5402 873 5457 columna
891 5397 1119 5471 quarta
1140 5396 1375 5500 addita,
1397 5387 1615 5467 legitur
1641 5412 1652 5447 :
1679 5387 2012 5450 Alexander
2038 5401 2168 5452 1—1
2184 5400 2233 5465 1,
2259 5395 2327 5450 in
2348 5396 2396 5449 4.
2423 5391 2658 5473 nameri
2678 5391 2873 5458 2-13,
2892 5390 3121 5459 41-10,
3140 5387 3693 5469 10-1οιἰθεειφιιῄῃ
3708 5391 3801 5442 10.

377 5473 510 5500 ,νων
544 5476 563 5500 4
649 5473 715 5500 ια
744 5470 883 5500 -ιη
964 5471 1035 5500 4η
1090 5472 1157 5500 4η
1232 5473 1302 5500 4n
1375 5465 1419 5499 82
1451 5465 1660 5500 Animis
1691 5468 1752 5500 0c
1803 5464 1872 5500 283
1902 5466 1994 5500 δίη
2029 5481 2177 5500 nmina
2203 5466 2334 5500 mill;
2368 5463 2591 5500 ρηήηνρ
2627 5462 2746 5500 ηοω
2772 5472 2966 5500 nmo,“
2995 5478 3009 5493 ο
3035 5473 3291 5500 nnnmnm
3324 5473 3454 5500 acea
3501 5459 3800 5500 nnmrhggn

373 5473 515 5528 item
544 5459 1060 5541 1'—13,_-§01—1_0,,
1090 5472 1318 5525 10—10.
1352 5459 1419 5541 ξ⁸²
1442 5459 1661 5523 'deinde
1691 5468 1771 5541 9ο.
1803 5464 1872 5500 ²⁸³
1902 5466 1996 5524 ita
2025 5481 2177 5541 quos
2203 5459 2336 5525 eidi
2367 5463 2591 5523 codices
2603 5462 2746 5535 fere
2772 5472 3009 5533 omnes;
3035 5459 3293 5519 occisum
3324 5473 3454 5517 esse
3501 5459 3800 5517 occidisse

369 5541 558 5601 altam
584 5535 864 5603 vocabulo
889 5536 1090 5603 deleto
1119 5544 1205 5618 10,
1241 5538 1499 5597 occisum
1529 5550 1663 5597 esse
1692 5539 1778 5595 11.
