3992 6054
283 165 413 231 625

1181 163 1613 232 CHRONICA.
1646 198 1728 216 —
1756 160 2233 233 CHRONICON
2281 166 2829 237 UNIVERSALE.

3576 175 3695 241 626

282 301 431 360 Post
452 302 696 359 mortem
720 314 861 358 vero
891 300 1117 360 Seleuci
1150 317 1279 360 cum
1306 306 1579 373 regnaret
1610 303 1790 359 frater
1811 302 1939 373 ejus
1967 304 2023 367 Α
2054 304 2264 373 fuerat,
2297 308 2838 378 emundavit,‘anno
2870 312 3189 368 centesimo
3210 312 3689 384 quinquagesimo

283 392 634 462 Antiochus,
659 392 767 448 hoc
800 393 951 463 quod
989 393 1058 449 de
1098 394 1238 448 Onia
1260 393 1517 450 Menelao
1537 393 1826 463 Iosephus
1857 397 1943 449 te;

284 485 503 552 statur,
530 481 585 537 in
612 482 994 554 hachystoria
1020 481 1093 551 (c.
1123 486 1175 555 4)
1193 482 1262 538 de
1278 485 1508 551 Iasone,
1545 484 1724 538 fratre
1756 481 1936 551 Onias,

283 576 584 627 narratur.
634 571 738 627 llic
769 571 919 626 enim
956 574 1150 641 Iason,
1186 573 1283 642 qui
1329 577 1381 627 et
1415 572 1643 641 Ihesus,
1673 570 1940 627 collectis

284 656 504 730 impiis,
548 657 893 714 Antiochum
946 658 1110 729 adiit,
1145 658 1451 730 ejectoque
1484 675 1586 731 per
1639 658 1938 730 pecuniam

283 747 472 803 fratre
505 747 670 817 Onia,
689 747 1079 803 sacerdotium
1102 750 1348 820 accepit,
1367 753 1425 803 et
1450 752 1687 820 accepta
1704 748 1939 803 licentia

281 839 356 893 ut
377 836 737 907 gymnasium
759 836 1162 893 Ilierosolimis
1183 837 1523 907 aedificaret,
1544 836 1611 893 ad
1634 837 1784 892 ritus
1804 851 1940 906 gen-

281 926 431 981 tium
468 924 677 981 relicta
705 925 986 994 religione
1009 941 1071 982 se
1098 926 1420 981 transtulit.
1456 928 1590 982 Post
1625 925 1938 980 triennium

281 1013 448 1070 misit
468 1015 643 1069 Iason
670 1014 1006 1085 Menelaum,
1032 1014 1268 1068 fratrem
1294 1014 1558 1083 Symonis
1590 1011 1935 1083 supradicti,

282 1108 618 1173 portantem
658 1102 959 1173 pecuniam
986 1102 1312 1173 regi’s‘pro
1337 1102 1664 1159 sacerdotio
1696 1102 1940 1174 promis-

283 1204 433 1260 sam,
458 1190 689 1246 scilicet
713 1191 1029 1261 quingenta
1064 1190 1378 1260 nonaginta
1414 1191 1651 1259 talenta,
1679 1190 1781 1246 sed
1814 1190 1939 1262 ipse

282 1279 595 1347 Menelaus,
634 1280 984 1351 promittens
1026 1280 1216 1335 adhuc
1263 1285 1560 1337 trecentas
1589 1279 1769 1335 libras
1792 1279 1934 1348 regi,

279 1370 553 1425 Iasonem
568 1369 984 1441 subplantavit.
1008 1369 1099 1426 Sic
1122 1372 1316 1438 Iason,
1351 1370 1445 1439 qui
1467 1370 1704 1423 fratrem
1735 1367 1936 1423 Oniam

281 1457 532 1530 expulit,
550 1458 672 1529 ipse
692 1463 821 1529 post
837 1458 1121 1529 expulsus
1140 1458 1210 1514 de
1227 1458 1435 1529 patria,
1454 1458 1768 1512 secundum
1785 1455 1938 1527 quod

281 1548 498 1617 dignus
519 1551 668 1617 erat,
700 1547 833 1603 exul
883 1548 1079 1618 periit.
1129 1546 1422 1602 Menelaus
1446 1550 1637 1601 autem
1662 1560 1790 1600 cum
1824 1559 1935 1600 non

2052 395 2330 451 secundo.
2359 396 2615 455 Audiens
2631 399 2805 456 etiam
2827 401 3215 456 Romanorum
3237 401 3532 471 virtutem,
3559 402 3701 458 ami-

2051 483 2230 540 cicias
2252 485 2559 543 foederavit
2582 504 2714 545 cum
2749 490 2834 544 eis
2856 496 2914 545 et
2946 491 3309 547 societatem.
3346 492 3482 547 Post
3514 489 3694 547 multa

2054 569 2281 628 demum
2309 576 2507 645 praelia
2525 578 2776 634 feliciter
2796 583 2962 649 gesta
2989 593 3253 650 pugnans
3269 581 3472 634 contra
3498 576 3697 632 Bachi-

2051 657 2200 729 dem,
2232 663 2501 719 Demetrii
2527 666 2870 738 principem,
2905 668 3120 724 multos
3162 666 3474 735 interfecit,
3500 664 3696 736 etipse

2052 748 2344 806 occiditur
2384 765 2534 810 anno
2567 755 3069 826 quinquagesimo,
3105 770 3235 812 cum
3272 757 3497 824 regeret
3517 767 3697 824 popu-

2054 833 2170 892 lum
2188 841 2741 915 annos’97quinque.
2770 846 2870 901 Cui
2909 843 3231 902 succedens
3252 844 3433 899 frater
3464 841 3697 910 ejusIo-

2050 927 2276 999 nathas,
2309 931 2548 1000 regebat
2581 933 2857 1004 populum
2910 948 3012 1004 per
3035 947 3218 989 annos
3249 937 3333 988 17.
3370 932 3494 995 Quo
3519 942 3549 983 a
3578 926 3697 982 Tri-

2053 1016 2240 1085 phone
2269 1020 2485 1089 occiso,
2514 1022 2742 1091 Symon,
2762 1020 3380 1091 fratereorum,tenuit
3408 1017 3695 1089 principa-

2050 1107 2172 1160 tum
2208 1108 2373 1164 annis
2402 1113 2556 1180 octo,
2594 1126 2761 1182 quem
2794 1111 3024 1183 accepit
3054 1125 3204 1167 anno
3255 1106 3693 1180 septuagesimo

2049 1191 2118 1226 ³⁸⁸
2150 1197 2309 1268 regni
2344 1199 2677 1256 Grecorum.

2122 1285 2221 1356 (Η.
2247 1301 2322 1342 m.
2361 1292 2422 1343 et
2439 1291 2515 1344 H.
2544 1290 2641 1359 Ε.)
2685 1290 2952 1362 Philippo
2975 1305 3111 1359 rege
3133 1287 3507 1345 Macedonum
3542 1300 3694 1342 mor-

2048 1376 2171 1445 tuo,
2196 1378 2291 1446 qui
2312 1383 2371 1433 et
2400 1378 2680 1435 adversus
2704 1381 2988 1434 Romanos
3013 1378 3229 1433 bellum
3251 1376 3320 1410 ²⁸⁰
3342 1379 3609 1445 gesserat
3634 1377 3696 1430 et

2051 1468 2258 1533 postea
2273 1466 2547 1521 Romanis
2568 1470 2772 1523 contra
2792 1467 3134 1523 Antiochum
3151 1464 3427 1523 auxilium
3452 1464 3693 1533 tulerat,

2053 1549 2207 1606 ﬁlius
2231 1554 2358 1622 ejus
2401 1556 2652 1610 Perseus
2678 1570 2917 1625 regnum
2940 1555 3066 1624 ejus
3100 1558 3326 1621 tenens,
3357 1551 3691 1619 rebellavit,

282 1636 651 1708 persolveret
676 1637 988 1708 promissas
1012 1635 1317 1707 pecunias,
1361 1649 1462 1690 rex
1498 1633 1742 1690 abstulit
1763 1634 1812 1688 ei
1850 1648 1938 1688 sa-
1965 1669 2022 1732 B
2052 1638 2349 1709 adjutores
2395 1643 2523 1712 ejus
2554 1644 2775 1698 habens
2827 1644 3010 1698 Cotim
3044 1657 3239 1712 regem
3270 1640 3485 1696 Tracim
3517 1641 3576 1693 et
3609 1650 3696 1693 re-

262 1713 630 1795 'cerdotium,
657 1730 712 1780 et
738 1725 895 1781 dedit
921 1725 1064 1781 illud
1090 1723 1261 1779 fratri
1301 1738 1408 1779 suo
1435 1723 1789 1793 Lysimacho.
1831 1723 1939 1778 Me-

278 1817 457 1870 tuens
488 1828 629 1869 vero
676 1813 967 1868 Menelaus
1018 1827 1089 1866 ne
1121 1811 1295 1867 Onias
1326 1811 1614 1881 reciperet
1671 1810 1941 1866 sacerdo-

284 1902 456 1972 tium,
490 1903 607 1971 egit
641 1917 770 1958 cum
826 1901 1155 1957 Andronico
1186 1900 1343 1969 regis
1371 1900 1577 1969 amico,
1635 1914 1802 1970 quem
1834 1914 1937 1954 rex

287 1992 495 2048 abiens
513 1992 759 2063 prcfecit
776 1992 1050 2060 negotiis,
1068 1994 1128 2047 ut
1144 1992 1343 2047 Oniam
1382 1990 1763 2053 interﬁceret;
1782 1990 1935 2059 quod

206 2157 211 2160 _
285 2085 345 2138 et
382 2081 540 2138 fecit.
574 2081 912 2151 Lysimacho
945 2094 1176 2150 quoque
1205 2094 1234 2136 a
1258 2079 1474 2136 Iudaeis
1497 2084 1739 2149 propter
1760 2078 1938 2134 sacri-

283 2169 435 2240 legia
468 2185 568 2226 sua
616 2169 829 2239 occiso,
893 2169 1184 2224 Menelaus
1240 2168 1630 2224 sacerdotium
1690 2167 1932 2237 recepit.

284 2260 461 2329 (Ioas.
497 2274 595 2327 xu,
631 2262 719 2328 14,
745 2259 898 2327 sqq.)
924 2258 1047 2324 Quo
1075 2259 1145 2313 ab
1170 2257 1452 2313 Antiocho
1476 2258 1792 2326 Eupatore,
1818 2254 1936 2309 ﬁlio

283 2347 579 2416 Antiochi,
613 2346 897 2401 suadente
923 2346 1105 2416 Lysia,
1132 2346 1350 2415 occiso,
1386 2344 1678 2400 Alchimus
1703 2344 1936 2413 quidam

282 2436 615 2505 alienigena
643 2434 856 2505 impius
881 2434 1170 2490 successit
1200 2432 1550 2490 sacerdotio.
1570 2435 1635 2487 Et
1652 2432 1762 2487 hoc
1795 2431 1938 2487 divi-

286 2526 449 2581 nitus
475 2538 776 2597 percusso,
802 2523 1210 2579 deﬁcientibus
1240 2520 1613 2577 hereditariis
1641 2535 1938 2576 successo-

282 2613 473 2682 ribus,
503 2612 756 2668 omnium
781 2612 1081 2668 voluntate
1102 2612 1280 2668 Iudas
1308 2611 1648 2667 Machabeus
1674 2609 1936 2680 suscepit

284 2702 710 2758 sacerdotium.
764 2700 941 2755 Onias
991 2700 1224 2770 quippe,
1252 2698 1407 2755 illius
1431 2698 1609 2767 Oniae,
1628 2712 1795 2768 quem
1820 2713 1938 2754 mo-

290 2792 481 2847 riente
520 2795 683 2861 patre
713 2788 1018 2861 parvulum
1058 2787 1329 2843 relictum
1355 2801 1529 2858 supra
1551 2787 1826 2855 diximus,
1858 2785 1939 2840 vi-

284 2881 430 2936 dens
462 2878 608 2934 mala
631 2894 758 2948 quae
786 2877 1019 2945 ﬁebant,
1056 2877 1202 2946 fugit
1224 2876 1294 2931 ad
1320 2876 1718 2931 Ptholomeum
1744 2888 1936 2943 regem

284 2966 539 3036 Egypti,
558 2971 614 3021 et
640 2964 886 3033 benigne
911 2965 983 3019 ab
1006 2978 1075 3019 eo
1099 2969 1397 3034 acceptus,
1417 2961 1751 3033 impetravit
1774 2961 1845 3015 ab
1867 2976 1937 3017 eo

288 3025 583 3125 regionem
609 3069 736 3124 quae
762 3025 1147 3122 llelyopoleos
1173 3025 1432 3119 vocatur,
1460 3025 1556 3107 ubi
1580 3048 1938 3106 concedente
1971 3025 2019 3087 Ο

287 3159 427 3215 rege
445 3142 772 3200 construxit
797 3142 1074 3213 templum
1101 3141 1171 3197 ad
1194 3141 1436 3197 formam
1458 3139 1663 3210 templi
1680 3139 1943 3194 Hieroso-

290 3233 565 3303 limitani,
584 3232 734 3303 quod
754 3245 856 3302 per
888 3244 953 3285 an
966 3246 1069 3286 nos
1082 3230 1396 3301 permansit
1414 3243 1599 3299 usque
1615 3228 1685 3284 ad
1709 3231 1941 3298 tempus

284 3320 654 3393 Vespasiani.
684 3322 813 3390 Ipsa
847 3325 1041 3375 autem
1076 3318 1215 3374 urbs
1245 3333 1373 3388 qua:
1406 3318 1730 3373 vocabatur
1758 3315 1936 3386 Oniw,

287 3407 706 3465 dimicantibus
728 3412 935 3478 postea
956 3406 1175 3462 Iudaeis
1202 3406 1510 3481 adversum
1532 3405 1841 3467 Romanos,
1867 3401 1939 3458 ad

286 3498 475 3555 solum
506 3510 690 3567 usque
749 3495 944 3551 diruta
992 3494 1061 3527 ²⁸⁸
1082 3499 1193 3564 est,
1243 3497 1300 3549 et
1343 3508 1530 3564 neque
1560 3492 1723 3549 urbis
1753 3504 1940 3562 neque

285 3586 489 3657 templi
512 3585 691 3641 ullum
718 3588 905 3639 restat
923 3584 1254 3653 vestigium.
1281 3582 1398 3638 Sub
1428 3582 1735 3638 occasione
1762 3581 1940 3650 igitur

280 3675 447 3732 Onize
478 3674 700 3730 infinita
730 3674 1064 3730 Iudaeorum
1099 3672 1361 3727 examina
1394 3670 1702 3741 Aigyptum
1744 3671 1941 3726 confu-

284 3768 516 3833 gerunt.
544 3761 861 3817 Asserebat
896 3760 1047 3815 enim
1082 3759 1278 3827 Onias,
1304 3759 1359 3813 in
1393 3772 1456 3813 se
1480 3757 1779 3829 impletum
1811 3771 1940 3813 esse

284 3851 625 3908 vaticinium
644 3850 829 3906 Ysaiae
852 3848 1197 3904 scribentis:
1226 3847 1369 3904 Erit
1393 3847 1591 3903 altare
1611 3844 1856 3925 Domini
1878 3846 1943 3902 in

284 3940 542 4011 Egi/pta
571 3939 631 3995 et
648 3939 865 3996 titulus
887 3937 1139 3994 Domini
1158 3937 1225 3993 in
1248 3936 1519 3993 terminis
1542 3934 1689 4004 ejus,
1705 3938 1765 3989 et
1789 3934 1940 4004 quod

287 4031 470 4086 Ezras
499 4026 569 4061 ²⁸⁶
600 4032 733 4083 ante
786 4031 1099 4082 sexcentos
1131 4039 1314 4081 annos
1375 4023 1731 4095 predixerat,
1788 4022 1942 4092 quod

288 4120 597 4189 Oporteret
618 4116 674 4170 in
714 4114 963 4186 Egypto
991 4113 1269 4185 templum
1298 4111 1574 4168 aediﬁcari
1595 4112 1709 4166 Deo
1732 4124 1835 4181 per
1863 4110 1945 4167 vi-

291 4220 418 4262 rum
445 4204 726 4261 Iudaeum.
774 4203 1060 4260 Antiocho
1079 4208 1274 4257 autem
1301 4201 1534 4256 Iudaeos
1568 4196 1855 4268 aliligente
1883 4203 1942 4255 et

288 4294 363 4350 ad
386 4292 775 4364 gentilitatem
802 4306 905 4364 per
929 4306 988 4348 se
1023 4291 1210 4362 ipsum
1234 4294 1293 4345 et
1328 4304 1429 4360 per
1453 4288 1664 4344 missos
1685 4302 1826 4343 suos
1851 4302 1946 4343 co-

2049 1744 2177 1799 gem
2196 1728 2267 1761 ²⁹⁰
2296 1729 2512 1784 lllirici'
2554 1729 2821 1786 Gentium
2866 1730 3114 1786 nomine.
3176 1727 3448 1785 Romanis
3500 1731 3694 1784 autem

2051 1818 2270 1874 auxilio
2292 1823 2459 1873 erant
2499 1820 2783 1874 Eumenes
2800 1832 2901 1873 rex
2925 1817 3095 1887 Asiae,
3114 1818 3296 1872 frater
3318 1814 3516 1885 Attali,
3535 1815 3695 1870 Aria-

2050 1911 2213 1962 ratus
2237 1921 2339 1961 rex
2358 1906 2719 1977 Capadocite,
2740 1906 3058 1962 Antiochus
3105 1903 3304 1974 Syriae,
3321 1902 3697 1959 Ptholomeus

2049 1994 2297 2065 Egypti,
2343 1995 2671 2064 Masinissa,
2731 1993 3033 2050 Numidiae.
3071 1992 3314 2049 Arusias
3370 1995 3562 2048 autem
3593 2004 3697 2046 rex

2050 2083 2352 2153 Bythiniae,
2384 2083 2521 2139 licet
2545 2082 2744 2139 Persei
2766 2096 3027 2139 sororem
3050 2080 3121 2114 ²⁹¹
3143 2082 3405 2149 haberet,
3429 2080 3695 2150 utrisque

2049 2186 2109 2228 se
2139 2187 2368 2243 aequum
2401 2172 2657 2243 prebuit.
2695 2174 2906 2228 Contra
2932 2174 3206 2227 Perseum
3250 2168 3463 2224 missus
3493 2166 3694 2223 consul

2050 2261 2292 2317 Publius
2327 2261 2599 2326 Licinius,
2651 2261 2722 2315 ab
2754 2275 2822 2315 eo
2859 2260 3052 2316 victus
3079 2263 3189 2326 est,
3225 2271 3330 2313 nec
3358 2260 3553 2311 tamen
3586 2256 3696 2311 Ro-

2049 2349 2199 2403 mani
2225 2350 2347 2418 regi
2368 2364 2567 2421 pacem
2594 2349 2815 2420 potenti
2844 2351 3107 2418 prestare
3136 2344 3469 2413 voluerunt,
3496 2342 3607 2399 nisi
3631 2357 3694 2399 se

2049 2442 2108 2493 et
2133 2452 2272 2494 suos
2287 2437 2516 2494 senatui
2549 2436 3076 2494 subdidiSSetMox
3100 2436 3303 2490 contra
3328 2446 3458 2487 eum
3482 2431 3695 2487 missus

2052 2527 2261 2582 Lucius
2305 2526 2568 2582 .Emilius
2610 2525 2824 2582 Paulus
2856 2523 3081 2591 consul,
3124 2522 3264 2578 vicit
3297 2534 3451 2590 eum,
3480 2525 3540 2576 et
3568 2532 3699 2575 cum

2050 2614 2268 2684 ingenti
2298 2629 2503 2686 pompa
2523 2617 2756 2671 Romam
2774 2613 2944 2669 rediit
2966 2613 3022 2668 in
3036 2611 3166 2668 navi
3186 2610 3449 2681 ejusdem
3473 2607 3692 2677 Persei,

2051 2702 2426 2772 quaeinusitze
2461 2702 2881 2773 magnitudinis
2916 2698 3427 2767 ferebaturl‘uisse,
3455 2696 3600 2752 adeo
3631 2699 3693 2751 ut

2050 2790 2566 2863 sedecim:ordines
2590 2805 2877 2846 remorum
2904 2790 3134 2851 dicatur
3155 2785 3449 2842 habuisse.
3481 2783 3698 2840 Trium-

2052 2879 2246 2951 phavit
2301 2884 2494 2937 autem
2528 2880 2745 2936 Paulus
2777 2878 2830 2933 in
2862 2893 3042 2934 curru
3076 2890 3271 2944 aureo,
3305 2873 3532 2931 duobus
3560 2871 3697 2927 ﬁliis

2051 2968 2175 3023 suis
2205 2971 2458 3038 utroque
2506 2969 2690 3024 latere
2719 2965 3069 3023 astantibus.
3127 2963 3293 3020 Ducti
3337 2967 3530 3018 autem
3562 2962 3694 3016 sunt

2050 3063 2184 3114 ante
2209 3072 2443 3115 currum
2459 3056 2585 3126 ejus
2605 3056 2718 3113 duo
2743 3054 2844 3109 ﬁlii
2862 3055 3015 3124 regis
3038 3056 3095 3109 et
3120 3053 3245 3124 ipse
3264 3053 3513 3107 Perseus
3527 3049 3695 3104 annis

2052 3146 2438 3217 quadraginta
2491 3145 2749 3215 quinque
2781 3149 2974 3212 natus,
3013 3142 3107 3213 qui
3140 3144 3275 3211 post
3306 3138 3460 3210 apud
3494 3136 3696 3192 Albam

2053 3234 2108 3289 in
2139 3234 2412 3291 custodia
2445 3232 2692 3298 defecit;
2720 3232 3025 3287 ﬁliusvero
3049 3228 3395 3301 ejusjunior
3418 3225 3697 3283 fabricam

2052 3323 2316 3379 aarariam
2348 3323 2421 3379 ob
2451 3320 2814 3377 tolerandam
2836 3318 3086 3391 inopiam
3115 3319 3308 3373 Romae
3333 3315 3561 3385 didicit,
3593 3314 3700 3369 ibi-

2053 3426 2163 3482 que
2194 3412 2505 3467 defunctus
2537 3415 2627 3465 est

2124 3503 2285 3556 Anno
2309 3504 2500 3557 autem
2532 3498 2603 3554 ab
2632 3498 2788 3554 Urbe
2845 3494 3081 3554 condita
3116 3492 3562 3562 sexcentesimo,
3599 3491 3697 3562 qui

2052 3594 2180 3647 26“
2202 3587 2636 3660 Phylometoris
2658 3585 3022 3653 inscribitur,
3041 3598 3170 3639 cum
3186 3596 3388 3637 omnes
3408 3581 3699 3637 Romanos

2054 3680 2259 3750 ingens
2291 3659 2718 3734 Celtiberorum
2752 3678 2941 3730 metus
2963 3659 3294 3741 invasisset,
3317 3683 3422 3726 nec
3440 3674 3597 3726 esset
3627 3683 3701 3725 ex

2052 3768 2321 3827 omnibus
2351 3768 2448 3838 qui
2486 3766 2575 3822 vel
2609 3764 2777 3820 miles
2801 3762 2892 3819 vel
2921 3762 3152 3831 legatus
3176 3760 3258 3815 ire
3279 3759 3335 3813 in
3370 3757 3700 3830 Hispaniam

2053 3855 2576 3925 auderet,.Publius
2608 3852 2818 3923 Scipio,
2857 3850 3108 3906 Africani
3143 3862 3346 3919 nepos,
3373 3847 3468 3918 qui
3492 3851 3552 3902 et
3574 3846 3700 3917 ipse

2054 3952 2187 4018 post
2221 3944 2530 4001 Africanus
2561 3946 2647 3997 est
2680 3940 2893 4009 dictus,
2930 3938 3087 3994 ultro
3133 3951 3194 3993 se
3225 3935 3608 3991 militaturum
3644 3934 3699 3990 iu

2056 4034 2327 4107 Ilispa‘nia
2358 4030 2596 4099 obtulit,
2630 4044 2759 4085 cum
2783 4031 2972 4082 tamen
2999 4026 3055 4081 in
3080 4024 3470 4080 Macedoniam
3493 4027 3702 4079 contra

2054 4125 2384 4196 Philippum
2416 4118 2735 4190 deputatus
2767 4119 2948 4171 esset.
2969 4114 3281 4169 Profectus
3304 4112 3502 4180 itaque
3534 4110 3586 4164 in
3612 4109 3705 4196 Hi-

2056 4195 2338 4286 spaniam,
2363 4213 2617 4278 stragem
2670 4217 2931 4273 magnam
2954 4200 3138 4271 dedit,
3164 4198 3363 4269 sepius
3383 4197 3559 4253 etiam
3601 4195 3703 4250 mi-

2059 4304 2181 4359 litis
2214 4315 2382 4371 quam
2410 4297 2581 4371 ducis
2596 4294 2784 4371 ofﬁcio
2814 4304 3127 4357 usus;nam
3153 4294 3212 4344 et
3237 4288 3547 4371 barbarum
3572 4300 3702 4358 pro-

288 4358 485 4455 gen'te,
524 4358 871 4437 Mathathias
900 4358 1474 4449 cum-quinqueliliis
1502 4377 1626 4433 suis
1658 4377 1945 4433 adversus
1975 4382 2028 4444 D
2059 4358 2362 4434 vocantem
2394 4360 2772 4439 singulariter
2794 4377 3152 4455 congressus
3173 4358 3410 4455 occidit.

297 4486 402 4528 eos
418 4485 575 4526 arma
588 4470 895 4541 corripuit,
912 4473 972 4525 et
987 4468 1205 4539 patrias
1230 4468 1388 4537 leges
1400 4466 1651 4522 viriliter
1664 4465 1940 4521 defendit.

298 4560 424 4626 Quo
448 4563 578 4630 post
601 4573 812 4615 annum
865 4557 1169 4627 moriente,
1195 4556 1420 4612 scilicet
1445 4570 1596 4612 anno
1619 4555 1944 4611 centesimo

303 4646 753 4719 quadragesimo
783 4651 954 4702 sexto
1010 4645 1170 4715 regni
1204 4646 1539 4713 Grecorum,
1576 4644 1787 4714 quiest
1822 4648 1947 4699 13‘m

297 4735 743 4805 Phylometoris,
808 4733 1068 4790 decimus
1098 4748 1233 4788 vero
1291 4732 1580 4803 Antiochi,
1642 4732 1793 4789 ﬁlius
1822 4732 1947 4802 ejus

299 4823 479 4880 Iudas
492 4822 839 4879 Machabeus
856 4822 1144 4878 successit
1161 4821 1334 4893 patri,
1351 4824 1948 4890 etcongregatoexer—

295 4911 438 4980 citu,
454 4909 776 4966 vindictam
799 4910 853 4964 in
879 4909 1027 4965 male
1042 4915 1284 4979 agentes
1302 4908 1582 4965 exercuit.
1602 4909 1654 4964 ls
1671 4908 1945 4980 templum

298 4998 372 5054 ab
394 4998 682 5056 Antiocho
697 4998 1066 5055 destructum
1083 4997 1673 5053 nobiliterrenovavit
1695 4999 1752 5053 et
1777 5011 1807 5053 a
1826 5013 1948 5054 sor-

300 5085 472 5144 dibus
519 5087 847 5159 ydolorum,
898 5085 1111 5158 quibus
1141 5100 1245 5158 per
1289 5084 1601 5142 triennium
1661 5085 1945 5157 pollutum

2129 4465 2342 4523 Eodem
2369 4466 2633 4531 tempore
2655 4454 2894 4511 Messala
2921 4466 3132 4508 censor
3157 4450 3377 4522 primus
3409 4448 3699 4505 theatrum

2059 4554 2352 4627 lapideum
2376 4550 2433 4604 in
2458 4548 2611 4604 Urbe
2635 4543 2901 4602 construi
2924 4541 3127 4612 jussit,
3155 4538 3308 4610 quod
3334 4551 3403 4593 ne
3438 4536 3703 4627 tuncﬁe-

2058 4626 2168 4714 ret,
2208 4640 2397 4712 Scipio
2422 4637 2628 4694 Nasica
2651 4632 2996 4704 gravissima
3013 4628 3420 4686 dehortatione
3443 4626 3699 4694 obstitit,

2058 4733 2260 4789 dicens
2293 4723 2757 4784 inimicissimum
2784 4722 2905 4776 fore
2941 4717 3154 4791 populo
3189 4715 3459 4773 bellatori
3492 4716 3601 4771 hoc
3631 4715 3701 4771 ad

2058 4816 2429 4877 nutriendam
2495 4812 2778 4870 desidiam
2843 4806 3218 4876 lasciviaeque
3288 4807 3698 4873 commentum,

2060 4910 2323 4977 adeoque
2342 4903 2520 4960 movit
2539 4905 2827 4967 senatum,
2846 4902 2908 4953 ut
2928 4909 3041 4951 non
3065 4893 3251 4950 solum
3266 4892 3455 4948 omnia
3473 4891 3703 4947 theatro

2058 5000 2396 5067 comparata
2418 4990 2487 5024 ²⁰²
2513 4987 2682 5046 vendi
2716 4983 2984 5058 jusserit,
3011 4980 3112 5039 sed
3141 4981 3316 5037 etiam
3340 4978 3615 5037 subsellia
3647 4979 3702 5035 in

2060 5083 2214 5142 ludis
2249 5080 2382 5155 poni
2407 5075 2777 5151 prohibuerit
2791 5072 2879 5145 ³⁸³,
2906 5077 2967 5129 et
2990 5074 3052 5128 ut
3070 5083 3254 5141 neque
3269 5067 3497 5139 urbani,
3516 5081 3702 5138 neque

1654 5237 1745 5293 VA
1754 5237 1890 5293 ΗΒΕ
1931 5234 2226 5295 LECTION
2232 5234 2332 5291 ES.

372 5353 441 5391 ²⁸⁴
472 5370 519 5413 r.
557 5370 615 5429 p.
650 5360 701 5429 5.
768 5352 849 5429 )8“
878 5354 1133 5429 dirutum
1165 5359 1214 5412 5.
1249 5357 1324 5412 9ο.
1370 5351 1473 5429 ff”
1515 5352 1744 5429 ezdras
1772 5356 1822 5412 5.
1900 5351 1979 5429 ξξῖ
2001 5366 2198 5429 ςιῐιῐιερξΔ
2232 5350 2494 5429 quinque
2524 5343 2863 5429 -_Mregebat
2917 5340 3254 5429 demitte.“
3289 5336 3359 5372 ”°
3379 5335 3705 5429 gentesinio

305 5430 457 5503 sept.
495 5423 581 5500 11',
641 5426 816 5503 stite
857 5423 1458 5503 deincepsuloojiis
1510 5425 1777 5503 numeris
1834 5424 2026 5487 addit.

299 5495 738 5577 m'comp'arato
769 5502 817 5560 ὕ.
848 5497 926 5559 ου.
962 5495 1084 5561 10.’
1122 5495 1189 5537 ὀδ
1217 5495 1639 5574 prohibuerunt
1666 5501 1714 5558 5.

2133 5407 2200 5459 έέο
2231 5407 2383 5484 bella
2401 5407 2456 5483 Β.
2562 5415 2631 5453 ²⁹⁰
2658 5407 2719 5477 εἴ
2748 5431 2802 5489 g.
2840 5429 2894 5476 η.
2922 5413 2958 5473 i.
2995 5426 3191 5489 regem
3225 5416 3274 5473 5.
3352 5407 3447 5483 3”
3478 5407 3533 5467 h-
3568 5423 3615 5467 8-
3650 5413 3699 5465 δ·
