3992 6054
292 144 409 215 62⁸7

1449 145 1932 213 EKKEHARDI
1974 145 2531 213 URAUGIENSIS

3575 135 3700 206 628

298 287 393 358 qui
430 303 461 346 a
493 289 633 347 foris
661 286 819 346 mille
851 286 1122 361 passibus
1155 285 1450 352 adessent,
1470 286 1739 344 sedentes
1767 283 1938 341 ludos
1966 284 2022 346 Α
2053 298 2163 355 que
2183 288 2559 356 pugnaretur,
2578 284 2777 343 u|tima
2795 280 3131 355 desperatio
3156 277 3700 352 Kartaginensesad

297 384 652 450 spectarent,
699 395 769 436 ne
812 379 1094 436 fortitudo
1128 379 1357 435 illorum
1406 377 1796 434 mollesceret.
1830 374 1937 432 Illo

297 480 529 536 quoque
569 472 831 538 tempore
861 467 1072 524 Tuccia
1103 467 1265 537 virgo
1298 465 1550 521 Vestalis
1582 464 1940 533 arguebatur

297 551 522 610 incesti.
563 559 633 610 At
678 555 777 610 illa
812 570 1059 625 purgare
1105 569 1166 610 se
1221 552 1579 623 argumentis
1626 550 1938 619 dedignata

298 642 665 711 mortalibus,
716 644 784 699 ad
814 642 882 676 ’9‘
912 643 1175 714 Tybcrim
1209 641 1418 696 detulit
1452 639 1729 706 cribrum,
1766 637 1939 707 idque

299 728 685 799 submergens
716 730 803 800 ’9‘,
838 745 1008 802 prece
1039 729 1255 799 addita,
1293 728 1513 797 inquit:
1565 729 1609 784 0
1668 725 1854 794 Vesta,
1884 723 1941 780 si

290 816 402 885 pia
426 831 574 887 sum,
601 820 656 873 si
702 819 872 889 virgo
900 833 1049 886 sum,
1101 817 1304 873 Itance
1358 815 1573 886 Tyberi
1620 827 1843 885 aquam
1862 812 1944 869 ad

301 904 580 976 templum
614 908 780 964 tuum
800 908 1087 979 deferam.
1115 908 1181 961 Et
1203 904 1468 977 pertulit.

370 997 533 1053 Anno
586 997 1075 1067 scxingentesimo
1106 994 1360 1051 secundo
1393 994 1639 1049 tercium
1664 995 1942 1049 Punicum

300 1086 515 1143 bellum
546 1088 815 1142 exortum
847 1092 957 1141 est.
983 1086 1311 1152 Igiturcum
1345 1087 1582 1140 senatus
1600 1082 1941 1139 abolendam

298 1178 664 1245 Kartaginem
697 1176 1117 1243 decrevissent,
1153 1173 1400 1246 profecti
1431 1172 1705 1229 consules
1734 1170 1944 1226 Lucius

299 1266 545 1321 Manlius
593 1267 950 1322 Censorinus
981 1270 1037 1321 et
1079 1266 1307 1320 Marcus
1362 1262 1625 1329 Manlius,
1661 1266 1720 1318 et
1752 1259 1943 1329 Scipio

300 1357 437 1410 tunc
460 1354 734 1409 tribunus
758 1353 1026 1421 militum,
1054 1367 1233 1422 prope
1249 1352 1470 1408 Uticam
1497 1354 1691 1405 castra
1709 1347 1945 1417 majoris

300 1441 555 1497 Africani
592 1446 923 1497 tenuerunt.
986 1441 1067 1495 Ibi
1100 1438 1620 1509 Kartaginensibus
1680 1434 1943 1492 evocatis

295 1526 598 1599 jussisqne
630 1535 690 1585 ut
736 1544 894 1584 arma
926 1532 981 1583 et
1006 1543 1183 1584 naves
1221 1527 1525 1585 traderent
1550 1541 1655 1582 nec
1680 1522 1941 1591 moratis,

2051 374 2401 432 deditionem
2418 376 2617 446 traxit,
2640 381 2929 447 petentes,
2951 377 3015 429 ut
3029 386 3176 444 quos
3192 370 3327 427 belli
3346 371 3546 427 clades
3561 370 3703 428 reli-

2052 478 2197 535 quos
2213 466 2585 533 fecit,saltem
2612 464 2834 520 servire
2864 462 3191 528 liceret;ac
3219 460 3467 531 primum
3490 474 3699 529 agmen

2052 552 2355 610 mulierum
2382 555 2526 611 satis
2557 554 2909 625 miserabile,
2942 554 3078 623 post
3107 549 3365 604 virorum
3396 548 3579 619 magis
3600 548 3702 605 de-

2052 643 2233 698 forme
2257 642 2579 699 descendit.
2612 645 2745 699 Nam
2775 644 2949 700 fuisse
2984 640 3289 698 mulierum
3316 642 3384 693 25
3409 636 3583 707 milia,
3614 638 3701 694 vi-

2050 746 2247 788 rorum
2280 735 2348 787 30
2378 732 2553 799 milia,
2588 732 2881 788 memoriaa
2921 730 3195 787 traditur.
3228 730 3349 785 Rex
3382 727 3700 784 Hastrubal

2053 834 2116 875 se
2149 819 2303 877 ultro
2332 821 2513 890 dedit,
2572 821 2807 891 suisque
2837 823 3062 876 tantum
3082 818 3346 875 ‘salutem
3396 815 3648 873 obtinuit
3679 831 3696 882 ;

2055 909 2370 978 transfuga}
2401 908 2732 965 voluntario
2788 907 3105 981 precipicio
3162 906 3304 976 dati,
3366 903 3697 976 consumpti

2053 1002 2191 1054 sunt
2220 998 2357 1067 igni,
2416 1013 2713 1068 quosquos
2774 1002 2966 1053 autem
3021 997 3355 1064 transfugas
3413 995 3702 1051 Romanos

2053 1086 2246 1157 Scipio
2279 1087 2544 1143 obtinere
2577 1087 2789 1157 potuit,
2825 1086 3101 1143 crucibus
3122 1083 3322 1152 aﬂlxit,
3350 1082 3581 1138 Latinos
3612 1095 3702 1137 se-

2054 1175 2178 1229 curi
2207 1176 2519 1246 percussit.
2550 1178 2707 1233 Uxor
2739 1173 3107 1232 liastrubalis
3133 1173 3546 1229 ubiardentem
3568 1173 3703 1226 Kar-

2059 1263 2308 1333 taginem
2333 1264 2581 1336 aspexit,
2606 1265 2735 1321 viro
2759 1280 2866 1321 suo
2887 1279 3015 1321 cum
3042 1263 3273 1319 duobus
3299 1261 3432 1318 filiis
3456 1260 3575 1317 suis
3606 1272 3701 1315 oc-

2054 1352 2260 1422 currit,
2279 1353 2448 1423 eique
2464 1354 2641 1409 dixit:
2673 1355 2809 1409 Viee
2822 1351 3326 1424 ta,qaisaperstes
3344 1364 3466 1407 esse
3478 1350 3704 1405 Karta-

2052 1441 2188 1508 gini
2195 1442 2376 1510 potes,
2399 1456 2650 1513 nampro
2668 1442 3381 1517 uobisfmstrarogasses.
3408 1440 3476 1493 Et
3506 1436 3705 1492 volen-

2062 1526 2217 1583 tibus
2250 1529 2401 1598 filiis,
2431 1530 2581 1584 virili
2615 1530 2838 1600 dolore,
2866 1530 3112 1586 femineo
3137 1527 3425 1596 furore,in
3451 1525 3702 1582 medium

302 1618 462 1671 tanta
489 1617 576 1671 vis
600 1633 887 1673 armorum
912 1621 1151 1688 repente
1172 1616 1386 1672 tradita
1403 1620 1514 1684 est,
1540 1619 1600 1671 ut
1630 1612 1796 1669 facile
1820 1616 1941 1666 tota
1976 1638 2026 1698 Β
2059 1629 2122 1669 se
2150 1617 2398 1686 conjecit
2428 1619 2774 1689 incendium,
2806 1618 3013 1676 eodem
3045 1617 3216 1674 modo
3247 1617 3466 1672 exitum
3498 1613 3707 1670 mortis

302 1717 374 1758 ex
396 1704 486 1759 his
522 1705 710 1761 Africa
733 1706 1026 1775 potuisset
1045 1704 1275 1760 armari.
1315 1704 1422 1759 Sed
1447 1708 1758 1774 postquam
1783 1712 1943 1755 arma

303 1792 676 1848 tradiderunt
698 1798 756 1848 et
777 1793 1055 1848 derelicta
1075 1794 1217 1848 urbe
1239 1792 1511 1848 recedere
1530 1790 1783 1861 procula
1800 1787 1943 1843 mari

305 1882 502 1937 decem
527 1882 761 1937 milibus
798 1897 1068 1952 passuum
1097 1882 1243 1953 jussi
1271 1885 1425 1949 sunt,
1464 1879 1725 1935 dolorem
1756 1878 1827 1933 ad
1851 1876 1947 1932 de-

307 1971 700 2040 sperationem
756 1970 1154 2038 contulerunt,
1190 1976 1289 2025 aut
1320 1969 1616 2025 defensuri
1647 1968 1944 2024 civitatem

304 2063 405 2114 aut
428 2074 556 2113 cum
585 2060 706 2129 ipsa
738 2074 841 2129 per
876 2059 1055 2128 ipsam
1092 2056 1434 2128 sepeliendi,
1470 2069 1716 2126 moxque
1739 2055 1847 2110 sibi
1878 2053 1947 2087 ²⁹⁶

305 2146 453 2202 duos
484 2145 862 2201 llastrubalcs
887 2146 1067 2201 duces
1091 2149 1313 2211 creant,
1341 2158 1613 2214 armaque
1640 2144 1829 2199 facere
1854 2158 1949 2213 ag-

304 2234 515 2304 gressi,
553 2238 859 2303 postquam
892 2249 972 2289 aes
1017 2235 1350 2302 ferrumque
1382 2232 1616 2301 defecit,
1653 2246 1828 2287 aurea
1860 2246 1947 2286 ar-

300 2327 626 2392 genteaque
644 2320 1215 2377 frceruntConsules
1230 2321 1468 2376 Romani
1487 2321 1687 2376 urbem
1704 2320 1943 2389 agressi,

301 2428 430 2468 cum
464 2411 822 2481 aliquantum
866 2410 1011 2465 muri
1047 2413 1269 2480 partem
1318 2408 1386 2442 ²⁹⁷
1416 2408 1700 2463 machinis
1742 2407 1950 2463 diruis-

302 2504 451 2571 sent,
487 2515 515 2555 a
570 2497 1087 2566 Kartaginensihus
1131 2496 1269 2553 victi
1302 2500 1435 2552 sunt
1495 2500 1670 2566 atque
1704 2494 1944 2566 repulsi.

304 2591 460 2655 Quos
500 2587 789 2655 fugientes
824 2584 1013 2654 Scipio
1042 2583 1320 2649 defendit,
1371 2583 1537 2639 hoste
1568 2583 1719 2637 intra
1755 2597 1951 2639 muros

303 2675 558 2747 repulso.
593 2676 649 2727 Is
681 2670 833 2742 apud
863 2685 1064 2725 omnes
1090 2671 1307 2739 ingenti
1343 2674 1497 2726 metu
1527 2673 1584 2725 et
1618 2669 1949 2724 reverentia

305 2770 452 2831 erat,
479 2775 607 2816 nam
633 2764 687 2814 et
716 2757 1126 2829 paratissimus
1152 2759 1221 2813 ad
1255 2757 1644 2814 dimicandum
1675 2759 1735 2810 et
1765 2771 1953 2826 prom-

310 2852 612 2924 ptissimus
643 2850 767 2902 erat
793 2844 862 2901 ad
892 2845 1332 2915 consulendum,
1366 2860 1474 2901 nec
1507 2844 1815 2915 quicquam
1839 2858 1955 2898 ma-

301 2944 392 3012 gis
418 2941 596 2995 duces
617 2938 922 2991 Poenorum
948 2933 1232 3002 vitabant,
1252 2948 1420 3004 quam
1447 2936 1648 2989 contra
1676 2945 1799 2986 eam
1827 2944 1956 3001 par-

299 2990 419 3086 tem
456 3030 842 3083 Romanorum
874 3022 1245 3079 committere
1270 2990 1365 3079 ubi
1391 3021 1583 3093 Scipio
1618 3018 1952 3074 dimicabat.
1988 2990 2035 3047 ί)

301 3126 411 3184 Per
445 3131 596 3189 idem
657 3124 887 3182 tempus
921 3110 1221 3176 Masinissa
1265 3143 1369 3183 rex
1422 3110 1818 3176 Numidarum,
1855 3123 1960 3177 per

303 3231 482 3274 annos
517 3219 637 3274 fere
683 3217 978 3286 sexaginta
1013 3219 1234 3275 amicus
1270 3216 1467 3290 populi
1511 3215 1771 3285 Romani,
1809 3222 1959 3270 mor'

300 3309 441 3360 tuus
463 3310 549 3360 est
576 3321 723 3360 anno
751 3305 884 3361 vitm
909 3320 1028 3361 suze
1059 3305 1435 3376 nonagesimo
1468 3304 1737 3375 septimo,
1764 3304 1958 3359 valen-

310 3394 537 3449 tissimo
554 3408 781 3463 semper
805 3408 1053 3463 corpore
1072 3409 1472 3464 perseverans.
1500 3393 1600 3449 IIic
1624 3397 1715 3448 est
1741 3391 1826 3448 vir
1858 3391 1955 3462 qui

305 3496 615 3550 numquam
650 3481 705 3535 in
739 3482 938 3553 ymhre
979 3481 1069 3536 vel
1103 3483 1352 3537 maximo
1384 3485 1558 3553 caput
1607 3497 1774 3538 suum
1805 3483 1952 3537 texit

304 3576 405 3625 aut
431 3569 663 3637 frigore,
681 3575 738 3625 et
758 3574 874 3624 tam
900 3569 995 3625 diu
1017 3569 1070 3625 in
1097 3585 1210 3626 uno
1234 3570 1397 3626 stetit
1424 3570 1767 3639 vestigio,ut
1791 3569 1955 3640 prius

298 3658 542 3728 juvenes
571 3657 921 3714 lassitudine
948 3657 1244 3728 cederent,
1298 3673 1468 3728 quam
1503 3658 1601 3714 ille
1631 3659 1700 3713 de
1734 3657 1862 3713 loco
1894 3658 1949 3712 in

306 3761 418 3815 quo
441 3750 691 3801 steterat
723 3751 1075 3802 moveretur.
1112 3747 1166 3800 Si
1216 3748 1503 3815 stetisset,
1533 3762 1602 3802 ne
1633 3747 1951 3802 membrum

308 3832 540 3902 quidem
563 3836 685 3889 tota
703 3834 793 3889 die
808 3836 1096 3903 movebat,
1125 3834 1167 3890 si
1185 3834 1616 3902 iteringressus
1629 3839 1721 3891 est
1745 3848 1947 3904 eques,

305 3935 416 3977 non
461 3922 872 3993 descendebat,
907 3921 953 3979 si
996 3921 1196 3993 pedes,
1231 3938 1345 3979 non
1400 3922 1771 3993 ascendebat,
1806 3922 1954 3979 sole-

307 4009 521 4080 batque
575 4012 847 4081 equitans
881 4011 936 4066 in
966 4011 1228 4068 exercitu
1269 4012 1422 4069 nocti
1458 4011 1610 4067 diem
1642 4011 1951 4082 sepissime

304 4098 678 4167 conjungere,
697 4102 755 4154 et
778 4100 867 4153 sui
893 4100 1216 4155 custodiam
1235 4100 1603 4170 tutelamque
1627 4099 1952 4155 sevissimis

303 4187 548 4243 canibus
571 4188 995 4244 committebat.
1014 4190 1153 4244 Post
1174 4188 1593 4257 octogesimum
1612 4192 1838 4245 sextum
1855 4203 1952 4244 an-

303 4288 435 4330 num
459 4277 658 4344 genuit
688 4276 889 4345 lilium,
911 4277 1003 4332 cui
1034 4291 1238 4334 nomen
1270 4277 1378 4332 fuit
1416 4277 1720 4346 Methuma,
1748 4277 1952 4333 nichil-

303 4377 413 4432 que
439 4363 591 4432 quod
620 4364 851 4433 juvenis
877 4343 1019 4421 fecit
1045 4381 1169 4422 aevo
1202 4366 1405 4422 ultimo
1435 4343 1811 4437 pretermisit.
1840 4366 1950 4421 Mo-
1979 4343 2032 4403 Ῑ)

304 4450 458 4505 riens
492 4451 670 4519 igitur
704 4455 771 4506 44
802 4453 952 4509 filios
984 4454 1242 4524 reliquit,
1276 4454 1428 4510 inter
1458 4470 1605 4525 quos
1639 4454 1948 4510 divisorem

302 4551 434 4593 esse
467 4539 792 4610 Scipionem
822 4541 1020 4611 jussit.
1058 4542 1164 4608 Qui
1196 4548 1503 4614 postquam
1528 4544 1681 4599 inter
1714 4558 1818 4599 eos
1840 4544 1951 4598 Nu-

302 4625 493 4682 midiae
518 4641 756 4696 regnum
784 4629 1000 4699 divisit,
1033 4632 1401 4701 Kartaginem
1433 4646 1707 4688 reversus
1729 4636 1842 4688 est.

374 4716 538 4773 Anno
561 4731 590 4771 a
626 4717 805 4773 Roma
835 4718 1069 4775 condita
1103 4719 1593 4789 sexingentesimo
1631 4725 1822 4791 sexto,
1855 4720 1951 4791 qui

301 4809 393 4858 est
424 4803 853 4873 Phylomctoris
902 4809 1045 4875 32118,
1080 4822 1210 4864 cum
1248 4808 1469 4864 clarum
1527 4812 1687 4864 esset
1745 4823 1949 4864 nomen

304 4890 851 4961 Scipionis,juvenis
877 4893 1279 4951 adhucconsul
1316 4896 1506 4951 factus
1535 4898 1647 4965 est,
1673 4898 1732 4951 et
1756 4894 1953 4952 delere

303 4976 672 5047 Kartaginem
725 4995 996 5051 suprema
1029 4987 1190 5037 sorte
1229 4980 1487 5051 molitus,
1522 4982 1839 5040 Cothonem
1873 4983 1956 5039 in-

303 5076 542 5134 gressus
568 5072 677 5124 est.
702 5068 805 5125 Ubi
828 5083 959 5125 cum
986 5082 1086 5126 sex
1111 5066 1319 5125 diebus
1341 5068 1638 5126 continuis
1658 5072 1954 5129 noctibus-

2061 1703 2273 1761 faciens
2319 1712 2577 1764 extrema
2634 1709 2854 1780 regina,
2907 1723 3073 1779 quem
3134 1706 3420 1777 quondam
3485 1704 3702 1761 fecerat

2054 1790 2260 1861 prima.
2289 1796 2415 1865 Ipsa
2432 1810 2571 1851 vero
2590 1796 2799 1852 civitas
2814 1796 3012 1852 decem
3037 1799 3093 1851 et
3116 1798 3336 1866 septem
3353 1793 3708 1849 diebuscon-

2060 1882 2233 1938 tinuis
2264 1884 2426 1954 assit,
2468 1885 2858 1955 miserumque
2891 1883 3286 1956 spectaculum
3320 1882 3389 1939 de
3418 1881 3705 1938 varietate

2056 1971 2409 2028 conditionis
2428 1973 2692 2029 humana;
2717 1972 3042 2029 victoribus
3066 1972 3189 2028 suis
3209 1970 3463 2043 prebuit,
3485 1970 3709 2025 diruta-

2058 2073 2170 2127 que
2201 2064 2313 2129 est,
2350 2060 2502 2115 omni
2537 2061 2741 2117 murali
2765 2059 2958 2131 lapide
2990 2061 3046 2115 in
3077 2060 3374 2131 pulverem
3398 2072 3703 2114 converso.

2059 2146 2235 2216 Cujus
2260 2149 2410 2204 situs
2435 2149 2761 2218 liujusmodi
2785 2148 2959 2205 fuisse
2986 2149 3221 2205 dicitur.
3244 2150 3353 2202 Per
3371 2145 3707 2216 vigintiduo

2060 2236 2214 2290 milia
2244 2251 2519 2307 passuum
2550 2253 2713 2292 muro
2747 2236 3033 2308 amplexa,
3068 2240 3197 2292 toto
3239 2249 3383 2307 pene
3416 2234 3557 2289 mari
3591 2233 3710 2290 cin-

2057 2325 2327 2393 gebatur,
2365 2326 2586 2395 absque
2620 2325 2904 2395 faucibus,
2940 2340 3066 2395 qua)
3097 2324 3290 2379 tribus
3323 2322 3558 2379 milibus
3585 2336 3713 2393 pas-

2060 2426 2226 2468 suum
2251 2413 2685 2484 aperiebantur.
2712 2415 2767 2470 Is
2782 2414 2946 2470 locus
2966 2428 3190 2469 murum
3206 2412 3449 2482 triginta
3466 2409 3712 2481 pedibus

2062 2499 2241 2556 latum
2274 2501 2476 2557 habuit
2506 2516 2650 2557 saxo
2708 2502 3015 2571 quadrato,
3052 2500 3108 2555 in
3141 2499 3453 2556 altitudine
3484 2500 3712 2555 cubito-

2064 2603 2187 2643 rum
2219 2591 2304 2645 40.
2342 2591 2479 2657 Arx,
2514 2590 2606 2647 cui
2639 2591 2820 2646 Birsze
2853 2605 3058 2647 nomen
3092 2589 3219 2655 fuit,
3252 2586 3426 2660 paulo
3460 2587 3711 2659 amplius

2063 2691 2232 2746 quam
2248 2677 2364 2733 duo
2380 2678 2534 2733 milia
2553 2692 2827 2750 passuum
2840 2680 3190 2735 tenebat.Ex
3206 2690 3315 2733 una
3332 2682 3499 2748 parte
3513 2690 3716 2757 murus

2062 2767 2383 2822 communis
2408 2767 2534 2822 urbi
2559 2772 2617 2823 et
2651 2768 2830 2823 Birsae
2853 2772 3000 2835 erat,
3027 2765 3329 2822 imminens
3362 2764 3524 2832 mari,
3558 2762 3715 2833 quod

2064 2868 2221 2910 mare
2238 2856 2513 2924 Stagnum
2531 2856 2766 2912 dicitur.
2787 2858 3245 2925 Igitur-Kartago
3261 2851 3716 2925 septingentesi-

2067 2957 2319 2999 moanno
2356 2949 2663 3015 postquam
2680 2944 2914 3000 condita
2939 2948 3030 2999 est
3046 2942 3358 3011 deletacst,
3394 2938 3710 2996 multitudo

2067 3031 2931 3103 omniscaptivorum,exceptis
2950 3031 3152 3103 paucis
3176 3029 3560 3101 principibus,
3576 3040 3716 3083 ven-

2069 3118 2192 3173 dita
2215 3124 2322 3175 est.
2340 3120 2422 3175 Ita
2450 3127 2659 3192 quarto
2691 3129 2997 3192 postquam
3039 3124 3294 3190 coeptum
3313 3120 3401 3174 est
3427 3130 3573 3172 anno
3596 3118 3718 3169 ter-

2068 3207 2219 3264 cium
2236 3210 2516 3266 Punicum
2535 3210 2745 3267 bellum
2762 3214 2855 3266 est
2876 3209 3269 3265 terminatum.
3298 3207 3491 3279 Scipio
3507 3220 3715 3263 nomen

2070 3297 2223 3366 quod
2240 3312 2383 3353 avus
2398 3298 2523 3367 ejus
2537 3302 2864 3370 acceperat,
2884 3298 3113 3365 meruit,
3152 3296 3378 3353 scilicet
3395 3301 3453 3352 ut
3470 3301 3717 3368 propter

2065 3385 2345 3441 virtutem
2369 3388 2542 3444 etiam
2578 3390 2702 3459 ipse
2726 3388 3032 3443 Africanus
3050 3388 3246 3457 junior
3268 3392 3600 3443 vocaretur.

2137 3477 2347 3533 Eodem
2381 3492 2529 3534 anno
2563 3477 2933 3545 Cliorinthus,
2971 3476 3335 3535 nobilissima
3381 3474 3599 3531 Greciaa
3637 3473 3717 3530 ci-

2064 3566 2234 3635 vitas,
2268 3567 2546 3623 subversa
2576 3572 2668 3622 est
2702 3567 2969 3623 incendio
3001 3584 3029 3624 a
3063 3567 3330 3624 Mummio
3352 3564 3420 3602 ²⁹⁸
3447 3562 3709 3621 consule.

2063 3656 2169 3711 Ubi
2196 3670 2344 3727 cum,
2379 3662 2624 3729 propter
2653 3656 3085 3713 multitudinem
3116 3660 3174 3712 et
3220 3655 3565 3712 varietatem
3596 3657 3715 3710 sta-

2064 3747 2293 3801 tuarum
2318 3745 2942 3817 simulachrorumque,
2970 3744 3335 3802 inillotantae
3350 3744 3611 3801 civitatis
3630 3745 3713 3802 in-

2060 3833 2268 3889 ccndio
2300 3833 2584 3905 permixta
2620 3835 2675 3889 in
2709 3848 2882 3889 unum
2915 3833 3061 3903 auri,
3099 3833 3324 3903 argenti
3366 3836 3543 3903 atque
3574 3836 3711 3891 aeris

2062 3922 2296 3978 metalla
2333 3922 2621 3991 ﬂuissent,
2657 3936 2868 3978 novum
2898 3936 3080 3992 genus
3111 3921 3331 3978 metalli
3357 3923 3571 3978 factum
3595 3926 3705 3978 est.

2064 4011 2222 4066 Unde
2248 4026 2429 4082 usque
2462 4010 2655 4078 hodie,
2693 4023 2817 4065 Sive
2849 4023 2919 4065 ex
2954 4010 3080 4081 ipso
3129 4011 3252 4067 sive
3281 4025 3354 4065 ex
3385 4010 3711 4065 imitatione

2063 4102 2209 4172 ejus,
2233 4117 2315 4158 aes
2345 4099 2707 4157 Corinthium
2740 4097 2955 4155 dieitur
2987 4103 3045 4153 et
3079 4113 3215 4155 vasa
3248 4099 3563 4155 Corinthia.
3592 4099 3713 4154 Hoc

2062 4194 2325 4261 tempore
2351 4193 2473 4245 tres
2502 4187 2870 4246 celeberrimi
2887 4186 3351 4260 triumphisimul
3374 4189 3569 4245 Romae
3593 4186 3714 4244 fue-

2061 4286 2228 4334 runt:
2255 4278 2506 4334 Africani
2530 4292 2601 4333 ex
2626 4278 2840 4347 Africa,
2871 4281 3006 4333 ante
3037 4277 3207 4347 cujus
3227 4292 3463 4334 currum
3496 4277 3710 4335 ductus

2060 4371 2152 4423 est
2172 4366 2516 4433 Hastrubal;
2545 4365 2757 4422 Metelli
2791 4380 2863 4422 ex
2896 4364 3246 4433 Macedonia,
3273 4365 3439 4437 cujus
3471 4380 3710 4423 currum

2062 4456 2344 4526 precessit
2375 4454 2752 4525 Andariscus,
2789 4454 2885 4525 qui
2916 4458 2976 4510 et
3016 4454 3571 4525 PseudOphilippus,
3605 4468 3711 4510 rex

2061 4543 2467 4611 Macedonum;
2498 4543 2744 4599 Mummii
2788 4542 2858 4576 ²⁰⁹
2884 4557 2955 4598 ex
2996 4543 3291 4613 Corintho,
3351 4544 3496 4598 ante'
3538 4556 3710 4613 quem

2062 4631 2226 4700 signa
2257 4644 2416 4688 aenea
2439 4638 2496 4687 et
2521 4631 2693 4702 pictae
2720 4630 2937 4687 tabula
2962 4636 3019 4687 et
3043 4631 3153 4689 alia
3180 4632 3344 4687 urbis
3367 4630 3711 4688 clarissima)

2062 4724 2402 4776 ornamenta
2432 4719 2657 4790 prelata
2688 4723 2845 4775 sunt.
2877 4720 3194 4777 Interfecto
3224 4723 3418 4776 autem
3452 4720 3713 4778 Pseudo-

2062 4807 2346 4880 philippo,
2384 4808 2480 4880 qui
2514 4808 2623 4864 sibi
2660 4808 3049 4865 Macedoniam
3085 4808 3411 4880 usurpavit,
3448 4809 3711 4880 itemque

2063 4898 2525 4970 Pseudoperseo,
2559 4897 2655 4969 qui
2690 4910 2752 4953 se
2783 4898 2982 4954 Persei
3025 4898 3203 4955 tilium
3231 4897 3498 4970 jactavit,
3532 4899 3716 4956 Mace-

2064 4985 3718 5060 donesgentiumdominosmﬂomaniprincipestributa-
3810 5030 3817 5035 .

2066 5075 2185 5132 rios
2201 5075 2848 5149 fecerunt,regnumque
2863 5076 3237 5134 Macedonum
3252 5078 3711 5150 defecit.(Hmn),

1676 5241 1911 5299 VARIIE
1953 5243 2352 5303 LECTIONES.

299 5357 1100 5462 ιοε’ῗ..ίῖῗίῗξη⁹ξ’ηηῗῗῗηῗίτςέίῖ
1128 5358 1259 5462 (ίίὶίὲ
1289 5377 1475 5445 man”
1497 5363 1752 5462 (ξείίίίίτιν
1774 5366 2038 5462 ίηοβίῖηιὲθδ
2068 5369 2469 5462 leaenam!-
2512 5370 2620 5462 ,³ῗῖ
2642 5388 2715 5462 "l-
2743 5373 2798 5455 ds
2833 5374 2895 5429 Η·
2934 5374 3043 5462 Si!"
3069 5374 3259 5435 ιάυοθδ
3281 5380 3329 5431 ⁵-
3411 5374 3479 5411 ²⁹⁷
3501 5391 3556 5449 ρο
3582 5383 3711 5435 111.5

300 5432 374 5462 ³⁹⁸
406 5432 661 5486 nummio
682 5435 730 5486 5.
758 5432 1033 5487 muminio
1055 5434 1103 5489 4.
1182 5432 1252 5467 ²⁹⁰
1273 5434 1595 5493 ωυηιίηίίιί.
1623 5437 1881 5494 nummii.
1909 5432 1988 5497 '96.
2025 5432 2034 5438 ⁷
2067 5439 2139 5475 ³⁰⁰
2164 5432 2383 5499 domini
2411 5443 2475 5500 Β.
2512 5444 2860 5503 tributarios
2882 5459 2945 5502 se
2977 5432 3245 5505 iecerunt
3271 5452 3347 5504 9°.
