3986 6048
248 200 376 266 629

1125 199 1568 269 CHRONICA.
1602 235 1684 254 --
1712 160 2185 270 CHRONICON
2236 204 2788 274 UNIVERSALE.

3547 220 3666 285 680

328 338 549 398 Statius
573 338 825 397 Cecilius
856 337 1250 397 comediarum
1285 339 1540 411 scriptor
1589 338 1784 397 clarus
1806 340 1904 396 ha-
1931 338 1989 400 A
2017 344 2108 397 tra
2142 342 2319 401 filium
2353 345 2558 403 habuit
2594 347 2852 417 ejusdem
2886 349 3135 408 nominis
3164 351 3528 425 Antiochum,
3561 357 3658 428 qui

247 428 430 487 betur
453 428 544 486 his
590 428 818 500 diebus,
856 429 951 499 qui
982 429 1219 485 natione
1279 429 1494 493 Gallus,
1525 429 1645 486 sive
1676 433 1735 485 ut
1806 428 1901 485 alii

245 517 455 575 dicunt
470 517 852 587 Mediolanus,
880 518 1126 589 primum
1142 518 1306 574 Ennii
1334 517 1793 587 contubernalis,
1814 531 1905 574 se-

246 607 455 678 quenti
484 620 635 663 anno
665 612 798 677 post
827 611 1068 663 mortem
1099 607 1231 677 ejus.
1257 612 1520 663 mortuus
1550 610 1660 663 est.
1684 608 1903 662 Ennius

243 701 396 744 vero
425 692 595 759 poeta
627 691 723 743 70-
757 686 951 743 aetatis
981 701 1101 743 suae
1149 701 1299 743 anno
1339 686 1644 742 articulari
1699 684 1902 741 morbo

245 776 449 849 periit,
480 778 870 848 sepultusque
921 778 1023 833 est
1054 775 1110 831 iu
1166 780 1540 832 monumento
1593 773 1899 845 Scipionis,

241 864 341 922 via
377 864 577 937 Appia,
614 864 767 920 intra
802 864 1048 935 primum
1079 864 1151 919 ab
1180 863 1333 921 Urbe
1386 862 1903 919 miliarium.Tunc

243 954 426 1010 etiam
454 952 754 1011 Lucius”!
785 957 956 1025 poeta
990 953 1275 1009 nascitur.

299 1052 439 1101 Alex.
550 1050 648 1100 Jud
804 1052 911 1112 Syr.

320 1133 392 1188 14
608 1134 631 1188 1
821 1133 878 1187 11

319 1223 391 1275 15
606 1223 642 1275 2
820 1222 889 1276 12
964 1233 1118 1288 num,
1153 1218 1332 1290 coapit
1373 1231 1617 1287 regnum
1674 1210 1906 1268 Judaeu-

244 1321 402 1371 rum,
438 1306 535 1363 ubi
569 1306 794 1379 primus
816 1319 884 1363 eo
907 1310 1171 1378 tempore
1205 1306 1593 1378 principatum
1656 1304 1899 1361 tenebat

234 1394 428 1454 Judas
448 1396 810 1459 Machabaaus
842 1396 1010 1452 annis
1042 1400 1095 1465 5,
1154 1397 1226 1452 ab
1253 1410 1403 1451 anno
1432 1398 1499 1450 47
1544 1394 1708 1464 regni
1767 1395 1905 1450 Gre‘

239 1498 471 1554 corum,
496 1485 595 1556 qui
622 1490 713 1540 est
734 1487 803 1541 14
829 1491 887 1522 ιιι
908 1484 1493 1555 Pbylomitoris,11u°
1523 1496 1665 1539 vero
1706 1481 1904 1538 Antio-

240 1572 339 1629 chi
362 1571 619 1630 lllustris
661 1572 767 1643 (Cf.
803 1574 1018 1645 Hum).

316 1663 389 1717 16
590 1666 623 1717 3
841 1667 865 1716 1

318 1751 388 1804 17
576 1753 611 1807 4
822 1753 858 1805 2
936 1748 1092 1806 filius
1145 1748 1411 1805 Antiochi
1470 1747 1752 1817 lllustris,
1810 1760 1898 1802 re-

238 1838 448 1907 gnavit
477 1836 533 1893 in
564 1835 728 1909 Syria
760 1838 925 1895 annis
947 1837 1193 1894 duobus.

1170 1924 1316 1982 Anni
1374 1924 1446 1981 ab
1499 1923 1675 1979 inicio
1734 1926 1893 1979 3800·

1066 1128 1387 1185 Deficiente
1419 1140 1602 1197 regno
1645 1122 1906 1180 Macedo-

315 2021 387 2073 18
589 2020 621 2071 5
840 2019 863 2071 1
1038 2013 1371 2070 Demetrius
1444 2012 1672 2069 Seleuci
1738 2010 1894 2067 illius

241 2104 448 2162 fratris
470 2101 738 2161 Antiochi
758 2100 1038 2172 Illustris,
1055 2101 1249 2158 occiso
1273 2100 1559 2156 Antiocho
1575 2101 1888 2170 Eupatore,

241 2191 770 2265 tilio'°’patrui308
799 2193 910 2261 sui,
950 2191 1219 2261 regnavit
1270 2190 1324 2246 in
1375 2189 1538 2261 Syria
1590 2187 1754 2244 annis
1804 2191 1888 2244 11.

241 2282 352 2339 Hic
379 2280 449 2315 ⁸⁸⁸
478 2280 680 2338 habuit
716 2279 866 2336 filios
895 2278 1060 2346 duos,
1089 2278 1439 2335 Demetrium
1501 2277 1613 2333 sibi
1640 2276 1894 2345 aequivo-

241 2384 377 2426 cum
406 2373 466 2426 et
496 2367 863 2431 Antiochum.
897 2368 993 2439 qui
1021 2367 1214 2423 dictus
1236 2366 1469 2422 Sedites
1524 2364 1616 2420 vel
1659 2364 1887 2420 Sother.

318 2462 388 2514 19
604 2461 625 2511 1
848 2459 882 2511 2
1054 2455 1355 2522 ionathas,
1391 2454 1574 2509 frater
1602 2451 1765 2508 Iudae
1783 2452 1892 2507 Ma-

240 2544 473 2615 cbabei,
514 2548 642 2615 post
675 2548 919 2601 mortem
951 2542 1347 2613 ejussuscepit
1379 2540 1791 2613 principatum,
1832 2542 1890 2594 et

241 2648 317 2690 eo
340 2648 522 2690 annos
553 2638 622 2690 18
671 2636 911 2689 strenue
958 2631 1111 2686 rexit
1143 2629 1438 2700 populum.
1496 2629 1710 2699 (Ηιειι.)
1769 2627 1895 2682 His-

241 2722 612 2795 temporibus
643 2718 1011 2777 Aristobolus
1036 2718 1303 2788 equidem
1325 2716 1724 2789 phylosophus
1738 2731 1893 2771 com-

239 2810 564 2868 mentarios
595 2809 833 2881 scripsit
861 2809 917 2864 in
949 2807 1134 2863 libros
1165 2806 1365 2878 Moysi,
1394 2809 1453 2861 et
1477 2803 1692 2861 obtulit
1719 2804 1892 2860 Ptho-

240 2898 436 2957 lomeo
470 2898 615 2969 regi.

310 2990 382 3045 27
598 2989 631 3043 9
801 2990 869 3043 10
1192 2983 1390 3039 Annus
1423 2980 1889 3039 sexcentesimus

309 3078 382 3133 28
566 3077 633 3132 10
806 3077 865 3131 11
1230 3072 1302 3127 ab
1327 3072 1480 3127 Urbe
1510 3070 1768 3127 condita.

308 3166 381 3220 29
560 3167 617 3218 11
830 3167 855 3217 1
1035 3158 1386 3229 Aleander,
1422 3154 1559 3215 item
1593 3158 1747 3215 filius
1778 3160 1889 3214 An-

308 3255 380 3309 30
560 3254 627 3307 12
830 3252 866 3305 2
940 3248 1122 3305 tiochi
1148 3247 1422 3313 lllustris,
1442 3248 1623 3303 frater
1637 3248 1886 3317 Eupato-

315 3344 375 3396 31
565 3344 633 3396 13
841 3341 874 3393 3
948 3336 1053 3406 ris,
1101 3336 1297 3393 occiso
1343 3334 1656 3404 Demetrio,
1692 3333 1883 3405 patrui

311 3430 381 3485 32
564 3429 632 3483 14
837 3426 871 3480 4
946 3425 1035 3482 sui
1057 3424 1280 3481 Seleuci
1322 3422 1462 3493 filio,
1496 3422 1758 3492 regnavit
1788 3436 1885 3478 an-

232 3516 333 3576 nis
358 3519 409 3573 4.
440 3516 545 3572 Hic
561 3514 778 3571 ducens
810 3512 1202 3584 CleOpatram,
1247 3510 1569 3568 Ptholomei
1608 3509 1765 3579 regis
1824 3510 1885 3564 fi-

239 3607 404 3675 liam,
433 3605 637 3675 genuit
665 3617 737 3659 ex
767 3615 834 3659 ea
866 3601 1231 3657 Antiochum.

312 3699 378 3750 33
551 3697 617 3747 15
824 3696 848 3746 1
1036 3688 1198 3761 (Jos).
1225 3687 1573 3756 Demetrius,
1604 3686 1760 3743 filius
1779 3688 1884 3743 De-

310 3786 378 3838 34
545 3785 612 3838 16
816 3782 852 3834 2
925 3778 1138 3847 metrii,
1173 3791 1342 3848 quem
1374 3776 1702 3833 Alexander
1731 3776 1884 3832 occi-

311 3875 377 3927 35
548 3873 615 3925 17
818 3872 848 3923 3
925 3867 1030 3934 dit,
1051 3880 1289 3936 regnum
1305 3878 1374 3921 eo
1395 3864 1626 3921 vivente
1642 3864 1877 3933 invasit,

230 3958 332 4017 cui
390 3955 766 4014 Ptholomeus
822 3953 1196 4024 Phylometor
1268 3952 1635 4023 CleOpatram
1704 3952 1879 4007 filiam

232 4061 403 4104 suam
488 4042 812 4101 Alexandro
866 4042 1118 4098 ablatam
1176 4040 1498 4110 conjunxit,
1566 4040 1878 4111 occisoque

231 4134 591 4203 Alexandro,
627 4131 893 4202 regnavit
922 4129 1253 4187 Demetrius
1269 4128 1433 4185 annis
1465 4128 1741 4199 quinque,
1776 4126 1874 4185 sed

229 4222 442 4295 quinto
463 4225 671 4294 captus
698 4224 786 4277 est
819 4220 891 4275 ab
923 4220 1140 4275 Arsace
1170 4216 1518 4273 Parthorum
1553 4231 1717 4287 rege.
1774 4217 1878 4274 Be-

228 4315 450 4382 gnante
466 4314 660 4366 autem
682 4307 869 4365 adhuc
887 4306 1200 4375 Demetrio,
1224 4304 1475 4376 Tripbon
1500 4303 1731 4375 quidam
1749 4320 1877 4377 par-

228 4398 381 4455 tium
413 4396 723 4454 Alexandri
767 4395 907 4452 tulit
964 4393 1331 4462 Antiochum,
1374 4393 1553 4449 filium
1613 4392 1873 4462 ejusdem

230 4485 648 4555 Aloxandri,et
675 4484 811 4541 licet
827 4483 1015 4540 adhuc
1037 4482 1280 4554 parvulo
1302 4481 1565 4537 diadema
1599 4481 1877 4553 imposuit

229 4580 302 4632 ut
332 4579 623 4645 regnaret,
647 4572 751 4630 sed
780 4575 989 4643 quarto
1022 4569 1247 4642 imperii
1278 4568 1406 4639 ejus
1431 4583 1580 4625 anno
1623 4569 1756 4626 dolo
1786 4585 1880 4627 oc-

227 4662 376 4721 cidit
407 4676 559 4731 eum,
593 4662 835 4733 ipseque
868 4658 1153 4729 regnavit.
1176 4658 1284 4715 Sed
1315 4660 1373 4713 et
1405 4657 1514 4716 hoc
1571 4658 1756 4715 tercio
1786 4659 1876 4716 sui

230 4750 397 4822 regni
434 4764 585 4807 anno
630 4750 715 4805 int
741 4749 963 4817 rfecto,
998 4745 1320 4803 Antiochus
1363 4747 1547 4802 frater
1598 4747 1874 4803 Demetrii

229 4838 522 4910 regnavit,
554 4837 646 4895 cui
680 4836 988 4907 Cleopatra
1018 4835 1216 4892 fratris
1237 4850 1386 4892 uxor
1411 4836 1633 4906 nupsit,
1667 4834 1738 4891 de
1763 4851 1876 4906 qua

228 4924 416 4982 ﬁlium
442 4925 702 4997 suscepit
730 4924 961 4982 nomine
990 4923 1357 4993 Antiochum,
1394 4923 1491 4993 qui
1532 4923 1728 4980 dictus
1783 4929 1873 4980 est

228 5014 538 5073 Cizicenus
558 5029 588 5071 a
611 5014 851 5071 civitate
884 5013 1095 5083 Cizico,
1128 5013 1184 5068 in
1202 5027 1311 5084 qua
1336 5012 1595 5069 nutritus
1622 5019 1735 5069 est.
1770 5014 1876 5068 De-

226 5103 480 5163 metrius
509 5118 760 5175 quoque,
793 5103 975 5158 frater
1006 5101 1297 5172 Antiochi,
1321 5116 1394 5158 ex
1411 5100 1614 5157 eadem
1638 5100 1875 5173 Cleopa-

1057 1660 1223 1732 (Jos.)
1255 1660 1599 1729 Antiochus,
1619 1659 1894 1730 Eupator.
1926 1685 1980 1746 Β

2017 433 2211 491 dictus
2244 439 2329 490 cst
2366 435 2631 507 Griphus.
2670 438 2733 493 Hi
2767 439 2882 495 duo
2915 440 3128 496 fratres
3192 442 3459 497 Antiochi
3516 445 3657 502 dicti

2016 527 2218 593 postea
2237 523 2308 580 de
2324 537 2501 593 regno
2517 527 2964 584 contenderunt.
2987 528 3327 599 Antiochus,
3348 530 3657 589 Alexandri

2015 610 2190 681 ﬁlius,
2227 611 2500 682 imposito
2523 613 2633 669 sibi
2664 614 2991 671 diademate
3015 630 3043 670 a
3068 616 3375 686 Triphone,
3396 620 3658 687 regnavit

2014 704 2216 755 contra
2254 701 2605 756 Demetrium
2638 702 2805 757 annis
2837 705 2888 771 4,
2924 704 3026 759 sed
3057 709 3268 774 quarto
3293 719 3443 762 anno
3474 708 3547 763 ab
3568 720 3664 764 eo-

2014 788 2143 843 dem
2173 787 2459 859 Triphone
2489 804 2592 860 per
2623 789 2821 846 dolum
2855 792 3087 849 occisus
3109 797 3218 851 est.

2040 878 2196 924 Alex..
2294 877 2409 925 Jud.
2539 880 2647 939 Syr.

2120 960 2143 1009 1
2321 958 2388 1011 18
2605 958 2639 1013 4
2805 957 3017 1031 (Ηιειι.)
3063 958 3439 1019 Ptliolomeus
3490 964 3662 1019 Ever-

2011 1046 2180 1112 getes
2238 1042 2529 1100 secundus
2570 1046 2837 1114 regnavit
2873 1047 3237 1104 Alexandriae
3286 1050 3452 1105 annis
3491 1054 3578 1119 29,
3630 1065 3663 1107 a

2017 1133 2451 1189 restauratione
2473 1132 2677 1205 templi
2707 1138 3018 1191 anno3880.
3056 1134 3157 1202 (Η.
3178 1136 3406 1208 M.)Ilis
3440 1142 3661 1209 tempo-

2016 1220 2178 1276 ribus
2208 1222 2399 1277 Roma:
2433 1237 2577 1294 puer
2616 1238 2687 1279 ex
2718 1224 2925 1279 ancilla
2968 1228 3142 1281 natus
3195 1230 3282 1280 est
3326 1226 3659 1297 quadrupes

2016 1308 2451 1379 quadrimanus,
2479 1311 2666 1367 oculis
2697 1316 2967 1381 quatuor,
3000 1311 3242 1368 auribus
3272 1312 3534 1381 totidem,
3562 1329 3659 1369 na-

2013 1400 2204 1452 turam
2239 1397 2461 1453 virilem
2497 1398 2786 1470 duplicem
2822 1400 3057 1455 habens.
3096 1401 3155 1456 In
3212 1401 3540 1457 Boniniensi
3589 1399 3658 1434 δ⁰⁸

2012 1497 2153 1554 agro
2186 1487 2381 1556 fruges
2412 1488 2469 1542 in
2498 1488 2809 1545 arboribus
2841 1493 2991 1545 natae
3031 1492 3195 1547 sunt.

2132 1577 2166 1628 2
2380 1578 2403 1629 1
2627 1580 2658 1631 5
2841 1576 3009 1648 (Jos.)
3049 1578 3275 1647 Symon,
3326 1578 3505 1633 frater
3559 1579 3656 1633 Ju-

2010 1656 2097 1718 daa
2114 1664 2173 1717 et
2202 1662 2636 1733 Jonathze,post
2669 1669 2911 1721 mortem
2946 1680 3146 1722 eorum
3174 1666 3348 1736 rexit,
3380 1665 3652 1737 populum

2006 1748 2339 1807 Iudaeorum
2372 1750 2539 1806 annis
2568 1755 2723 1807 octo.

2148 1840 2181 1892 3
2396 1843 2431 1895 2
2646 1842 2670 1893 1
2856 1839 3126 1910 Triphon,
3198 1839 3395 1898 occiso
3460 1841 3657 1897 Antio-

2148 1927 2182 1980 4
2396 1930 2427 1982 3
2641 1931 2676 1982 2
2749 1928 2858 1984 cbo
2899 1930 3166 1999 regnavit
3225 1930 3391 1986 annis
3438 1930 3651 2001 tribus,

2147 2020 2179 2069 5
2394 2018 2429 2071 4
2634 2021 2666 2072 3
2740 2016 2842 2074 sed
2864 2031 3013 2074 anno
3034 2017 3220 2076 tercio
3249 2019 3424 2076 etiam
3448 2018 3656 2091 ipse'“

2004 2104 2239 2161 occisus
2260 2108 2370 2161 est.

2149 2199 2182 2252 6
2397 2197 2428 2247 5
2647 2198 2672 2251 1
2859 2193 3202 2261 Antiochus,
3222 2195 3319 2264 qui
3340 2198 3397 2252 et
3422 2195 3651 2252 Sedites

2003 2285 2095 2339 est
2128 2283 2459 2354 appellatus
2483 2283 2663 2339 frater
2686 2282 2982 2351 Demetrii,
3004 2287 3314 2353 postquam
3334 2288 3544 2354 captus
3557 2290 3649 2341 est

2004 2369 2248 2439 fraterej
2259 2384 2367 2426 usa
2386 2384 2520 2439 rege
2544 2369 2910 2437 Parthorum,
2937 2369 3063 2438 ipse
3086 2370 3352 2437 regnavit
3374 2371 3539 2426 annis
3560 2376 3644 2441 15,

2004 2459 2242 2514 fratrem
2274 2473 2304 2514 a
2336 2459 2681 2530 captivitate
2708 2457 3003 2528 liberavit,
3040 2459 3136 2528 qui
3170 2464 3301 2531 post
3347 2459 3534 2530 ipsum
3565 2474 3653 2514 re—

2000 2538 2227 2616 gnavit.

2074 2634 2141 2690 10
2357 2639 2380 2689 1
2603 2638 2635 2689 5
2818 2631 2982 2703 (.los.)
3015 2648 3134 2689 xm.
3161 2634 3180 2707 )
3216 2634 3526 2703 Iohannes,
3552 2634 3649 2704 qui

2000 2727 2060 2778 et
2086 2724 2403 2793 Hyrcanus,
2440 2721 2595 2779 illius
2641 2721 2926 2791 Symonis,
2960 2721 3273 2779 interfecto
3327 2725 3494 2793 patre
3516 2737 3646 2780 cum

2000 2812 2229 2868 duobus
2258 2809 2392 2866 filiis
2436 2810 2492 2865 in
2547 2809 2815 2872 convivio
2847 2823 2951 2881 per
3002 2809 3244 2866 insidias
3302 2809 3500 2879 generi
3557 2808 3646 2866 sui

2000 2899 2341 2967 Ptholomei,
2370 2898 2467 2968 qui
2492 2902 2617 2954 erat
2648 2898 2765 2954 dux
2786 2899 2942 2953 circa
2974 2898 3461 2966 Hiericho,tenuit
3489 2898 3647 2969 prin-

1948 3036 1965 3058 ,
1998 2989 2255 3059 cipatum
2287 2986 2617 3043 Iudaeorum
2651 2985 2816 3041 annis
2844 2985 3085 3053 triginta
3111 2989 3167 3042 et
3218 2999 3349 3041 uno.
3386 2985 3484 3041 His
3506 2998 3644 3041 con-

1999 3082 2088 3130 tra
2109 3075 2386 3130 Hircanos
2410 3072 2621 3128 bellum
2638 3085 2867 3140 gerens,
2887 3072 3170 3127 Hircanus
3186 3071 3515 3141 appellatus
3527 3075 3634 3127 est.

1998 3163 2290 3237 (lliug.—)
2311 3160 2518 3217 Jos.de
2545 3158 2845 3228 bellJud.,
2872 3174 2912 3228 ι,
2944 3161 3022 3230 3.)
3054 3158 3155 3214 llic
3188 3158 3277 3214 vir
3306 3158 3477 3230 plane
3511 3160 3643 3215 bea-

1995 3251 2282 3320 tiss‘mus,
2313 3250 2428 3305 tria
2443 3248 2687 3303 maxime
2715 3247 3010 3318 praecipua
3041 3245 3203 3303 solus
3222 3247 3638 3318 habebat,quia

1996 3338 2108 3395 dux
2139 3342 2197 3395 et
2220 3337 2479 3410 pontifex
2510 3341 2569 3391 et
2593 3334 2879 3405 propheta
2909 3336 3056 3401 erat,
3087 3349 3215 3390 cum
3240 3348 3355 3404 quo
3388 3336 3541 3391 Deus
3569 3333 3637 3367 εοτ

1994 3428 2073 3483 ita
2103 3427 2643 3498 colloquebatur,ut
2677 3424 3004 3479 futurorum
3028 3422 3204 3479 nichil
3227 3423 3458 3492 penitus
3483 3423 3641 3493 igno-

1995 3522 2172 3572 raret.
2218 3514 2429 3585 (ΗΠ-ιιι.)
2464 3513 2566 3568 Hic
2622 3510 2823 3582 praelia
2867 3509 3045 3565 multa
3083 3510 3328 3581 peregit,
3390 3511 3638 3581 primum

1992 3609 2196 3661 contra
2224 3602 2625 3658 Ptholomeum
2655 3598 2877 3657 sororis
2909 3612 3027 3655 sum
3057 3598 3264 3669 virum,
3304 3597 3513 3655 deinde
3544 3600 3642 3656 Sa-

1993 3693 2228 3749 mariam
2253 3691 2555 3748 obsidione
2578 3694 2808 3760 captam
2832 3687 2958 3744 solo
2978 3687 3324 3757 coaequavit,
3353 3703 3523 3758 quam
3546 3700 3667 3759 po—'

1990 3786 2117 3838 stea
2150 3781 2405 3837 Herodes
2426 3780 2783 3847 instaurans,
2811 3776 3111 3833 Sebastem
3143 3775 3199 3832 in
3226 3776 3503 3834 honorem
3529 3779 3640 3834 Au-

1989 3869 2146 3939 gusti
2177 3867 2514 3940 appellavit.
2552 3865 2876 3922 Antiochus
2906 3878 3160 3934 quoque,
3196 3878 3364 3933 quem
3402 3864 3634 3935 quidam

1990 3956 2265 4026 Seditem,
2298 3953 2527 4025 quidam
2551 3967 2687 4009 vero
2712 3951 3025 4021 Spondium
3059 3954 3286 4019 vocant,
3324 3950 3505 4007 frater
3533 3954 3637 4009 De-

1990 4044 2203 4110 metrii,
2238 4043 2461 4115 pridem
2496 4041 2725 4113 Symoni
2759 4039 3039 4105 infensus,
3075 4038 3333 4093 secundo
3389 4041 3634 4110 Hyrcani

1989 4148 2159 4203 anno,
2192 4130 2446 4187 deducto
2483 4128 2769 4194 exercitu,
2807 4124 3207 4181 llierosolimis
3236 4125 3464 4181 obsedit
3498 4127 3639 4195 Hyr-

1987 4235 2213 4278 canum.
2244 4218 2380 4287 (Jos.
2402 4216 2481 4286 ib,
2510 4232 2547 4286 ι,
2571 4218 2625 4287 2)
2649 4216 2723 4269 At
2751 4212 2848 4268 ille
2874 4212 3164 4284 patefacto
3196 4211 3508 4283 sepulchro
3530 4215 3637 4269 Da-

1986 4309 2103 4377 vid,
2137 4308 2268 4379 plus
2293 4306 2484 4376 quiam
2509 4304 2623 4359 tria
2658 4299 3183 4358 miliatalentorum
3210 4298 3342 4355 inde
3367 4300 3633 4369 abstulit,

1905 4380 1959 4442 D
1988 4393 2559 4466 datisquetrecentis
2575 4390 2881 4457 Antiocho,
2915 4394 2978 4445 ut
3007 4401 3037 4443 a
3067 4388 3307 4444 civitate
3329 4389 3632 4446 recederet

1989 4482 2300 4556 persuasit.
2336 4482 2402 4536 Et
2438 4484 2499 4536 ut
2525 4478 2657 4534 facti
2691 4478 2900 4533 leniret
2930 4475 3418 4537 invidiam,fertur
3441 4477 3634 4532 exhac

1989 4570 2231 4645 pecunia
2266 4568 2597 4628 instituisse
2633 4564 3016 4635 xenodochia,
3057 4565 3269 4635 quibus
3309 4566 3634 4638 susciperet

1986 4673 2276 4732 pauperes
2304 4663 2363 4715 et
2395 4656 2757 4730 peregrinos.
2777 4656 3033 4724 Cumque
3065 4653 3528 4710 fortunatissime
3554 4654 3635 4709 vi-

1986 4754 2151 4807 veret
2187 4762 2287 4819 per
2320 4760 2501 4801 annos
2533 4750 2600 4802 30
2626 4748 2686 4800 et
2718 4741 3149 4812 unum,optime
3175 4742 3351 4797 rebus
3374 4741 3634 4797 ammini-

1986 4824 2521 4906 stratisfmoritur,
2583 4833 2836 4902 quinque
2898 4830 3031 4886 liliis
3084 4828 3326 4885 relictis.
3373 4828 3628 4894 Quorum

1985 4925 2270 4982 maximus
2309 4928 2449 4979 natu
2499 4919 2887 4985 Aristobolus,
2932 4917 3218 4973 translato
3280 4916 3334 4970 in
3384 4929 3627 4985 regnum

1985 4996 2337 5085 principatu,
2372 5010 2595 5082 primus
2626 5008 2778 5080 apud
2829 5005 3059 5063 Iudaeos
3081 5002 3345 5060 diadema
3374 5003 3483 5059 sibi
3529 5002 3630 5059 im-

1983 5101 2200 5174 posuit,
2236 5104 2339 5156 398
2365 5098 2531 5155 annis
2562 5112 2629 5153 ac
2656 5094 2848 5151 tribus
2879 5093 3177 5150 mensibus
3204 5095 3429 5147 exactis
3471 5098 3631 5162 post-

1591 5278 1829 5335 VARIA‘I
1870 5279 2267 5337 LECTIONES.

292 5414 364 5450 ³⁰¹
397 5413 632 5472 lucilius
665 5418 749 5471 11.
808 5411 876 5448 ’θ’
902 5412 1069 5472 deest
1110 5414 1168 5484 4.
1237 5416 1321 5469 9ο.
1374 5409 1463 5484 ί⁸⁰³
1519 5416 1729 5484 patruo
1785 5428 1890 5472 suo
1971 5416 2021 5470 4.
2110 5411 2178 5445 ὀι
2213 5409 2318 5467 llic
2362 5441 2407 5452 -
2439 5407 2651 5467 Sother
2671 5404 2891 5469 desunt
2920 5408 3010 5463 10.
3048 5409 3142 5465 11.
3180 5402 3249 5439 ³⁰⁸
3293 5403 3558 5461 honiensi
3583 5410 3632 5461 b‘.

220 5488 294 5527 ⁸⁰⁸
322 5501 384 5545 e.
423 5486 461 5544 i.
496 5500 548 5544 a.
576 5490 624 5543 t.
660 5490 711 5558 5,
742 5499 892 5545 anno
920 5484 1110 5547 tercio
1144 5482 1266 5558 ipse
1295 5483 1479 5543 eciam
1498 5482 1572 5542 97".
1622 5482 1690 5518 ³⁰⁷
1717 5499 1848 5543 cum
1880 5484 1990 5543 dco
2018 5488 2094 5541 οο.
