3992 6054
307 244 421 309 631

1465 226 1948 297 EKKEHARDI
1992 215 2552 298 URAUGIENSIS

3590 226 3714 291 632

309 394 478 451 quam
510 375 759 451 populus
782 353 1226 449 de‘Babylonica
1241 371 1414 430 rediit
1434 366 1792 442 captivitate.
1819 363 1950 417 Fra-
1978 360 2035 422 A
2065 363 2305 425 invenit.
2338 370 2523 440 Igitur
2557 365 2890 426 Numantini
2922 364 3017 422 diu
3041 363 3305 422 conclusi
3338 366 3398 420 et
3421 362 3568 418 fame
3584 363 3717 417 tru-

305 473 456 526 trem
491 468 842 538 Antigonum
874 482 903 522 a
928 480 989 523 se
1003 465 1318 523 secundum
1340 464 1498 529 natu,
1519 471 1686 529 quem
1704 452 1948 523 diligere

305 559 636 629 videbatur,
674 558 727 613 in
760 558 979 614 honore
1012 556 1137 628 pari
1198 550 1585 625 producebat,
1622 544 1767 601 alios
1809 553 1948 629 vero

304 648 537 705 vinctos
551 627 830 704 custodiae
845 644 1706 712 tradidit,matremque,ausam
1726 627 1945 701 aliquid

304 737 376 793 de
419 734 1073 809 potestatecontendere
1090 731 1180 802 3°“,
1208 731 1407 785 itidem
1430 722 1727 794 colligavit
1777 719 1950 773 fame-

306 839 417 895 que
450 823 808 893 necavit,sed
833 827 889 879 ct
918 823 1262 891 Antigonum
1287 819 1525 874 fratrem
1551 814 1751 885 postea
1786 821 1949 880 pere-

303 914 431 969 mit.
462 916 600 969 Post
633 927 829 969 necem
862 926 1002 967 vero
1038 910 1243 966 matris
1272 911 1331 962 et
1356 899 1846 973 Antigonifratris
1868 897 1949 967 ip-

304 1014 366 1056 se
397 1000 741 1069 dignissimo
774 1003 950 1068 atque
981 995 1392 1054 crudelissimo
1421 992 1711 1047 viscerum
1749 986 1950 1041 dolore

304 1091 500 1144 tortus
529 1087 964 1143 detestabiliter
998 1086 1263 1155 moritur,
1300 1097 1429 1140 cum
1488 1094 1598 1135 non
1645 1075 1777 1147 plus
1836 1086 1951 1128 uno

303 1190 453 1232 anno
492 1181 795 1245 regnaret.
830 1178 982 1231 Uxor
1004 1178 1200 1231 autem
1260 1173 1385 1242 ejus
1433 1169 1522 1239 3°“,
1557 1168 1800 1222 fratrum
1833 1162 1953 1218 vin-

302 1266 453 1325 culis
479 1264 806 1335 dissolutis,
831 1279 1028 1333 regem
1062 1263 1367 1321 constituit
1396 1256 1807 1324 Alexandrum,
1844 1254 1954 1307 fra-

301 1360 449 1413 trem
473 1355 617 1424 ejus,
651 1355 746 1425 qui
778 1358 953 1410 aetate
983 1353 1165 1424 major
1191 1354 1340 1418 erat,
1372 1354 1432 1405 et
1463 1348 1748 1405 modestia
1776 1355 1955 1417 praes-

304 1449 428 1499 tare
458 1443 794 1500 videbatur.

359 1543 495 1590 Alex.
592 1541 708 1590 Jud.
832 1542 937 1600 Syr.

374 1626 430 1679 9!
627 1623 693 1674 12
893 1624 916 1673 1
1105 1616 1449 1683 Demetrius,
1514 1616 1695 1668 frater
1751 1610 1948 1667 Antio-

2061 457 2262 528 cidati,
2295 475 2423 516 eum
2457 459 2789 516 facultatem
2815 472 3020 530 pugna
3052 468 3189 526 sepe
3231 455 3715 525 deposcerent,ut

2060 546 2146 603 eis
2174 546 2243 581 3“
2270 550 2414 605 mori
2446 554 2738 621 tamquam
2798 548 2943 605 viris
2974 546 3199 614 liceret,
3244 560 3350 601 nec
3405 544 3715 615 impetras-

2058 639 2209 703 sent,
2226 638 2535 695 novissime
2551 639 2779 694 duabus
2799 636 2994 693 subito
3009 635 3525 706 portiseruperunt
3546 633 3713 702 larga

2060 723 2223 793 prius
2247 725 2483 795 potione
2517 727 2747 794 usi,non
2773 723 3094 793 vini,cujus
3129 724 3289 778 ferax
3321 721 3370 777 is
3401 721 3564 778 locus
3594 734 3711 776 non

2058 816 2170 881 est,
2200 814 2299 869 sed
2317 830 2457 871 suco
2482 814 2665 869 tritici
2689 828 2790 884 per
2802 816 2986 868 artem
3007 812 3297 881 confecto,
3318 824 3485 881 quem
3506 824 3712 867 sucum

2059 916 2090 956 a
2124 902 2520 961 calefaciendo
2542 904 2745 959 ccliam
2767 907 3004 959 vocant.
3028 904 3143 959 Hac
3174 898 3436 971 igitur”
3466 900 3711 972 potione

2063 992 2201 1062 post
2225 992 2453 1062 longam
2488 994 2694 1048 famem
2726 991 3172 1061 recalescentes,
3207 990 3359 1047 bello
3382 1004 3445 1046 se
3477 989 3712 1047 obtule-

2062 1084 2219 1150 runt,
2252 1082 2563 1153 subitoque
2608 1096 2783 1153 super
2829 1083 3119 1137 Romanos
3168 1080 3482 1137 irruerunt.
3525 1082 3712 1140 Atrox

2065 1169 2163 1226 diu
2192 1176 2487 1229 certamen
2527 1174 2583 1227 et
2617 1186 2800 1241 usque
2833 1172 2902 1228 ad
2935 1170 3257 1242 perieulum
3316 1172 3709 1230 Romanorum

2066 1262 2170 1318 fuit
2194 1280 2208 1328 ;
2236 1264 2560 1331 iterumque
2579 1276 2639 1317 se
2653 1261 2891 1317 Romani
2915 1257 3306 1317 adversum”
3324 1261 3710 1319 Numantinos

2064 1367 2323 1427 pugnare
2357 1350 2628 1422 fugiendo
2667 1351 3097 1421 probavissent,
3124 1349 3236 1405 nisi
3271 1350 3381 1405 sub
3439 1350 3711 1421 Scipione

2064 1445 2441 1516 pugnassent.
2475 1440 2827 1510 Numantini,
2864 1439 3192 1496 interfectis
3236 1453 3470 1496 suorum
3513 1440 3712 1497 fortis-

2062 1533 2245 1601 simis,
2264 1530 2419 1587 bello
2433 1531 2668 1599 cedunt,
2687 1528 3028 1600 compositis
3046 1532 3237 1584 tamen
3264 1527 3571 1584 ordinibus
3604 1543 3712 1586 nec

2059 1620 2214 1679 sicut
2247 1620 2536 1688 fugientes
2560 1619 2614 1674 in
2645 1619 2846 1674 urbem
2906 1622 3317 1683 revertuntur;
3351 1632 3597 1687 corpora
3630 1618 3717 1674 in-

305 1709 418 1776 chi,
453 1724 555 1781 per
588 1710 825 1765 fratrem
858 1723 889 1765 a
922 1707 1268 1778 captivitate
1302 1705 1608 1767 liberatus,
1680 1701 1944 1771 regnavit

2070 1713 2448 1768 terfectorum
2482 1708 2553 1764 ad
2586 1706 2946 1778 sepulturam
2977 1705 3175 1761 oblata
3209 1706 3476 1777 accipere
3515 1705 3713 1763 nolue-

306 1801 438 1868 post
469 1803 716 1853 mortem
746 1796 947 1853 fratris
978 1795 1142 1851 annis
1173 1797 1256 1850 l2.

376 1889 446 1941 29
618 1888 687 1941 20
892 1890 924 1941 9

380 1971 482 2041 (Η.
506 1974 611 2045 m.)
630 1976 790 2029 Anno
819 1972 891 2028 ab
914 1974 1068 2029 Urbe
1082 1972 1316 2028 condita
1360 1970 1852 2039 sexingentesimo
1870 1969 1954 2025 vi—

308 2060 548 2125 cesimo,
590 2060 684 2131 qui
714 2064 946 2117 estli“1|
978 2059 1298 2115 Ptholomei
1354 2059 1654 2127 Evergetis
1687 2056 1949 2128 secundi,

312 2148 502 2219 Scipio
536 2148 843 2204 Africanus
872 2147 1069 2217 junior
1097 2147 1649 2203 conscnsuomnium
1695 2146 1953 2201 secundo

202 2254 205 2257 ‘
310 2236 509 2303 consul
538 2240 624 2292 est
660 2242 896 2292 creatus
926 2240 1101 2307 atque
1136 2236 1205 2291 ab
1239 2234 1683 2305 obpugnandam
1711 2235 1955 2289 Numano

315 2326 454 2381 tiam
478 2325 769 2396 Ilispanim
800 2325 1096 2381 civitatem
1121 2324 1530 2381 cumexercitu
1562 2323 1792 2379 missus.
1824 2324 1955 2379 Ilaec

311 2428 417 2484 per
447 2429 630 2470 annos
664 2417 730 2470 14
759 2429 886 2470 cum
918 2413 1061 2470 solis
1089 2416 1121 2468 4
1157 2413 1389 2469 milibus
1413 2427 1651 2469 suorum
1702 2414 1770 2466 40
1802 2410 1954 2466 milia

312 2502 700 2558 Romanorum
734 2517 845 2558 non
879 2503 1065 2558 solum
1099 2501 1406 2566 sustinuit‘,
1443 2501 1543 2556 sed
1594 2500 1768 2555 etiam
1817 2498 1957 2554 vicit

312 2589 721 2659 pudendisque
751 2588 1957 2659 feederibusafi‘ecit.Scipioitaqueingres-

312 2677 773 2748 susHispaniam
801 2691 912 2733 non
934 2677 1133 2732 statim
1158 2691 1437 2745 agressus
1461 2680 1554 2731 est
1574 2675 1957 2731 Numantinos

314 2766 477 2833 quasi
512 2766 796 2834 incautos,
825 2780 973 2835 quos
1003 2768 1243 2821 noverat
1279 2766 1507 2835 semper
1538 2778 1671 2819 esse
1696 2766 1954 2835 paratos,

313 2852 416 2906 sed
449 2851 802 2921 aliquamdiu
835 2852 1075 2907 militem
1118 2867 1306 2922 suum,
1359 2852 1641 2908 viciosum
1687 2855 1743 2906 et
1803 2851 1958 2919 igna-

312 2953 444 2996 vum
480 2955 585 3011 pro
616 2939 785 3012 culpa
819 2939 1031 2996 ducum
1068 2939 1348 3010 priorum,
1409 2937 1735 2995 exercendo
1777 2938 1958 3007 magis

313 3041 483 3098 quam
522 3030 816 3100 puniendo
849 3031 971 3086 sine
1011 3030 1202 3100 aliqua
1256 3029 1579 3085 acerbitate
1639 3029 1694 3082 in
1746 3027 1957 3084 castris
1989 3064 2039 3128 Ο

312 3117 470 3174 velut
508 3118 562 3173 in
597 3117 774 3175 scolis
793 3118 1079 3183 exercuit;
1098 3116 1307 3173 deinde
1329 3117 1521 3174 omnia
1545 3131 1671 3187 quae
1697 3116 1960 3191 volupta-

312 3206 394 3263 tis
419 3196 591 3263 Causa
625 3207 981 3262 haberentur
1015 3207 1070 3260 in
1101 3205 1314 3262 castris
1346 3219 1555 3262 severo
1606 3203 1957 3261 summoveri

308 3292 488 3361 jussit
521 3294 737 3349 edicto.
782 3293 1037 3363 Denique
1080 3298 1405 3349 scortorum
1464 3292 1579 3348 duo
1635 3292 1789 3347 milia
1829 3306 1958 3347 cum

316 3378 451 3435 lixis
485 3384 545 3435 et
578 3381 916 3450 procinctus
947 3380 1214 3448 ejusloco
1237 3380 1421 3449 ejecta
1447 3384 1961 3449 sunt,tantumque

318 3468 515 3524 subito
548 3469 657 3524 sub
688 3468 961 3524 districto
997 3470 1190 3540 judice
1224 3470 1472 3540 profecit
1520 3469 1834 3537 exercitus,
1898 3473 1961 3523 ut

318 3556 702 3625 Numantiam,
739 3558 837 3613 diu
883 3548 1431 3628 pernicississimam
1468 3558 1762 3627 Romanis,
1797 3556 1959 3612 brevi

314 3648 653 3713 exaequaret
688 3644 830 3700 sole.
865 3645 1049 3713 Igitur
1080 3660 1209 3702 cum
1232 3649 1457 3716 partem
1490 3646 1716 3702 aestatis
1752 3648 1963 3700 totam-

319 3746 429 3801 que
471 3731 737 3802 hiemem,
764 3747 834 3789 ue
865 3737 1211 3805 attemptata
1246 3732 1477 3804 quidem
1511 3748 1721 3804 pugna,
1777 3737 1961 3789 trans-

318 3818 560 3887 egisset,
608 3834 807 3891 parum
827 3822 1242 3892 propemodum
1262 3822 1366 3878 hac
1392 3821 1957 3894 profecitindustria.

319 3908 456 3962 Nam
490 3908 589 3963 ubi
640 3909 805 3980 copia
849 3910 1140 3981 pugnandi
1184 3911 1337 3967 facta
1367 3916 1476 3980 est,
1534 3911 1830 3967 exercitus
1859 3912 1966 3966 Ro-

318 4011 523 4053 manus
554 3997 773 4069 impetu
801 3999 1281 4056 Numantinorum
1329 4002 1668 4072 obpressus,
1696 4001 1849 4056 sicut
1878 4014 1967 4056 so-

317 4083 500 4155 lebat,
544 4090 705 4156 terga
739 4086 1059 4158 vertit,sed
1094 4088 1496 4160 increpatione
1528 4094 1587 4144 et
1610 4088 1778 4144 minis
1810 4089 1967 4159 obje-

320 4172 537 4229 ctantis
576 4189 638 4229 se
661 4175 923 4232 consulis
958 4190 1245 4246 manuque
1278 4177 1589 4233 retinentis
1634 4176 1704 4209 31°
1736 4177 1966 4233 tandem

320 4259 676 4331 indignatus,
710 4263 765 4318 in
798 4264 1027 4319 hostem
1059 4264 1332 4334 rediit,et
1366 4279 1535 4335 quem
1597 4264 1852 4334 fugiebat
1887 4265 1968 4320 fu-

319 4361 458 4416 gere
489 4350 790 4419 compulit.
819 4351 1079 4407 Diﬂicilis
1111 4356 1249 4408 tunc
1278 4353 1335 4407 in
1369 4353 1559 4409 relatu
1607 4352 1750 4409 fides
1782 4370 1795 4417 ;
1856 4354 1967 4408 Nu-

2064 1804 2185 1867 unt,
2220 1799 2530 1855 novissima
2560 1811 2661 1867 spe
2684 1794 3110 1865 desperationis
3129 1809 3329 1851 omnes
3372 1795 3426 1849 in
3466 1800 3711 1852 mortem

2062 1889 2360 1958 destinati,
2395 1888 2651 1944 clausam
2685 1885 2884 1940 urbem
2919 1884 3028 1955 ipsi
3053 1884 3370 1941 introrsum
3397 1883 3714 1940 succende-

2063 1980 2237 2047 duut,
2272 1976 2587 2045 cunctique
2622 1973 2841 2045 pariter
2877 1973 3051 2039 ferro,
3085 1986 3311 2027 veneno
3359 1976 3534 2042 atque
3582 1972 3712 2043 igne

2063 2066 2391 2136 consumpti
2417 2068 2572 2120 sunt.
2644 2062 2883 2117 Romani
2908 2059 3085 2115 nichil
3116 2074 3191 2116 ex
3222 2060 3311 2116 his
3352 2061 3522 2117 victis
3554 2063 3715 2132 peni-

2067 2159 2161 2211 tus
2191 2154 2445 2208 hahuere
2475 2151 2580 2208 nisi
2615 2149 2991 2207 securitatem
3030 2161 3193 2203 suam
3230 2166 3245 2215 ;
3306 2162 3493 2218 neque
3554 2149 3712 2207 enim

2066 2255 2276 2297 eversa
2333 2237 2659 2305 Numantia,
2712 2236 2922 2292 vicisse
2954 2250 3016 2291 se
3043 2234 3226 2301 magis
3257 2248 3425 2304 quam
3456 2237 3714 2294 evasisse

2066 2327 2359 2383 dixrrunt.
2396 2327 2581 2381 Unum
2613 2322 3023 2379 Numantinum
3053 2321 3297 2378 victoris
3331 2326 3536 2379 catena
3598 2338 3713 2379 non

2067 2414 2284 2482 tetigit,
2318 2412 2470 2469 unde
2500 2410 2857 2480 triumphum
2883 2408 3144 2473 dederit;
3169 2408 3442 2477 quicquid
3463 2409 3717 2480 supelle-

2068 2507 2127 2559 ct
2159 2502 2253 2557 ilis
2282 2500 2413 2569 fuit,
2446 2496 2967 2573 ignisabsumpsit.
3012 2497 3167 2552 Tunc
3197 2495 3389 2567 Scipio
3420 2497 3718 2566 Tyresium

2069 2590 2354 2662 quendam
2390 2587 2669 2643 Celticum
2708 2584 3025 2656 principem
3077 2584 3459 2655 interrogavit
3499 2599 3611 2655 qua
3644 2586 3720 2642 de

2067 2693 2240 2736 causa
2259 2676 2561 2732 Numantia
2577 2674 2742 2746 prius
2756 2673 2972 2729 invicta
3000 2673 3270 2729 durasset
3286 2675 3343 2728 et
3360 2677 3491 2743 post
3511 2687 3719 2731 eversa

2069 2767 2296 2823 fuisset.
2322 2763 2643 2834 Respondit
2669 2763 2977 2833 Tyresius:
3016 2762 3348 2819 Concordia
3376 2763 3713 2821 victoriam.

2067 2855 2374 2913 discordia
2402 2852 2705 2909 excidium
2723 2850 3153 2921 prcbuit.Quod
3171 2850 3406 2907 Romani
3424 2856 3718 2922 tamquam

2068 2943 2179 3000 sibi
2225 2958 2290 2999 ac
2342 2941 2412 2997 de
2471 2956 2531 2997 se
2589 2940 2808 2996 dictum
2862 2939 3109 3009 exempli
3170 2938 3295 2994 loco
3336 2943 3714 3010 acceperunt,

2069 3033 2282 3103 quippe
2315 3030 2525 3101 quibus
2549 3030 2663 3100 jam
2698 3028 2768 3083 de
2803 3026 3188 3085 seditionibus
3220 3026 3613 3085 discordantis
3630 3032 3719 3084 to-

2068 3121 2188 3177 tius
2223 3119 2393 3175 Urbis
2424 3118 2837 3175 nunciabatur.

2139 3209 2215 3263 Ea
2249 3221 2493 3276 namque
2510 3209 2879 3275 tempestate.
2907 3217 3018 3272 Qua
3043 3201 3167 3258 haec
3180 3204 3538 3272 gerebantur
3561 3204 3717 3275 apud

2067 3292 2861 3363 Numantiam,Gracchorum
2890 3288 2957 3323 ³1⁸
2990 3289 3317 3346 seditiones
3342 3290 3719 3359 agitabantur

2069 3383 2221 3455 apud
2253 3384 2508 3438 Romam.
2530 3380 2839 3448 Kartagine
2863 3379 3078 3449 quippe
3109 3377 3532 3448 Numantiaque
3561 3379 3721 3436 dele~

2069 3472 2362 3541 tis,oritur
2393 3470 2543 3540 apud
2565 3471 2853 3525 Romanos
2890 3467 3053 3523 utilis
3085 3467 3156 3523 de
3190 3466 3523 3538 provisione
3541 3467 3720 3525 colla-

2070 3559 2281 3625 tio,scd
2308 3557 2535 3613 infamis
2550 3556 2618 3611 de
2635 3556 2948 3612 ambitione
2967 3555 3292 3612 contentio.
3337 3556 3634 3613 Gracchus
3649 3555 3719 3591 ³³⁸

2072 3648 2269 3718 itaque
2306 3646 2583 3701 tribunus
2619 3643 3013 3714 plebisiratus
3046 3642 3722 3714 nobilitati,curcumin-

2072 3742 2164 3793 ter
2181 3739 2455 3791 auctores
2468 3732 2796 3789 Numantini
2816 3731 3076 3800 foederis,
3095 3732 3244 3801 Quod
3265 3747 3374 3803 per
3396 3732 3719 3790 Mancinum

2070 3824 2366 3884 consulem
2398 3822 2658 3893 turpiter
2688 3822 2903 3877 factum
2934 3823 3345 3890 cst,notarent,
3378 3835 3623 3890 agruma
3657 3836 3721 3879 se

2075 3912 2344 3987 privatim
2378 3913 2621 3967 eatenus
2654 3910 2958 3965 obsessum
2994 3908 3211 3979 populo
3251 3908 3419 3966 diviti
3486 3909 3719 3981 statuit,

2075 4001 2392 4059 Octaviano
2427 3992 2661 4055 tribuno
2695 3997 3008 4055 obsistenti
3041 3997 3256 4053 ademit
3307 3998 3615 4068 imperium
3644 3999 3724 4054 ei-

2076 4105 2187 4161 que
2216 4102 2620 4146 suceessorem
2653 4086 2814 4143 dedit
2846 4086 3166 4141 Minutium.
3189 4085 3289 4141 His
3318 4085 3517 4143 causis
3557 4100 3724 4144 sena-

2075 4182 2198 4234 tum
2234 4178 2340 4246 ira,
2372 4175 2648 4246 populum
2681 4173 2959 4246 superbia
3005 4172 3233 4230 invasit.
3251 4174 3408 4229 Inter
3437 4174 3560 4230 hinc
3584 4189 3727 4244 quo-

2079 4281 2189 4337 que
2221 4264 2456 4320 Attalus
2490 4277 2590 4319 rex
2615 4262 2987 4332 Asiaa,frater
3014 4260 3306 4330 Eumenis,
3342 4261 3727 4335 moritur,po-

2080 4353 2631 4424 pulum'Romanum
2661 4350 2885 4421 scripto
2914 4348 3187 4405 heredem
3219 4347 3480 4420 reliquit,
3525 4353 3586 4406 et
3644 4351 3726 4408 ita

322 4436 615 4491 mantiuos
646 4438 975 4508 eﬂ‘ugavere
1014 4444 1071 4494 et
1112 4440 1401 4510 fugientes
1453 4441 1653 4498 videre
1701 4441 1961 4498 Romani.
1995 4427 2049 4488 D
2079 4443 2335 4497 Romano
2366 4438 2609 4510 imperio
2634 4452 2873 4507 rrgnum
2905 4437 3055 4494 Asize
3072 4451 3174 4507 per
3196 4440 3608 4495 testamentum
3634 4452 3761 4495 ρο·-

319 4522 482 4579 Unde
513 4525 777 4594 quamvis
809 4526 1169 4598 Scipio,quia
1201 4534 1404 4599 preter
1432 4545 1594 4601 spem
1646 4530 1964 4601 acciderat,

282 4610 299 4664 ι
343 4613 493 4666 zetus
522 4616 700 4682 esset,
738 4617 927 4670 tamen
962 4615 1117 4671 bello
1149 4616 1304 4673 ultra
1350 4617 1656 4675 adversum
1713 4632 1816 4674 eos
1872 4633 1969 4673 au-

321 4697 571 4755 dendum
602 4716 714 4757 non
744 4716 876 4759 esse
906 4704 1209 4775 professus
1238 4714 1355 4762 est.
1399 4708 1600 4778 Itaque
1639 4708 1838 4763 urbem
1871 4707 1970 4762 ob-

324 4787 551 4844 sidione
573 4790 885 4860 conclusit,
916 4792 1064 4848 fossa
1097 4793 1693 4865 circumdedit,cujus
1715 4794 1967 4851 latitudo

324 4875 572 4945 pedibus
586 4876 1066 4946 decem,altitudo
1080 4880 1281 4951 viginti
1299 4881 1743 4953 fuit,ipsumque
1758 4883 1969 4939 deinde

323 4977 592 5033 aggerem
615 4967 859 5024 sudibus
872 4972 1271 5040 prestructum
1294 4971 1519 5028 crebris
1536 4972 1801 5029 turribus
1821 4987 1971 5029 com-

327 5051 597 5108 munivit.
639 5054 721 5109 Ad
761 5055 868 5111 hoc
902 5055 1116 5112 bellum
1157 5056 1396 5129 Micipsa
1454 5072 1561 5114 rex
1595 5060 1970 5116 Numidarum

351 5152 385 5193 n
426 5140 702 5197 auxilium
734 5143 987 5215 Scipioni
1034 5146 1337 5216 Jugurtam
1397 5147 1575 5218 misit,
1612 5148 1707 5220 qui
1741 5150 1972 5205 fortiter

329 5240 527 5299 agens,
540 5228 783 5300 gloriam
810 5234 1120 5305 acquisivit
1141 5240 1198 5291 et
1219 5235 1466 5304 gratiam
1480 5251 1676 5295 coram
1704 5237 1971 5310 Scipione

2078 4530 2273 4588 cessit.
2312 4527 2606 4584 Gracchus
2627 4524 2695 4559 3“
2712 4525 2907 4597 populi
2930 4525 3179 4596 gratiam
3198 4525 3397 4596 precio
3419 4528 3723 4598 appetens,

2081 4619 2265 4689 legem
2291 4617 2427 4673 tulit
2448 4620 2511 4672 ut
2530 4615 2771 4687 pecunia
2791 4629 2919 4686 quae
2935 4613 3114 4670 Attali
3141 4614 3346 4671 fuisset
3368 4614 3587 4686 populo
3615 4614 3730 4673 dis-

2076 4709 2459 4764 tribueretur.
2479 4705 2817 4774 Opsistente
2842 4702 3109 4774 Scipione
3139 4702 3340 4760 Nasica
3364 4704 3542 4760 etiam
3565 4706 3730 4761 Pom-

2080 4796 2204 4868 peis
2229 4790 2540 4865 spopondit
2565 4806 2628 4848 se
2643 4790 2984 4860 Gracchum,
3006 4806 3135 4848 cum
3153 4791 3398 4862 primum
3425 4792 3732 4862 magistra-

2082 4890 2143 4941 tu
2173 4883 2380 4950 abiret,
2408 4884 2836 4937 accusaturum.
2877 4879 3171 4936 Gracchus
3199 4884 3394 4937 autem
3429 4880 3732 4938 anniteba-

2080 4978 2177 5032 tur
2207 4976 2269 5029 ut
2302 4972 2427 5043 ipse
2458 4970 2731 5027 tribunus
2761 4967 2950 5040 plebis
2981 4968 3245 5039 sequenti
3297 4983 3445 5024 anno
3505 4983 3732 5042 perma-

2080 5066 2267 5119 neret.
2300 5061 2368 5116 Et
2405 5073 2535 5114 cum
2593 5057 2967 5115 comitiorum
3014 5056 3108 5113 die
3148 5056 3469 5115 seditiones
3528 5056 3728 5130 pepuli

2083 5147 2492 5219 accenderent,
2527 5151 2767 5204 auctore
2797 5147 3004 5203 Nasica
3040 5145 3319 5204 nobilitas
3351 5146 3725 5218 inﬂammata,

2084 5236 2422 5307 fragmentis
2449 5234 2860 5293 subselliorum
2882 5234 3110 5307 plebem
3143 5234 3385 5305 fugavit.
3435 5234 3733 5292 Gracchus

1683 5353 1919 5409 VARIA‘I
1959 5352 2254 5410 LECTION
2259 5352 2357 5409 ES.

398 5438 653 5522 “{dccsi
679 5447 754 5522 (ζα.
799 5442 867 5477 ³⁰⁰
894 5459 943 5502 e.
978 5450 1278 5522 que_etate
1319 5449 1550 5522 caeteris
1570 5450 1808 5510 omissis
1828 5455 1906 5507 9ο.
1950 5449 2021 5487 διο
2048 5450 2359 5509 renitentis
2390 5455 2447 5509 δ.
2519 5447 2587 5484 ³η
2642 5450 2727 5507 eis
2757 5453 2819 5509 ut
2849 5454 2898 5507 5.
2963 5447 3032 5486 ³η
3063 5464 3223 5522 ergo.
3261 5455 3311 5511 5.
3374 5447 3471 5495 ³⁸⁸λ
3526 5447 3747 5509 θᾶγεῗο·

330 5526 429 5570 sus
460 5517 519 5570 δ·
554 5512 627 5549 ⁸¹⁴
680 5512 1051 5590 Graecorum,
1087 5518 1341 5578 Graccus
1400 5521 1580 5580 Codd.
1614 5522 1710 5580 his
1740 5522 1900 5582 locis.
