3992 6054
166 308 292 376 633

1040 308 1479 375 CHRONICA.
1522 344 1591 355 —
1623 259 2102 372 CH‘RONICON
2143 302 2697 368 UNIVERSALE.

3460 296 3580 359 634

162 457 269 518 per
302 444 520 517 gradus
555 444 651 517 qui
685 448 820 503 sunt
854 459 1033 516 super
1058 443 1356 515 Calpurnii
1388 441 1686 514 fornicem,
1727 441 1822 498 de-
1856 440 1908 500 A
1939 439 2243 497 devectum
2266 443 2375 496 est.
2397 442 2530 495 Ilzec
2554 444 2746 494 autem
2771 433 3036 493 Cornelia
3064 432 3297 503 majoris
3323 426 3576 490 Africani

160 537 357 592 tracto
401 534 757 592 adminiculo
807 523 1055 603 fugiens,
1111 533 1265 590 ictus
1314 533 1638 603 fragmento
1690 531 1826 617 sub:

165 623 322 680 sellii
370 624 617 693 corruit,
654 638 978 693 rursusque
1009 637 1346 693 assurgens,
1377 621 1491 677 alio
1524 622 1645 677 ictu
1673 620 1825 676 clavl

162 713 416 770 cerebro
447 712 703 784 impacto
737 711 1238 769 exanimatus’est.
1276 710 1516 774 Ducenti
1555 713 1824 780 preterea

163 800 224 858 in
273 816 340 858 ea
388 801 679 858 seditione
727 800 1042 868 interfecti,
1094 814 1415 871 eorumque
1463 810 1717 869 corpora
1769 797 1826 851 in

164 890 432 961 Tyberim
458 890 714 961 projeeta
737 894 891 958 sunt,
919 890 1105 961 ipsius
1129 904 1357 961 quoque
1381 887 1626 944 Gracchi
1657 885 1829 943 cada'

163 992 275 1035 ver
305 978 665 1035 inliumatum
692 978 1019 1035 contabuit.

241 1067 409 1122 Anno
447 1066 656 1123 dehinc
689 1066 943 1123 secundo
974 1063 1239 1123 Publium
1273 1063 1596 1135 Scipionem
1637 1063 1823 1135 pridie

165 1154 228 1212 in
251 1155 534 1213 concione
550 1153 620 1188 ³1⁵
640 1155 711 1212 de
733 1155 995 1226 periculo
1018 1154 1230 1212 salutis
1256 1169 1377 1211 suae
1399 1158 1819 1224 contestatum,

167 1244 328 1316 quod
350 1243 457 1301 sibi
482 1260 585 1316 pro
610 1245 796 1316 patria
830 1244 1117 1301 laboranti
1149 1244 1222 1299 ab
1250 1242 1534 1314 improbis
1550 1247 1610 1297 et
1634 1242 1825 1311 ingra-

165 1332 248 1388 tis
294 1332 636 1390 denunciari
686 1333 1076 1404 cognovisset,
1129 1332 1241 1387 alio
1291 1346 1454 1387 mane
1499 1331 1821 1386 exanimem

165 1427 540 1494 repererunt,
580 1421 751 1493 idque
791 1421 945 1478 inter
977 1422 1222 1478 maxima
1249 1423 1637 1478 Romanorum
1673 1420 1820 1477 mala

165 1515 530 1567 censuerunt
552 1509 640 1580 ³1⁸,
677 1510 1002 1582 praesertim
1035 1525 1164 1566 cum
1197 1514 1422 1565 tantum
1456 1510 1511 1565 in
1546 1511 1689 1565 urbe
1722 1508 1820 1565 illa

166 1599 429 1656 Africani
478 1600 646 1670 vigor
676 1602 735 1654 et
767 1599 1048 1655 modestia
1097 1599 1340 1667 valeret,
1377 1603 1439 1655 ut
1482 1597 1674 1655 facille
1721 1598 1820 1655 illo

165 1688 305 1743 vivo
355 1701 541 1757 neque
582 1687 799 1743 sociale
846 1702 1032 1758 neque
1079 1687 1250 1744 civile
1302 1687 1515 1744 bellum
1562 1688 1819 1744 existere

1939 528 2057 584 ﬁlia
2082 530 2210 599 fuit,
2228 544 2357 600 quae
2382 531 2511 600 post
2535 526 2748 599 prioris
2770 525 2867 580 filii
2890 524 3129 581 Gracchi
3156 524 3398 579 mortem
3420 522 3581 578 Mise-

1940 633 2071 674 num
2094 618 2358 674 secessit.
2386 619 2537 672 Bona
2566 614 2807 672 Gracchi
2834 612 3127 685 publicata
3149 614 3313 675 sunt;
3340 609 3579 666 Flaccus

1941 706 2282 763 adolescens
2311 706 2363 762 in
2398 707 2606 761 robore
2636 708 2879 759 necatus
2902 706 3013 771 est,
3038 717 3110 756 ex
3133 699 3382 756 factione
3412 698 3583 754 Grac-

1940 794 2031 850 chi
2065 783 2297 851 ducenti
2326 795 2381 849 in
2406 793 2689 849 Aventino
2721 795 2912 848 monte
2943 790 3079 847 caesi
3116 789 3293 845 fuisse
3325 787 3584 842 referun-

1939 887 2053 939 tur.
2092 882 2352 954 Opimius
2374 889 2565 938 autem
2589 880 2814 950 consul,
2841 879 2994 935 sicut
3021 878 3073 932 in
3099 877 3253 932 bello
3277 875 3468 943 fortis,
3503 874 3583 930 ita

1938 970 1993 1027 in
2028 972 2332 1043 questione
2364 971 2473 1026 fuit
2509 969 2796 1035 crudelis;
2831 983 2958 1023 nam
2993 965 3240 1037 amplius
3271 979 3437 1034 quam
3468 963 3585 1019 tria

1937 1060 2094 1116 milia
2147 1060 2437 1117 hominum
2484 1058 2788 1129 suppliciis
2838 1055 3028 1113 necati
3081 1058 3232 1122 sunt,
3268 1068 3337 1109 ex
3371 1052 3584 1122 quibus

1936 1148 2192 1220 plurimi,
2228 1164 2298 1205 ne
2332 1149 2483 1204 dicta
2520 1147 2750 1217 quidem
2790 1160 2983 1213 causa,
3034 1137 3581 1203 innocentesoccisi

1936 1240 2090 1294 sunt.
2125 1239 2256 1294 Haec
2288 1237 2674 1292 Gracchorum
2704 1233 2937 1303 seditio,
2968 1231 3058 1286 hic
3085 1231 3213 1286 ﬁnis
3240 1229 3366 1285 fuit.

2006 1328 2169 1383 Anno
2201 1328 2273 1382 ab
2307 1328 2449 1382 urb?
2480 1324 2711 1381 condita
2745 1314 3236 1390 sexingentesimo
3260 1323 3347 1388 37,
3374 1317 3470 1388 qui
3492 1320 3581 1374 est

1932 1419 2061 1473 28us
2092 1413 2416 1471 Ptholomei
2451 1412 2755 1482 Evergetis
2788 1410 3045 1479 secundi,
3080 1407 3284 1464 Publio
3317 1405 3581 1476 Scipione

1931 1504 2136 1561 Nasica
2162 1508 2221 1559 et
2248 1503 2418 1559 Lucio
2443 1501 2753 1572 Calpurnio
2779 1499 2967 1555 Bestia
2993 1496 3356 1563 consulibus,
3379 1495 3584 1563 Jugur-

1933 1597 2029 1663 tze,
2081 1591 2455 1647 Numidarum
2518 1604 2756 1658 regnum
2816 1585 3106 1642 invadenti
3155 1583 3244 1653 32°,
3291 1596 3583 1638 consensu

1932 1683 2170 1737 Romani
2214 1679 2409 1751 populi
2456 1678 2670 1734 bellum
2706 1682 2947 1733 senatus
2979 1673 3208 1738 indixit,
3242 1671 3313 1727 de
3344 1684 3457 1740 quo
3490 1670 3588 1726 Sa-

168 1790 345 1848 posse
402 1776 765 1833 crederetur.
818 1779 977 1833 Hunc
1024 1777 1256 1847 quidem
1307 1782 1575 1833 necatum
1628 1777 1819 1833 ferunt
1849 1797 1903 1857 Β
1935 1770 2148 1827 lustius
2179 1770 2418 1839 Crispus
2456 1766 2784 1857 plenissime
2807 1763 3029 1857 scribit.

165 1864 306 1921 dolo
339 1864 539 1921 uxoris
580 1880 701 1922 suae
742 1864 1103 1937 Simproniae,
1138 1880 1264 1937 quas
1297 1879 1464 1923 soror
1495 1870 1622 1921 erat
1652 1868 1821 1923 Grac-

163 1954 434 2025 chorum,
456 1969 526 2010 ne
543 1954 850 2021 scelerata,
872 1959 936 2011 ut
955 1956 1153 2023 credo,
1179 1954 1390 2011 familia
1411 1955 1481 2010 ad
1506 1956 1820 2026 perniciem

166 2043 379 2115 patriae
428 2059 549 2099 suae
599 2044 752 2098 inter
800 2043 1009 2113 impias
1059 2044 1380 2099 seditiones
1421 2043 1678 2100 virorum
1712 2059 1822 2100 non

164 2132 348 2189 etiam
398 2132 724 2189 sceleribus
755 2132 1057 2189 mulierum
1089 2138 1249 2189 esset
1280 2132 1600 2188 immanior.
1639 2134 1823 2189 Causa

164 2236 316 2278 vero
349 2221 626 2278 interitus
657 2221 782 2291 ejus
815 2221 937 2278 hzec
966 2222 1090 2277 fuit.
1132 2221 1306 2277 Gaius
1331 2224 1517 2279 Carbo
1550 2223 1824 2278 tribunus

165 2309 366 2382 plebis
423 2310 667 2380 cupiens
715 2324 912 2366 necem
962 2310 1257 2367 vindicare
1302 2311 1714 2367 Gracchianam
1767 2316 1826 2366 et

165 2399 435 2456 excitare
482 2398 823 2456 seditionem
867 2400 1137 2470 sopitam,
1186 2400 1452 2456 Publium
1499 2400 1824 2470 Scipionem

168 2487 530 2557 Africanum,
555 2491 723 2544 eruta
747 2488 1052 2544 Numantia
1076 2493 1470 2544 revertentem
1506 2489 1827 2557 interroga-

165 2575 259 2632 vit
288 2575 429 2646 quid
462 2576 533 2631 de
563 2576 803 2632 Gracchi
850 2582 1034 2632 morte
1081 2576 1346 2633 sentiret.
1384 2576 1486 2633 Cui
1519 2577 1826 2634 Africanus

168 2664 278 2731 ait,
308 2662 442 2732 jure
459 2663 715 2720 occisum
739 2664 848 2720 sibi
876 2664 1079 2720 videri.

244 2753 385 2808 Post
405 2753 527 2810 haec
551 2752 726 2809 Gaius
750 2754 1028 2821 Grachns,
1054 2754 1297 2810 Gracchi
1325 2753 1486 2810 illius
1510 2755 1607 2824 qui
1634 2754 1749 2824 jam
1771 2753 1828 2808 in

168 2840 464 2897 seditione
491 2841 722 2898 occisus
754 2842 941 2898 fuerat
976 2843 1178 2912 frater,
1206 2842 1477 2898 tribunus
1507 2843 1695 2914 plebis
1728 2858 1830 2913 per

166 2929 489 2986 tumultum
510 2936 764 3000 creatus,
788 2945 989 3000 magna
1012 2931 1368 3003 reipublicae
1391 2932 1680 3003 pernicies
1702 2932 1828 2988 fuit.

166 3020 316 3075 Nam
366 3033 497 3074 cum
543 3033 683 3091 sepe
720 3019 999 3091 populum
1048 3021 1366 3076 Romanum
1420 3019 1834 3089 largitionibus

176 3106 607 3179 promissisque
680 3108 873 3164 nimiis
928 3108 984 3163 in
1038 3108 1446 3165 acerbissimas
1509 3109 1831 3165 seditiones

169 3194 517 3266 excitasset,
539 3197 774 3253 tandem
798 3212 826 3252 a
849 3197 1176 3267 tribunatu,
1203 3197 1440 3253 Minutio
1464 3212 1829 3267 successore,

171 3282 451 3339 decessit.
498 3283 605 3350 Qui
639 3285 914 3342 Minutius
944 3300 1075 3341 cum
1109 3286 1434 3342 decessoris
1466 3287 1555 3342 sui
1593 3286 1831 3342 Gracchi

169 3375 400 3427 statuta
447 3372 836 3430 convulsisset
898 3373 1168 3445 legesque
1229 3376 1594 3444 abrogasset,
1660 3375 1833 3431 Gaius

173 3460 481 3516 Gracchus
503 3475 633 3516 cum
660 3461 860 3518 Fulvio
880 3461 1105 3532 Flacco,
1142 3462 1359 3532 ingenti
1385 3463 1640 3534 stipatus
1662 3462 1837 3533 agmi-

174 3562 276 3619 ne,
300 3547 669 3620 Capitolium,
701 3549 793 3605 ubi
817 3549 1014 3605 contio
1037 3550 1390 3621 agitabatur,
1419 3552 1704 3619 ascendit,
1732 3552 1838 3607 ibi-

176 3651 292 3707 que
323 3649 454 3693 cum
478 3650 547 3692 eo
572 3637 919 3707 duobusque
953 3638 1088 3694 ﬁliis
1112 3638 1236 3694 suis
1265 3639 1507 3695 armatis
1531 3640 1836 3696 maximum

176 3724 497 3782 tumultum
525 3726 834 3790 excitavit;
869 3726 972 3781 sed
1006 3730 1245 3783 econtra
1272 3728 1482 3783 Decius
1507 3729 1720 3784 Brutus
1753 3729 1840 3784 vir

175 3812 512 3870 consularis
531 3828 595 3869 ac
615 3814 826 3869 Lucius
846 3814 1304 3885 Publicius(213)
1326 3831 1456 3871 cum
1478 3816 1698 3885 ingenti
1715 3832 1840 3872 ecr-

174 3901 399 3958 tamine
430 3901 729 3958 insistunt.
777 3903 861 3959 Ibi
894 3903 1135 3959 Flaccus
1172 3903 1505 3960 diutissime
1539 3905 1835 3976 pugnavit,

179 3991 480 4048 Gracchus
511 4005 650 4047 vero
682 3991 739 4046 in
767 3991 1050 4069 templum
1085 3992 1352 4048 Minervae
1384 3991 1684 4061 secedens,
1720 3994 1840 4062 gla-

178 4078 281 4136 dio'
310 4079 645 4135 incumbere
675 4079 880 4150 voluit,
914 4079 1013 4135 sed
1047 4081 1384 4136 interventu
1414 4081 1626 4137 Letorii
1658 4080 1727 4116 ³1⁷
1750 4096 1842 4138 re-

176 4170 380 4223 tentus
428 4171 539 4223 est.
594 4168 850 4237 Cumque
883 4168 979 4224 diu
1011 4183 1225 4240 anceps
1273 4167 1488 4224 bellum
1535 4174 1835 4239 ageretur,

175 4256 416 4315 tandem
449 4255 740 4324 sagittarii
766 4256 838 4310 ab
861 4256 1085 4327 Opimio
1110 4256 1294 4327 missi,
1330 4263 1664 4313 consertam
1700 4258 1844 4314 mul-

178 4342 492 4399 titudiuem
516 4343 1012 4400 disturbavesant.
1038 4345 1162 4401 Duo
1185 4345 1369 4402 Flacci
1392 4351 1557 4417 pater
1577 4352 1638 4403 et
1662 4346 1836 4413 ﬁlius,

175 4446 312 4490 cum
347 4446 448 4503 per
475 4431 656 4489 aedem
690 4433 859 4489 Lunae
892 4433 948 4487 in
983 4433 1270 4505 privatam
1301 4434 1533 4491 domum
1567 4435 1839 4492 desiluis-

1866 3155 1915 3218 C

2005 1859 2104 1915 llis
2137 1858 2497 1928 temporibus
2530 1855 2849 1911 Ptholomei
2884 1849 3187 1920 Evergetis
3221 1845 3460 1903 secundi
3486 1844 3587 1901 mi-

1934 1963 2060 2004 sera
2087 1947 2204 2002 vita
2228 1944 2708 2001 miserabiliorem
2732 1943 2867 1997 vitze
2890 1941 3108 1996 exitum
3137 1937 3316 1992 dedit.
3354 1937 3408 1990 Is
3431 1935 3583 1990 enim

1935 2049 2193 2092 sororem
2225 2047 2407 2103 suam,
2436 2038 2643 2103 stupro
2675 2030 2966 2099 cognitam
2991 2043 3054 2083 ac
3079 2025 3287 2081 deinde
3310 2023 3364 2077 in
3390 2021 3587 2078 matri-

1936 2124 2126 2179 monio
2161 2129 2475 2193 receptam,
2504 2120 2813 2175 novissime
2845 2117 3074 2187 turpius
3101 2128 3269 2185 quam
3294 2111 3455 2168 duxit
3488 2111 3587 2165 ab-

1930 2211 2105 2286 jeeit;
2159 2210 2477 2282 privignam
2530 2223 2713 2277 suam,
2767 2208 2874 2262 hoc
2924 2209 3011 2260 est
3061 2203 3234 2258 ﬁliam
3278 2199 3496 2258 sorOris
3526 2202 3586 2253 et

1937 2300 2220 2368 conjugis,
2253 2298 2558 2367 conjugem
2582 2295 2852 2361 asscivit;
2885 2293 3064 2349 ﬁlium
3098 2305 3265 2361 quem
3289 2304 3361 2345 ex
3385 2300 3585 2343 sorore

1938 2393 2298 2459 susceperat,
2333 2401 2556 2442 necnon
2580 2389 2637 2440 et
2664 2384 2843 2439 ﬁlium
2879 2380 3075 2437 fratris
3105 2378 3339 2435 occidit.
3376 2376 3587 2441 Quam-

1939 2476 2159 2543 obrem,
2216 2473 2397 2528 tantis
2449 2471 2691 2526 incestis
2738 2466 3183 2540 parricidiisque
3215 2459 3585 2529 execrabilis,

1939 2577 2087 2618 anno
2136 2559 2297 2631 regni
2343 2561 2432 2617 sui
2466 2564 2559 2617 29°
2591 2560 2662 2614 ab
2697 2555 3106 2613 Alexandrinis
3156 2566 3333 2621 regno
3385 2547 3589 2622 pulsus

1939 2656 2049 2708 est.

2013 2738 2224 2809 (ΗΙΕΒ.)
2260 2737 2358 2793 llis
2388 2736 2754 2807 temporibus
2803 2733 3003 2789 Cicero
3053 2729 3253 2801 Arpini
3303 2725 3586 2794 nascitur,

1942 2831 2127 2883 matre
2159 2825 2377 2882 llelwia
2414 2825 2665 2893 nomine,
2690 2838 2764 2879 ex
2794 2821 2954 2891 regio
2980 2818 3322 2876 Vulscorum
3353 2827 3587 2887 genere,

1942 2922 2109 2988 patre
2131 2930 2271 2972 vero
2295 2912 2589 2985 equestris
2609 2910 2850 2966 ordinis.
2888 2910 3112 2965 Marcus
3135 2920 3364 2977 quoque
3387 2902 3592 2960 Furius

1944 3010 2133 3076 poeta,
2168 3007 2554 3075 cognomento
2601 2998 2935 3068 Bibaculus,
2978 3000 3273 3053 Cremonze
3305 2990 3586 3049 nascitur.

1992 3124 2127 3170 Alex.
2194 3120 2311 3169 Jud.
2368 3119 2535 3179 Syrize.

2050 3205 2076 3259 1
2224 3205 2285 3255 21
2439 3202 2507 3254 10
2614 3195 3013 3264 Ptholomeus,
3078 3191 3175 3262 qui
3232 3195 3289 3245 et
3343 3188 3593 3245 Phiscon

1944 3290 2036 3345 vel
2069 3289 2296 3357 Sother,
2324 3285 2588 3356 regnavit
2620 3283 2984 3340 Alexandria:
3015 3281 3181 3337 annis
3201 3285 3289 3348 17,
3316 3294 3346 3334 a
3370 3280 3595 3333 restau-

1947 3376 2171 3433 ratione
2224 3373 2423 3445 templi
2455 3388 2603 3429 anno
2644 3374 2791 3427 4070.
2848 3370 2948 3426 [lie
2981 3373 3183 3440 postea
3221 3381 3323 3438 per
3352 3367 3594 3421 matrem

1950 3466 2312 3536 Cleopatram
2344 3463 2413 3518 de
2444 3476 2622 3531 regno
2654 3460 2875 3531 pulsus,
2911 3460 3159 3528 Cyprum
3193 3455 3456 3525 secessit,
3490 3453 3597 3508 ite-

1948 3566 2194 3623 rumque
2226 3556 2354 3622 post
2387 3565 2569 3607 annos
2596 3548 2817 3619 aliquot
2850 3548 2903 3602 iu
2938 3560 3176 3616 regnum
3220 3543 3412 3600 rediit.

2056 3648 2079 3697 1
2233 3644 2303 3697 24
2448 3645 2469 3694 1
2594 3638 2931 3707 Antiochus,
2977 3634 3073 3706 qui
3112 3639 3169 3689 et
3212 3632 3501 3703 Gryphus,
3535 3629 3603 3691 fi-_

1951 3729 2063 3786 lius
2103 3728 2399 3799 Demetrii,
2448 3727 2708 3797 regnavit
2743 3726 2953 3797 Syriae;
2986 3723 3087 3780 sed
3122 3723 3300 3777 frater
3330 3720 3455 3790 ejus
3486 3721 3596 3775 An-

1952 3821 2182 3876 tiochus
2211 3820 2534 3888 Cizicenus,
2580 3818 2733 3873 ﬁlius
2771 3815 3057 3883 Antiochi,
3094 3813 3292 3869 fratris
3322 3809 3596 3867 Demetrii

1951 3923 2022 3964 ex
2045 3909 2245 3964 eadem
2271 3905 2513 3963 muliere
2537 3906 2865 3976 Cleopatra,
2891 3903 3080 3972 ejecto
3103 3903 3303 3971 fratre,
3330 3898 3593 3969 regnavit

1952 3996 2108 4067 ipse;
2143 4009 2459 4064 rursusque
2490 3995 2691 4061 frater,
2734 3992 2843 4051 hoc
2874 3990 3137 4062 depulso,
3169 4002 3409 4056 regnum
3442 4000 3601 4043 rece-

1953 4085 2068 4157 pit;
2104 4084 2302 4153 sicque
2330 4081 2764 4138 contendebant
2794 4080 2947 4135 inter
2980 4093 3042 4134 se
3072 4092 3178 4148 per
3207 4090 3387 4131 annos
3422 4078 3505 4145 19,
3538 4078 3596 4130 et

1951 4187 2024 4228 ex
2053 4172 2159 4228 hoc
2194 4185 2432 4241 regnum
2472 4169 2617 4225 illud
2649 4183 2754 4240 per
2784 4182 2847 4223 se
2878 4181 2989 4223 non
3020 4163 3241 4233 habuit,
3275 4163 3378 4220 sed
3406 4163 3463 4218 in
3492 4164 3602 4218 Ro-

1953 4275 2248 4317 manorum
2283 4258 2563 4314 ditionem
2594 4257 2788 4314 cessit.

2022 4352 2090 4406 l2
2272 4353 2293 4403 1
2484 4352 2516 4402 9
2626 4342 3017 4411 Aristobolus,
3091 4340 3247 4397 ﬁlius
3321 4337 3600 4395 Johannis

1954 4435 2220 4507 Hyrcani,
2271 4434 2660 4506 principatum
2703 4432 3033 4489 Iudaeorum
3080 4436 3209 4502 post
3258 4431 3482 4501 patrem
3510 4441 3602 4483 su-

180 4523 316 4578 sent
348 4522 619 4591 foresque
645 4521 1026 4590 objecissent,
1078 4523 1322 4578 areticio
1365 4524 1617 4593 graticio
1646 4523 1716 4557 ³1⁸
1749 4540 1843 4597 pa-
1870 4513 1923 4574 D
1955 4526 2167 4596 scepit,
2200 4523 2557 4595 primusque,
2593 4521 2861 4594 imposita
2891 4520 3001 4577 sibi
3035 4532 3271 4589 corona,
3305 4532 3454 4575 anno
3488 4529 3602 4573 uno

182 4609 321 4665 rieti
339 4607 408 4643 ³³⁸
425 4609 575 4665 affixi
599 4614 754 4666 sunt.
780 4610 1097 4681 Gracchus,
1121 4611 1217 4668 diu
1236 4627 1343 4682 pro
1365 4627 1425 4668 se
1445 4613 1841 4683 pugnantibus

183 4696 391 4754 amicis
413 4710 481 4753 ac
504 4697 907 4768 pereuntibus,
934 4713 1089 4768 aegre
1110 4698 1182 4754 ad
1207 4704 1442 4770 pontem
1468 4700 1841 4758 Subsilicium

186 4785 475 4858 pervenit,
498 4785 714 4856 ibique,
737 4800 806 4842 ne
826 4786 993 4843 vivus
1011 4790 1347 4859 caperetur.
1362 4788 1649 4844 cervicem
1671 4803 1842 4845 servo

115 4873 137 4883 '
188 4888 297 4929 suo
328 4873 580 4946 prebuit.
616 4873 796 4944 Cujus
829 4879 1008 4947 caput
1039 4876 1325 4933 abscisum
1347 4876 1576 4933 consuli
1601 4876 1840 4934 allatum

184 4966 298 5031 est,
332 4976 546 5034 corpus
565 4963 636 5019 ad
661 4961 983 5019 Corneliam
1016 4968 1258 5019 matrem
1294 4965 1570 5021 Misenum
1603 4966 1842 5037 epidum

1951 4614 2238 4685 regnavit.
3090 4660 3091 4663 η

1966 4754 1969 4759 .
2024 4708 2090 4758 13
2273 4707 2295 4757 1
2452 4701 2518 4757 10
2628 4701 2774 4773 (Jos.
2833 4701 2921 4756 De
2975 4697 3114 4755 bell.
3172 4698 3365 4768 [κάη
3421 4711 3458 4753 ι.
3522 4694 3601 4767 3.)

1953 4789 2300 4861 Alexander,
2353 4789 2450 4861 qui
2482 4794 2538 4846 et
2569 4791 2842 4857 Janneus,
2876 4789 3056 4844 frater
3086 4785 3429 4855 Aristoboli,
3465 4788 3601 4856 post

1954 4882 2197 4933 mortem
2223 4876 2421 4932 fratris
2444 4875 2844 4947 pontiﬁcatum
2865 4873 3195 4929 Judaeorum
3220 4871 3442 4942 pariter
3463 4884 3596 4926 cum

1954 4979 2131 5035 regno
2181 4964 2465 5035 suscepit,
2499 4967 2558 5019 et
2589 4976 2693 5034 per
2726 4960 2929 5031 viginti
2960 4963 3186 5031 septem
3227 4971 3409 5014 annos
3439 4954 3508 4989 ³²ι
3542 4956 3599 5024 in

1548 5150 1784 5207 VARUE
1825 5150 2226 5206 LECTIONES.

258 5242 328 5278 ³³⁸
347 5244 723 5302 contentione
754 5247 806 5316 4,
840 5250 889 5302 5.
969 5243 1038 5278 ³³⁸
1060 5250 1484 5302 recensuerunt
1513 5251 1571 5302 9°
1645 5246 1713 5280 ³1⁷
1738 5247 1968 5304 lictoris
2002 5251 2083 5304 11.
2162 5245 2231 5280 ³1⁸
2255 5246 2343 5302 ita
2372 5246 2436 5315 (ἱ.
2469 5260 2516 5302 ε.
2548 5261 2578 5302 a
2610 5243 2835 5316 Reticio
2866 5240 3414 5316 Craticio?)_q_mnes
3442 5255 3592 5313 quos

182 5315 317 5400 Ξ),έῇ
336 5310 875 5400 οοάξσϐϐρβέιτῆῖηέζι
893 5317 1057 5400 ῌέει.
1080 5317 1354 5400 εῃὶεᾳθζζςξ
1363 5318 1481 5400 ea
1492 5322 1535 5372 1.
1558 5318 1802 5400 tegatur
1821 5337 1840 5373 .-
1864 5319 2123 5400 rescisso
2153 5310 2397 5375 craticio
2430 5316 2653 5390 pariete
2681 5314 2941 5374 confossi
2970 5315 3122 5372 sunt.
3164 5310 3171 5313 ⁷
3201 5310 3270 5347 ³¹⁹
3292 5310 3521 5387 pariete
3539 5317 3590 5368 5.

185 5358 789 5469 ἵκῖἦήᾝᾶἑὶιᾘί²4ίῖϊῗ
803 5358 878 5444 6c".
893 5358 1057 5444 761'"
1078 5358 1787 5447 έὲῗέΐὲἃῐνῑὴ¹ἑιίῖἴι³ἲέἒῖἶ

1922 5497 2005 5556 ᾸΞ.

267 5593 418 5673 (213)
449 5595 586 5656 Haec
616 5594 994 5657 Ekkehardus
1025 5610 1100 5656 ex
1126 5597 1322 5659 verbis
1351 5598 1422 5660 H.
1464 5612 1543 5658 ω.
1589 5617 1600 5655 :
1633 5611 1673 5658 α
1701 5498 2168 5661 οιίῗςῗῖοκῡιίοἱο
2206 5595 2573 5659 deformavit.
