3992 6054
384 204 500 281 685

1539 216 2025 287 EKKEHARDI
2067 215 2628 285 URAUGIENSIS

3672 215 3801 285 686

385 348 545 410 cives
574 365 714 411 suos
742 351 1152 414 crudelissime
1180 354 1463 429 regnavit.
1506 358 1629 417 Non
1662 357 1812 415 enim
1843 355 2034 414 minus
2060 357 2119 421 A
2223 356 2387 412 Anno
2420 353 2633 428 quippe
2656 350 2831 413 Urbis
2859 350 3109 414 conditae
3134 349 3566 412 sexcentesimo
3587 355 3684 414 62°
3704 369 3800 414 so-

388 438 595 511 [quam
619 438 721 513 ⁸²²]
754 441 1170 514 quinquaginta
1202 446 1355 502 milia
1381 446 1451 503 de
1474 446 1709 519 propria
1742 450 1915 517 gente
1938 445 2035 501 de-

387 528 660 586 bellando
685 546 790 601 per
811 547 912 587 sex
937 548 1117 590 annos
1148 534 1463 605 interfecit,
1494 535 1769 606 proprios
1803 548 2032 605 quoque

328 662 337 669 .
388 617 605 675 fratres
632 617 701 652 ³²³
731 619 977 677 alterum
1010 623 1243 695 occidit,
1277 624 1522 680 alterum
1555 624 1734 680 rebus
1762 623 2032 679 omnibus

387 706 667 764 nudatum
701 711 1129 782 contemptibili
1165 713 1280 770 vita
1312 728 1506 771 secum
1539 712 1761 769 habuit.
1799 711 1907 778 Qui
1938 717 2033 769 27°

388 808 537 851 anno
570 798 842 868 moriens,
875 801 1105 871 conjugi
1138 817 1257 858 suae
1288 802 1654 868 Alexandr:e,
1689 816 1815 872 quae
1844 805 1900 857 et
1937 802 2033 856 Sa-

384 882 501 941 lina
560 889 903 959 vocabatur,
957 891 1117 960 regni
1166 890 1561 960 gubernacula
1619 905 1748 947 cum
1807 890 2033 946 duobus

384 971 526 1030 filiis
557 976 818 1046 parvulis
851 977 1104 1049 reliquit.
1139 979 1313 1049 Cujus
1344 985 1510 1037 actus
1541 979 1639 1050 qui
1672 978 1851 1034 latius
1880 977 2031 1035 scire

384 1060 660 1134 voluerit,
692 1065 937 1122 tercium
966 1067 1251 1125 decimum
1279 1068 1510 1141 Iosephi
1540 1068 1752 1125 librum
1782 1065 2032 1138 antiqui-

386 1149 530 1206 tatis
570 1151 849 1223 hystoriaa
888 1154 1085 1226 legere
1128 1160 1317 1213 curet.

434 1247 570 1296 Alex.
656 1249 770 1299 Jud.
856 1253 962 1313 Syr.

489 1329 513 1383 1
704 1332 737 1386 6
883 1337 949 1388 15
1061 1331 1289 1406 (Ηῐειι.)
1348 1332 1757 1401 Plholomeus,
1813 1332 1909 1403 qui
1968 1336 2030 1388 et

383 1414 732 1487 Alexander,
760 1418 928 1490 pulso
951 1420 1021 1478 de
1044 1436 1224 1491 regno
1247 1422 1589 1478 Ptholomeo
1617 1422 1900 1478 Phiscone
1923 1436 2028 1493 per

381 1508 626 1560 matrem
681 1506 1068 1580 Cleopatram,
1127 1510 1391 1579 regnavit
1447 1508 1811 1566 Alexandriae
1861 1508 2027 1566 annis

380 1604 606 1663 novem,
639 1608 668 1649 a
699 1597 1132 1654 restauratione
1173 1597 1373 1670 templi
1418 1612 1567 1653 anno
1614 1599 1743 1654 4240

484 1683 519 1735 2
696 1687 729 1738 7
877 1688 945 1741 16

696 1775 729 1827 8
876 1776 942 1828 17

484 1772 516 1823 3

483 1857 518 1911 4
697 1861 730 1913 9
876 1864 944 1916 18

484 1947 516 1998 5
664 1949 733 2002 10
880 1950 946 2004 19

483 2036 517 2089 6
664 2037 721 2089 11

485 2125 521 2178 7
671 2126 737 2178 12
811 2122 1028 2181 defecit

484 2213 518 2266 8
667 2215 732 2266 13
807 2227 1047 2282 regnum

485 2303 519 2354 9
665 2301 734 2354 14
809 2301 1009 2371 Syriae.

451 2385 553 2456 (Η.
587 2402 663 2444 m.
699 2392 759 2444 ct
785 2390 863 2445 Η.
900 2391 998 2461 Β.)
1031 2392 1194 2448 Αηηο
1222 2390 1711 2461 sexingentesimo
1745 2392 2026 2463 quinqua-

376 2475 600 2546 gesimo
624 2491 796 2547 nono,
824 2478 920 2547 qui
945 2483 1036 2534 cst
1058 2484 1303 2550 quartus
1333 2480 1657 2536 Ptholomei
1686 2479 2021 2547 Alexandri,

376 2575 507 2617 cum
543 2578 719 2635 prope
751 2566 940 2620 omnia
973 2566 1122 2622 bella
1166 2572 1827 2635 extranca‘cessassent,
1857 2584 2026 2640 supe-

377 2654 505 2707 rato
538 2651 594 2707 in
627 2653 894 2709 Numidia
925 2670 1027 2725 per
1060 2656 1349 2711 Metellum
1384 2657 1647 2727 primum,
1682 2658 1890 2714 deinde
1922 2672 2025 2730 per

376 2738 617 2796 Marium
646 2745 706 2796 et
739 2742 947 2811 Syllam
995 2745 1259 2814 Jugurta,
1312 2753 1445 2816 post
1493 2746 1616 2802 haec
1667 2746 1915 2804 Cimbris
1965 2751 2024 2803 et

375 2827 734 2885 Teutonibus
774 2844 876 2900 por
908 2831 1142 2887 Marium
1173 2837 1232 2888 et
1261 2831 1531 2898 Quintum
1574 2834 1861 2903 Catulum,
1896 2850 2027 2906 gra-

374 2914 671 2972 vissimum
706 2917 760 2972 in
791 2917 954 2975 Italia
989 2918 1203 2977 bellum
1235 2921 1507 2978 Picenses
1532 2921 1600 2955 ³²⁶
1630 2927 1689 2978 et
1720 2924 1889 2979 Marsi
1921 2926 2024 2979 Pe-

375 3002 635 3074 lignique
666 3012 992 3073 moverunt,
1021 3009 1115 3079 qui
1140 3008 1306 3066 annis
1338 3011 1795 3080 numerosisjam
1819 3013 2024 3068 Roma-

2144 443 2277 501 ciali
2310 443 2485 516 bello,
2513 445 2713 501 mdltis
2745 443 3208 517 repugnantibus
3231 458 3336 515 per
3358 447 3540 501 totam
3567 443 3794 501 Italiam

2144 533 2453 604 suscitato,
2489 533 2825 591 intestinum
2859 533 3073 590 bellum
3103 532 3438 602 adjunctum
3466 536 3577 603 est,
3601 532 3800 591 multi-

2143 622 2443 694 plicesque
2465 622 2832 679 calamitates
2856 623 3352 693 perturbaverunt
3383 620 3658 693 populum
3682 622 3798 678 Ro-

2141 725 2390 781 manum,
2425 711 2685 781 quamvis
2710 710 2826 781 jam
2857 709 3095 767 Romani
3119 710 3431 767 multarum
3455 709 3668 766 domini
3693 724 3795 767 vo-

2138 804 2416 855 carentur
2447 799 2725 868 gentium.
2755 800 2996 855 Causam
3019 813 3160 854 vero
3181 797 3373 855 civilis
3394 797 3531 854 belli
3555 797 3786 868 Marius,

2134 886 2250 956 jam
2302 887 2496 943 sexies
2545 886 2772 957 consul,
2805 886 2986 942 dedit.
3039 887 3178 942 Nam
3210 901 3339 943 cum
3374 886 3526 958 Sylla
3558 886 3785 955 consul,

2138 981 2417 1045 gesturus
2462 973 2676 1031 bellum
2720 978 2925 1031 contra
2956 974 3341 1045 Mctridatem,
3377 975 3473 1046 qui
3507 975 3699 1031 Asiam
3728 981 3786 1032 et

2140 1063 2410 1121 Achaiam
2431 1064 2746 1134 invaserat,
2766 1063 3121 1134 mitteretur,
3141 1063 3244 1119 sed
3257 1063 3579 1121 exercitum
3598 1063 3788 1121 adhuc

2139 1152 2436 1224 paulisper
2478 1151 2534 1208 in
2578 1151 2883 1223 Campania
2935 1155 3182 1222 teneret,
3232 1157 3297 1208 ut
3341 1151 3478 1209 belli
3523 1151 3785 1223 socialis,

2139 1240 2314 1310 quod,
2350 1245 2412 1296 ut
2443 1254 2618 1310 supra
2652 1239 2925 1302 diximus.
2966 1239 3020 1294 in
3056 1238 3218 1294 Italia
3249 1240 3477 1308 gestum
3510 1244 3622 1307 est,
3655 1239 3792 1295 reli-

2139 1328 2287 1399 quiae
2318 1328 2687 1399 tollerentur,
2714 1328 2927 1385 Marius
2951 1327 3242 1384 affectavit
3264 1332 3347 1399 ut,
3373 1328 3622 1399 septimo
3650 1342 3792 1385 eon-

2136 1417 2331 1474 sulatu
2365 1418 2471 1474 sibi
2503 1416 2830 1483 commisso,
2864 1416 2989 1488 ipse
3012 1416 3082 1473 ad
3109 1416 3324 1473 bellum
3358 1416 3788 1473 Metridaticum

2139 1504 2493 1560 mitteretur.
2536 1505 2656 1571 Qua
2691 1518 2753 1559 re
2785 1504 2937 1574 Sylla
2970 1508 3315 1572 commotus,
3355 1519 3485 1560 cum
3516 1504 3789 1561 exercitu

2140 1592 2208 1647 ad
2234 1594 2443 1649 Urbem
2466 1594 2647 1660 venit,
2672 1596 2729 1648 et
2754 1597 2888 1647 ante
2910 1593 3122 1648 Urbem
3146 1591 3400 1660 legatum
3423 1591 3583 1646 Marii
3615 1590 3787 1662 quasi

2055 1712 2107 1773 Β
2138 1680 2379 1779 primam
2408 1680 2701 1738 victimam
2740 1678 2877 1779 belli
2917 1678 3375 1779 civilisnoccidit,
3411 1693 3544 1779 mox
3570 1680 3787 1777 Urbem

2136 1768 2372 1841 irrupit,
2405 1774 2465 1825 et
2492 1775 2692 1825 contra
2740 1767 2978 1824 Marium
3011 1783 3076 1824 ac
3112 1766 3431 1839 Sulpicium
3477 1766 3785 1837 dimicans,

2137 1857 2452 1929 Sulpicium
2486 1856 2724 1928 occidit,
2758 1856 2996 1913 Marium
3037 1856 3278 1927 fugavit,
3313 1861 3488 1927 atque
3518 1855 3599 1911 ita
3630 1853 3791 1913 ordi-

2136 1945 2290 2003 natis
2313 1946 2369 2003 in
2397 1947 2652 2003 futurum
2678 1960 2887 2001 annum
2909 1944 3251 2002 consulibus
3276 1945 3431 2000 Gneo
3452 1943 3697 2001 Octavio
3727 1946 3792 2000 et

2137 2034 2403 2091 Cornelio
2420 2034 2617 2103 Cinna,
2643 2034 2714 2090 ad
2739 2034 2928 2090 Asiam
2950 2032 3250 2104 profectus
3270 2034 3378 2089 est.
3404 2031 3618 2088 Marius
3647 2046 3793 2088 vero

2133 2136 2263 2179 cum
2299 2137 2636 2195 permovere
2685 2121 3074 2191 nobilitatem,
3124 2120 3479 2176 inflammare
3531 2119 3786 2192 plebem,

2135 2211 2470 2282 perarmare
2492 2210 2752 2266 ordinem
2772 2215 3106 2280 equestrem
3127 2209 3410 2266 adversus
3434 2207 3644 2280 Syllam
3670 2208 3792 2264 fru-

2136 2304 2259 2355 stra
2306 2302 2655 2370 temptasset
2686 2297 2774 2368 ³²⁶,
2807 2298 3039 2354 tandem
3086 2297 3144 2353 in
3192 2296 3541 2369 Capitolium
3573 2296 3789 2364 cessit;

2136 2386 2237 2443 sed
2258 2401 2287 2442 a
2314 2388 2583 2458 partibus
2604 2385 2853 2458 Syllanis
2870 2385 3131 2455 gnaviter
3152 2384 3463 2449 contritus,
3490 2384 3562 2439 ab
3585 2397 3656 2441 eo
3680 2383 3790 2439 dif-

2139 2475 2303 2546 fugit,
2338 2480 2398 2531 et
2430 2475 2903 2546 persequentium
2935 2472 3220 2529 instantia
3244 2473 3697 2543 circumseptus,
3726 2471 3783 2528 in

2134 2562 2614 2620 Minturnensium
2667 2561 2978 2634 paludibus
3024 2574 3152 2617 sese
3202 2558 3447 2629 abdidit,
3494 2574 3527 2615 e
3567 2559 3784 2630 quibus

2136 2650 2451 2707 infeliciter
2482 2650 2605 2706 luto
2632 2650 2856 2706 oblitus
2887 2648 3390 2719 ignominioseque
3421 2651 3781 2719 protractus,

2136 2738 2292 2810 turpi
2326 2752 2557 2810 quoque
2588 2737 2928 2809 spectaculo
2959 2736 3278 2792 Minturnas
3306 2735 3616 2804 deductus,
3647 2750 3787 2793 con-

2134 2832 2453 2897 trususque
2506 2827 2561 2882 in
2610 2839 2931 2889 carcerem,
2985 2839 3391 2896 percussorem
3434 2823 3505 2879 ad
3539 2838 3601 2879 se
3650 2822 3786 2878 mis-

2133 2930 2258 2971 sum
2280 2914 2348 2947 ³³⁷
2371 2914 2497 2972 solo
2527 2914 2657 2971 visu
2688 2913 3036 2970 conterruit.
3069 2912 3287 2991 Deinde
3318 2911 3566 2982 lapsuse
3588 2910 3786 2968 vincu-

2135 3001 2228 3073 lis,
2260 3002 2314 3057 in
2351 3002 2599 3060 Africam
2646 3002 2986 3070 transfugit,
3038 2999 3478 3069 sollicitatoque
3516 3013 3589 3054 ex
3616 2998 3783 3056 Utica

374 3092 465 3149 nis
497 3094 939 3164 subjacuerunt.
977 3097 1187 3155 Contra
1219 3113 1366 3169 quos
1390 3114 1419 3155 a
1444 3064 1715 3158 Romanis
1743 3100 1889 3157 bene
1924 3117 2021 3171 pu-

2134 3064 2253 3147 iilio
2284 3105 2392 3147 suo
2425 3090 2621 3161 Mario,
2658 3089 2755 3146 ubi
2788 3088 2838 3145 is
2868 3088 3135 3145 custodia
3168 3087 3614 3156 observabatur,
3647 3101 3787 3143 con-

370 3186 609 3251 gnatum
661 3189 754 3239 est
784 3200 813 3240 a
846 3185 984 3242 Gaio
1034 3187 1229 3255 Mario,
1273 3188 1371 3258 qui
1415 3188 1531 3258 jam
1579 3189 1770 3245 sexies
1816 3189 2020 3246 consul

373 3269 584 3340 fuerat,
618 3276 676 3326 et
708 3287 738 3327 a
771 3273 925 3328 Gneo
957 3275 1250 3345 Pompeio,
1280 3275 1528 3332 maxime
1559 3280 1750 3332 tamen
1783 3291 1813 3332 a
1848 3277 2019 3333 Lucio

375 3358 642 3415 Cornelio
672 3359 846 3429 Sylla,
874 3361 970 3432 qui
996 3361 1149 3417 inter
1170 3363 1283 3418 alia
1306 3364 1541 3433 egregia
1569 3364 1896 3420 Cluentium
1920 3364 2022 3422 du-

372 3458 496 3502 cem
546 3446 800 3503 hostium
834 3448 912 3504 ita
943 3463 1072 3505 cum
1125 3450 1349 3519 magnis
1399 3450 1584 3521 copiis
1632 3452 1801 3522 fudit,
1846 3456 1908 3509 ut
1946 3466 2019 3508 ex

371 3533 496 3590 suis
545 3550 719 3592 unum
748 3534 818 3569 ³³⁵
845 3536 1163 3593 amitteret.
1204 3540 1322 3594 Hoc
1373 3538 1587 3594 bellum
1637 3540 2019 3609 quadriennio

369 3635 500 3677 cum
527 3623 690 3692 gravi
721 3624 1057 3681 calamitate
1080 3629 1354 3694 tractum,
1381 3627 1584 3697 quinto
1608 3628 1836 3684 demum
1867 3643 2016 3685 anno

370 3708 540 3767 finem
573 3712 797 3785 accepit
836 3729 942 3786 per
983 3715 1216 3772 Lucium
1260 3715 1587 3772 Cornelium
1628 3717 1860 3787 Syllam,
1896 3721 2015 3774 tum

368 3798 688 3872 consulem,
720 3816 850 3858 cum
880 3806 1049 3858 antea
1074 3803 1129 3858 in
1152 3802 1355 3860 eodem
1380 3803 1533 3860 bello
1563 3805 1742 3862 multa
1776 3810 2017 3863 strenue

367 3892 586 3958 praetor
613 3889 847 3959 egisset.
880 3892 1012 3962 Ipso
1046 3891 1100 3946 in
1133 3896 1395 3963 tempore
1437 3892 1563 3948 dira
1598 3893 1861 3964 prodigia
1894 3894 2013 3951 visa

367 3979 523 4033 sunt.
576 3978 712 4033 Nam
764 3980 872 4035 sub
918 3983 1051 4035 ortu
1096 3980 1240 4036 solis
1282 3979 1492 4049 globus
1539 3981 1689 4052 ignis
1719 3996 1749 4038 a
1783 3987 2017 4054 septen-

364 4064 556 4121 trione
577 4081 706 4122 cum
732 4067 979 4123 maxime
1008 4068 1141 4126 coeli
1167 4069 1394 4139 fragore
1428 4069 1658 4136 micuit;
1693 4071 1843 4142 apud
1879 4073 2017 4128 Are-

366 4152 521 4210 tinos
542 4154 599 4211 in
621 4156 890 4214 convivio
910 4171 942 4213 e
969 4157 1217 4228 panibus
1237 4171 1415 4214 cruor
1438 4158 1601 4229 quasi
1622 4172 1654 4215 e
1670 4159 2015 4218 vulneribus

366 4257 677 4315 corporum
712 4244 910 4311 fluxit;
942 4259 1044 4317 per
1065 4251 1289 4317 septem
1310 4246 1621 4304 continuos
1643 4247 1769 4305 dies
1790 4250 2014 4319 grando

363 4329 644 4403 lapidum,
674 4332 952 4389 immixtis
982 4334 1157 4389 etiam
1188 4338 1473 4390 testarum
1504 4335 1866 4405 fragmentis,
1899 4340 2017 4393 ter-

2134 3177 2295 3235 tinuo
2342 3185 2572 3236 Romam
2620 3191 2921 3248 regressus
2948 3180 3059 3245 est,
3095 3176 3404 3246 Cinnaaque
3436 3173 3664 3232 consuli
3690 3189 3787 3232 so-

2129 3266 2343 3325 cietate
2392 3268 2679 3325 scelerum
2730 3264 3075 3336 conjunctus
3120 3269 3246 3329 est;
3297 3264 3501 3334 sicque
3530 3261 3784 3320 collecto

2128 3355 2415 3421 exercitu,
2440 3358 2677 3412 Romam
2707 3354 2978 3424 ingressi,
3013 3351 3409 3409 nobilissimos
3429 3365 3462 3407 e
3484 3354 3689 3415 senatu
3720 3355 3781 3409 et

2128 3445 2470 3501 consulares
2509 3444 2665 3501 viros
2695 3442 3140 3512 interfecerunt,
3173 3440 3389 3498 multos
3421 3438 3782 3512 proscripse-

2129 3537 2295 3599 runt;
2327 3533 2513 3603 ipsius
2541 3531 2713 3604 Sylla)
2746 3532 2918 3588 domo
2948 3544 3177 3597 eversa,
3208 3543 3449 3586 uxorem
3478 3528 3603 3598 ejus
3627 3530 3687 3584 et
3720 3526 3783 3582 fi-

2128 3619 2239 3678 lios
2268 3622 2341 3677 ad
2364 3622 2553 3692 fugam
2584 3619 3022 3692 compulerunt;
3057 3618 3365 3675 universus
3395 3604 3659 3687 reliquus
3689 3629 3781 3671 se-

2128 3714 2302 3768 natus
2324 3725 2396 3766 ex
2420 3710 2573 3765 Urbe
2605 3708 2848 3779 fugiens,
2876 3706 2948 3762 ad
2978 3704 3190 3776 Syllam
3215 3704 3269 3760 in
3294 3703 3554 3761 Greciam
3584 3702 3776 3767 venit;

2126 3814 2301 3857 orans
2328 3803 2393 3855 ut
2424 3797 2631 3870 patriae
2679 3795 3041 3853 subveniret.
3092 3794 3199 3861 Qui
3230 3792 3430 3850 statim
3461 3792 3518 3848 in
3549 3789 3778 3848 Italiam

2128 3886 2379 3959 trajecit.
2415 3886 2628 3943 Marius
2669 3888 2862 3942 autem
2900 3899 3031 3940 cum
3072 3882 3381 3954 septimum
3410 3877 3776 3937 consulatum

2127 3978 2459 4046 invasisset,
2482 3975 2658 4031 Cinna
2678 3973 2795 4043 jam
2819 3971 3000 4028 tercio
3023 3968 3278 4039 consule,
3306 3968 3360 4024 in
3378 3966 3622 4024 exordio
3643 3980 3781 4023 con-

2125 4065 2353 4124 sulatus
2389 4062 2621 4135 septimi
2657 4075 2789 4119 sera
2825 4059 3055 4116 tandem
3088 4048 3274 4115 morte
3306 4062 3620 4128 prereptus
3650 4058 3776 4120 est;

2127 4154 2301 4210 Cinna
2337 4167 2475 4208 vero
2507 4152 2581 4207 ab
2609 4148 2874 4207 exercitu
2907 4162 3016 4205 suo
3047 4144 3394 4202 interfectus
3421 4148 3534 4200 est.
3564 4143 3780 4197 Rever-

2125 4245 2258 4299 tens
2288 4246 2481 4297 autem
2510 4238 2687 4310 Sylla,
2720 4251 2849 4294 cum
2890 4236 3006 4306 jam
3041 4237 3234 4292 Romae
3264 4231 3540 4288 consules
3566 4228 3777 4287 mutati

2125 4334 2340 4399 essent,
2375 4333 2435 4384 et
2464 4326 2698 4395 Marius,
2750 4324 2909 4380 Marii
2959 4322 3135 4391 illius,
3171 4335 3240 4376 ac
3271 4318 3543 4390 Papirius
3587 4317 3778 4373 Carbo

366 4432 487 4473 ram
536 4417 820 4491 latissime
867 4420 1231 4486 verberavit;
1285 4420 1341 4477 in
1391 4422 1634 4478 Samniae
1685 4424 2013 4494 partibuse
2043 4417 2097 4479 D
2125 4416 2491 4475 consulatum
2537 4412 2903 4485 accepissent
2950 4413 3154 4467 contra
3202 4409 3439 4465 Marium
3484 4405 3775 4477 iuniorem

364 4506 698 4562 vastissimo
727 4512 901 4564 terrm
924 4508 1084 4564 hiatu
1108 4508 1332 4565 ﬂamma
1362 4511 1634 4582 prorupit
1655 4515 1715 4566 et
1739 4526 1919 4582 usque
1940 4512 2011 4568 ad

366 4592 571 4651 caelum
602 4595 838 4651 extendi
869 4595 994 4652 visa
1026 4600 1134 4653 est.
1168 4598 1323 4653 Tunc
1353 4598 1526 4654 etiam
1559 4599 1812 4655 omnium
1843 4614 2016 4668 gene-

367 4698 493 4739 rum
544 4682 832 4754 animalia,
887 4698 1015 4755 quae
1063 4685 1222 4741 inter
1268 4685 1529 4742 homines
1569 4686 1767 4743 vivere
1797 4686 2011 4759 solent,

367 4771 593 4829 relictis
641 4771 891 4829 stabulis
940 4773 1315 4846 pascuisque,
1350 4789 1480 4831 cum
1513 4775 1729 4846 balatu,
1785 4775 2014 4833 hinnitu

364 4861 703 4933 gemituque
755 4861 1075 4918 miserabili
1123 4862 1196 4918 ad
1242 4863 1420 4919 siivas
1464 4868 1808 4935 montesque
1858 4865 2016 4937 fuge-

368 4954 535 5017 runt;
564 4964 757 5020 canes,
792 4965 1035 5022 quorum
1061 4954 1268 5006 natura
1291 4953 1382 5007 est
1404 4955 1571 5006 extra
1597 4951 1856 5009 homines
1884 4966 2017 5010 esse

367 5051 481 5093 non
517 5053 707 5110 posse,
744 5038 1071 5095 lacrimosis
1098 5037 1419 5095 ululatibus
1444 5038 1572 5108 vagi
1603 5038 1869 5110 luporum
1896 5040 2014 5098 ritu

370 5125 816 5184 oberraverunt.
851 5128 963 5184 Nec
997 5141 1176 5198 mora,
1203 5131 1335 5199 post
1358 5127 1483 5184 haec
1514 5133 1630 5185 tam
1659 5129 1857 5199 gravia
1884 5144 2020 5201 pro-

369 5212 523 5284 digia
558 5215 751 5272 civilia
780 5215 933 5271 bella
953 5218 1152 5273 secuta
1185 5220 1342 5273 sunt.

2126 4506 2431 4575 dimicans,
2466 4507 2532 4559 15
2561 4502 2717 4558 milia
2749 4498 2983 4569 occidit,
3016 4498 3086 4554 de
3113 4497 3239 4554 suis
3268 4501 3373 4553 400
3397 4494 3612 4553 amisit.
3648 4494 3775 4550 Mox

2123 4595 2301 4653 etiam
2331 4594 2544 4650 Urbem
2577 4591 2897 4660 ingressus,
2923 4582 3036 4644 tria
3060 4584 3214 4642 milia
3244 4584 3537 4642 hominum
3568 4588 3773 4640 contra

2124 4685 2317 4742 datam
2349 4681 2519 4738 ﬁdem
2549 4679 2801 4737 inermes
2829 4674 3095 4749 peremit.
3130 4676 3387 4746 Cumque
3416 4685 3619 4742 magna
3640 4685 3776 4727 cru-

2124 4771 2364 4829 delitate
2386 4773 2591 4828 contra
2616 4770 2816 4825 sontes
2839 4766 3221 4836 insontesque
3252 4763 3488 4832 seviret,
3523 4760 3775 4828 Quintus

2125 4860 2367 4918 Catulus
2389 4858 2576 4930 palam
2610 4856 2780 4929 Syllae
2805 4854 2952 4911 dixit
2979 4872 2991 4908 :
3020 4855 3170 4912 Cum
3190 4851 3409 4925 quibus
3430 4850 3666 4907 tandem
3684 4848 3777 4905 ci-

2122 4950 2284 5008 cturi
2319 4960 2543 5018 sumus,
2575 4946 2632 5003 si
2656 4946 2726 5002 in
2754 4943 2900 5001 bello
2929 4943 3216 5011 armatos,
3248 4942 3316 4998 in
3333 4952 3488 5012 pace
3513 4939 3775 4995 inerme:

2124 5036 2480 5097 occidimus?
2506 5033 2661 5105 Sylla
2693 5032 2891 5102 itaque
2923 5031 3183 5099 Marium,
3210 5028 3368 5084 Marii
3392 5026 3593 5095 filium,
3618 5027 3775 5082 Pras-

2126 5129 2291 5182 neste
2322 5125 2687 5196 persecutus,
2724 5117 2961 5175 obsedit
2990 5121 3049 5174 et
3081 5117 3151 5173 ad
3183 5118 3427 5172 mortem
3458 5112 3766 5186 compulit,

2129 5218 2261 5287 post
2292 5214 2416 5271 haec
2444 5211 2516 5269 de
2543 5208 2853 5266 Metridate
2882 5206 3104 5279 ingenti
3149 5205 3339 5277 gloria
3382 5202 3770 5275 triumphavit

1640 5357 1647 5363 ·
1739 5328 1975 5387 νΑΒΙιΕ
2016 5328 2416 5389 LECTIONES.

436 5444 627 5522 '”_ita
655 5451 731 5503 9ο.
764 5447 928 5507 deest
954 5450 1005 5506 5.-
1038 5452 1088 5506 5.
1125 5451 1210 5506 10.
1246 5451 1332 5507 11.
1411 5446 1481 5483 ³³³
1512 5446 1677 5510 deest
1702 5450 1752 5504 5.
1831 5446 1899 5481 ⁸³⁸
1930 5446 2186 5522 picensis
2215 5451 2265 5505 δ.
2344 5444 2415 5479 ³³⁸
2452 5456 2627 5505 unum
2665 5455 2780 5499 non
2812 5442 2861 5497 4.
2895 5452 3010 5497 non
3050 5452 3227 5497 unum
3257 5440 3342 5496 11.
3421 5433 3492 5471 ’ὀ
3518 5433 3687 5494 deest
3707 5438 3762 5493 9.

363 5514 433 5565 επ
463 5517 637 5579 misso
659 5522 713 5577 δ.
