3986 6048
172 159 299 228 687

1051 163 1492 231 CHRONICA.
1532 198 1613 213 --
1638 161 2123 232 CHRONICON
2165 170 2712 240 UNIVERSALE.

3478 168 3605 239 638.
3650 176 3659 185 “

206 301 291 360 H.
322 301 430 375 θη.)
462 299 652 359 Gneus
681 302 875 360 autem
902 303 1237 378 Pompeius,
1275 306 1430 378 quod
1454 306 1597 365 nulli
1627 307 1832 364 Roma-
1862 302 1914 362 A
1949 326 2078 370 cum
2111 310 2245 368 ﬁliis
2278 312 2525 371 includit
2552 314 2608 372 in
2639 314 2884 374 castello
2920 314 3202 389 quodam;
3238 319 3371 376 ante
3399 317 3598 376 tamen

170 406 387 449 norum
419 392 705 448 tributum
735 396 881 464 erat,
915 394 1252 453 vicesimum
1295 403 1567 468 quartum
1619 416 1827 457 annum

172 483 381 539 atatis
402 481 676 550 agens,de
703 482 893 539 Africa
919 485 1280 557 trimphavit.
1309 489 1463 559 Sylla
1487 490 1681 561 itaque
1699 496 1830 563 post

172 569 366 626 multa
394 570 615 639 ﬂagicia
641 570 901 628 dictator
924 578 1159 631 creatus
1181 581 1291 646 est,
1330 583 1394 634 ut
1418 579 1832 638 dominationis

172 662 241 715 et
266 658 643 714 crudelitatis
666 659 847 716 libido
872 662 1099 718 honesti
1121 665 1368 721 nominis
1394 670 1722 725 reverentia
1738 686 1834 727 ve-

173 744 429 803 laretur.
466 747 786 804 Novissime
819 751 1009 806 tamen
1045 756 1336 823 potestate
1358 757 1625 827 privatus
1660 760 1832 815 mori-

172 841 303 907 tur,
332 836 688 907 tandemque
710 839 980 895 conclusa
1014 845 1150 896 sunt
1183 843 1298 900 duo
1331 845 1479 901 bella
1508 848 1831 905 funestissi-

170 939 293 995 ma,
322 925 539 981 sociale
565 926 829 983 ltalicum
856 933 916 985 et
937 929 1107 987 civile
1132 932 1583 1006 Syllanum,quae
1611 952 1710 1009 per
1735 952 1831 994 an-

71 1022 79 1031 '
172 1030 292 1071 nos
323 1014 518 1071 decem
553 1020 878 1088 protracta,
911 1018 1045 1089 plus
1077 1035 1243 1091 quam
1281 1028 1511 1080 centum
1551 1027 1831 1096 quinqua-

168 1104 343 1173 ginta
369 1103 520 1160 milia
543 1105 933 1163 Romanorum
959 1117 1465 1181 consumpserunt.
1495 1113 1705 1186 (Ηιεῐι.)
1732 1117 1832 1173 llis

174 1193 552 1263 temporibus
579 1195 914 1252 Terrcntius
942 1196 1124 1254 Varro
1157 1199 1514 1257 tricesimum
1563 1205 1826 1274 quintum

170 1293 396 1337 annum
429 1282 624 1338 aetatis
655 1298 851 1354 agens,
882 1284 1112 1343 litteras
1134 1302 1355 1346 summo
1380 1291 1574 1347 studio
1599 1292 1823 1349 didicit.

170 1368 409 1438 Cicero,
445 1368 683 1427 defenso
729 1378 933 1429 contra
982 1376 1403 1447 Chrisogonum
1463 1381 1704 1437 Rustico
1735 1381 1822 1451 ³³⁸,

174 1458 447 1513 Athenas
476 1459 652 1528 cedit,
688 1460 895 1517 deinde
928 1469 1063 1534 post
1093 1465 1405 1523 triennium
1457 1470 1692 1526 Romam
1742 1487 1828 1527 rc-

164 1550 547 1616 gressus,26°
579 1549 775 1605 aetatis
804 1565 923 1607 suae
975 1566 1123 1610 anno
1165 1556 1340 1612 etiam
1384 1557 1679 1624 Quintium
1729 1560 1825 1615 de-

1950 406 2215 476 moritur,
2243 421 2411 477 quam
2446 406 2687 475 injurias
2708 408 2956 480 Hyrcani
2980 410 3050 466 ad
3078 409 3311 483 plenum
3343 410 3585 472 ulcices-

1949 500 2075 553 retu
2088 512 2132 551 r.

1996 587 2130 634 Alex.
2192 586 2306 635 Iud.

2016 653 2081 704 15
2262 654 2285 703 1
2404 650 2723 719 Hyrcanus.
2766 650 3078 709 Alexandri
3108 650 3311 708 Iannei
3356 655 3413 708 et
3467 653 3597 711 Ale-

1943 737 2180 795 xandrae
2214 737 2419 796 Salinae
2452 740 2624 809 illius,
2664 743 2789 811 post
2824 742 3046 798 obitum
3078 742 3283 799 matris
3332 745 3595 816 suscepit

1944 841 2184 897 regnum
2215 828 2565 897 Iudaeorum,
2602 844 2631 885 a
2683 833 2869 887 matre
2908 830 3016 887 sibi
3047 831 3454 898 commissum;
3489 834 3593 892 sed

1945 915 2125 972 frater
2156 916 2280 985 ejus
2309 917 2682 975 Aristobolus
2713 919 2842 976 zelo
2878 918 3114 989 ductus,
3150 920 3511 992 impugnavit
3533 926 3596 979 et

1941 1004 2165 1075 expulit
2191 1006 2514 1072 illum.Qua
2540 1008 2904 1065 dissensione
2927 1014 3118 1065 actum
3150 1013 3245 1065 est
3284 1015 3347 1066 ut
3389 1012 3595 1068 Roma-

1942 1093 1998 1149 ni
2051 1095 2328 1152 ductores
2385 1095 2641 1153 Iudaeam
2690 1098 3014 1164 intrarent;
3046 1099 3249 1169 sicque
3299 1104 3591 1157 annuente

1936 1182 2217 1255 Pompeio
2246 1187 2546 1255 Hyrcanus
2575 1187 2965 1259 principatum
2989 1189 3432 1259 recepit.Quem
3457 1203 3589 1246 cum

1944 1286 2045 1343 per
2076 1278 2142 1329 33
2175 1290 2357 1331 annos
2390 1277 2849 1346 administraret,
2885 1278 3131 1335 consilio
3158 1278 3452 1349 Antigoni,
3485 1278 3589 1337 ﬁlii

1942 1361 2141 1420 fratris
2170 1365 2279 1434 sui,
2313 1380 2341 1421 a
2372 1368 2605 1425 Parthis
2655 1374 2863 1439 captus
2894 1372 3005 1438 est,
3036 1372 3092 1424 et
3120 1368 3201 1424 ita
3241 1383 3479 1438 regnum
3527 1372 3587 1426 et

1940 1452 2331 1509 sacerdotium
2364 1456 2694 1513 Iudaeorum
2725 1456 2965 1513 defecit.
3007 1458 3145 1512 Nam
3180 1456 3328 1512 idem
3356 1457 3592 1527 Antigo-

1938 1554 2049 1596 nus
2082 1558 2108 1597 a
2141 1545 2373 1600 Parthis
2407 1546 2792 1616 principatum
2824 1547 3185 1615 accipiens,a
3209 1547 3481 1604 Romanis
3505 1546 3590 1602 in-

171 1634 866 1709 fendit.Quointemp0re
881 1640 1105 1698 Plotius
1125 1643 1323 1701 Gallus
1347 1647 1541 1703 Romae
1568 1649 1819 1705 Latinam
1851 1659 1907 1721 Β
1942 1632 2225 1721 immota?”
2255 1635 2440 1703 θείνει
2466 1635 2831 1707 Ρνίηοίβθιιιε
2854 1636 2924 1693 ad
2958 1635 3314 1707 alienigenas
3332 1633 3587 1693 ινθηείδ·

167 1722 531 1780 rethoricam
572 1726 795 1796 primus
827 1728 1046 1799 docuit,
1074 1730 1239 1800 cujus
1267 1735 1441 1791 etiam
1492 1737 1690 1793 Cicero
1709 1754 1823 1795 me-

163 1812 368 1867 minit.
396 1813 604 1870 Lucius
627 1817 978 1886 Pomponius
1004 1821 1379 1880 Bononiensis
1402 1825 1732 1883 catillarum
1754 1826 1824 1861 ³²⁹

165 1903 438 1974 scriptor
469 1908 605 1961 tunc
633 1906 866 1963 claruit.
902 1909 1204 1968 Lucretius
1232 1913 1405 1969 etiam
1439 1920 1612 1986 poeta
1636 1918 1824 1973 nasci-

161 1993 292 2057 tur,
332 1991 427 2061 qui
460 1994 743 2049 amatorio
776 1997 982 2065 poculo
1014 1997 1224 2055 hausto
1254 2000 1306 2055 in
1339 2003 1648 2060 amentiam
1696 2020 1824 2061 ver-

161 2093 299 2147 sus,
334 2077 562 2149 aliquos
592 2080 778 2138 libros
812 2098 913 2153 per
941 2084 1248 2142 intervalla
1273 2091 1525 2147 vesania)
1560 2093 1818 2164 scripsit,

164 2183 328 2239 quos
352 2168 554 2225 Cicero
579 2175 781 2240 postea
804 2174 1164 2231 emendavit.
1202 2178 1442 2249 Crispus
1472 2196 1704 2252 quoque
1728 2184 1822 2239 Sa-

165 2256 395 2313 lustius
416 2257 939 2331 hystoriographus
963 2264 1252 2321 nascitur.
1290 2267 1564 2337 Virgilius
1588 2272 1740 2327 Maro
1765 2272 1820 2327 in

167 2359 329 2416 pago
360 2344 454 2415 qui
480 2346 672 2403 Andes
692 2348 909 2405 dicitur
927 2351 1065 2407 haut
1094 2355 1345 2423 procula
1372 2357 1599 2413 Mantua
1637 2361 1823 2417 nasci-

160 2438 297 2489 tur.
331 2434 562 2491 Portius
587 2436 727 2491 Cato
751 2437 978 2495 Stoicus
1004 2440 1817 2515 phylosophuscognoscitur.

156 2521 272 2576 llis
309 2524 664 2593 temporibus
703 2525 1096 2596 Apollodorus
1154 2532 1544 2601 Pergamenus
1601 2537 1820 2595 Grecus

157 2613 1028 2683 orator,preceptorCallidiict
1048 2620 1518 2687 Augusti,clarus
1546 2625 1813 2684 habetur.

158 2699 446 2755 Horatius
480 2699 717 2757 Flaccus
751 2701 1024 2759 libertino
1056 2710 1221 2777 patre
1250 2710 1485 2766 Venusii
1530 2715 1813 2786 nascitur,

165 2787 469 2856 satyricus
503 2794 700 2859 postea
732 2795 793 2846 et
822 2791 1041 2861 lyricus
1066 2799 1256 2865 poeta.
1285 2798 1564 2868 Virgilius
1589 2802 1817 2859 Cremo-

166 2889 262 2931 nae
288 2876 503 2931 studiis
532 2878 829 2945 eruditur;
862 2879 1069 2937 dehinc
1098 2889 1326 2956 sumpta
1358 2891 1514 2959 toga,
1549 2890 1817 2947 Mediola-

160 2978 307 3019 num
339 2966 790 3040 transgreditur,
817 2974 877 3025 et
916 2974 1047 3042 post
1080 2972 1257 3029 breve
1303 2980 1532 3049 tempus
1580 2981 1812 3037 Romam
1844 3012 1894 3076 Ο

160 3052 389 3122 pergit.

152 3141 399 3191 Alexand.
442 3143 557 3193 Iud.

274 3209 298 3259 1
453 3210 520 3261 15
632 3206 854 3281 (Πιειι.)
931 3210 1309 3271 Ptholomeus
1371 3216 1651 3290 Phiscon,
1713 3220 1810 3291 qui

155 3290 392 3360 ejectus
425 3294 613 3350 fuerat
641 3310 671 3350 a
704 3304 909 3367 matre,
946 3314 1252 3369 regressus
1284 3305 1354 3360 de
1384 3305 1538 3376 fuga,
1569 3290 1809 3378 regnum

154 3380 409 3451 recepit,
444 3382 711 3451 quoniam
748 3386 1160 3455 Alexandrum,
1182 3392 1276 3461 qui
1309 3407 1377 3449 co
1410 3395 1578 3467 pulso
1608 3412 1811 3467 regna-

152 3468 268 3536 vit,
295 3470 368 3523 ob
392 3470 856 3528 interfectionem
884 3476 1087 3532 matris
1106 3477 1232 3546 ejus
1251 3480 1411 3537 cives
1434 3466 1806 3554 expulerunt.

150 3558 445 3626 Regnavit
467 3563 659 3616 autem
683 3561 773 3617 hic
799 3567 1002 3632 postea
1025 3567 1192 3623 annis
1216 3572 1304 3638 30,
1323 3585 1351 3625 a
1377 3575 1807 3632 restauratione

152 3646 365 3716 templi
396 3661 546 3703 anno
580 3650 1157 3721 quadringentesimo
1193 3657 1486 3715 tricesimo
1530 3663 1732 3718 tercio.

268 3738 291 3787 1
446 3739 513 3791 ‘23
624 3737 1002 3796 Ptholomeus
1065 3742 1369 3815 Dionisius,
1409 3748 1588 3805 frater
1648 3751 1807 3809 Cleo-

148 3825 366 3892 patra,
401 3825 667 3895 regnavit
698 3828 1066 3886 Alexandriae
1115 3832 1282 3889 annis
1315 3839 1400 3905 30,
1437 3850 1467 3891 a
1511 3845 1806 3897 restaura-

150 3910 318 3966 tione
348 3912 549 3985 templi
579 3929 729 3973 anno
750 3920 905 3975 441°.
981 3978 994 3986 ,

262 4003 298 4053 6
481 4008 503 4057 1
625 4004 852 4062 Mortuo
898 4008 1230 4066 Alexandro
1272 4011 1600 4071 Iudaeorum
1648 4017 1801 4088 prin-

144 4085 302 4157 cipe,
329 4103 476 4144 uxor
505 4089 633 4160 ejus
666 4093 1014 4165 Alexandra,
1042 4111 1169 4168 quia
1197 4103 1256 4154 et
1287 4099 1476 4156 Salina
1511 4085 1667 4159 dicta
1687 4111 1795 4177 est,

147 4188 398 4245 regnum
428 4177 759 4236 Iudaeorum
784 4197 890 4253 per
918 4198 1098 4240 annos
1123 4200 1326 4242 novem
1353 4189 1626 4248 obtinuit.
1655 4193 1793 4261 (Ios.

144 4263 239 4320 De
271 4262 303 4319 ὸ
332 4265 436 4331 .J.,
470 4280 506 4334 ι,
540 4268 618 4337 4.)
653 4267 791 4334 Qum
822 4285 950 4326 cum
983 4271 1127 4329 duos
1156 4272 1308 4331 filios
1346 4276 1418 4332 ab
1464 4278 1795 4338 Alexandro

1938 1723 2033 1775 tus
2061 1727 2150 1777 est
2176 1720 2270 1777 33°.

2007 1812 2073 1863 18
2255 1814 2288 1867 4
2397 1811 2542 1867 Anni
2576 1812 2646 1868 ab
2675 1811 2848 1869 inicio
2876 1816 3040 1869 3900.

2004 1900 2073 1953 30
2219 1903 2285 1954 16

2005 1986 2106 2052 (Η.
2142 2003 2218 2045 m.
2255 1993 2311 2043 ct
2336 1991 2414 2046 Η.
2442 1992 2539 2063 R.)
2565 1992 2727 2047 Anno
2751 1991 2821 2047 ab
2835 1991 2993 2060 .Urbc
3018 1990 3254 2048 condita
3278 1989 3587 2061 sexingen-

1934 2074 2139 2131 tesimo
2167 2081 2281 2147 81°,
2313 2078 2410 2146 qui
2443 2083 2534 2134 est
2564 2094 2751 2135 nonus
2791 2079 3115 2136 Ptholomei
3165 2078 3429 2148 Dionisii,
3465 2077 3580 2135 duo

1934 2164 2156 2221 tantum
2189 2168 2388 2235 gravia
2420 2167 2569 2223 bella
2603 2168 2657 2223 in
2692 2168 2938 2238 imperio
2966 2166 3034 2202 ³²ί
3073 2171 3243 2225 erant
3296 2169 3577 2237 Romano,

1933 2252 2441 2322 Metridaticum,et
2461 2256 3052 2313 MacedonicumJImc
3075 2256 3191 2312 duo
3207 2255 3426 2313 Luculli
3450 2269 3585 2324 age-

1934 2340 2309 2407 bant,Lucius
2336 2345 2606 2401 Lucullus
2626 2345 3073 2414 Metridaticum,
3100 2348 3160 2401 et
3187 2343 3577 2401 consobrinus

1931 2431 2057 2499 ejus
2089 2433 2312 2488 Marcus
2362 2433 2633 2489 Lucullus
2662 2433 3112 2490 Macedonicum.
3140 2435 3210 2489 At
3235 2432 3444 2489 Lucius
3473 2433 3583 2488 Lu-

1931 2519 2123 2598 cullus
2155 2528 2563 2590 transgressus
2595 2524 2868 2580 Eufraten
2887 2527 2944 2579 et
2967 2522 3195 2593 Tygrin,
3222 2537 3354 2580 cum
3384 2521 3583 2579 Metri-

1932 2606 2064 2663 date
2093 2624 2449 2674 congressus
2481 2616 2593 2680 est,
2627 2615 2686 2667 et
2715 2627 2843 2668 cum
2884 2626 3061 2683 parva
3118 2626 3355 2668 suorum
3402 2624 3573 2668 manu

1928 2701 2105 2754 30000
2155 2699 2408 2756 hostium
2465 2700 2710 2764 occidit;
2760 2700 3119 2769 Metridates,
3170 2700 3270 2756 vix
3340 2703 3573 2757 centum

1929 2786 2348 2857 quinquaginta
2381 2790 2817 2857 comitantibus,
2857 2789 3105 2859 aufugit,
3129 2788 3457 2846 diademate
3513 2790 3574 2844 et

1925 2875 2130 2945 thyara
2162 2875 2251 2943 3”,
2283 2893 2353 2933 ne
2410 2882 2844 2947 agnosceretur,
2886 2878 3161 2947 abjectis;
3195 2883 3390 2935 castra
3443 2876 3571 2947 ejus

1926 2962 2155 3033 direpta
2185 2970 2356 3030 sunt;
2383 2966 2644 3022 Armenia
2670 2981 2899 3037 quoque
2922 2966 3127 3036 minor,
3162 2981 3331 3036 quam
3357 2966 3569 3022 tenuit.

1925 3051 1976 3106 ei
2005 3052 2199 3108 ablata
2229 3057 2339 3108 est.
2372 3054 2477 3119 Qui
2513 3054 2757 3124 fugiens,
2785 3059 3097 3126 susceptus
3123 3063 3215 3110 est
3239 3069 3268 3109 a
3317 3055 3569 3124 l‘ygraue

1924 3153 2059 3208 rege
2097 3141 2401 3209 Armeniis,
2438 3141 2531 3210 qui
2565 3145 2685 3197 tum
2710 3156 2837 3197 cum
2869 3142 3087 3211 ingenti
3112 3140 3297 3210 gloria
3322 3140 3569 3211 impera-

1924 3226 2045 3289 bat.
2078 3228 2353 3285 Lucullus
2381 3244 2519 3285 vero
2552 3235 2824 3299 repetens
2846 3230 3072 3286 hostem
3099 3228 3563 3299 fugatum,etiam

1920 3314 2195 3383 Tygranis
2224 3316 2521 3385 ingressus
2553 3320 2639 3374 est
2674 3331 2914 3385 regnum
2943 3317 3251 3388 ipsumque
3279 3314 3566 3373 rebellan-

1921 3406 2036 3458 tem
2068 3404 2148 3459 ita
2182 3405 2416 3473 devicit,
2451 3410 2514 3463 ut
2546 3421 2804 3476 magnam
2839 3410 3060 3478 partem
3091 3404 3376 3462 Armeniae
3408 3403 3568 3460 dele-

1919 3491 2089 3547 verit.
2111 3492 2272 3550 Alter
2301 3499 2492 3551 autem
2529 3494 2819 3564 Lucullus,
2852 3495 2947 3565 qui
2980 3494 3367 3551 Macedoniam
3387 3492 3570 3550 admi-

1920 3579 2430 3653 nistrabat,Bessis
2456 3584 2675 3654 primus
2692 3586 3077 3641 Romanorum
3101 3583 3298 3640 intulit
3320 3581 3558 3644 bellum.

1919 3666 2123 3739 hisque
2152 3686 2282 3726 cum
2314 3671 2577 3742 pluribus
2599 3673 2729 3728 aliis
2759 3672 3036 3741 gentibus
3059 3671 3563 3744 superatis,Mace-

1917 3755 2145 3812 doniam
2178 3762 2360 3815 totam
2389 3758 2626 3831 devicit,
2653 3765 2711 3817 et
2742 3760 2933 3817 victor
2959 3759 3151 3817 rediit.
3178 3759 3389 3817 Eodem
3420 3763 3564 3815 tem-

1916 3858 2057 3914 pore
2082 3847 2309 3902 Cretam
2342 3847 2590 3905 insulam
2625 3848 2891 3905 Metellus
2918 3862 3022 3920 per
3049 3847 3343 3904 biennium
3366 3846 3562 3904 debel-

1914 3932 2059 3999 lans,
2097 3933 2150 3988 in
2186 3938 2537 4005 potestatem
2570 3937 2957 3992 Romanorum
3006 3935 3253 4005 redegit,
3279 3934 3559 4006 legesque

1911 4020 2127 4077 Minoas
2161 4022 2429 4078 Romanis
2476 4022 2705 4092 legibus
2738 4022 3123 4094 permutavit;
3157 4022 3307 4079 unde
3338 4025 3399 4077 et
3426 4025 3561 4079 Cre-

1911 4109 2068 4165 ticus
2098 4109 2294 4166 dictus
2326 4115 2417 4165 est
2450 4125 2480 4166 a
2511 4112 2700 4166 Creta.

1982 4196 2104 4263 Quo
2136 4202 2396 4267 tempore
2431 4199 2602 4268 Lybia
2636 4211 2976 4269 quoqueper
3014 4200 3423 4253 testamentum
3449 4198 3560 4268 Ap-

1910 4284 2115 4355 pionis,
2152 4285 2246 4356 qui
2274 4291 2412 4343 tunc
2445 4301 2546 4342 rex
2576 4287 2705 4358 ejus
2727 4286 3147 4356 erat,Romano
3188 4284 3431 4355 imperio
3465 4298 3557 4340 ac-

141 4356 465 4421 generatos
481 4354 1073 4428 haberet.Hyrcanum
1098 4365 1236 4417 natu
1262 4363 1535 4434 majorem
1556 4376 1795 4441 propter
1824 4369 1878 4431 D
1907 4354 2181 4443 eedebat,
2200 4375 2255 4430 in
2286 4391 2395 4446 qua
2431 4354 2647 4433 inclitae
2671 4375 2846 4432 urbes
2862 4354 3033 4430 erant
3069 4354 3353 4444 Beronici,
3381 4372 3558 4430 Ptho-

141 4443 384 4495 zetatem
408 4441 724 4500 declaravit
754 4447 1083 4516 pontiﬁcem
1104 4454 1161 4503 et
1181 4457 1425 4523 pr0pter
1448 4456 1793 4514 modestiam

143 4542 346 4597 regem
380 4535 512 4599 post
535 4547 596 4588 se
623 4536 1236 4605 constituit,minorem
1268 4547 1461 4597 autem
1493 4544 1797 4604 Aristobo-

144 4614 266 4671 lum
297 4618 586 4688 privatum
621 4621 815 4679 vivere
847 4624 1051 4695 voluit,
1087 4627 1221 4697 quia
1254 4629 1623 4690 ferventioris
1665 4643 1791 4693 erat

142 4704 729 4774 ingenii.Alexandra
760 4726 899 4767 vero
931 4712 1065 4768 dum
1097 4729 1339 4785 regnum
1390 4733 1593 4776 novem
1627 4724 1792 4783 annis

143 4792 607 4864 administraret,
635 4800 839 4855 morbo
872 4799 1184 4858 laboravit.
1222 4806 1375 4863 Tunc
1410 4808 1595 4865 minor
1638 4812 1790 4870 ﬁlius

138 4881 273 4951 ejus
305 4881 675 4941 Aristobolus
706 4902 835 4942 cum
860 4889 1048 4945 servis
1077 4890 1220 4960 suis,
1257 4907 1402 4964 quos
1433 4897 1648 4954 multos
1693 4900 1790 4956 ha-

140 4970 322 5025 bebat
352 4984 667 5043 omnesque
703 4989 804 5045 pro
833 4970 1026 5033 aetatis
1060 4979 1288 5037 fervore
1304 4981 1642 5056 ﬁdissimos,
1664 4990 1787 5045 uni-

137 5072 310 5115 versa
335 5060 576 5116 castella
596 5063 1261 5135 obtinuit,etconductis
1287 5072 1518 5130 auxiliis
1541 5078 1781 5147 pecunia

137 5161 311 5217 quam
341 5146 420 5204 ibi
452 5150 691 5221 reperit,
724 5165 920 5222 regem
951 5168 1015 5210 se
1046 5155 1495 5216 declaravit.0b
1525 5146 1649 5221 haec
1681 5166 1785 5222 mi-

1909 4460 2131 4531 lomais,
2166 4466 2403 4535 Cyrene.
2440 4467 2579 4521 Dum
2641 4464 2763 4521 haec
2802 4468 3074 4534 aguntur,
3111 4462 3315 4534 piratae
3341 4460 3411 4496 ³³³
3446 4477 3552 4535 per

1905 4542 2090 4606 omnia
2123 4552 2308 4623 sparsi
2344 4552 2663 4622 maria,non
2694 4551 2882 4610 solum
2915 4552 3146 4609 navium
3188 4555 3550 4608 commeatus

1904 4638 2375 4712 intercipiebant,
2405 4641 2506 4698 sed
2530 4642 2705 4698 etiam
2730 4640 2954 4698 insulas
2986 4640 3434 4714 provinciasque
3454 4655 3553 4697 va-

1902 4729 2157 4783 stabant.
2176 4729 2331 4795 Quos
2356 4730 2545 4787 Gneus
2570 4730 3214 4802 Pompeius,commisso
3236 4729 3348 4785 sibi
3373 4727 3544 4797 bello,

1901 4816 2052 4873 intra
2088 4831 2304 4888 paucos
2334 4833 2564 4874 menses
2593 4817 2814 4889 ingenti
2849 4818 3131 4874 felicitate
3165 4817 3424 4888 miraque
3453 4831 3546 4873 ce-

1898 4903 2135 4960 leritate
2156 4907 2743 4977 compressit.Postea
2760 4920 3071 4963 successor
3090 4903 3308 4961 Luculli
3328 4904 3537 4973 factus,
3568 4922 3575 4929 ί

1897 4992 2259 5049 Metridatem
2294 4994 2727 5065 impugnatione
2751 4992 3040 5064 frequenti
3064 4992 3440 5048 vehementer
3462 4992 3543 5047 af-

1899 5081 2063 5137 flixit.
2094 5083 2173 5139 Eo
2202 5087 2464 5154 tempore
2489 5086 2713 5151 Castor,
2747 5080 3073 5138 Mctridatis
3104 5080 3538 5153 prefectus,qui

1891 5169 2216 5239 Panagorio
2251 5174 2505 5241 prcerat,
2537 5169 2867 5225 interfectis
2909 5167 3111 5225 amicis
3135 5167 3310 5238 regis,
3344 5182 3537 5226 arcem

135 5240 335 5292 serata
366 5238 636 5308 querelas
665 5240 897 5296 Hircani
930 5246 1115 5300 mater
1134 5247 1437 5317 conjugem
1457 5251 1779 5312 Aristoboli
1891 5259 2091 5330 coepit,
2126 5262 2181 5313 et
2219 5238 2468 5329 quatuor
2491 5238 2646 5315 filios
2674 5256 3002 5314 Metridatis
3034 5256 3104 5313 ad
3139 5255 3393 5330 presidia
3429 5257 3542 5314 Ro-

1471 5383 1487 5398 .
1506 5341 1742 5397 VARIE
1780 5346 2075 5403 LECTION
2081 5349 2181 5404 ES.

204 5410 398 5498 "fita
412 5417 775 5498 prooR‘oscio
802 5419 973 5480 codd.
1055 5421 1127 5459 3"
1154 5423 1246 5485 ita
1270 5440 1379 5498 pro
1417 5429 1828 5493 attellanarum
1859 5434 2009 5497 codd
2078 5435 2149 5471 33°
2185 5434 2423 5492 transiit
2447 5439 2497 5495 5.

133 5486 217 5541 9°.
256 5482 328 5520 ³⁸³
357 5482 549 5559 ρδῖιιριὶ
582 5493 639 5548 ti.

2576 5432 2643 5468 ³³³
2673 5404 2842 5497 erant
2892 5438 3022 5498 ini.
3064 5443 3113 5499 5.
3191 5437 3260 5474 ³³²
3302 5437 3541 5515 cythera
