3986 6048
174 264 297 325 641

1066 255 1503 319 CHRONICA.
1544 290 1611 297 -—
1650 250 2131 315 CHRONICON
2174 252 2728 316 UNIVERSALE.

3483 259 3604 322 642

174 403 326 455 ctus
355 400 463 454 est.
502 397 742 451 Decreta
773 398 865 450 est
896 392 948 448 ei
981 391 1160 447 Gallia
1182 388 1554 460 Transalpina
1575 391 1634 443 et
1658 385 1833 441 Cisal-
1864 387 1918 444 A
1948 386 2174 451 urebat,
2198 402 2427 446 aurum,
2455 390 2534 444 E0
2558 402 2835 445 successu
2861 389 3057 445 Parthi
3081 390 3356 448 clamores
3387 374 3582 451 effecti

180 488 331 559 pina
352 492 411 543 et
433 485 723 556 lllyricum
747 498 878 541 cum
902 470 1227 551 legionibus
1250 480 1415 535 denis
1438 479 1493 531 in
1517 477 1835 547 quinquen-

180 577 354 632 nium
382 574 561 640 datis;
597 573 835 628 Galliam
868 575 1151 627 conlatam
1177 571 1377 639 postea
1414 570 1653 621 senatus
1686 564 1839 632 adje-

182 666 297 720 cit.
327 666 519 720 Caesar
536 663 736 732 itaque
759 661 813 715 in
831 659 1069 714 Galliam
1084 657 1404 728 profectus,
1426 654 1602 710 multa
1636 652 1838 724 prmlia

182 767 331 808 cum
364 750 544 806 Gallis
577 749 993 817 Germanisque
1023 745 1333 813 commisit,
1370 756 1624 814 sepequc
1649 742 1841 796 victus

187 841 515 911 sepiusque
543 838 805 907 vincens,
838 834 1077 891 Galliam
1112 837 1293 890 totam
1328 838 1387 887 ct
1419 834 1657 895 Suevos,
1709 843 1845 895 gen-

190 934 318 984 tcm
346 927 780 993 ferocissimam,
803 930 1047 995 quorum
1071 930 1302 978 centum
1330 936 1511 992 pagos
1530 935 1662 976 esse
1679 918 1844 973 multi

194 1017 610 1089 prodiderunt,
647 1026 990 1081 omnemque
1023 1009 1378 1065 Germaniam
1409 1010 1663 1063 Romano
1715 1006 1850 1062 sub-

193 1105 358 1162 didit.
390 1103 654 1175 imperio.
688 1101 918 1158 Domuit
953 1106 1147 1155 autem
1179 1113 1383 1154 novem
1414 1097 1579 1153 annis
1623 1109 1848 1151 omnem

195 1196 328 1250 fere
357 1192 615 1259 Galliam,‘
652 1206 778 1261 qua)
802 1190 954 1245 inter
979 1189 1152 1259 Alpes
1173 1192 1230 1243 et
1256 1189 1463 1243 flumen
1511 1186 1849 1241 Rhodanum

197 1282 585 1351 Rhenumque
616 1278 685 1312 ³⁸³
709 1285 769 1335 et
799 1292 1077 1333 oceanum
1106 1283 1197 1332 est
1227 1280 1285 1331 ct
1303 1275 1553 1331 circuitu
1591 1278 1751 1344 patet
1781 1273 1853 1328 ab

196 1371 298 1427 his
344 1370 543 1426 tricies
588 1373 831 1425 centena
886 1366 1038 1422 milia
1084 1380 1376 1437 passuum.
1413 1364 1547 1418 Inde
1579 1363 1650 1418 ad
1694 1361 1855 1417 Mari-

198 1474 316 1516 nos
362 1457 431 1491 ³⁶³
477 1458 654 1525 venit,
709 1456 860 1512 unde
913 1455 967 1509 in
1017 1454 1369 1509 Brithaniam
1428 1452 1495 1484 3“
1551 1451 1853 1521 proximus

200 1553 267 1604 et
298 1547 680 1604 brevissimus
713 1544 1002 1600 transitus
1052 1551 1164 1612 est,
1196 1541 1604 1610 Britanniaque
1638 1540 1852 1595 bellum

202 1636 432 1705 intulit,
468 1636 681 1705 quibus
728 1638 860 1689 ante
892 1647 961 1687 ne
1013 1646 1217 1687 nomen
1256 1630 1487 1700 quidem
1535 1631 1850 1684 Romanum

1951 475 2237 529 transsire
2272 476 2325 529 in
2359 478 2578 546 Syriam
2608 481 2983 533 censuerunt.
3019 477 3254 547 (Jos.De
3284 480 3333 536 b.
3365 482 3422 537 J.
3448 497 3485 552 ι,
3520 484 3599 555 6.)

1954 560 2109 626 Quos
2142 569 2376 620 strenue
2407 566 2635 621 insidiis
2665 567 2899 637 excepit
2932 568 3165 624 Cassius
3193 572 3249 623 et
3274 572 3597 628 commissae

1954 650 2064 705 sibi
2098 653 2413 722 provincia:
2449 655 2659 725 repulit
2705 656 2952 715 finibus:
2989 657 3196 712 deinde
3250 658 3301 712 in
3342 659 3599 716 Iudaeam

1956 739 2145 808 irruit,
2180 748 2238 796 et
2268 743 2600 801 Tharieheis
2648 745 2876 815 deletis,
2931 749 3107 801 30000
3151 747 3485 804 Iudaeorum
3547 749 3603 804 in

1958 830 2303 886 servitutem
2336 833 2615 888 vendidit.

2032 919 2338 989 Antipater
2360 923 2572 991 autem,
2602 923 2671 978 de
2697 938 2810 993 quo
2835 938 3009 995 supra
3032 924 3150 980 dixi
3168 926 3603 998 quodllyrcano

1961 1006 2204 1077 faveret,
2240 1010 2465 1080 accepit
2490 1026 2723 1066 uxorem
2750 1012 2841 1067 cui
2868 1027 3073 1067 nomen
3101 1014 3325 1084 Cypris,
3352 1014 3611 1085 Splendi-

1962 1095 2205 1151 dissimo
2240 1102 2393 1152 inter
2427 1100 2652 1154 Arabiae
2699 1098 2767 1131 ³⁸³
2801 1101 3041 1156 feminas
3094 1101 3219 1156 loco
3268 1106 3482 1173 natam,
3535 1118 3608 1160 ex

1966 1198 2075 1253 qua
2108 1186 2368 1256 suscepit
2403 1187 2550 1243 filios
2582 1193 2851 1258 quatuor,
2881 1189 3163 1259 Faselum,
3191 1191 3496 1261 Herodem,
3518 1194 3611 1248 Jo-

1967 1275 2232 1352 sephuin,
2272 1276 2561 1346 Fcroram,
2593 1281 2647 1331 et
2702 1277 2875 1352 ﬁliam
2928 1278 3156 1334 nomine
3203 1278 3447 1335 Salome.
3498 1280 3605 1345 Qui

1968 1376 2096 1417 cum
2130 1350 2354 1417 Gabinii
2390 1365 2643 1421 favorem
2695 1350 3030 1422 muneribus
3081 1372 3256 1438 atque
3306 1369 3611 1440 obsequiis

1968 1452 2412 1522 promeruisset,
2444 1454 2617 1508 etiam
2652 1455 2831 1510 Cassii
2868 1456 3319 1512 familiaritatem
3360 1458 3609 1529 adeptus

1969 1544 2078 1594 est.
2130 1541 2313 1596 Causa
2346 1543 2559 1612 quippe
2592 1546 2882 1599 tantorum
2926 1545 3173 1601 filiorum
3214 1548 3300 1601 vir
3335 1548 3607 1617 egregius

1969 1632 2059 1682 est
2101 1630 2289 1685 factus
2319 1630 2389 1684 ad
2423 1633 2864 1701 promerendam
2898 1634 3236 1690 muneribus
3271 1636 3608 1693 societatem

204 1727 507 1796 cognitum
540 1724 667 1781 fuit.
702 1724 784 1779 Ibi
818 1723 1022 1779 acerba
1057 1721 1304 1792 primum
1339 1733 1525 1790 pugna
1574 1718 1851 1787 fatigatus
1885 1741 1936 1798 Β
1971 1718 2312 1787 potentium.
2351 1720 2443 1773 Sic
2472 1722 2860 1791 Josephusde
2890 1736 2957 1777 eo
2993 1726 3271 1789 testatur;
3308 1724 3614 1781 Africanus

206 1831 326 1871 non
344 1814 468 1870 sine
492 1828 699 1882 magno
723 1827 958 1868 suorum
983 1809 1317 1866 discrimine
1346 1808 1573 1863 tandem
1596 1822 1698 1863 eos
1712 1806 1850 1863 vicit

207 1918 364 1961 anno
390 1907 520 1957 ante
557 1901 908 1957 Dominicam
940 1899 1418 1965 incarnationem,
1453 1901 1514 1952 ut
1538 1896 1686 1951 Beda
1713 1896 1856 1951 scri-

210 1992 324 2060 bit,
361 1990 535 2061 quinq
584 1990 838 2059 agesimo
874 1987 948 2055 (h.
978 2002 1023 2043 e.
1054 1990 1114 2041 A.
1141 1993 1188 2041 1.
1216 1986 1321 2055 2.).
1358 1988 1510 2041 Hanc
1551 1985 1854 2040 historiam

210 2079 530 2135 Suetonius
561 2077 930 2147 Tranquillus
959 2075 1241 2146 explicuit
1288 2074 1640 2145 planissime.

287 2170 448 2223 Anno
481 2168 552 2222 ab
583 2167 735 2222 Urbe
787 2164 1021 2221 condita
1071 2167 1195 2229 697,
1246 2163 1342 2233 qui
1396 2167 1485 2218 est
1537 2160 1856 2216 Ptholomei

210 2255 456 2313 Dionisii
506 2260 653 2323 2:593,
704 2255 930 2309 Marcus
980 2252 1230 2307 Licinius
1299 2253 1565 2317 Crassus,
1636 2249 1859 2317 collega

215 2346 357 2401 Gnei
375 2344 624 2415 Pompeii
644 2343 822 2412 Magni
841 2343 894 2397 in
909 2342 1214 2397 consulatu
1232 2341 1490 2397 secundo
1506 2338 1860 2411 provinciam

214 2435 467 2492 sortitus
496 2434 550 2488 in
579 2432 845 2501 Parthos,
898 2432 1067 2487 homo
1110 2430 1477 2501 inexplebilis
1499 2427 1858 2498 cupiditatis,

216 2523 417 2580 audita
447 2522 646 2592 templi
677 2521 746 2553 ³⁶⁵
776 2520 1269 2576 llierosolimitani
1320 2517 1638 2588 opulentia,
1693 2530 1860 2585 quam

217 2612 531 2683 Pompeius
555 2612 829 2666 intactam
856 2608 1194 2679 reliquerat,
1221 2607 1276 2661 in
1300 2605 1652 2662 Palestinam
1678 2604 1865 2658 diver-

220 2704 316 2770 tit,
346 2698 780 2756 Hierosolimam
813 2698 954 2766 adit,
989 2694 1266 2767 templum
1301 2694 1586 2765 pervadit,
1615 2707 1758 2761 opes
1783 2691 1865 2746 di-

219 2789 381 2861 ripit.
416 2789 553 2843 Inde
585 2803 685 2859 per
718 2782 1445 2856 Mesopotamiainteudeus
1468 2782 1523 2837 in
1545 2780 1859 2850 Parthiam,

218 2890 586 2948 quacumque
617 2876 730 2932 iter
758 2874 981 2943 habuit,
1036 2872 1212 2929 sociis
1262 2872 1600 2927 civitatibus
1648 2867 1862 2925 auxilia

217 2966 452 3034 indixit,
486 2963 684 3036 preeia
712 2963 944 3032 exegit;
980 2975 1228 3031 moxque
1252 2965 1310 3017 ut
1337 2957 1865 3016 Eufratentransiit

216 3054 461 3123 Bajasen
496 3053 750 3123 legatum
784 3052 855 3107 ab
888 3049 1115 3105 Horode
1142 3048 1209 3081 ³⁸³
1242 3063 1375 3117 rege
1407 3049 1751 3103 Parthorum
1793 3044 1864 3100 ad

216 3158 283 3200 se
317 3144 558 3198 missum
587 3142 810 3197 obviam
838 3140 1061 3208 habuit,
1087 3154 1115 3193 a
1142 3153 1256 3208 quo
1274 3139 1649 3193 vehementer
1682 3135 1866 3190 incre-

214 3235 395 3304 patus
425 3235 519 3286 est
560 3244 666 3286 cur
714 3232 922 3284 contra
966 3226 1151 3282 foedus
1200 3224 1423 3280 Luculli
1475 3227 1534 3279 ct
1585 3222 1859 3293 Pompeii,

214 3319 473 3376 avaricia
504 3318 796 3385 inductus,
836 3317 1108 3371 Eufraten
1146 3314 1445 3370 transierit
1488 3312 1865 3383 quamobrem

218 3410 483 3465 futurqu
540 3407 665 3463 sine
717 3421 874 3462 mora
922 3409 983 3462 ut
1040 3419 1141 3475 pro
1191 3418 1333 3460 auro
1386 3403 1657 3460 Parthico
1710 3404 1865 3458 ferro

218 3502 570 3554 oneraretur
600 3494 794 3551 Serico
825 3494 910 3548 3‘7.
949 3495 1148 3563 Itaque
1200 3508 1328 3548 cum
1383 3506 1561 3562 prope
1621 3491 1869 3546 Charras

221 3588 463 3643 ventum
493 3589 674 3653 esset,
710 3582 905 3638 Parthi
933 3581 1130 3637 subito
1155 3581 1448 3635 irruentes
1478 3595 1607 3635 cum
1650 3580 1868 3634 Surena

222 3679 288 3730 et
320 3672 555 3729 Salacca
588 3672 883 3743 profectis,
917 3670 1263 3741 obpresserc
1297 3670 1584 3722 Romanos
1618 3667 1865 3736 sagittis,

228 3760 673 3817 Cecideruntibi
701 3758 1270 3830 plurimisenalores,
1300 3757 1518 3826 αἲξ-μιοι
1543 3755 1717 3811 etiam
1739 3770 1872 3811 con-

226 3849 458 3906 sulares
483 3855 540 3904 ct
578 3845 966 3918 pretoriiviri.
1004 3846 1249 3900 Crassus
1283 3858 1511 3914 quoque
1544 3844 1695 3899 illius
1711 3845 1873 3899 Cras-

226 3939 303 4007 si,
336 3937 732 3994 electissimus
755 3934 1003 4006 juvenis,
1040 3934 1094 3988 in
1127 3934 1250 3989 acie
1282 3933 1513 3989 occisus
1545 3938 1666 3998 est;
1711 3937 1872 4004 pretc

224 4042 332 4084 rea
360 4032 614 4098 quatuor
648 4026 925 4081 cohortes
954 4040 1083 4080 cum
1112 4022 1485 4092 Wargunteio
1517 4023 1710 4091 legato
1760 4036 1875 4077 me-

227 4116 345 4173 diis
377 4114 754 4186 deprehensa:
778 4112 1019 4183 campis,
1058 4112 1381 4166 interfectae
1411 4118 1563 4166 sunt.
1601 4112 1870 4180 Surenas,

226 4210 400 4278 rapto
422 4204 710 4274 equitatu,
738 4204 1011 4256 Crassum
1030 4199 1299 4271 persequi
1332 4197 1602 4267 intendit,
1627 4212 1874 4269 cumque
1902 4206 1907 4211 ’

224 4295 710 4361 circumventum,
749 4305 813 4347 ac
844 4289 1061 4345 frustra
1094 4288 1450 4358 colloquium
1499 4287 1625 4356 ejus
1676 4295 1876 4359 peten-

225 4390 370 4454 tem,
407 4380 723 4450 interfecit,
767 4378 1030 4450 quamvis
1062 4378 1253 4433 vivum
1280 4379 1509 4433 auferre
1541 4376 1873 4445 maluisset;

1970 1820 2107 1861 vero
2139 1807 2647 1879 bistoriographus
2698 1811 3011 1881 prccipuus
3061 1811 3239 1881 (1303.,
3279 1811 3439 1868 Hist.
3472 1814 3608 1869 θεοί.

1970 1909 2007 1963 i,
2042 1897 2092 1963 4)
2131 1914 2142 1948 :
2177 1914 2205 1945 ‹‹
2243 1896 2433 1965 Aiunt,
2471 1898 2677 1968 inquit,
2713 1899 2807 1968 qui
2844 1900 2915 1953 de
2933 1916 3002 1954 eo
3021 1899 3331 1969 diligenter
3353 1901 3613 1971 explora-

1970 1989 2124 2053 runt,
2163 1986 2529 2056 Antipatrum
2567 1987 2850 2057 quendam
2884 1992 3109 2058 patrem
3145 1988 3325 2045 fuisse
3368 1989 3613 2046 Herodis

1972 2071 2342 2133 Ascalonita).
2378 2075 2473 2144 qui
2522 2081 2579 2129 et
2628 2076 2751 2146 ipse
2802 2077 2969 2131 fuerit
3015 2077 3261 2133 Herodis
3310 2078 3609 2146 cujusdam

1972 2158 2143 2230 filius,
2168 2162 2369 2232 templi
2399 2163 2680 2233 Apollinis
2703 2165 2904 2220 cditui.
2931 2166 3031 2219 llic
3057 2166 3362 2237 Antipater
3382 2169 3453 2222 ab
3485 2167 3614 2224 ldu-

1973 2248 2115 2304 meis
2150 2250 2477 2307 latronibus
2508 2257 2716 2323 captus
2744 2254 3050 2309 admodum
3086 2268 3247 2324 puer,
3291 2256 3616 2325 permansit

1974 2350 2102 2392 cum
2138 2339 2514 2410 predonibus,
2542 2356 2647 2411 pro
2670 2356 2738 2396 eo
2763 2342 2915 2411 quod
2937 2347 3102 2412 pater
3118 2342 3244 2411 ejus
3268 2342 3350 2396 rei
3376 2342 3616 2398 familia-

1975 2425 2057 2480 ris
2090 2426 2278 2497 inopia
2314 2427 2490 2484 filium
2518 2430 2802 2485 redimere
2826 2445 2935 2484 non
2963 2436 3183 2501 posset.
3222 2431 3431 2485 Verum
3468 2445 3613 2502 puer

1975 2513 2266 2570 latronum
2284 2517 2397 2571 vita
2415 2522 2474 2572 et
2492 2519 2749 2574 moribus
2765 2518 3090 2588 institutus,
3110 2521 3371 2589 Hyrcano
3385 2520 3612 2576 cuidam

1972 2603 2304 2659 Iudaeorum
2341 2607 2599 2676 pontifici
2637 2607 2933 2663 familiaris
2964 2608 3230 2664 efﬁcitur.
3267 2609 3349 2663 Ex
3381 2622 3495 2679 quo
3517 2622 3615 2663 na-

1978 2694 2071 2746 tus
2099 2697 2190 2746 est
2222 2695 2499 2765 Herodes,
2538 2696 2629 2752 hic
2659 2695 2727 2728 ³⁴⁹
2759 2696 2853 2766 qui
2887 2696 3208 2753 Salvatoris
3246 2697 3616 2769 temporibus

1979 2777 2103 2849 fuit,
2142 2783 2331 2853 »ληίδα
2365 2784 2688 2841 Africanus.

2052 2868 2150 2937 (H.
2180 2886 2255 2927 φη.
2292 2878 2346 2928 et
2379 2874 2456 2928 H.
2493 2876 2590 2945 R.)
2641 2876 2802 2931 Anno
2834 2876 2905 2930 ab
2931 2876 3087 2931 Urbe
3117 2875 3349 2931 condita
3399 2875 3620 2947 septin-

1977 2962 2319 3033 gentesimo,
2358 2961 2453 3030 qui
2494 2966 2584 3017 est
2614 2962 2935 3018 Ptholomei
2966 2964 3207 3019 Dionisii
3247 2968 3394 3034 28‘",
3431 2964 3615 3020 incer-

1979 3057 2101 3108 tum
2135 3051 2285 3107 unde
2314 3055 2626 3107 concretus
2655 3051 2958 3122 plurimam
2990 3053 3159 3108 Urbis
3193 3059 3416 3124 partem
3463 3052 3612 3121 ignis

1978 3141 2220 3207 invasit;
2255 3154 2359 3196 nec
2394 3156 2662 3210 umquam
2698 3145 2866 3196 antea
2914 3144 3078 3197 tanto
3128 3141 3395 3197 incendio
3426 3155 3621 3197 corre-

1979 3235 2134 3302 ptam
2163 3233 2219 3284 et
2255 3232 2539 3284 vastatam
2572 3229 2867 3286 civitatem
2900 3231 3111 3287 ferunt.
3156 3233 3293 3286 Nam
3342 3233 3620 3300 quatuor-

1979 3319 2165 3375 decim
2197 3318 2352 3374 vicos
2384 3319 2511 3388 ejus
2539 3323 2896 3389 consunptos
2927 3319 3301 3375 dicunt.Hinc
3332 3319 3450 3389 jam
3501 3318 3620 3376 bel-

1981 3408 2096 3464 lum
2120 3408 2290 3464 civile
2331 3408 2616 3464 successit
2668 3409 3056 3464 execrandum
3108 3424 3175 3464 ac
3221 3408 3615 3479 lamentabile,

1983 3497 2135 3567 quod
2170 3496 2350 3565 magis
2374 3497 2489 3565 jam
2523 3496 2738 3552 dudum
2768 3496 3237 3554 dissensionibus
3268 3513 3335 3554 ac
3369 3497 3617 3564 molitio-

1984 3586 2152 3640 nibus
2178 3586 2511 3655 parabatur,
2541 3600 2653 3655 quo
2680 3585 3404 3656 prctercalamitatesquze
3426 3586 3483 3641 in
3501 3585 3621 3641 bel-

1984 3673 2055 3729 lis
2077 3674 2437 3743 aceidcrunt,
2463 3674 2639 3728 etiam
2665 3674 2890 3730 fortuna
2916 3674 3113 3746 populi
3132 3675 3369 3730 Romani
3399 3679 3617 3730 mutata

1985 3767 2095 3818 est.
2131 3764 2266 3817 Nam
2300 3763 2530 3819 rediens
2559 3764 2751 3819 Caesar
2781 3764 2968 3820 victor
3008 3779 3080 3819 ex
3130 3764 3332 3835 Gallia,
3382 3763 3619 3820 decerni

1988 3851 2097 3905 sibi
2131 3852 2356 3906 absenti
2393 3852 2600 3907 iterum
2634 3853 2996 3908 consulatum
3031 3853 3453 3924 poposcit;sed
3485 3867 3625 3909 con-

1987 3938 2304 3993 tradiclum
2328 3945 2420 3994 est
2442 3940 2493 3993 ei
2518 3955 2546 3994 a
2574 3940 2843 3995 Marcello
2863 3940 3126 4010 consule,
3144 3942 3621 3996 annitentePom-

1988 4027 2115 4097 peio
2146 4032 2202 4082 et
2238 4028 2454 4082 Catone
2483 4026 2570 4095 35°,
2598 4015 2913 4098 jussusque
2944 4035 3034 4084 est
3065 4030 3255 4084 Caesar
3287 4029 3539 4084 dimissis
3560 4028 3629 4062 3“

1986 4114 2346 4170 exercitibus
2380 4116 2613 4169 Romam
2637 4115 2833 4169 venire
2860 4132 2873 4180 ;
2898 4120 2954 4169 et
2978 4130 3049 4169 ex
3083 4114 3336 4171 Marcelli
3368 4115 3629 4172 consulis

1989 4203 2341 4260 auctoritate
2376 4203 2445 4258 ad
2479 4202 2736 4271 legiones
2770 4218 2895 4273 quae
2926 4203 3079 4275 apud
3126 4204 3421 4260 Luceriam
3456 4208 3624 4260 erant

1990 4294 2183 4347 Gneus
2215 4293 2523 4363 Pompeius
2553 4307 2681 4347 cum
2716 4291 2957 4362 imperio
2989 4294 3200 4348 missus
3232 4297 3345 4349 est.
3377 4293 3629 4364 Propter

1992 4396 2159 4452 quam
2193 4380 2459 4450 injuriam
2493 4382 2686 4435 Caesar
2715 4394 2777 4435 se
2805 4380 3056 4436 contulit
3089 4382 3438 4438 Ravennam.
3489 4383 3632 4438 Mar-

126 4533 135 4539 ,
228 4451 402 4545 pauci
420 4471 703 4527 beneficio
721 4467 1178 4537 uoctisliberati,
1214 4466 1460 4522 Charras
1488 4466 1874 4537 confugerunt
1907 4451 1958 4509 D
1991 4451 2096 4527 cus
2120 4469 2472 4526 Antoniuset
2498 4468 2739 4526 Publius
2760 4470 3015 4541 Cassius,
3036 4471 3257 4527 tribuni
3292 4471 3499 4543 plebis,
3523 4487 3629 4543 pro

231 4562 343 4634 (Cf.
376 4561 547 4618 Onos.
583 4574 655 4629 v1,
692 4564 775 4614 13.
808 4589 879 4598 -
920 4557 1001 4612 Cf.
1051 4559 1214 4611 Jonn.
1266 4556 1405 4611 Der.
1467 4555 1562 4627 3.).
1612 4555 1877 4612 Avaricia

230 4652 387 4709 enim
412 4651 584 4707 unius
606 4649 677 4704 ad
700 4654 925 4705 tantum
950 4648 1113 4702 nefas
1132 4644 1407 4707 exolevit.
1432 4650 1495 4702 ut
1522 4650 1587 4700 1'2
1617 4645 1878 4716 legiones

231 4739 626 4797 Romanorum
656 4743 755 4794 aut
792 4740 999 4806 captae,
1038 4734 1236 4805 paucis
1286 4733 1522 4804 elapsis,
1576 4738 1675 4791 aut
1716 4750 1880 4791 czesze

233 4844 368 4885 cum
398 4828 644 4884 ducibus
674 4827 940 4883 fuissent.
979 4825 1164 4895 Caput
1195 4837 1332 4880 vero
1366 4824 1557 4879 Crassi
1588 4840 1717 4881 cum
1744 4825 1882 4880 dex-

231 4923 363 4975 tera
389 4918 459 4974 ad
484 4931 677 4986 regem
702 4915 976 4984 delatum,
1001 4912 1516 4984 Spectantibusfuit
1539 4912 1873 4969 ludibrium.

231 5007 361 5061 Rex
392 5006 587 5076 itaque
622 5019 823 5061 aurum
866 5003 921 5057 in
970 5002 1090 5058 oris
1138 5000 1264 5071 ejus
1316 5001 1524 5056 rictum
1572 5002 1750 5072 jussit
1800 5001 1882 5057 in-

233 5094 501 5165 fundere,
526 5092 758 5151 dicens:
790 5091 935 5150 Uret
956 5091 1009 5149 te
1030 5090 1406 5160 Parthicum,
1426 5090 1585 5162 quod
1605 5092 1659 5148 te
1680 5091 1880 5148 vivum

1995 4560 2216 4616 Caesare
2240 4558 2690 4629 intercedentes,
2719 4572 2748 4613 a
2775 4559 3016 4616 Lentulo
3034 4560 3278 4617 consule
3298 4562 3461 4618 curia
3484 4562 3633 4618 foro-

1994 4662 2103 4718 que
2138 4647 2433 4719 prohibiti,
2472 4647 2541 4702 ad
2572 4649 2852 4704 Caesarem
2888 4650 3133 4720 profecti
3181 4656 3333 4721 sunt,
3383 4652 3632 4707 Curione

1993 4736 2163 4792 simul
2188 4736 2476 4807 Caelioque
2498 4737 2929 4794 comitantibus.
2959 4739 3151 4795 Caesar
3174 4754 3303 4795 cum
3340 4738 3627 4794 militibus

1996 4841 2143 4897 quos
2177 4826 2426 4881 habebat
2457 4832 2659 4882 contra
2694 4827 2938 4898 patriam
2985 4827 3162 4895 venit,
3212 4832 3268 4882 et
3330 4827 3629 4883 Rubicone

1995 4915 2227 4970 ﬂumine
2258 4920 2635 4987 transmeato,
2671 4930 2803 4971 mox
2854 4920 2915 4971 ut
2965 4915 3284 4970 Ariminum
3337 4914 3406 4947 ³⁸³
3452 4915 3630 4987 venit,

1996 5004 2250 5074 quinque
2270 5005 2544 5061 cohortes
2569 5020 2712 5075 quas
2732 5007 2872 5060 tunc
2891 5003 3047 5060 solas
3061 5003 3333 5068 habebat,
3354 5016 3486 5058 cum
3513 5004 3636 5074 qui-

1995 5092 2121 5163 bus,
2176 5097 2236 5150 ut
2288 5091 2483 5150 Livius
2529 5093 2610 5149 ait
2657 5093 2857 5150 orbem
2904 5096 3199 5148 teararum
3248 5089 3495 5150 adortus
3541 5098 3638 5150 est

1603 5279 1839 5336 VARUE
1880 5250 2282 5341 LEGTIONES.

300 5422 372 5458 ³⁸³
410 5433 730 5495 renumque
770 5423 820 5477 4.
862 5424 1075 5495 90.10,
1119 5433 1344 5495 semper
1392 5420 1534 5495 fere
1604 5420 1689 5495 “f3,
1728 5426 1988 5484 morinos
2036 5428 2085 5483 4.
2132 5423 2381 5495 marinas
2434 5423 2659 5495 10,11.

228 5494 300 5531 3“
328 5493 548 5564 herode
579 5488 748 5564 (9°.
793 5496 876 5548 10.
923 5488 1022 5564 ﬁ"
1061 5488 1255 5564 syrico
1280 5494 1359 5547 9°.
1393 5488 1546 5552 corr.
1591 5493 1771 5555 sirico
1795 5499 1893 5558 vel
1934 5498 2123 5558 serico
2167 5502 2217 5555 δ.

231 5566 302 5602 ³⁸⁸
361 5563 595 5625 nonnisi
653 5563 708 5622 d.
765 5567 841 5623 9ο.
919 5561 988 5598 ³⁸³
1037 5561 1378 5622 ar'riminum
1421 5569 1470 5623 δ.

2739 5420 2808 5455 ³⁸⁸
2855 5418 2949 5479 ita
2988 5417 3153 5479 codd.
3230 5420 3300 5455 ³⁸⁸
3356 5420 3521 5480 deest
3562 5424 3648 5479 9°.

2298 5491 2367 5527 ³⁸⁸
2425 5490 2658 5551 arabias
2707 5496 2788 5551 9°.
2832 5489 2900 5526 ⁸⁸⁸
2946 5490 2998 5551 is
3040 5496 3118 5551 9°.
3194 5492 3265 5529 "°
3302 5496 3540 5552 cattone
3572 5496 3647 5554 ⁸δ.
