  <div class='ocr_page' id='page_1' title='image "/cluster/home/n/w/nwhite01/storage/ocr_20150623/154/hvd.32044054760129/327.png"; bbox 0 0 3992 6054; ppageno 0'>
   <div class='ocr_carea' id='block_1_1' title="bbox 394 333 515 403">
    <p class='ocr_par' dir='ltr' id='par_1_1' title="bbox 394 333 515 403">
     <span class='ocr_line' id='line_1_1' title="bbox 394 333 515 403; baseline -0.017 0"><span class='ocrx_word' id='word_1_1' title='bbox 394 333 515 403; x_wconf 76' lang='grc'><strong>643</strong></span> 
     </span>
    </p>
   </div>
   <div class='ocr_carea' id='block_1_2' title="bbox 1558 314 2645 384">
    <p class='ocr_par' dir='ltr' id='par_1_2' title="bbox 1558 314 2645 384">
     <span class='ocr_line' id='line_1_2' title="bbox 1558 314 2645 384; baseline -0.002 -1"><span class='ocrx_word' id='word_1_2' title='bbox 1558 318 2041 384; x_wconf 83' lang='lat' dir='ltr'><strong>EKKEHARDI</strong></span> <span class='ocrx_word' id='word_1_3' title='bbox 2084 314 2645 382; x_wconf 83' lang='lat' dir='ltr'><strong>URAUGIENSIS</strong></span> 
     </span>
    </p>
   </div>
   <div class='ocr_carea' id='block_1_3' title="bbox 3686 308 3806 376">
    <p class='ocr_par' dir='ltr' id='par_1_3' title="bbox 3686 308 3806 376">
     <span class='ocr_line' id='line_1_3' title="bbox 3686 308 3806 376; baseline 0 0"><span class='ocrx_word' id='word_1_4' title='bbox 3686 308 3806 376; x_wconf 76' lang='grc'>644</span> 
     </span>
    </p>
   </div>
   <div class='ocr_carea' id='block_1_4' title="bbox 397 438 3807 528">
    <p class='ocr_par' dir='ltr' id='par_1_4' title="bbox 397 438 3807 528">
     <span class='ocr_line' id='line_1_4' title="bbox 397 438 3807 528; baseline -0.006 -17"><span class='ocrx_word' id='word_1_5' title='bbox 397 454 536 528; x_wconf 91' lang='lat' dir='ltr'><strong>quid</strong></span> <span class='ocrx_word' id='word_1_6' title='bbox 568 451 723 507; x_wconf 88' lang='lat' dir='ltr'><strong>facto</strong></span> <span class='ocrx_word' id='word_1_7' title='bbox 756 460 903 519; x_wconf 92' lang='lat' dir='ltr'><strong>opus</strong></span> <span class='ocrx_word' id='word_1_8' title='bbox 930 447 1107 513; x_wconf 82' lang='lat' dir='ltr'><strong>esset,</strong></span> <span class='ocrx_word' id='word_1_9' title='bbox 1143 438 1400 509; x_wconf 85' lang='lat' dir='ltr'><strong>edocuit,</strong></span> <span class='ocrx_word' id='word_1_10' title='bbox 1450 440 1764 511; x_wconf 78' lang='lat' dir='ltr'><strong>deplorans</strong></span> <span class='ocrx_word' id='word_1_11' title='bbox 1800 438 2041 509; x_wconf 82' lang='lat' dir='ltr'><strong>injurias</strong></span> <span class='ocrx_word' id='word_1_12' title='bbox 2074 443 2123 498; x_wconf 79' lang='grc' dir='ltr'>Α</span> <span class='ocrx_word' id='word_1_13' title='bbox 2159 468 2269 524; x_wconf 76' lang='lat' dir='ltr'><strong>que</strong></span> <span class='ocrx_word' id='word_1_14' title='bbox 2299 453 2526 525; x_wconf 58' lang='lat' dir='ltr'><strong>direpta</strong></span> <span class='ocrx_word' id='word_1_15' title='bbox 2561 457 2718 510; x_wconf 66' lang='lat' dir='ltr'><strong>sum,</strong></span> <span class='ocrx_word' id='word_1_16' title='bbox 2754 454 2906 510; x_wconf 41' lang='lat' dir='ltr'><strong>Cassa</strong></span> <span class='ocrx_word' id='word_1_17' title='bbox 2940 456 3073 510; x_wconf 72' lang='lat' dir='ltr'><strong>sum</strong></span> <span class='ocrx_word' id='word_1_18' title='bbox 3098 448 3154 507; x_wconf 73' lang='lat' dir='ltr'><strong>in</strong></span> <span class='ocrx_word' id='word_1_19' title='bbox 3177 466 3248 507; x_wconf 69' lang='lat' dir='ltr'><strong>eo</strong></span> <span class='ocrx_word' id='word_1_20' title='bbox 3282 448 3482 523; x_wconf 58' lang='grc' dir='ltr'><strong>ριιωιίο</strong></span> <span class='ocrx_word' id='word_1_21' title='bbox 3504 448 3807 522; x_wconf 68' lang='lat' dir='ltr'><strong>pompeia-</strong></span> 
     </span>
    </p>
   </div>
   <div class='ocr_carea' id='block_1_5' title="bbox 394 529 2041 611">
    <p class='ocr_par' dir='ltr' id='par_1_5' title="bbox 394 529 2041 611">
     <span class='ocr_line' id='line_1_5' title="bbox 394 529 2041 611; baseline -0.011 -10"><span class='ocrx_word' id='word_1_22' title='bbox 394 556 556 611; x_wconf 88' lang='lat' dir='ltr'><strong>suas,</strong></span> <span class='ocrx_word' id='word_1_23' title='bbox 573 552 806 597; x_wconf 86' lang='lat' dir='ltr'><strong>causam</strong></span> <span class='ocrx_word' id='word_1_24' title='bbox 829 535 967 591; x_wconf 88' lang='lat' dir='ltr'><strong>belli</strong></span> <span class='ocrx_word' id='word_1_25' title='bbox 984 532 1174 591; x_wconf 90' lang='lat' dir='ltr'><strong>civilis</strong></span> <span class='ocrx_word' id='word_1_26' title='bbox 1189 548 1293 602; x_wconf 93' lang='lat' dir='ltr'><strong>pro</strong></span> <span class='ocrx_word' id='word_1_27' title='bbox 1311 529 1759 586; x_wconf 86' lang='lat' dir='ltr'><strong>restituendisin</strong></span> <span class='ocrx_word' id='word_1_28' title='bbox 1793 529 2041 599; x_wconf 86' lang='lat' dir='ltr'><strong>patriam</strong></span> 
     </span>
    </p>
   </div>
   <div class='ocr_carea' id='block_1_6' title="bbox 394 617 2045 687">
    <p class='ocr_par' dir='ltr' id='par_1_6' title="bbox 394 617 2045 687">
     <span class='ocr_line' id='line_1_6' title="bbox 394 617 2045 687; baseline -0.01 1"><span class='ocrx_word' id='word_1_29' title='bbox 394 628 648 687; x_wconf 76' lang='lat' dir='ltr'><strong>tribunis</strong></span> <span class='ocrx_word' id='word_1_30' title='bbox 676 638 805 683; x_wconf 88' lang='lat' dir='ltr'><strong>esse</strong></span> <span class='ocrx_word' id='word_1_31' title='bbox 836 626 1096 679; x_wconf 91' lang='lat' dir='ltr'><strong>testatus</strong></span> <span class='ocrx_word' id='word_1_32' title='bbox 1123 625 1234 676; x_wconf 89' lang='lat' dir='ltr'><strong>est.</strong></span> <span class='ocrx_word' id='word_1_33' title='bbox 1269 618 1405 673; x_wconf 84' lang='lat' dir='ltr'><strong>Inde</strong></span> <span class='ocrx_word' id='word_1_34' title='bbox 1456 632 1561 687; x_wconf 85' lang='lat' dir='ltr'><strong>per</strong></span> <span class='ocrx_word' id='word_1_35' title='bbox 1604 617 1912 672; x_wconf 86' lang='lat' dir='ltr'><strong>Antonium</strong></span> <span class='ocrx_word' id='word_1_36' title='bbox 1955 631 2045 672; x_wconf 90' lang='lat' dir='ltr'><strong>se-</strong></span> 
     </span>
    </p>
   </div>
   <div class='ocr_carea' id='block_1_7' title="bbox 397 705 2039 791">
    <p class='ocr_par' dir='ltr' id='par_1_7' title="bbox 397 705 2039 791">
     <span class='ocr_line' id='line_1_7' title="bbox 397 705 2039 791; baseline -0.009 -16"><span class='ocrx_word' id='word_1_37' title='bbox 397 724 553 791; x_wconf 88' lang='lat' dir='ltr'><strong>ptem</strong></span> <span class='ocrx_word' id='word_1_38' title='bbox 576 716 850 773; x_wconf 87' lang='lat' dir='ltr'><strong>cohortes</strong></span> <span class='ocrx_word' id='word_1_39' title='bbox 874 727 1000 782; x_wconf 66' lang='lat' dir='ltr'><strong>quae</strong></span> <span class='ocrx_word' id='word_1_40' title='bbox 1024 710 1177 780; x_wconf 88' lang='lat' dir='ltr'><strong>apud</strong></span> <span class='ocrx_word' id='word_1_41' title='bbox 1197 708 1523 764; x_wconf 84' lang='lat' dir='ltr'><strong>Sulmonem</strong></span> <span class='ocrx_word' id='word_1_42' title='bbox 1546 705 1614 738; x_wconf 78' lang='grc'><strong>³⁵³</strong></span> <span class='ocrx_word' id='word_1_43' title='bbox 1640 708 2039 776; x_wconf 72' lang='lat' dir='ltr'><strong>morabantur,</strong></span> 
     </span>
    </p>
   </div>
   <div class='ocr_carea' id='block_1_8' title="bbox 399 792 2041 871">
    <p class='ocr_par' dir='ltr' id='par_1_8' title="bbox 399 792 2041 871">
     <span class='ocr_line' id='line_1_8' title="bbox 399 792 2041 871; baseline -0.01 -6"><span class='ocrx_word' id='word_1_44' title='bbox 399 825 429 865; x_wconf 90' lang='lat' dir='ltr'><strong>a</strong></span> <span class='ocrx_word' id='word_1_45' title='bbox 452 806 722 864; x_wconf 87' lang='lat' dir='ltr'><strong>Lucretio</strong></span> <span class='ocrx_word' id='word_1_46' title='bbox 746 801 991 871; x_wconf 90' lang='lat' dir='ltr'><strong>accepit,</strong></span> <span class='ocrx_word' id='word_1_47' title='bbox 1022 804 1141 853; x_wconf 89' lang='lat' dir='ltr'><strong>tres</strong></span> <span class='ocrx_word' id='word_1_48' title='bbox 1166 797 1443 866; x_wconf 64' lang='lat' dir='ltr'><strong>legiones,</strong></span> <span class='ocrx_word' id='word_1_49' title='bbox 1472 810 1600 865; x_wconf 69' lang='lat' dir='ltr'><strong>quze</strong></span> <span class='ocrx_word' id='word_1_50' title='bbox 1624 810 1752 849; x_wconf 89' lang='lat' dir='ltr'><strong>cum</strong></span> <span class='ocrx_word' id='word_1_51' title='bbox 1783 792 2041 849; x_wconf 90' lang='lat' dir='ltr'><strong>Domicio</strong></span> 
     </span>
    </p>
   </div>
   <div class='ocr_carea' id='block_1_9' title="bbox 396 885 2043 968">
    <p class='ocr_par' dir='ltr' id='par_1_9' title="bbox 396 885 2043 968">
     <span class='ocr_line' id='line_1_9' title="bbox 396 885 2043 968; baseline -0.011 -14"><span class='ocrx_word' id='word_1_52' title='bbox 396 895 550 968; x_wconf 85' lang='lat' dir='ltr'><strong>apud</strong></span> <span class='ocrx_word' id='word_1_53' title='bbox 582 890 949 949; x_wconf 80' lang='lat' dir='ltr'><strong>Cornificium</strong></span> <span class='ocrx_word' id='word_1_54' title='bbox 967 887 1363 953; x_wconf 71' lang='lat' dir='ltr'><strong>morabantur,</strong></span> <span class='ocrx_word' id='word_1_55' title='bbox 1386 885 1452 939; x_wconf 85' lang='lat' dir='ltr'><strong>ad</strong></span> <span class='ocrx_word' id='word_1_56' title='bbox 1472 898 1609 939; x_wconf 89' lang='lat' dir='ltr'><strong>suas</strong></span> <span class='ocrx_word' id='word_1_57' title='bbox 1635 887 1831 953; x_wconf 90' lang='lat' dir='ltr'><strong>partes</strong></span> <span class='ocrx_word' id='word_1_58' title='bbox 1855 886 2043 937; x_wconf 86' lang='lat' dir='ltr'><strong>trans-</strong></span> 
     </span>
    </p>
   </div>
   <div class='ocr_carea' id='block_1_10' title="bbox 397 971 2041 1043">
    <p class='ocr_par' dir='ltr' id='par_1_10' title="bbox 397 971 2041 1043">
     <span class='ocr_line' id='line_1_10' title="bbox 397 971 2041 1043; baseline -0.01 -1"><span class='ocrx_word' id='word_1_59' title='bbox 397 984 574 1043; x_wconf 84' lang='lat' dir='ltr'><strong>misit.</strong></span> <span class='ocrx_word' id='word_1_60' title='bbox 611 978 894 1037; x_wconf 87' lang='lat' dir='ltr'><strong>Consules</strong></span> <span class='ocrx_word' id='word_1_61' title='bbox 924 992 1063 1032; x_wconf 90' lang='lat' dir='ltr'><strong>vero</strong></span> <span class='ocrx_word' id='word_1_62' title='bbox 1090 990 1219 1031; x_wconf 92' lang='lat' dir='ltr'><strong>cum</strong></span> <span class='ocrx_word' id='word_1_63' title='bbox 1256 974 1410 1028; x_wconf 86' lang='lat' dir='ltr'><strong>Gneo</strong></span> <span class='ocrx_word' id='word_1_64' title='bbox 1458 971 1748 1042; x_wconf 87' lang='lat' dir='ltr'><strong>Pompeio,</strong></span> <span class='ocrx_word' id='word_1_65' title='bbox 1801 975 2041 1025; x_wconf 88' lang='lat' dir='ltr'><strong>senatus</strong></span> 
     </span>
    </p>
   </div>
   <div class='ocr_carea' id='block_1_11' title="bbox 395 1060 2041 1140">
    <p class='ocr_par' dir='ltr' id='par_1_11' title="bbox 395 1060 2041 1140">
     <span class='ocr_line' id='line_1_11' title="bbox 395 1060 2041 1140; baseline -0.011 -9"><span class='ocrx_word' id='word_1_66' title='bbox 395 1072 584 1132; x_wconf 91' lang='lat' dir='ltr'><strong>omnis</strong></span> <span class='ocrx_word' id='word_1_67' title='bbox 611 1074 787 1140; x_wconf 88' lang='lat' dir='ltr'><strong>atque</strong></span> <span class='ocrx_word' id='word_1_68' title='bbox 819 1066 1087 1123; x_wconf 88' lang='lat' dir='ltr'><strong>universa</strong></span> <span class='ocrx_word' id='word_1_69' title='bbox 1121 1063 1399 1120; x_wconf 81' lang='lat' dir='ltr'><strong>nobilitas</strong></span> <span class='ocrx_word' id='word_1_70' title='bbox 1430 1076 1499 1116; x_wconf 88' lang='lat' dir='ltr'><strong>ex</strong></span> <span class='ocrx_word' id='word_1_71' title='bbox 1532 1062 1684 1116; x_wconf 84' lang='lat' dir='ltr'><strong>Urbe</strong></span> <span class='ocrx_word' id='word_1_72' title='bbox 1718 1060 1944 1127; x_wconf 80' lang='lat' dir='ltr'><strong>fugiens</strong></span> <span class='ocrx_word' id='word_1_73' title='bbox 1982 1063 2041 1114; x_wconf 91' lang='lat' dir='ltr'><strong>et</strong></span> 
     </span>
    </p>
   </div>
   <div class='ocr_carea' id='block_1_12' title="bbox 396 1146 2041 1223">
    <p class='ocr_par' dir='ltr' id='par_1_12' title="bbox 396 1146 2041 1223">
     <span class='ocr_line' id='line_1_12' title="bbox 396 1146 2041 1223; baseline -0.01 -4"><span class='ocrx_word' id='word_1_74' title='bbox 396 1164 451 1219; x_wconf 89' lang='lat' dir='ltr'><strong>in</strong></span> <span class='ocrx_word' id='word_1_75' title='bbox 502 1159 761 1217; x_wconf 87' lang='lat' dir='ltr'><strong>Greciam</strong></span> <span class='ocrx_word' id='word_1_76' title='bbox 812 1155 1123 1222; x_wconf 90' lang='lat' dir='ltr'><strong>transiens,</strong></span> <span class='ocrx_word' id='word_1_77' title='bbox 1181 1152 1333 1223; x_wconf 90' lang='lat' dir='ltr'><strong>apud</strong></span> <span class='ocrx_word' id='word_1_78' title='bbox 1381 1148 1759 1220; x_wconf 83' lang='lat' dir='ltr'><strong>Dyrrachium</strong></span> <span class='ocrx_word' id='word_1_79' title='bbox 1827 1146 2041 1203; x_wconf 90' lang='lat' dir='ltr'><strong>bellum</strong></span> 
     </span>
    </p>
   </div>
   <div class='ocr_carea' id='block_1_13' title="bbox 395 1236 2043 1313">
    <p class='ocr_par' dir='ltr' id='par_1_13' title="bbox 395 1236 2043 1313">
     <span class='ocr_line' id='line_1_13' title="bbox 395 1236 2043 1313; baseline -0.012 -5"><span class='ocrx_word' id='word_1_80' title='bbox 395 1255 602 1309; x_wconf 89' lang='lat' dir='ltr'><strong>contra</strong></span> <span class='ocrx_word' id='word_1_81' title='bbox 639 1248 923 1303; x_wconf 76' lang='lat' dir='ltr'><strong>Caesarem</strong></span> <span class='ocrx_word' id='word_1_82' title='bbox 954 1242 1259 1313; x_wconf 89' lang='lat' dir='ltr'><strong>parabant,</strong></span> <span class='ocrx_word' id='word_1_83' title='bbox 1292 1254 1406 1309; x_wconf 91' lang='lat' dir='ltr'><strong>quo</strong></span> <span class='ocrx_word' id='word_1_84' title='bbox 1447 1236 1610 1293; x_wconf 88' lang='lat' dir='ltr'><strong>multi</strong></span> <span class='ocrx_word' id='word_1_85' title='bbox 1662 1236 1906 1291; x_wconf 89' lang='lat' dir='ltr'><strong>orientis</strong></span> <span class='ocrx_word' id='word_1_86' title='bbox 1955 1250 2043 1291; x_wconf 89' lang='lat' dir='ltr'><strong>re-</strong></span> 
     </span>
    </p>
   </div>
   <div class='ocr_carea' id='block_1_14' title="bbox 392 1327 2039 1410">
    <p class='ocr_par' dir='ltr' id='par_1_14' title="bbox 392 1327 2039 1410">
     <span class='ocr_line' id='line_1_14' title="bbox 392 1327 2039 1410; baseline -0.007 -18"><span class='ocrx_word' id='word_1_87' title='bbox 392 1354 499 1410; x_wconf 81' lang='lat' dir='ltr'><strong>ges</strong></span> <span class='ocrx_word' id='word_1_88' title='bbox 524 1338 593 1372; x_wconf 83' lang='grc'><strong>⁸⁸⁴</strong></span> <span class='ocrx_word' id='word_1_89' title='bbox 624 1350 754 1394; x_wconf 90' lang='lat' dir='ltr'><strong>cum</strong></span> <span class='ocrx_word' id='word_1_90' title='bbox 787 1332 1021 1390; x_wconf 81' lang='lat' dir='ltr'><strong>auxiliis</strong></span> <span class='ocrx_word' id='word_1_91' title='bbox 1070 1327 1513 1386; x_wconf 86' lang='lat' dir='ltr'><strong>conveniebant.</strong></span> <span class='ocrx_word' id='word_1_92' title='bbox 1560 1328 1752 1382; x_wconf 63' lang='lat' dir='ltr'><strong>Caesar</strong></span> <span class='ocrx_word' id='word_1_93' title='bbox 1800 1339 2039 1381; x_wconf 87' lang='lat' dir='ltr'><strong>vacuam</strong></span> 
     </span>
    </p>
   </div>
   <div class='ocr_carea' id='block_1_15' title="bbox 391 1415 2040 1495">
    <p class='ocr_par' dir='ltr' id='par_1_15' title="bbox 391 1415 2040 1495">
     <span class='ocr_line' id='line_1_15' title="bbox 391 1415 2040 1495; baseline -0.01 -7"><span class='ocrx_word' id='word_1_94' title='bbox 391 1430 607 1487; x_wconf 85' lang='lat' dir='ltr'><strong>Urbem</strong></span> <span class='ocrx_word' id='word_1_95' title='bbox 639 1427 964 1495; x_wconf 89' lang='lat' dir='ltr'><strong>ingressus,</strong></span> <span class='ocrx_word' id='word_1_96' title='bbox 999 1420 1346 1476; x_wconf 89' lang='lat' dir='ltr'><strong>dictatorem</strong></span> <span class='ocrx_word' id='word_1_97' title='bbox 1372 1431 1434 1471; x_wconf 91' lang='lat' dir='ltr'><strong>se</strong></span> <span class='ocrx_word' id='word_1_98' title='bbox 1461 1415 1616 1485; x_wconf 89' lang='lat' dir='ltr'><strong>fecit,</strong></span> <span class='ocrx_word' id='word_1_99' title='bbox 1656 1419 2040 1484; x_wconf 86' lang='lat' dir='ltr'><strong>negatamque</strong></span> 
     </span>
    </p>
   </div>
   <div class='ocr_carea' id='block_1_16' title="bbox 392 1503 2038 1581">
    <p class='ocr_par' dir='ltr' id='par_1_16' title="bbox 392 1503 2038 1581">
     <span class='ocr_line' id='line_1_16' title="bbox 392 1503 2038 1581; baseline -0.012 -5"><span class='ocrx_word' id='word_1_100' title='bbox 392 1517 510 1576; x_wconf 86' lang='lat' dir='ltr'><strong>sibi</strong></span> <span class='ocrx_word' id='word_1_101' title='bbox 542 1533 615 1573; x_wconf 85' lang='lat' dir='ltr'><strong>ex</strong></span> <span class='ocrx_word' id='word_1_102' title='bbox 661 1513 871 1571; x_wconf 79' lang='lat' dir='ltr'><strong>aerario</strong></span> <span class='ocrx_word' id='word_1_103' title='bbox 920 1509 1223 1581; x_wconf 87' lang='lat' dir='ltr'><strong>pecuniam</strong></span> <span class='ocrx_word' id='word_1_104' title='bbox 1278 1506 1479 1561; x_wconf 85' lang='lat' dir='ltr'><strong>fractis</strong></span> <span class='ocrx_word' id='word_1_105' title='bbox 1531 1504 1753 1559; x_wconf 87' lang='lat' dir='ltr'><strong>foribus</strong></span> <span class='ocrx_word' id='word_1_106' title='bbox 1808 1503 2038 1571; x_wconf 86' lang='lat' dir='ltr'><strong>invasit,</strong></span> 
     </span>
    </p>
   </div>
   <div class='ocr_carea' id='block_1_17' title="bbox 395 1592 2042 1682">
    <p class='ocr_par' dir='ltr' id='par_1_17' title="bbox 395 1592 2042 1682">
     <span class='ocr_line' id='line_1_17' title="bbox 395 1592 2042 1682; baseline -0.011 -17"><span class='ocrx_word' id='word_1_107' title='bbox 395 1606 729 1682; x_wconf 84' lang='lat' dir='ltr'><strong>protulitex</strong></span> <span class='ocrx_word' id='word_1_108' title='bbox 750 1617 818 1658; x_wconf 93' lang='lat' dir='ltr'><strong>eo</strong></span> <span class='ocrx_word' id='word_1_109' title='bbox 841 1598 966 1655; x_wconf 87' lang='lat' dir='ltr'><strong>auri</strong></span> <span class='ocrx_word' id='word_1_110' title='bbox 992 1598 1183 1669; x_wconf 90' lang='lat' dir='ltr'><strong>pondo</strong></span> <span class='ocrx_word' id='word_1_111' title='bbox 1206 1599 1362 1666; x_wconf 76' lang='grc'><strong>4135,</strong></span> <span class='ocrx_word' id='word_1_112' title='bbox 1389 1593 1612 1663; x_wconf 83' lang='lat' dir='ltr'><strong>argenti</strong></span> <span class='ocrx_word' id='word_1_113' title='bbox 1636 1592 1826 1682; x_wconf 89' lang='lat' dir='ltr'><strong>pondo</strong></span> <span class='ocrx_word' id='word_1_114' title='bbox 1861 1606 2042 1682; x_wconf 89' lang='lat' dir='ltr'><strong>prope</strong></span> 
     </span>
    </p>
   </div>
   <div class='ocr_carea' id='block_1_18' title="bbox 392 1680 2040 1766">
    <p class='ocr_par' dir='ltr' id='par_1_18' title="bbox 392 1680 2040 1766">
     <span class='ocr_line' id='line_1_18' title="bbox 392 1680 2040 1766; baseline -0.013 -12"><span class='ocrx_word' id='word_1_115' title='bbox 392 1680 691 1766; x_wconf 79' lang='lat' dir='ltr'><strong>nongenta</strong></span> <span class='ocrx_word' id='word_1_116' title='bbox 724 1689 898 1747; x_wconf 88' lang='lat' dir='ltr'><strong>milia.</strong></span> <span class='ocrx_word' id='word_1_117' title='bbox 932 1687 1069 1743; x_wconf 90' lang='lat' dir='ltr'><strong>Inde</strong></span> <span class='ocrx_word' id='word_1_118' title='bbox 1098 1685 1257 1741; x_wconf 85' lang='lat' dir='ltr'><strong>venit</strong></span> <span class='ocrx_word' id='word_1_119' title='bbox 1278 1682 1607 1749; x_wconf 89' lang='lat' dir='ltr'><strong>Massiliam,</strong></span> <span class='ocrx_word' id='word_1_120' title='bbox 1634 1680 1704 1736; x_wconf 90' lang='lat' dir='ltr'><strong>ad</strong></span> <span class='ocrx_word' id='word_1_121' title='bbox 1729 1695 1898 1751; x_wconf 90' lang='lat' dir='ltr'><strong>quam</strong></span> <span class='ocrx_word' id='word_1_122' title='bbox 1940 1681 2040 1735; x_wconf 92' lang='lat' dir='ltr'><strong>ob-</strong></span> 
     </span>
    </p>
   </div>
   <div class='ocr_carea' id='block_1_19' title="bbox 394 1768 2121 1860">
    <p class='ocr_par' dir='ltr' id='par_1_19' title="bbox 394 1768 2121 1860">
     <span class='ocr_line' id='line_1_19' title="bbox 394 1768 2121 1860; baseline -0.013 -17"><span class='ocrx_word' id='word_1_123' title='bbox 394 1783 761 1858; x_wconf 88' lang='lat' dir='ltr'><strong>pugnandam</strong></span> <span class='ocrx_word' id='word_1_124' title='bbox 784 1776 1129 1834; x_wconf 89' lang='lat' dir='ltr'><strong>Trebonium</strong></span> <span class='ocrx_word' id='word_1_125' title='bbox 1149 1789 1277 1830; x_wconf 92' lang='lat' dir='ltr'><strong>cum</strong></span> <span class='ocrx_word' id='word_1_126' title='bbox 1301 1773 1494 1827; x_wconf 93' lang='lat' dir='ltr'><strong>tribus</strong></span> <span class='ocrx_word' id='word_1_127' title='bbox 1519 1770 1843 1860; x_wconf 81' lang='lat' dir='ltr'><strong>legionibus</strong></span> <span class='ocrx_word' id='word_1_128' title='bbox 1868 1768 2040 1860; x_wconf 88' lang='lat' dir='ltr'><strong>relin-</strong></span> <span class='ocrx_word' id='word_1_129' title='bbox 2068 1800 2121 1860; x_wconf 78' lang='grc' dir='ltr'>Β</span> 
     </span>
    </p>
   </div>
   <div class='ocr_carea' id='block_1_20' title="bbox 393 1859 2039 1945">
    <p class='ocr_par' dir='ltr' id='par_1_20' title="bbox 393 1859 2039 1945">
     <span class='ocr_line' id='line_1_20' title="bbox 393 1859 2039 1945; baseline -0.012 -14"><span class='ocrx_word' id='word_1_130' title='bbox 393 1886 601 1945; x_wconf 87' lang='lat' dir='ltr'><strong>quens,</strong></span> <span class='ocrx_word' id='word_1_131' title='bbox 634 1870 705 1926; x_wconf 92' lang='lat' dir='ltr'><strong>ad</strong></span> <span class='ocrx_word' id='word_1_132' title='bbox 737 1864 1046 1937; x_wconf 87' lang='lat' dir='ltr'><strong>llispanias</strong></span> <span class='ocrx_word' id='word_1_133' title='bbox 1068 1860 1393 1929; x_wconf 86' lang='lat' dir='ltr'><strong>contendit,</strong></span> <span class='ocrx_word' id='word_1_134' title='bbox 1435 1873 1578 1929; x_wconf 90' lang='lat' dir='ltr'><strong>quas</strong></span> <span class='ocrx_word' id='word_1_135' title='bbox 1621 1859 1827 1915; x_wconf 88' lang='lat' dir='ltr'><strong>Lucius</strong></span> <span class='ocrx_word' id='word_1_136' title='bbox 1879 1859 2039 1913; x_wconf 85' lang='lat' dir='ltr'><strong>Afra-</strong></span> 
     </span>
    </p>
   </div>
   <div class='ocr_carea' id='block_1_21' title="bbox 394 1946 2036 2019">
    <p class='ocr_par' dir='ltr' id='par_1_21' title="bbox 394 1946 2036 2019">
     <span class='ocr_line' id='line_1_21' title="bbox 394 1946 2036 2019; baseline -0.011 0"><span class='ocrx_word' id='word_1_137' title='bbox 394 1963 528 2019; x_wconf 88' lang='lat' dir='ltr'><strong>nius</strong></span> <span class='ocrx_word' id='word_1_138' title='bbox 550 1964 608 2016; x_wconf 91' lang='lat' dir='ltr'><strong>et</strong></span> <span class='ocrx_word' id='word_1_139' title='bbox 633 1960 857 2014; x_wconf 85' lang='lat' dir='ltr'><strong>Marcus</strong></span> <span class='ocrx_word' id='word_1_140' title='bbox 878 1952 1146 2009; x_wconf 90' lang='lat' dir='ltr'><strong>Petreius</strong></span> <span class='ocrx_word' id='word_1_141' title='bbox 1159 1954 1214 2005; x_wconf 93' lang='lat' dir='ltr'><strong>et</strong></span> <span class='ocrx_word' id='word_1_142' title='bbox 1235 1951 1459 2004; x_wconf 84' lang='lat' dir='ltr'><strong>Marcus</strong></span> <span class='ocrx_word' id='word_1_143' title='bbox 1483 1949 1685 2017; x_wconf 88' lang='lat' dir='ltr'><strong>Varro,</strong></span> <span class='ocrx_word' id='word_1_144' title='bbox 1702 1946 2036 2017; x_wconf 91' lang='lat' dir='ltr'><strong>Pompeiani</strong></span> 
     </span>
    </p>
   </div>
   <div class='ocr_carea' id='block_1_22' title="bbox 397 2034 2036 2117">
    <p class='ocr_par' dir='ltr' id='par_1_22' title="bbox 397 2034 2036 2117">
     <span class='ocr_line' id='line_1_22' title="bbox 397 2034 2036 2117; baseline -0.011 -10"><span class='ocrx_word' id='word_1_145' title='bbox 397 2050 600 2115; x_wconf 89' lang='lat' dir='ltr'><strong>duces,</strong></span> <span class='ocrx_word' id='word_1_146' title='bbox 634 2044 998 2117; x_wconf 91' lang='lat' dir='ltr'><strong>optinebant,</strong></span> <span class='ocrx_word' id='word_1_147' title='bbox 1030 2039 1226 2107; x_wconf 89' lang='lat' dir='ltr'><strong>ibique</strong></span> <span class='ocrx_word' id='word_1_148' title='bbox 1267 2036 1469 2092; x_wconf 90' lang='lat' dir='ltr'><strong>multis</strong></span> <span class='ocrx_word' id='word_1_149' title='bbox 1495 2034 1709 2107; x_wconf 80' lang='lat' dir='ltr'><strong>praeliis</strong></span> <span class='ocrx_word' id='word_1_150' title='bbox 1747 2034 2036 2089; x_wconf 84' lang='lat' dir='ltr'><strong>Petreium</strong></span> 
     </span>
    </p>
   </div>
   <div class='ocr_carea' id='block_1_23' title="bbox 395 2121 2034 2201">
    <p class='ocr_par' dir='ltr' id='par_1_23' title="bbox 395 2121 2034 2201">
     <span class='ocr_line' id='line_1_23' title="bbox 395 2121 2034 2201; baseline -0.012 -6"><span class='ocrx_word' id='word_1_151' title='bbox 395 2144 457 2196; x_wconf 87' lang='lat' dir='ltr'><strong>et</strong></span> <span class='ocrx_word' id='word_1_152' title='bbox 479 2134 774 2192; x_wconf 77' lang='lat' dir='ltr'><strong>Afranium</strong></span> <span class='ocrx_word' id='word_1_153' title='bbox 797 2130 1126 2201; x_wconf 91' lang='lat' dir='ltr'><strong>superatos,</strong></span> <span class='ocrx_word' id='word_1_154' title='bbox 1148 2124 1465 2195; x_wconf 88' lang='lat' dir='ltr'><strong>composita</strong></span> <span class='ocrx_word' id='word_1_155' title='bbox 1485 2123 1771 2194; x_wconf 84' lang='lat' dir='ltr'><strong>pactione,</strong></span> <span class='ocrx_word' id='word_1_156' title='bbox 1790 2121 2034 2193; x_wconf 88' lang='lat' dir='ltr'><strong>dimisit,</strong></span> 
     </span>
    </p>
   </div>
   <div class='ocr_carea' id='block_1_24' title="bbox 397 2209 2036 2288">
    <p class='ocr_par' dir='ltr' id='par_1_24' title="bbox 397 2209 2036 2288">
     <span class='ocr_line' id='line_1_24' title="bbox 397 2209 2036 2288; baseline -0.01 -8"><span class='ocrx_word' id='word_1_157' title='bbox 397 2220 773 2288; x_wconf 87' lang='lat' dir='ltr'><strong>inulteriore,</strong></span> <span class='ocrx_word' id='word_1_158' title='bbox 814 2231 953 2273; x_wconf 88' lang='lat' dir='ltr'><strong>vero</strong></span> <span class='ocrx_word' id='word_1_159' title='bbox 996 2212 1271 2283; x_wconf 88' lang='lat' dir='ltr'><strong>llispania</strong></span> <span class='ocrx_word' id='word_1_160' title='bbox 1311 2212 1455 2266; x_wconf 81' lang='lat' dir='ltr'><strong>duas</strong></span> <span class='ocrx_word' id='word_1_161' title='bbox 1493 2209 1751 2279; x_wconf 84' lang='lat' dir='ltr'><strong>legiones</strong></span> <span class='ocrx_word' id='word_1_162' title='bbox 1782 2224 1811 2265; x_wconf 91' lang='lat' dir='ltr'><strong>a</strong></span> <span class='ocrx_word' id='word_1_163' title='bbox 1847 2210 2036 2266; x_wconf 84' lang='lat' dir='ltr'><strong>Marco</strong></span> 
     </span>
    </p>
   </div>
   <div class='ocr_carea' id='block_1_25' title="bbox 397 2297 2039 2376">
    <p class='ocr_par' dir='ltr' id='par_1_25' title="bbox 397 2297 2039 2376">
     <span class='ocr_line' id='line_1_25' title="bbox 397 2297 2039 2376; baseline -0.01 -8"><span class='ocrx_word' id='word_1_164' title='bbox 397 2312 655 2368; x_wconf 87' lang='lat' dir='ltr'><strong>Varrone</strong></span> <span class='ocrx_word' id='word_1_165' title='bbox 684 2305 967 2376; x_wconf 89' lang='lat' dir='ltr'><strong>suscepit.</strong></span> <span class='ocrx_word' id='word_1_166' title='bbox 1000 2301 1279 2357; x_wconf 88' lang='lat' dir='ltr'><strong>Similiter</strong></span> <span class='ocrx_word' id='word_1_167' title='bbox 1299 2303 1357 2355; x_wconf 89' lang='lat' dir='ltr'><strong>et</strong></span> <span class='ocrx_word' id='word_1_168' title='bbox 1382 2301 1559 2355; x_wconf 90' lang='lat' dir='ltr'><strong>duces</strong></span> <span class='ocrx_word' id='word_1_169' title='bbox 1582 2298 1708 2367; x_wconf 89' lang='lat' dir='ltr'><strong>ejus</strong></span> <span class='ocrx_word' id='word_1_170' title='bbox 1742 2297 1914 2354; x_wconf 91' lang='lat' dir='ltr'><strong>Curio</strong></span> <span class='ocrx_word' id='word_1_171' title='bbox 1938 2300 2039 2353; x_wconf 87' lang='lat' dir='ltr'><strong>Ca-</strong></span> 
     </span>
    </p>
   </div>
   <div class='ocr_carea' id='block_1_26' title="bbox 396 2386 2033 2463">
    <p class='ocr_par' dir='ltr' id='par_1_26' title="bbox 396 2386 2033 2463">
     <span class='ocr_line' id='line_1_26' title="bbox 396 2386 2033 2463; baseline -0.008 -8"><span class='ocrx_word' id='word_1_172' title='bbox 396 2405 595 2455; x_wconf 86' lang='lat' dir='ltr'><strong>tonem</strong></span> <span class='ocrx_word' id='word_1_173' title='bbox 624 2394 821 2451; x_wconf 89' lang='lat' dir='ltr'><strong>Sicilia</strong></span> <span class='ocrx_word' id='word_1_174' title='bbox 859 2390 1105 2463; x_wconf 86' lang='lat' dir='ltr'><strong>expulit,</strong></span> <span class='ocrx_word' id='word_1_175' title='bbox 1157 2387 1422 2443; x_wconf 90' lang='lat' dir='ltr'><strong>Valerius</strong></span> <span class='ocrx_word' id='word_1_176' title='bbox 1473 2389 1697 2442; x_wconf 90' lang='lat' dir='ltr'><strong>Cottam</strong></span> <span class='ocrx_word' id='word_1_177' title='bbox 1749 2386 2033 2457; x_wconf 89' lang='lat' dir='ltr'><strong>Sardinia,</strong></span> 
     </span>
    </p>
   </div>
   <div class='ocr_carea' id='block_1_27' title="bbox 396 2476 2037 2546">
    <p class='ocr_par' dir='ltr' id='par_1_27' title="bbox 396 2476 2037 2546">
     <span class='ocr_line' id='line_1_27' title="bbox 396 2476 2037 2546; baseline -0.008 -2"><span class='ocrx_word' id='word_1_178' title='bbox 396 2488 617 2544; x_wconf 84' lang='lat' dir='ltr'><strong>Varrus</strong></span> <span class='ocrx_word' id='word_1_179' title='bbox 636 2485 996 2541; x_wconf 90' lang='lat' dir='ltr'><strong>Tuberonem</strong></span> <span class='ocrx_word' id='word_1_180' title='bbox 1023 2478 1214 2534; x_wconf 86' lang='lat' dir='ltr'><strong>Africa</strong></span> <span class='ocrx_word' id='word_1_181' title='bbox 1234 2476 1427 2546; x_wconf 91' lang='lat' dir='ltr'><strong>cjecit.</strong></span> <span class='ocrx_word' id='word_1_182' title='bbox 1457 2478 1667 2544; x_wconf 66' lang='lat' dir='ltr'><strong>Caesar,</strong></span> <span class='ocrx_word' id='word_1_183' title='bbox 1694 2476 2037 2546; x_wconf 89' lang='lat' dir='ltr'><strong>compositis</strong></span> 
     </span>
    </p>
   </div>
   <div class='ocr_carea' id='block_1_28' title="bbox 397 2564 2036 2642">
    <p class='ocr_par' dir='ltr' id='par_1_28' title="bbox 397 2564 2036 2642">
     <span class='ocr_line' id='line_1_28' title="bbox 397 2564 2036 2642; baseline -0.009 -9"><span class='ocrx_word' id='word_1_184' title='bbox 397 2577 575 2633; x_wconf 89' lang='lat' dir='ltr'><strong>rebus</strong></span> <span class='ocrx_word' id='word_1_185' title='bbox 606 2574 751 2642; x_wconf 88' lang='lat' dir='ltr'><strong>suis,</strong></span> <span class='ocrx_word' id='word_1_186' title='bbox 786 2567 1161 2640; x_wconf 84' lang='lat' dir='ltr'><strong>Dyrrachium</strong></span> <span class='ocrx_word' id='word_1_187' title='bbox 1184 2566 1345 2622; x_wconf 88' lang='lat' dir='ltr'><strong>venit</strong></span> <span class='ocrx_word' id='word_1_188' title='bbox 1375 2569 1433 2620; x_wconf 86' lang='lat' dir='ltr'><strong>et</strong></span> <span class='ocrx_word' id='word_1_189' title='bbox 1456 2564 1788 2635; x_wconf 89' lang='lat' dir='ltr'><strong>Pompeium</strong></span> <span class='ocrx_word' id='word_1_190' title='bbox 1815 2564 2036 2619; x_wconf 82' lang='lat' dir='ltr'><strong>frustra</strong></span> 
     </span>
    </p>
   </div>
   <div class='ocr_carea' id='block_1_29' title="bbox 395 2652 2037 2723">
    <p class='ocr_par' dir='ltr' id='par_1_29' title="bbox 395 2652 2037 2723">
     <span class='ocr_line' id='line_1_29' title="bbox 395 2652 2037 2723; baseline -0.008 -1"><span class='ocrx_word' id='word_1_191' title='bbox 395 2663 698 2722; x_wconf 89' lang='lat' dir='ltr'><strong>obsidione</strong></span> <span class='ocrx_word' id='word_1_192' title='bbox 719 2658 920 2717; x_wconf 80' lang='lat' dir='ltr'><strong>cinxit.</strong></span> <span class='ocrx_word' id='word_1_193' title='bbox 944 2672 1073 2712; x_wconf 89' lang='lat' dir='ltr'><strong>cum</strong></span> <span class='ocrx_word' id='word_1_194' title='bbox 1096 2655 1180 2709; x_wconf 90' lang='lat' dir='ltr'><strong>illi</strong></span> <span class='ocrx_word' id='word_1_195' title='bbox 1214 2654 1389 2710; x_wconf 87' lang='lat' dir='ltr'><strong>maria</strong></span> <span class='ocrx_word' id='word_1_196' title='bbox 1415 2658 1702 2723; x_wconf 72' lang='lat' dir='ltr'><strong>paterent.</strong></span> <span class='ocrx_word' id='word_1_197' title='bbox 1730 2652 2037 2723; x_wconf 85' lang='lat' dir='ltr'><strong>Pompeius</strong></span> 
     </span>
    </p>
   </div>
   <div class='ocr_carea' id='block_1_30' title="bbox 397 2740 2036 2817">
    <p class='ocr_par' dir='ltr' id='par_1_30' title="bbox 397 2740 2036 2817">
     <span class='ocr_line' id='line_1_30' title="bbox 397 2740 2036 2817; baseline -0.009 -8"><span class='ocrx_word' id='word_1_198' title='bbox 397 2750 702 2810; x_wconf 90' lang='lat' dir='ltr'><strong>castellum</strong></span> <span class='ocrx_word' id='word_1_199' title='bbox 736 2744 1023 2817; x_wconf 88' lang='lat' dir='ltr'><strong>quoddam</strong></span> <span class='ocrx_word' id='word_1_200' title='bbox 1058 2742 1199 2798; x_wconf 91' lang='lat' dir='ltr'><strong>mari</strong></span> <span class='ocrx_word' id='word_1_201' title='bbox 1232 2740 1643 2812; x_wconf 89' lang='lat' dir='ltr'><strong>propinquum,</strong></span> <span class='ocrx_word' id='word_1_202' title='bbox 1666 2740 2036 2811; x_wconf 86' lang='lat' dir='ltr'><strong>ubipresidia</strong></span> 
     </span>
    </p>
   </div>
   <div class='ocr_carea' id='block_1_31' title="bbox 396 2828 2039 2905">
    <p class='ocr_par' dir='ltr' id='par_1_31' title="bbox 396 2828 2039 2905">
     <span class='ocr_line' id='line_1_31' title="bbox 396 2828 2039 2905; baseline -0.009 -7"><span class='ocrx_word' id='word_1_203' title='bbox 396 2838 642 2898; x_wconf 60' lang='lat' dir='ltr'><strong>Cassaris</strong></span> <span class='ocrx_word' id='word_1_204' title='bbox 663 2839 853 2905; x_wconf 92' lang='lat' dir='ltr'><strong>erant,</strong></span> <span class='ocrx_word' id='word_1_205' title='bbox 876 2831 1111 2901; x_wconf 90' lang='lat' dir='ltr'><strong>evertit,</strong></span> <span class='ocrx_word' id='word_1_206' title='bbox 1155 2829 1444 2885; x_wconf 84' lang='lat' dir='ltr'><strong>ctmilites</strong></span> <span class='ocrx_word' id='word_1_207' title='bbox 1467 2828 1700 2884; x_wconf 91' lang='lat' dir='ltr'><strong>occidit.</strong></span> <span class='ocrx_word' id='word_1_208' title='bbox 1731 2830 2039 2884; x_wconf 63' lang='lat' dir='ltr'><strong>Caesarau-</strong></span> 
     </span>
    </p>
   </div>
   <div class='ocr_carea' id='block_1_32' title="bbox 395 2918 2036 2999">
    <p class='ocr_par' dir='ltr' id='par_1_32' title="bbox 395 2918 2036 2999">
     <span class='ocr_line' id='line_1_32' title="bbox 395 2918 2036 2999; baseline -0.008 -14"><span class='ocrx_word' id='word_1_209' title='bbox 395 2935 535 2999; x_wconf 86' lang='lat' dir='ltr'><strong>tem,</strong></span> <span class='ocrx_word' id='word_1_210' title='bbox 563 2925 778 2983; x_wconf 89' lang='lat' dir='ltr'><strong>omissa</strong></span> <span class='ocrx_word' id='word_1_211' title='bbox 818 2920 1141 2988; x_wconf 84' lang='lat' dir='ltr'><strong>obsidione,</strong></span> <span class='ocrx_word' id='word_1_212' title='bbox 1195 2918 1266 2975; x_wconf 92' lang='lat' dir='ltr'><strong>ad</strong></span> <span class='ocrx_word' id='word_1_213' title='bbox 1313 2918 1645 2988; x_wconf 90' lang='lat' dir='ltr'><strong>Pompeium</strong></span> <span class='ocrx_word' id='word_1_214' title='bbox 1698 2918 1986 2974; x_wconf 90' lang='lat' dir='ltr'><strong>convertit</strong></span> <span class='ocrx_word' id='word_1_215' title='bbox 2021 2936 2036 2985; x_wconf 90' lang='lat'><strong>;</strong></span> 
     </span>
    </p>
   </div>
   <div class='ocr_carea' id='block_1_33' title="bbox 393 3006 2038 3087">
    <p class='ocr_par' dir='ltr' id='par_1_33' title="bbox 393 3006 2038 3087">
     <span class='ocr_line' id='line_1_33' title="bbox 393 3006 2038 3087; baseline -0.008 -13"><span class='ocrx_word' id='word_1_216' title='bbox 393 3018 720 3087; x_wconf 90' lang='lat' dir='ltr'><strong>Torquatus</strong></span> <span class='ocrx_word' id='word_1_217' title='bbox 741 3027 880 3069; x_wconf 93' lang='lat' dir='ltr'><strong>vero</strong></span> <span class='ocrx_word' id='word_1_218' title='bbox 914 3022 1300 3082; x_wconf 88' lang='lat' dir='ltr'><strong>prorumpens</strong></span> <span class='ocrx_word' id='word_1_219' title='bbox 1327 3023 1596 3064; x_wconf 90' lang='lat' dir='ltr'><strong>aversum</strong></span> <span class='ocrx_word' id='word_1_220' title='bbox 1628 3006 1696 3040; x_wconf 74' lang='grc'><strong>³³⁵</strong></span> <span class='ocrx_word' id='word_1_221' title='bbox 1735 3022 1767 3063; x_wconf 93' lang='lat' dir='ltr'><strong>e</strong></span> <span class='ocrx_word' id='word_1_222' title='bbox 1788 3007 2038 3076; x_wconf 88' lang='lat' dir='ltr'><strong>vestigio</strong></span> 
     </span>
    </p>
   </div>
   <div class='ocr_carea' id='block_1_34' title="bbox 397 3093 2036 3167">
    <p class='ocr_par' dir='ltr' id='par_1_34' title="bbox 397 3093 2036 3167">
     <span class='ocr_line' id='line_1_34' title="bbox 397 3093 2036 3167; baseline -0.008 -5"><span class='ocrx_word' id='word_1_223' title='bbox 397 3104 661 3162; x_wconf 90' lang='lat' dir='ltr'><strong>insectus</strong></span> <span class='ocrx_word' id='word_1_224' title='bbox 688 3105 799 3158; x_wconf 91' lang='lat' dir='ltr'><strong>est.</strong></span> <span class='ocrx_word' id='word_1_225' title='bbox 835 3101 919 3155; x_wconf 86' lang='lat' dir='ltr'><strong>Ita</strong></span> <span class='ocrx_word' id='word_1_226' title='bbox 953 3097 1199 3155; x_wconf 61' lang='lat' dir='ltr'><strong>Caesaris</strong></span> <span class='ocrx_word' id='word_1_227' title='bbox 1232 3096 1446 3152; x_wconf 91' lang='lat' dir='ltr'><strong>milites</strong></span> <span class='ocrx_word' id='word_1_228' title='bbox 1487 3096 1722 3167; x_wconf 89' lang='lat' dir='ltr'><strong>ancipiti</strong></span> <span class='ocrx_word' id='word_1_229' title='bbox 1776 3093 2036 3166; x_wconf 91' lang='lat' dir='ltr'><strong>periculo</strong></span> 
     </span>
    </p>
   </div>
   <div class='ocr_carea' id='block_1_35' title="bbox 392 3156 2119 3263">
    <p class='ocr_par' dir='ltr' id='par_1_35' title="bbox 392 3156 2119 3263">
     <span class='ocr_line' id='line_1_35' title="bbox 392 3156 2119 3263; baseline -0.008 -12"><span class='ocrx_word' id='word_1_230' title='bbox 392 3156 767 3263; x_wconf 78' lang='lat' dir='ltr'><strong>ipso</strong></span> <span class='ocrx_word' id='word_1_231' title='bbox 790 3156 1025 3244; x_wconf 72' lang='lat' dir='ltr'><strong>Cresare</strong></span> <span class='ocrx_word' id='word_1_232' title='bbox 1057 3186 1272 3241; x_wconf 84' lang='lat' dir='ltr'><strong>frustra</strong></span> <span class='ocrx_word' id='word_1_233' title='bbox 1322 3156 1664 3254; x_wconf 70' lang='lat' dir='ltr'><strong>obsistente,</strong></span> <span class='ocrx_word' id='word_1_234' title='bbox 1719 3156 1990 3254; x_wconf 75' lang='lat' dir='ltr'><strong>fugerunt</strong></span> <span class='ocrx_word' id='word_1_235' title='bbox 2020 3202 2034 3251; x_wconf 92' lang='lat'><strong>;</strong></span> <span class='ocrx_word' id='word_1_236' title='bbox 2070 3156 2119 3218; x_wconf 69' lang='grc' dir='ltr'>Ο</span> 
     </span>
    </p>
   </div>
   <div class='ocr_carea' id='block_1_36' title="bbox 393 3272 2038 3345">
    <p class='ocr_par' dir='ltr' id='par_1_36' title="bbox 393 3272 2038 3345">
     <span class='ocr_line' id='line_1_36' title="bbox 393 3272 2038 3345; baseline -0.007 -4"><span class='ocrx_word' id='word_1_237' title='bbox 393 3282 577 3341; x_wconf 84' lang='lat' dir='ltr'><strong>evasit</strong></span> <span class='ocrx_word' id='word_1_238' title='bbox 606 3283 800 3334; x_wconf 91' lang='lat' dir='ltr'><strong>tamen</strong></span> <span class='ocrx_word' id='word_1_239' title='bbox 825 3277 1040 3345; x_wconf 65' lang='lat' dir='ltr'><strong>Caesar,</strong></span> <span class='ocrx_word' id='word_1_240' title='bbox 1066 3273 1198 3344; x_wconf 92' lang='lat' dir='ltr'><strong>quia</strong></span> <span class='ocrx_word' id='word_1_241' title='bbox 1224 3280 1394 3328; x_wconf 90' lang='lat' dir='ltr'><strong>nocte</strong></span> <span class='ocrx_word' id='word_1_242' title='bbox 1419 3272 1843 3328; x_wconf 84' lang='lat' dir='ltr'><strong>interveniente</strong></span> <span class='ocrx_word' id='word_1_243' title='bbox 1876 3275 2038 3329; x_wconf 91' lang='lat' dir='ltr'><strong>Pom-</strong></span> 
     </span>
    </p>
   </div>
   <div class='ocr_carea' id='block_1_37' title="bbox 393 3363 2035 3444">
    <p class='ocr_par' dir='ltr' id='par_1_37' title="bbox 393 3363 2035 3444">
     <span class='ocr_line' id='line_1_37' title="bbox 393 3363 2035 3444; baseline -0.005 -17"><span class='ocrx_word' id='word_1_244' title='bbox 393 3372 563 3444; x_wconf 87' lang='lat' dir='ltr'><strong>peius</strong></span> <span class='ocrx_word' id='word_1_245' title='bbox 577 3368 741 3438; x_wconf 90' lang='lat' dir='ltr'><strong>sequi</strong></span> <span class='ocrx_word' id='word_1_246' title='bbox 758 3365 959 3422; x_wconf 89' lang='lat' dir='ltr'><strong>noluit.</strong></span> <span class='ocrx_word' id='word_1_247' title='bbox 978 3363 1134 3419; x_wconf 86' lang='lat' dir='ltr'><strong>Dixit</strong></span> <span class='ocrx_word' id='word_1_248' title='bbox 1148 3366 1339 3419; x_wconf 90' lang='lat' dir='ltr'><strong>autem</strong></span> <span class='ocrx_word' id='word_1_249' title='bbox 1356 3365 1563 3431; x_wconf 58' lang='lat' dir='ltr'><strong>Caesar,</strong></span> <span class='ocrx_word' id='word_1_250' title='bbox 1582 3376 1688 3418; x_wconf 91' lang='lat' dir='ltr'><strong>nec</strong></span> <span class='ocrx_word' id='word_1_251' title='bbox 1702 3363 2035 3433; x_wconf 91' lang='lat' dir='ltr'><strong>Pompeium</strong></span> 
     </span>
    </p>
   </div>
   <div class='ocr_carea' id='block_1_38' title="bbox 392 3451 2031 3526">
    <p class='ocr_par' dir='ltr' id='par_1_38' title="bbox 392 3451 2031 3526">
     <span class='ocr_line' id='line_1_38' title="bbox 392 3451 2031 3526; baseline -0.006 -9"><span class='ocrx_word' id='word_1_252' title='bbox 392 3460 547 3518; x_wconf 86' lang='lat' dir='ltr'><strong>scire</strong></span> <span class='ocrx_word' id='word_1_253' title='bbox 577 3456 833 3526; x_wconf 89' lang='lat' dir='ltr'><strong>vincere,</strong></span> <span class='ocrx_word' id='word_1_254' title='bbox 862 3458 920 3510; x_wconf 92' lang='lat' dir='ltr'><strong>et</strong></span> <span class='ocrx_word' id='word_1_255' title='bbox 952 3452 1047 3508; x_wconf 92' lang='lat' dir='ltr'><strong>illa</strong></span> <span class='ocrx_word' id='word_1_256' title='bbox 1084 3456 1307 3508; x_wconf 89' lang='lat' dir='ltr'><strong>tantum</strong></span> <span class='ocrx_word' id='word_1_257' title='bbox 1342 3451 1434 3507; x_wconf 92' lang='lat' dir='ltr'><strong>die</strong></span> <span class='ocrx_word' id='word_1_258' title='bbox 1468 3466 1527 3507; x_wconf 89' lang='lat' dir='ltr'><strong>se</strong></span> <span class='ocrx_word' id='word_1_259' title='bbox 1553 3451 1702 3507; x_wconf 89' lang='lat' dir='ltr'><strong>vinci</strong></span> <span class='ocrx_word' id='word_1_260' title='bbox 1750 3452 2031 3522; x_wconf 88' lang='lat' dir='ltr'><strong>potuisse.</strong></span> 
     </span>
    </p>
   </div>
   <div class='ocr_carea' id='block_1_39' title="bbox 393 3540 2038 3615">
    <p class='ocr_par' dir='ltr' id='par_1_39' title="bbox 393 3540 2038 3615">
     <span class='ocr_line' id='line_1_39' title="bbox 393 3540 2038 3615; baseline -0.007 -8"><span class='ocrx_word' id='word_1_261' title='bbox 393 3551 549 3606; x_wconf 58' lang='lat' dir='ltr'><strong>Casa</strong></span> <span class='ocrx_word' id='word_1_262' title='bbox 581 3552 717 3603; x_wconf 91' lang='lat' dir='ltr'><strong>sunt</strong></span> <span class='ocrx_word' id='word_1_263' title='bbox 748 3546 801 3600; x_wconf 91' lang='lat' dir='ltr'><strong>in</strong></span> <span class='ocrx_word' id='word_1_264' title='bbox 834 3558 901 3600; x_wconf 92' lang='lat' dir='ltr'><strong>eo</strong></span> <span class='ocrx_word' id='word_1_265' title='bbox 934 3542 1134 3615; x_wconf 69' lang='lat' dir='ltr'><strong>praelio</strong></span> <span class='ocrx_word' id='word_1_266' title='bbox 1164 3544 1303 3597; x_wconf 95' lang='grc'>4000</span> <span class='ocrx_word' id='word_1_267' title='bbox 1332 3540 1575 3596; x_wconf 90' lang='lat' dir='ltr'><strong>militum</strong></span> <span class='ocrx_word' id='word_1_268' title='bbox 1610 3541 1875 3611; x_wconf 60' lang='lat' dir='ltr'><strong>Caesaris,</strong></span> <span class='ocrx_word' id='word_1_269' title='bbox 1907 3557 2038 3597; x_wconf 90' lang='lat' dir='ltr'><strong>cen-</strong></span> 
     </span>
    </p>
   </div>
   <div class='ocr_carea' id='block_1_40' title="bbox 392 3629 2034 3704">
    <p class='ocr_par' dir='ltr' id='par_1_40' title="bbox 392 3629 2034 3704">
     <span class='ocr_line' id='line_1_40' title="bbox 392 3629 2034 3704; baseline -0.006 -10"><span class='ocrx_word' id='word_1_270' title='bbox 392 3637 658 3695; x_wconf 89' lang='lat' dir='ltr'><strong>turiones</strong></span> <span class='ocrx_word' id='word_1_271' title='bbox 678 3638 767 3704; x_wconf 92' lang='lat'>22,</span> <span class='ocrx_word' id='word_1_272' title='bbox 792 3632 1021 3704; x_wconf 89' lang='lat' dir='ltr'><strong>equites</strong></span> <span class='ocrx_word' id='word_1_273' title='bbox 1048 3630 1283 3686; x_wconf 85' lang='lat' dir='ltr'><strong>Romani</strong></span> <span class='ocrx_word' id='word_1_274' title='bbox 1315 3629 1649 3700; x_wconf 90' lang='lat' dir='ltr'><strong>complures</strong></span> <span class='ocrx_word' id='word_1_275' title='bbox 1687 3648 1701 3696; x_wconf 92' lang='lat'><strong>;</strong></span> <span class='ocrx_word' id='word_1_276' title='bbox 1735 3644 1923 3686; x_wconf 69' lang='lat' dir='ltr'><strong>caesus</strong></span> <span class='ocrx_word' id='word_1_277' title='bbox 1947 3633 2034 3686; x_wconf 89' lang='lat' dir='ltr'><strong>est</strong></span> 
     </span>
    </p>
   </div>
   <div class='ocr_carea' id='block_1_41' title="bbox 392 3717 2034 3793">
    <p class='ocr_par' dir='ltr' id='par_1_41' title="bbox 392 3717 2034 3793">
     <span class='ocr_line' id='line_1_41' title="bbox 392 3717 2034 3793; baseline -0.005 -12"><span class='ocrx_word' id='word_1_278' title='bbox 392 3724 471 3782; x_wconf 90' lang='lat' dir='ltr'><strong>ibi</strong></span> <span class='ocrx_word' id='word_1_279' title='bbox 496 3726 694 3793; x_wconf 89' lang='lat' dir='ltr'><strong>Sceva,</strong></span> <span class='ocrx_word' id='word_1_280' title='bbox 730 3720 974 3778; x_wconf 64' lang='lat' dir='ltr'><strong>Caesaris</strong></span> <span class='ocrx_word' id='word_1_281' title='bbox 998 3718 1164 3775; x_wconf 90' lang='lat' dir='ltr'><strong>miles</strong></span> <span class='ocrx_word' id='word_1_282' title='bbox 1195 3717 1574 3786; x_wconf 90' lang='lat' dir='ltr'><strong>fortissimus,</strong></span> <span class='ocrx_word' id='word_1_283' title='bbox 1609 3718 1775 3787; x_wconf 88' lang='lat' dir='ltr'><strong>cujus</strong></span> <span class='ocrx_word' id='word_1_284' title='bbox 1807 3724 2034 3775; x_wconf 83' lang='lat' dir='ltr'><strong>scutum</strong></span> 
     </span>
    </p>
   </div>
   <div class='ocr_carea' id='block_1_42' title="bbox 392 3806 2034 3881">
    <p class='ocr_par' dir='ltr' id='par_1_42' title="bbox 392 3806 2034 3881">
     <span class='ocr_line' id='line_1_42' title="bbox 392 3806 2034 3881; baseline -0.006 -9"><span class='ocrx_word' id='word_1_285' title='bbox 392 3816 625 3872; x_wconf 89' lang='lat' dir='ltr'><strong>centum</strong></span> <span class='ocrx_word' id='word_1_286' title='bbox 659 3811 864 3881; x_wconf 90' lang='lat' dir='ltr'><strong>viginti</strong></span> <span class='ocrx_word' id='word_1_287' title='bbox 900 3809 1113 3865; x_wconf 89' lang='lat' dir='ltr'><strong>ictibus</strong></span> <span class='ocrx_word' id='word_1_288' title='bbox 1142 3807 1385 3879; x_wconf 91' lang='lat' dir='ltr'><strong>petitum</strong></span> <span class='ocrx_word' id='word_1_289' title='bbox 1420 3806 1595 3863; x_wconf 89' lang='lat' dir='ltr'><strong>fuisse</strong></span> <span class='ocrx_word' id='word_1_290' title='bbox 1627 3806 1860 3863; x_wconf 87' lang='lat' dir='ltr'><strong>dicitur.</strong></span> <span class='ocrx_word' id='word_1_291' title='bbox 1900 3808 2034 3863; x_wconf 90' lang='lat' dir='ltr'><strong>lndc</strong></span> 
     </span>
    </p>
   </div>
   <div class='ocr_carea' id='block_1_43' title="bbox 394 3895 2036 3971">
    <p class='ocr_par' dir='ltr' id='par_1_43' title="bbox 394 3895 2036 3971">
     <span class='ocr_line' id='line_1_43' title="bbox 394 3895 2036 3971; baseline -0.005 -12"><span class='ocrx_word' id='word_1_292' title='bbox 394 3903 577 3960; x_wconf 91' lang='lat' dir='ltr'><strong>citato</strong></span> <span class='ocrx_word' id='word_1_293' title='bbox 600 3900 825 3971; x_wconf 90' lang='lat' dir='ltr'><strong>agmine</strong></span> <span class='ocrx_word' id='word_1_294' title='bbox 851 3898 1043 3954; x_wconf 63' lang='lat' dir='ltr'><strong>Ctesar</strong></span> <span class='ocrx_word' id='word_1_295' title='bbox 1067 3910 1169 3967; x_wconf 88' lang='lat' dir='ltr'><strong>per</strong></span> <span class='ocrx_word' id='word_1_296' title='bbox 1190 3896 1437 3966; x_wconf 86' lang='lat' dir='ltr'><strong>Epyrum</strong></span> <span class='ocrx_word' id='word_1_297' title='bbox 1464 3895 1517 3950; x_wconf 91' lang='lat' dir='ltr'><strong>in</strong></span> <span class='ocrx_word' id='word_1_298' title='bbox 1541 3895 1887 3951; x_wconf 82' lang='lat' dir='ltr'><strong>Thessaliam</strong></span> <span class='ocrx_word' id='word_1_299' title='bbox 1912 3912 2036 3967; x_wconf 91' lang='lat' dir='ltr'><strong>per-</strong></span> 
     </span>
    </p>
   </div>
   <div class='ocr_carea' id='block_1_44' title="bbox 395 3984 2038 4062">
    <p class='ocr_par' dir='ltr' id='par_1_44' title="bbox 395 3984 2038 4062">
     <span class='ocr_line' id='line_1_44' title="bbox 395 3984 2038 4062; baseline -0.004 -14"><span class='ocrx_word' id='word_1_300' title='bbox 395 3991 572 4062; x_wconf 83' lang='lat' dir='ltr'><strong>rexit,</strong></span> <span class='ocrx_word' id='word_1_301' title='bbox 602 3987 913 4059; x_wconf 89' lang='lat' dir='ltr'><strong>Pompeius</strong></span> <span class='ocrx_word' id='word_1_302' title='bbox 933 4000 1071 4042; x_wconf 87' lang='lat' dir='ltr'><strong>vero</strong></span> <span class='ocrx_word' id='word_1_303' title='bbox 1101 4000 1230 4041; x_wconf 92' lang='lat' dir='ltr'><strong>cum</strong></span> <span class='ocrx_word' id='word_1_304' title='bbox 1265 3984 1529 4040; x_wconf 83' lang='lat' dir='ltr'><strong>maximis</strong></span> <span class='ocrx_word' id='word_1_305' title='bbox 1570 3984 1754 4055; x_wconf 89' lang='lat' dir='ltr'><strong>copiis</strong></span> <span class='ocrx_word' id='word_1_306' title='bbox 1800 3990 2038 4042; x_wconf 89' lang='lat' dir='ltr'><strong>secutus</strong></span> 
     </span>
    </p>
   </div>
   <div class='ocr_carea' id='block_1_45' title="bbox 393 4072 2034 4149">
    <p class='ocr_par' dir='ltr' id='par_1_45' title="bbox 393 4072 2034 4149">
     <span class='ocr_line' id='line_1_45' title="bbox 393 4072 2034 4149; baseline -0.005 -12"><span class='ocrx_word' id='word_1_307' title='bbox 393 4085 508 4149; x_wconf 89' lang='lat' dir='ltr'><strong>est,</strong></span> <span class='ocrx_word' id='word_1_308' title='bbox 526 4077 858 4148; x_wconf 86' lang='lat' dir='ltr'><strong>bellumque</strong></span> <span class='ocrx_word' id='word_1_309' title='bbox 876 4074 1246 4131; x_wconf 92' lang='lat' dir='ltr'><strong>commissum</strong></span> <span class='ocrx_word' id='word_1_310' title='bbox 1270 4078 1380 4128; x_wconf 92' lang='lat' dir='ltr'><strong>est.</strong></span> <span class='ocrx_word' id='word_1_311' title='bbox 1404 4073 1613 4129; x_wconf 77' lang='lat' dir='ltr'><strong>Vilere</strong></span> <span class='ocrx_word' id='word_1_312' title='bbox 1639 4072 1715 4127; x_wconf 88' lang='lat' dir='ltr'><strong>ibi</strong></span> <span class='ocrx_word' id='word_1_313' title='bbox 1732 4079 2034 4143; x_wconf 84' lang='lat' dir='ltr'><strong>etgemere</strong></span> 
     </span>
    </p>
   </div>
   <div class='ocr_carea' id='block_1_46' title="bbox 395 4160 2037 4239">
    <p class='ocr_par' dir='ltr' id='par_1_46' title="bbox 395 4160 2037 4239">
     <span class='ocr_line' id='line_1_46' title="bbox 395 4160 2037 4239; baseline -0.005 -13"><span class='ocrx_word' id='word_1_314' title='bbox 395 4171 546 4239; x_wconf 84' lang='lat' dir='ltr'><strong>erat,</strong></span> <span class='ocrx_word' id='word_1_315' title='bbox 567 4169 905 4225; x_wconf 87' lang='lat' dir='ltr'><strong>contractas</strong></span> <span class='ocrx_word' id='word_1_316' title='bbox 926 4165 1312 4219; x_wconf 83' lang='lat' dir='ltr'><strong>Romanorum</strong></span> <span class='ocrx_word' id='word_1_317' title='bbox 1338 4161 1494 4217; x_wconf 87' lang='lat' dir='ltr'><strong>vires</strong></span> <span class='ocrx_word' id='word_1_318' title='bbox 1518 4160 1574 4216; x_wconf 90' lang='lat' dir='ltr'><strong>in</strong></span> <span class='ocrx_word' id='word_1_319' title='bbox 1602 4161 1822 4233; x_wconf 91' lang='lat' dir='ltr'><strong>campis</strong></span> <span class='ocrx_word' id='word_1_320' title='bbox 1862 4162 2037 4217; x_wconf 87' lang='lat' dir='ltr'><strong>Phar-</strong></span> 
     </span>
    </p>
   </div>
   <div class='ocr_carea' id='block_1_47' title="bbox 391 4249 2034 4320">
    <p class='ocr_par' dir='ltr' id='par_1_47' title="bbox 391 4249 2034 4320">
     <span class='ocr_line' id='line_1_47' title="bbox 391 4249 2034 4320; baseline -0.005 -6"><span class='ocrx_word' id='word_1_321' title='bbox 391 4257 590 4314; x_wconf 88' lang='lat' dir='ltr'><strong>salicis</strong></span> <span class='ocrx_word' id='word_1_322' title='bbox 618 4254 688 4311; x_wconf 89' lang='lat' dir='ltr'><strong>ad</strong></span> <span class='ocrx_word' id='word_1_323' title='bbox 720 4253 1069 4311; x_wconf 88' lang='lat' dir='ltr'><strong>occisionem</strong></span> <span class='ocrx_word' id='word_1_324' title='bbox 1102 4255 1359 4307; x_wconf 89' lang='lat' dir='ltr'><strong>mutuam</strong></span> <span class='ocrx_word' id='word_1_325' title='bbox 1392 4249 1751 4320; x_wconf 89' lang='lat' dir='ltr'><strong>constitisse,</strong></span> <span class='ocrx_word' id='word_1_326' title='bbox 1786 4265 1950 4320; x_wconf 93' lang='lat' dir='ltr'><strong>quas,</strong></span> <span class='ocrx_word' id='word_1_327' title='bbox 1986 4251 2034 4306; x_wconf 92' lang='lat' dir='ltr'><strong>si</strong></span> 
     </span>
    </p>
   </div>
   <div class='ocr_carea' id='block_1_48' title="bbox 394 4337 2036 4410">
    <p class='ocr_par' dir='ltr' id='par_1_48' title="bbox 394 4337 2036 4410">
     <span class='ocr_line' id='line_1_48' title="bbox 394 4337 2036 4410; baseline -0.007 -6"><span class='ocrx_word' id='word_1_328' title='bbox 394 4345 706 4404; x_wconf 88' lang='lat' dir='ltr'><strong>concordia</strong></span> <span class='ocrx_word' id='word_1_329' title='bbox 722 4342 994 4410; x_wconf 89' lang='lat' dir='ltr'><strong>rexisset,</strong></span> <span class='ocrx_word' id='word_1_330' title='bbox 1016 4338 1158 4397; x_wconf 90' lang='lat' dir='ltr'><strong>nulli</strong></span> <span class='ocrx_word' id='word_1_331' title='bbox 1186 4337 1401 4410; x_wconf 90' lang='lat' dir='ltr'><strong>populi,</strong></span> <span class='ocrx_word' id='word_1_332' title='bbox 1430 4337 1571 4393; x_wconf 92' lang='lat' dir='ltr'><strong>nulli</strong></span> <span class='ocrx_word' id='word_1_333' title='bbox 1595 4352 1763 4408; x_wconf 90' lang='lat' dir='ltr'><strong>reges</strong></span> <span class='ocrx_word' id='word_1_334' title='bbox 1788 4340 1939 4395; x_wconf 90' lang='lat' dir='ltr'><strong>ferre</strong></span> <span class='ocrx_word' id='word_1_335' title='bbox 1968 4337 2036 4372; x_wconf 68' lang='grc'><strong>³⁵⁸</strong></span> 
     </span>
    </p>
   </div>
   <div class='ocr_carea' id='block_1_49' title="bbox 396 4426 2034 4508">
    <p class='ocr_par' dir='ltr' id='par_1_49' title="bbox 396 4426 2034 4508">
     <span class='ocr_line' id='line_1_49' title="bbox 396 4426 2034 4508; baseline -0.007 -15"><span class='ocrx_word' id='word_1_336' title='bbox 396 4433 746 4508; x_wconf 88' lang='lat' dir='ltr'><strong>potuissent.</strong></span> <span class='ocrx_word' id='word_1_337' title='bbox 780 4432 1031 4487; x_wconf 89' lang='lat' dir='ltr'><strong>Fuerunt</strong></span> <span class='ocrx_word' id='word_1_338' title='bbox 1064 4427 1214 4483; x_wconf 89' lang='lat' dir='ltr'><strong>enim</strong></span> <span class='ocrx_word' id='word_1_339' title='bbox 1246 4441 1319 4482; x_wconf 88' lang='lat' dir='ltr'><strong>ex</strong></span> <span class='ocrx_word' id='word_1_340' title='bbox 1346 4430 1514 4497; x_wconf 91' lang='lat' dir='ltr'><strong>parte</strong></span> <span class='ocrx_word' id='word_1_341' title='bbox 1570 4426 1828 4498; x_wconf 90' lang='lat' dir='ltr'><strong>Pompeii</strong></span> <span class='ocrx_word' id='word_1_342' title='bbox 1878 4432 2034 4483; x_wconf 90' lang='lat' dir='ltr'><strong>octo-</strong></span> 
     </span>
    </p>
   </div>
   <div class='ocr_carea' id='block_1_50' title="bbox 2157 538 3799 611">
    <p class='ocr_par' dir='ltr' id='par_1_50' title="bbox 2157 538 3799 611">
     <span class='ocr_line' id='line_1_50' title="bbox 2157 538 3799 611; baseline -0.002 -14"><span class='ocrx_word' id='word_1_343' title='bbox 2157 547 2571 599; x_wconf 64' lang='lat' dir='ltr'><strong>norumli-JOOO.</strong></span> <span class='ocrx_word' id='word_1_344' title='bbox 2614 542 2988 598; x_wconf 87' lang='lat' dir='ltr'><strong>centuriones</strong></span> <span class='ocrx_word' id='word_1_345' title='bbox 3034 545 3118 595; x_wconf 87' lang='lat'><strong>33.</strong></span> <span class='ocrx_word' id='word_1_346' title='bbox 3170 540 3480 611; x_wconf 89' lang='lat' dir='ltr'><strong>Pompeius</strong></span> <span class='ocrx_word' id='word_1_347' title='bbox 3548 538 3799 608; x_wconf 87' lang='lat' dir='ltr'><strong>fugiens,</strong></span> 
     </span>
    </p>
   </div>
   <div class='ocr_carea' id='block_1_51' title="bbox 2156 627 3802 697">
    <p class='ocr_par' dir='ltr' id='par_1_51' title="bbox 2156 627 3802 697">
     <span class='ocr_line' id='line_1_51' title="bbox 2156 627 3802 697; baseline -0.001 -13"><span class='ocrx_word' id='word_1_348' title='bbox 2156 630 2211 685; x_wconf 89' lang='lat' dir='ltr'><strong>in</strong></span> <span class='ocrx_word' id='word_1_349' title='bbox 2241 632 2393 686; x_wconf 92' lang='lat' dir='ltr'><strong>ostio</strong></span> <span class='ocrx_word' id='word_1_350' title='bbox 2423 632 2596 686; x_wconf 82' lang='lat' dir='ltr'><strong>Penei</strong></span> <span class='ocrx_word' id='word_1_351' title='bbox 2628 631 2813 687; x_wconf 91' lang='lat' dir='ltr'><strong>amnis</strong></span> <span class='ocrx_word' id='word_1_352' title='bbox 2847 629 3175 686; x_wconf 87' lang='lat' dir='ltr'><strong>onerariam</strong></span> <span class='ocrx_word' id='word_1_353' title='bbox 3220 628 3409 683; x_wconf 83' lang='lat' dir='ltr'><strong>navim</strong></span> <span class='ocrx_word' id='word_1_354' title='bbox 3460 634 3690 697; x_wconf 87' lang='lat' dir='ltr'><strong>nactus,</strong></span> <span class='ocrx_word' id='word_1_355' title='bbox 3741 627 3802 682; x_wconf 86' lang='lat' dir='ltr'><strong>in</strong></span> 
     </span>
    </p>
   </div>
   <div class='ocr_carea' id='block_1_52' title="bbox 2156 710 3801 785">
    <p class='ocr_par' dir='ltr' id='par_1_52' title="bbox 2156 710 3801 785">
     <span class='ocr_line' id='line_1_52' title="bbox 2156 710 3801 785; baseline -0.004 -15"><span class='ocrx_word' id='word_1_356' title='bbox 2156 715 2347 770; x_wconf 83' lang='lat' dir='ltr'><strong>Asiam</strong></span> <span class='ocrx_word' id='word_1_357' title='bbox 2368 715 2623 783; x_wconf 87' lang='lat' dir='ltr'><strong>transiit,</strong></span> <span class='ocrx_word' id='word_1_358' title='bbox 2651 713 2783 769; x_wconf 86' lang='lat' dir='ltr'><strong>inde</strong></span> <span class='ocrx_word' id='word_1_359' title='bbox 2806 729 2906 785; x_wconf 86' lang='lat' dir='ltr'><strong>per</strong></span> <span class='ocrx_word' id='word_1_360' title='bbox 2920 715 3167 784; x_wconf 87' lang='lat' dir='ltr'><strong>Cyprum</strong></span> <span class='ocrx_word' id='word_1_361' title='bbox 3185 712 3591 768; x_wconf 81' lang='lat' dir='ltr'><strong>Alexandriam</strong></span> <span class='ocrx_word' id='word_1_362' title='bbox 3608 710 3801 781; x_wconf 88' lang='lat' dir='ltr'><strong>petiit,</strong></span> 
     </span>
    </p>
   </div>
   <div class='ocr_carea' id='block_1_53' title="bbox 2155 798 3803 874">
    <p class='ocr_par' dir='ltr' id='par_1_53' title="bbox 2155 798 3803 874">
     <span class='ocr_line' id='line_1_53' title="bbox 2155 798 3803 874; baseline -0.002 -16"><span class='ocrx_word' id='word_1_363' title='bbox 2155 807 2275 859; x_wconf 89' lang='lat' dir='ltr'><strong>uta</strong></span> <span class='ocrx_word' id='word_1_364' title='bbox 2310 818 2445 873; x_wconf 88' lang='lat' dir='ltr'><strong>rege</strong></span> <span class='ocrx_word' id='word_1_365' title='bbox 2476 803 2727 874; x_wconf 71' lang='lat' dir='ltr'><strong>.Egypti,</strong></span> <span class='ocrx_word' id='word_1_366' title='bbox 2768 803 2861 859; x_wconf 90' lang='lat' dir='ltr'><strong>cui</strong></span> <span class='ocrx_word' id='word_1_367' title='bbox 2916 807 3078 857; x_wconf 92' lang='lat' dir='ltr'><strong>tutor</strong></span> <span class='ocrx_word' id='word_1_368' title='bbox 3125 802 3245 872; x_wconf 90' lang='lat' dir='ltr'><strong>ipse</strong></span> <span class='ocrx_word' id='word_1_369' title='bbox 3294 815 3325 855; x_wconf 89' lang='lat' dir='ltr'><strong>a</strong></span> <span class='ocrx_word' id='word_1_370' title='bbox 3371 805 3574 855; x_wconf 90' lang='lat' dir='ltr'><strong>senatu</strong></span> <span class='ocrx_word' id='word_1_371' title='bbox 3627 798 3803 855; x_wconf 88' lang='lat' dir='ltr'><strong>datus</strong></span> 
     </span>
    </p>
   </div>
   <div class='ocr_carea' id='block_1_54' title="bbox 2155 888 3803 962">
    <p class='ocr_par' dir='ltr' id='par_1_54' title="bbox 2155 888 3803 962">
     <span class='ocr_line' id='line_1_54' title="bbox 2155 888 3803 962; baseline -0.001 -18"><span class='ocrx_word' id='word_1_372' title='bbox 2155 891 2340 947; x_wconf 89' lang='lat' dir='ltr'><strong>fuerat</strong></span> <span class='ocrx_word' id='word_1_373' title='bbox 2368 892 2934 962; x_wconf 89' lang='lat' dir='ltr'><strong>propterjuvenilem</strong></span> <span class='ocrx_word' id='word_1_374' title='bbox 2959 891 3086 960; x_wconf 89' lang='lat' dir='ltr'><strong>ejus</strong></span> <span class='ocrx_word' id='word_1_375' title='bbox 3105 893 3357 957; x_wconf 64' lang='lat' dir='ltr'><strong>aetatem,</strong></span> <span class='ocrx_word' id='word_1_376' title='bbox 3387 888 3682 959; x_wconf 90' lang='lat' dir='ltr'><strong>acciperet</strong></span> <span class='ocrx_word' id='word_1_377' title='bbox 3709 902 3803 943; x_wconf 82' lang='lat' dir='ltr'><strong>au-</strong></span> 
     </span>
    </p>
   </div>
   <div class='ocr_carea' id='block_1_55' title="bbox 2154 977 3792 1048">
    <p class='ocr_par' dir='ltr' id='par_1_55' title="bbox 2154 977 3792 1048">
     <span class='ocr_line' id='line_1_55' title="bbox 2154 977 3792 1048; baseline -0.001 -16"><span class='ocrx_word' id='word_1_378' title='bbox 2154 979 2311 1034; x_wconf 71' lang='lat' dir='ltr'><strong>xilia.</strong></span> <span class='ocrx_word' id='word_1_379' title='bbox 2342 979 2449 1045; x_wconf 88' lang='lat' dir='ltr'><strong>Qui</strong></span> <span class='ocrx_word' id='word_1_380' title='bbox 2476 981 2765 1035; x_wconf 88' lang='lat' dir='ltr'><strong>fortunam</strong></span> <span class='ocrx_word' id='word_1_381' title='bbox 2791 979 2973 1047; x_wconf 82' lang='lat' dir='ltr'><strong>magis</strong></span> <span class='ocrx_word' id='word_1_382' title='bbox 2998 993 3167 1048; x_wconf 89' lang='lat' dir='ltr'><strong>quam</strong></span> <span class='ocrx_word' id='word_1_383' title='bbox 3192 977 3509 1034; x_wconf 89' lang='lat' dir='ltr'><strong>amiciciam</strong></span> <span class='ocrx_word' id='word_1_384' title='bbox 3534 980 3792 1045; x_wconf 86' lang='lat' dir='ltr'><strong>secutus,</strong></span> 
     </span>
    </p>
   </div>
   <div class='ocr_carea' id='block_1_56' title="bbox 2153 1063 3795 1138">
    <p class='ocr_par' dir='ltr' id='par_1_56' title="bbox 2153 1063 3795 1138">
     <span class='ocr_line' id='line_1_56' title="bbox 2153 1063 3795 1138; baseline -0.003 -16"><span class='ocrx_word' id='word_1_385' title='bbox 2153 1068 2373 1123; x_wconf 91' lang='lat' dir='ltr'><strong>occidit</strong></span> <span class='ocrx_word' id='word_1_386' title='bbox 2407 1068 2763 1138; x_wconf 90' lang='lat' dir='ltr'><strong>Pompeium,</strong></span> <span class='ocrx_word' id='word_1_387' title='bbox 2798 1071 3090 1138; x_wconf 91' lang='lat' dir='ltr'><strong>caputque</strong></span> <span class='ocrx_word' id='word_1_388' title='bbox 3114 1067 3239 1136; x_wconf 78' lang='lat' dir='ltr'><strong>ejus</strong></span> <span class='ocrx_word' id='word_1_389' title='bbox 3256 1070 3313 1121; x_wconf 90' lang='lat' dir='ltr'><strong>et</strong></span> <span class='ocrx_word' id='word_1_390' title='bbox 3338 1064 3569 1121; x_wconf 91' lang='lat' dir='ltr'><strong>anulum</strong></span> <span class='ocrx_word' id='word_1_391' title='bbox 3585 1063 3795 1120; x_wconf 61' lang='lat' dir='ltr'><strong>Caasari</strong></span> 
     </span>
    </p>
   </div>
   <div class='ocr_carea' id='block_1_57' title="bbox 2154 1152 3800 1227">
    <p class='ocr_par' dir='ltr' id='par_1_57' title="bbox 2154 1152 3800 1227">
     <span class='ocr_line' id='line_1_57' title="bbox 2154 1152 3800 1227; baseline -0.001 -18"><span class='ocrx_word' id='word_1_392' title='bbox 2154 1155 2332 1211; x_wconf 88' lang='lat' dir='ltr'><strong>misit.</strong></span> <span class='ocrx_word' id='word_1_393' title='bbox 2359 1155 2582 1221; x_wconf 86' lang='lat' dir='ltr'><strong>Quibus</strong></span> <span class='ocrx_word' id='word_1_394' title='bbox 2611 1156 2967 1227; x_wconf 88' lang='lat' dir='ltr'><strong>conspectis,</strong></span> <span class='ocrx_word' id='word_1_395' title='bbox 3001 1156 3190 1211; x_wconf 68' lang='lat' dir='ltr'><strong>Caesar</strong></span> <span class='ocrx_word' id='word_1_396' title='bbox 3218 1154 3393 1210; x_wconf 90' lang='lat' dir='ltr'><strong>etiam</strong></span> <span class='ocrx_word' id='word_1_397' title='bbox 3414 1152 3684 1209; x_wconf 89' lang='lat' dir='ltr'><strong>lacrimas</strong></span> <span class='ocrx_word' id='word_1_398' title='bbox 3716 1152 3800 1208; x_wconf 87' lang='lat' dir='ltr'><strong>fu-</strong></span> 
     </span>
    </p>
   </div>
   <div class='ocr_carea' id='block_1_58' title="bbox 2153 1239 3800 1314">
    <p class='ocr_par' dir='ltr' id='par_1_58' title="bbox 2153 1239 3800 1314">
     <span class='ocr_line' id='line_1_58' title="bbox 2153 1239 3800 1314; baseline -0.002 -15"><span class='ocrx_word' id='word_1_399' title='bbox 2153 1243 2312 1300; x_wconf 87' lang='lat' dir='ltr'><strong>disse</strong></span> <span class='ocrx_word' id='word_1_400' title='bbox 2344 1244 2581 1314; x_wconf 89' lang='lat' dir='ltr'><strong>dicitur,</strong></span> <span class='ocrx_word' id='word_1_401' title='bbox 2618 1244 2763 1300; x_wconf 87' lang='lat' dir='ltr'><strong>tanti</strong></span> <span class='ocrx_word' id='word_1_402' title='bbox 2786 1244 2896 1299; x_wconf 87' lang='lat' dir='ltr'><strong>viri</strong></span> <span class='ocrx_word' id='word_1_403' title='bbox 2921 1244 3152 1299; x_wconf 91' lang='lat' dir='ltr'><strong>intuens</strong></span> <span class='ocrx_word' id='word_1_404' title='bbox 3174 1249 3371 1313; x_wconf 89' lang='lat' dir='ltr'><strong>caput,</strong></span> <span class='ocrx_word' id='word_1_405' title='bbox 3394 1239 3593 1311; x_wconf 87' lang='lat' dir='ltr'><strong>generi</strong></span> <span class='ocrx_word' id='word_1_406' title='bbox 3617 1254 3800 1310; x_wconf 91' lang='lat' dir='ltr'><strong>quon-</strong></span> 
     </span>
    </p>
   </div>
   <div class='ocr_carea' id='block_1_59' title="bbox 2150 1329 3794 1403">
    <p class='ocr_par' dir='ltr' id='par_1_59' title="bbox 2150 1329 3794 1403">
     <span class='ocr_line' id='line_1_59' title="bbox 2150 1329 3794 1403; baseline -0.003 -15"><span class='ocrx_word' id='word_1_407' title='bbox 2150 1331 2278 1388; x_wconf 89' lang='lat' dir='ltr'><strong>dam</strong></span> <span class='ocrx_word' id='word_1_408' title='bbox 2314 1332 2490 1403; x_wconf 91' lang='lat' dir='ltr'><strong>sui,et</strong></span> <span class='ocrx_word' id='word_1_409' title='bbox 2515 1334 2853 1389; x_wconf 90' lang='lat' dir='ltr'><strong>inundatum</strong></span> <span class='ocrx_word' id='word_1_410' title='bbox 2874 1332 3158 1389; x_wconf 89' lang='lat' dir='ltr'><strong>odoribus</strong></span> <span class='ocrx_word' id='word_1_411' title='bbox 3189 1331 3495 1402; x_wconf 89' lang='lat' dir='ltr'><strong>imperavit</strong></span> <span class='ocrx_word' id='word_1_412' title='bbox 3522 1329 3794 1385; x_wconf 88' lang='lat' dir='ltr'><strong>cremari.</strong></span> 
     </span>
    </p>
   </div>
   <div class='ocr_carea' id='block_1_60' title="bbox 2153 1416 3792 1493">
    <p class='ocr_par' dir='ltr' id='par_1_60' title="bbox 2153 1416 3792 1493">
     <span class='ocr_line' id='line_1_60' title="bbox 2153 1416 3792 1493; baseline -0.002 -17"><span class='ocrx_word' id='word_1_413' title='bbox 2153 1421 2408 1493; x_wconf 91' lang='lat' dir='ltr'><strong>Pompeii</strong></span> <span class='ocrx_word' id='word_1_414' title='bbox 2442 1438 2590 1478; x_wconf 87' lang='lat' dir='ltr'><strong>uxor</strong></span> <span class='ocrx_word' id='word_1_415' title='bbox 2620 1422 2837 1493; x_wconf 81' lang='lat' dir='ltr'><strong>filiique</strong></span> <span class='ocrx_word' id='word_1_416' title='bbox 2871 1424 3161 1491; x_wconf 85' lang='lat' dir='ltr'><strong>fugerunt,</strong></span> <span class='ocrx_word' id='word_1_417' title='bbox 3210 1427 3405 1476; x_wconf 87' lang='lat' dir='ltr'><strong>cetera</strong></span> <span class='ocrx_word' id='word_1_418' title='bbox 3446 1416 3792 1489; x_wconf 87' lang='lat' dir='ltr'><strong>Pompeiana</strong></span> 
     </span>
    </p>
   </div>
   <div class='ocr_carea' id='block_1_61' title="bbox 2152 1506 3798 1581">
    <p class='ocr_par' dir='ltr' id='par_1_61' title="bbox 2152 1506 3798 1581">
     <span class='ocr_line' id='line_1_61' title="bbox 2152 1506 3798 1581; baseline -0.002 -17"><span class='ocrx_word' id='word_1_419' title='bbox 2152 1509 2363 1566; x_wconf 90' lang='lat' dir='ltr'><strong>classis</strong></span> <span class='ocrx_word' id='word_1_420' title='bbox 2396 1511 2623 1581; x_wconf 90' lang='lat' dir='ltr'><strong>direpta</strong></span> <span class='ocrx_word' id='word_1_421' title='bbox 2656 1516 2770 1580; x_wconf 88' lang='lat' dir='ltr'><strong>est,</strong></span> <span class='ocrx_word' id='word_1_422' title='bbox 2804 1511 3076 1565; x_wconf 90' lang='lat' dir='ltr'><strong>omnibus</strong></span> <span class='ocrx_word' id='word_1_423' title='bbox 3101 1508 3197 1578; x_wconf 90' lang='lat' dir='ltr'><strong>qui</strong></span> <span class='ocrx_word' id='word_1_424' title='bbox 3223 1508 3277 1562; x_wconf 91' lang='lat' dir='ltr'><strong>in</strong></span> <span class='ocrx_word' id='word_1_425' title='bbox 3309 1522 3377 1563; x_wconf 91' lang='lat' dir='ltr'><strong>ea</strong></span> <span class='ocrx_word' id='word_1_426' title='bbox 3399 1510 3565 1562; x_wconf 88' lang='lat' dir='ltr'><strong>erant</strong></span> <span class='ocrx_word' id='word_1_427' title='bbox 3589 1506 3798 1561; x_wconf 87' lang='lat' dir='ltr'><strong>crude-</strong></span> 
     </span>
    </p>
   </div>
   <div class='ocr_carea' id='block_1_62' title="bbox 2152 1592 3795 1667">
    <p class='ocr_par' dir='ltr' id='par_1_62' title="bbox 2152 1592 3795 1667">
     <span class='ocr_line' id='line_1_62' title="bbox 2152 1592 3795 1667; baseline -0.002 -16"><span class='ocrx_word' id='word_1_428' title='bbox 2152 1596 2713 1653; x_wconf 81' lang='lat' dir='ltr'><strong>lissimetrucidatis.</strong></span> <span class='ocrx_word' id='word_1_429' title='bbox 2734 1597 2887 1653; x_wconf 90' lang='lat' dir='ltr'><strong>lbiet</strong></span> <span class='ocrx_word' id='word_1_430' title='bbox 2904 1595 3219 1667; x_wconf 91' lang='lat' dir='ltr'><strong>Pompeius</strong></span> <span class='ocrx_word' id='word_1_431' title='bbox 3244 1594 3545 1664; x_wconf 78' lang='lat' dir='ltr'><strong>Bythinius</strong></span> <span class='ocrx_word' id='word_1_432' title='bbox 3562 1592 3795 1649; x_wconf 88' lang='lat' dir='ltr'><strong>occisus</strong></span> 
     </span>
    </p>
   </div>
   <div class='ocr_carea' id='block_1_63' title="bbox 2152 1680 3795 1755">
    <p class='ocr_par' dir='ltr' id='par_1_63' title="bbox 2152 1680 3795 1755">
     <span class='ocr_line' id='line_1_63' title="bbox 2152 1680 3795 1755; baseline -0.003 -15"><span class='ocrx_word' id='word_1_433' title='bbox 2152 1690 2262 1755; x_wconf 91' lang='lat' dir='ltr'><strong>est,</strong></span> <span class='ocrx_word' id='word_1_434' title='bbox 2290 1685 2567 1741; x_wconf 91' lang='lat' dir='ltr'><strong>Lentulus</strong></span> <span class='ocrx_word' id='word_1_435' title='bbox 2610 1700 2746 1741; x_wconf 84' lang='lat' dir='ltr'><strong>vero</strong></span> <span class='ocrx_word' id='word_1_436' title='bbox 2794 1686 2882 1740; x_wconf 89' lang='lat' dir='ltr'><strong>vir</strong></span> <span class='ocrx_word' id='word_1_437' title='bbox 2929 1683 3253 1740; x_wconf 89' lang='lat' dir='ltr'><strong>consularis</strong></span> <span class='ocrx_word' id='word_1_438' title='bbox 3300 1681 3453 1754; x_wconf 90' lang='lat' dir='ltr'><strong>opud</strong></span> <span class='ocrx_word' id='word_1_439' title='bbox 3497 1680 3795 1737; x_wconf 90' lang='lat' dir='ltr'><strong>Pelusium</strong></span> 
     </span>
    </p>
   </div>
   <div class='ocr_carea' id='block_1_64' title="bbox 2152 1768 3794 1843">
    <p class='ocr_par' dir='ltr' id='par_1_64' title="bbox 2152 1768 3794 1843">
     <span class='ocr_line' id='line_1_64' title="bbox 2152 1768 3794 1843; baseline -0.002 -15"><span class='ocrx_word' id='word_1_440' title='bbox 2152 1773 2501 1830; x_wconf 76' lang='lat' dir='ltr'><strong>interfectus</strong></span> <span class='ocrx_word' id='word_1_441' title='bbox 2525 1778 2637 1830; x_wconf 88' lang='lat' dir='ltr'><strong>cst.</strong></span> <span class='ocrx_word' id='word_1_442' title='bbox 2666 1776 2878 1843; x_wconf 70' lang='lat' dir='ltr'><strong>Caesar,</strong></span> <span class='ocrx_word' id='word_1_443' title='bbox 2904 1771 3244 1843; x_wconf 90' lang='lat' dir='ltr'><strong>compositis</strong></span> <span class='ocrx_word' id='word_1_444' title='bbox 3267 1770 3419 1842; x_wconf 90' lang='lat' dir='ltr'><strong>apud</strong></span> <span class='ocrx_word' id='word_1_445' title='bbox 3441 1768 3794 1825; x_wconf 87' lang='lat' dir='ltr'><strong>Thessaliam</strong></span> 
     </span>
    </p>
   </div>
   <div class='ocr_carea' id='block_1_65' title="bbox 2153 1858 3796 1932">
    <p class='ocr_par' dir='ltr' id='par_1_65' title="bbox 2153 1858 3796 1932">
     <span class='ocr_line' id='line_1_65' title="bbox 2153 1858 3796 1932; baseline -0.002 -15"><span class='ocrx_word' id='word_1_446' title='bbox 2153 1864 2349 1932; x_wconf 89' lang='lat' dir='ltr'><strong>rebus,</strong></span> <span class='ocrx_word' id='word_1_447' title='bbox 2403 1862 2810 1919; x_wconf 79' lang='lat' dir='ltr'><strong>Alexandriam</strong></span> <span class='ocrx_word' id='word_1_448' title='bbox 2858 1862 3035 1929; x_wconf 90' lang='lat' dir='ltr'><strong>venit,</strong></span> <span class='ocrx_word' id='word_1_449' title='bbox 3091 1861 3187 1917; x_wconf 86' lang='lat' dir='ltr'><strong>ubi</strong></span> <span class='ocrx_word' id='word_1_450' title='bbox 3240 1858 3497 1915; x_wconf 88' lang='lat' dir='ltr'><strong>Achillas</strong></span> <span class='ocrx_word' id='word_1_451' title='bbox 3541 1858 3658 1915; x_wconf 89' lang='lat' dir='ltr'><strong>dux</strong></span> <span class='ocrx_word' id='word_1_452' title='bbox 3704 1872 3796 1914; x_wconf 92' lang='lat' dir='ltr'><strong>re-</strong></span> 
     </span>
    </p>
   </div>
   <div class='ocr_carea' id='block_1_66' title="bbox 2148 1948 3793 2022">
    <p class='ocr_par' dir='ltr' id='par_1_66' title="bbox 2148 1948 3793 2022">
     <span class='ocr_line' id='line_1_66' title="bbox 2148 1948 3793 2022; baseline -0.002 -16"><span class='ocrx_word' id='word_1_453' title='bbox 2148 1952 2278 2022; x_wconf 89' lang='lat' dir='ltr'><strong>gius</strong></span> <span class='ocrx_word' id='word_1_454' title='bbox 2306 1952 2396 2021; x_wconf 80' lang='grc'><strong>³³⁸,</strong></span> <span class='ocrx_word' id='word_1_455' title='bbox 2429 1952 2603 2008; x_wconf 91' lang='lat' dir='ltr'><strong>semel</strong></span> <span class='ocrx_word' id='word_1_456' title='bbox 2638 1952 2896 2008; x_wconf 90' lang='lat' dir='ltr'><strong>imbutus</strong></span> <span class='ocrx_word' id='word_1_457' title='bbox 2928 1949 3185 2020; x_wconf 88' lang='lat' dir='ltr'><strong>Pompeii</strong></span> <span class='ocrx_word' id='word_1_458' title='bbox 3216 1949 3517 2018; x_wconf 86' lang='lat' dir='ltr'><strong>sanguine,</strong></span> <span class='ocrx_word' id='word_1_459' title='bbox 3552 1948 3793 2004; x_wconf 66' lang='lat' dir='ltr'><strong>Caesaris</strong></span> 
     </span>
    </p>
   </div>
   <div class='ocr_carea' id='block_1_67' title="bbox 2150 2037 3791 2112">
    <p class='ocr_par' dir='ltr' id='par_1_67' title="bbox 2150 2037 3791 2112">
     <span class='ocr_line' id='line_1_67' title="bbox 2150 2037 3791 2112; baseline -0.003 -16"><span class='ocrx_word' id='word_1_460' title='bbox 2150 2055 2379 2112; x_wconf 89' lang='lat' dir='ltr'><strong>quoque</strong></span> <span class='ocrx_word' id='word_1_461' title='bbox 2411 2056 2609 2097; x_wconf 84' lang='lat' dir='ltr'><strong>necem</strong></span> <span class='ocrx_word' id='word_1_462' title='bbox 2643 2040 3050 2096; x_wconf 87' lang='lat' dir='ltr'><strong>meditabatur.</strong></span> <span class='ocrx_word' id='word_1_463' title='bbox 3081 2040 3219 2093; x_wconf 83' lang='lat' dir='ltr'><strong>Nam</strong></span> <span class='ocrx_word' id='word_1_464' title='bbox 3240 2039 3442 2108; x_wconf 92' lang='lat' dir='ltr'><strong>jussus</strong></span> <span class='ocrx_word' id='word_1_465' title='bbox 3463 2037 3791 2093; x_wconf 84' lang='lat' dir='ltr'><strong>exercitum</strong></span> 
     </span>
    </p>
   </div>
   <div class='ocr_carea' id='block_1_68' title="bbox 2147 2129 3788 2200">
    <p class='ocr_par' dir='ltr' id='par_1_68' title="bbox 2147 2129 3788 2200">
     <span class='ocr_line' id='line_1_68' title="bbox 2147 2129 3788 2200; baseline -0.004 -14"><span class='ocrx_word' id='word_1_466' title='bbox 2147 2130 2241 2186; x_wconf 89' lang='lat' dir='ltr'><strong>cui</strong></span> <span class='ocrx_word' id='word_1_467' title='bbox 2283 2134 2515 2200; x_wconf 90' lang='lat' dir='ltr'><strong>preerat</strong></span> <span class='ocrx_word' id='word_1_468' title='bbox 2547 2129 2844 2184; x_wconf 86' lang='lat' dir='ltr'><strong>dimittere</strong></span> <span class='ocrx_word' id='word_1_469' title='bbox 2870 2142 3052 2199; x_wconf 88' lang='lat' dir='ltr'><strong>prope</strong></span> <span class='ocrx_word' id='word_1_470' title='bbox 3074 2131 3252 2182; x_wconf 95' lang='lat'>20000</span> <span class='ocrx_word' id='word_1_471' title='bbox 3273 2130 3648 2195; x_wconf 89' lang='lat' dir='ltr'><strong>armatorum,</strong></span> <span class='ocrx_word' id='word_1_472' title='bbox 3676 2138 3788 2180; x_wconf 88' lang='lat' dir='ltr'><strong>non</strong></span> 
     </span>
    </p>
   </div>
   <div class='ocr_carea' id='block_1_69' title="bbox 2150 2213 3790 2289">
    <p class='ocr_par' dir='ltr' id='par_1_69' title="bbox 2150 2213 3790 2289">
     <span class='ocr_line' id='line_1_69' title="bbox 2150 2213 3790 2289; baseline -0.002 -16"><span class='ocrx_word' id='word_1_473' title='bbox 2150 2218 2319 2273; x_wconf 90' lang='lat' dir='ltr'><strong>modo</strong></span> <span class='ocrx_word' id='word_1_474' title='bbox 2348 2218 2593 2289; x_wconf 90' lang='lat' dir='ltr'><strong>sprevit,</strong></span> <span class='ocrx_word' id='word_1_475' title='bbox 2629 2233 2828 2273; x_wconf 86' lang='lat' dir='ltr'><strong>verum</strong></span> <span class='ocrx_word' id='word_1_476' title='bbox 2861 2217 3035 2272; x_wconf 89' lang='lat' dir='ltr'><strong>etiam</strong></span> <span class='ocrx_word' id='word_1_477' title='bbox 3070 2216 3251 2272; x_wconf 90' lang='lat' dir='ltr'><strong>aciem</strong></span> <span class='ocrx_word' id='word_1_478' title='bbox 3287 2214 3519 2269; x_wconf 87' lang='lat' dir='ltr'><strong>direxit.</strong></span> <span class='ocrx_word' id='word_1_479' title='bbox 3555 2215 3616 2268; x_wconf 89' lang='lat' dir='ltr'><strong>In</strong></span> <span class='ocrx_word' id='word_1_480' title='bbox 3662 2213 3790 2284; x_wconf 88' lang='lat' dir='ltr'><strong>ipso</strong></span> 
     </span>
    </p>
   </div>
   <div class='ocr_carea' id='block_1_70' title="bbox 2150 2302 3792 2378">
    <p class='ocr_par' dir='ltr' id='par_1_70' title="bbox 2150 2302 3792 2378">
     <span class='ocr_line' id='line_1_70' title="bbox 2150 2302 3792 2378; baseline -0.002 -17"><span class='ocrx_word' id='word_1_481' title='bbox 2150 2306 2351 2378; x_wconf 72' lang='lat' dir='ltr'><strong>przelio</strong></span> <span class='ocrx_word' id='word_1_482' title='bbox 2381 2306 2535 2375; x_wconf 87' lang='lat' dir='ltr'><strong>regia</strong></span> <span class='ocrx_word' id='word_1_483' title='bbox 2557 2306 2766 2362; x_wconf 89' lang='lat' dir='ltr'><strong>classis</strong></span> <span class='ocrx_word' id='word_1_484' title='bbox 2797 2306 2867 2362; x_wconf 90' lang='lat' dir='ltr'><strong>ad</strong></span> <span class='ocrx_word' id='word_1_485' title='bbox 2895 2309 3113 2360; x_wconf 89' lang='lat' dir='ltr'><strong>terram</strong></span> <span class='ocrx_word' id='word_1_486' title='bbox 3140 2302 3688 2371; x_wconf 87' lang='lat' dir='ltr'><strong>subductajubetur</strong></span> <span class='ocrx_word' id='word_1_487' title='bbox 3712 2302 3792 2358; x_wconf 88' lang='lat' dir='ltr'><strong>in-</strong></span> 
     </span>
    </p>
   </div>
   <div class='ocr_carea' id='block_1_71' title="bbox 2148 2390 3791 2471">
    <p class='ocr_par' dir='ltr' id='par_1_71' title="bbox 2148 2390 3791 2471">
     <span class='ocr_line' id='line_1_71' title="bbox 2148 2390 3791 2471; baseline -0.002 -21"><span class='ocrx_word' id='word_1_488' title='bbox 2148 2395 2337 2450; x_wconf 92' lang='lat' dir='ltr'><strong>cendi.</strong></span> <span class='ocrx_word' id='word_1_489' title='bbox 2374 2397 2450 2450; x_wconf 89' lang='lat' dir='ltr'><strong>Ea</strong></span> <span class='ocrx_word' id='word_1_490' title='bbox 2493 2396 2716 2450; x_wconf 82' lang='lat' dir='ltr'><strong>flamma</strong></span> <span class='ocrx_word' id='word_1_491' title='bbox 2748 2410 2877 2451; x_wconf 92' lang='lat' dir='ltr'><strong>cum</strong></span> <span class='ocrx_word' id='word_1_492' title='bbox 2909 2401 3133 2471; x_wconf 86' lang='lat' dir='ltr'><strong>partem</strong></span> <span class='ocrx_word' id='word_1_493' title='bbox 3167 2406 3397 2463; x_wconf 88' lang='lat' dir='ltr'><strong>quoque</strong></span> <span class='ocrx_word' id='word_1_494' title='bbox 3440 2390 3601 2446; x_wconf 89' lang='lat' dir='ltr'><strong>urbis</strong></span> <span class='ocrx_word' id='word_1_495' title='bbox 3632 2390 3791 2447; x_wconf 86' lang='lat' dir='ltr'><strong>inva-</strong></span> 
     </span>
    </p>
   </div>
   <div class='ocr_carea' id='block_1_72' title="bbox 2149 2480 3790 2553">
    <p class='ocr_par' dir='ltr' id='par_1_72' title="bbox 2149 2480 3790 2553">
     <span class='ocr_line' id='line_1_72' title="bbox 2149 2480 3790 2553; baseline -0.003 -14"><span class='ocrx_word' id='word_1_496' title='bbox 2149 2483 2342 2548; x_wconf 83' lang='lat' dir='ltr'><strong>sisset,</strong></span> <span class='ocrx_word' id='word_1_497' title='bbox 2364 2486 2597 2553; x_wconf 82' lang='grc'>400,000</span> <span class='ocrx_word' id='word_1_498' title='bbox 2619 2483 2899 2539; x_wconf 89' lang='lat' dir='ltr'><strong>librorum</strong></span> <span class='ocrx_word' id='word_1_499' title='bbox 2917 2482 3196 2553; x_wconf 88' lang='lat' dir='ltr'><strong>proximis</strong></span> <span class='ocrx_word' id='word_1_500' title='bbox 3226 2483 3375 2537; x_wconf 89' lang='lat' dir='ltr'><strong>forte</strong></span> <span class='ocrx_word' id='word_1_501' title='bbox 3404 2480 3636 2537; x_wconf 70' lang='lat' dir='ltr'><strong>aedibus</strong></span> <span class='ocrx_word' id='word_1_502' title='bbox 3652 2493 3790 2535; x_wconf 89' lang='lat' dir='ltr'><strong>cou-</strong></span> 
     </span>
    </p>
   </div>
   <div class='ocr_carea' id='block_1_73' title="bbox 2149 2568 3784 2643">
    <p class='ocr_par' dir='ltr' id='par_1_73' title="bbox 2149 2568 3784 2643">
     <span class='ocr_line' id='line_1_73' title="bbox 2149 2568 3784 2643; baseline -0.002 -16"><span class='ocrx_word' id='word_1_503' title='bbox 2149 2572 2268 2629; x_wconf 88' lang='lat' dir='ltr'><strong>dita</strong></span> <span class='ocrx_word' id='word_1_504' title='bbox 2292 2572 2537 2642; x_wconf 87' lang='lat' dir='ltr'><strong>exussit,</strong></span> <span class='ocrx_word' id='word_1_505' title='bbox 2566 2572 2861 2641; x_wconf 88' lang='lat' dir='ltr'><strong>singulare</strong></span> <span class='ocrx_word' id='word_1_506' title='bbox 2878 2573 3140 2643; x_wconf 85' lang='lat' dir='ltr'><strong>profecto</strong></span> <span class='ocrx_word' id='word_1_507' title='bbox 3166 2571 3579 2626; x_wconf 90' lang='lat' dir='ltr'><strong>monimentum</strong></span> <span class='ocrx_word' id='word_1_508' title='bbox 3602 2568 3784 2625; x_wconf 88' lang='lat' dir='ltr'><strong>studii</strong></span> 
     </span>
    </p>
   </div>
   <div class='ocr_carea' id='block_1_74' title="bbox 2148 2656 3787 2731">
    <p class='ocr_par' dir='ltr' id='par_1_74' title="bbox 2148 2656 3787 2731">
     <span class='ocr_line' id='line_1_74' title="bbox 2148 2656 3787 2731; baseline -0.004 -13"><span class='ocrx_word' id='word_1_509' title='bbox 2148 2676 2418 2731; x_wconf 63' lang='lat' dir='ltr'><strong>curasque</strong></span> <span class='ocrx_word' id='word_1_510' title='bbox 2451 2661 2747 2731; x_wconf 91' lang='lat' dir='ltr'><strong>majorum,</strong></span> <span class='ocrx_word' id='word_1_511' title='bbox 2785 2661 2880 2731; x_wconf 92' lang='lat' dir='ltr'><strong>qui</strong></span> <span class='ocrx_word' id='word_1_512' title='bbox 2918 2665 3004 2716; x_wconf 92' lang='lat' dir='ltr'><strong>tot</strong></span> <span class='ocrx_word' id='word_1_513' title='bbox 3040 2665 3315 2730; x_wconf 88' lang='lat' dir='ltr'><strong>tantaque</strong></span> <span class='ocrx_word' id='word_1_514' title='bbox 3347 2658 3663 2715; x_wconf 90' lang='lat' dir='ltr'><strong>illustrium</strong></span> <span class='ocrx_word' id='word_1_515' title='bbox 3705 2656 3787 2712; x_wconf 85' lang='lat' dir='ltr'><strong>in-</strong></span> 
     </span>
    </p>
   </div>
   <div class='ocr_carea' id='block_1_75' title="bbox 2146 2747 3788 2821">
    <p class='ocr_par' dir='ltr' id='par_1_75' title="bbox 2146 2747 3788 2821">
     <span class='ocr_line' id='line_1_75' title="bbox 2146 2747 3788 2821; baseline -0.002 -15"><span class='ocrx_word' id='word_1_516' title='bbox 2146 2751 2448 2819; x_wconf 89' lang='lat' dir='ltr'><strong>geniorum</strong></span> <span class='ocrx_word' id='word_1_517' title='bbox 2483 2765 2660 2821; x_wconf 88' lang='lat' dir='ltr'><strong>opera</strong></span> <span class='ocrx_word' id='word_1_518' title='bbox 2690 2754 3128 2819; x_wconf 84' lang='lat' dir='ltr'><strong>congesserant.</strong></span> <span class='ocrx_word' id='word_1_519' title='bbox 3165 2751 3380 2805; x_wconf 90' lang='lat' dir='ltr'><strong>Postea</strong></span> <span class='ocrx_word' id='word_1_520' title='bbox 3409 2749 3599 2804; x_wconf 71' lang='lat' dir='ltr'><strong>Czesar</strong></span> <span class='ocrx_word' id='word_1_521' title='bbox 3632 2747 3788 2802; x_wconf 90' lang='lat' dir='ltr'><strong>insu-</strong></span> 
     </span>
    </p>
   </div>
   <div class='ocr_carea' id='block_1_76' title="bbox 2150 2835 3789 2909">
    <p class='ocr_par' dir='ltr' id='par_1_76' title="bbox 2150 2835 3789 2909">
     <span class='ocr_line' id='line_1_76' title="bbox 2150 2835 3789 2909; baseline -0.002 -16"><span class='ocrx_word' id='word_1_522' title='bbox 2150 2839 2263 2894; x_wconf 88' lang='lat' dir='ltr'><strong>lam</strong></span> <span class='ocrx_word' id='word_1_523' title='bbox 2295 2839 2388 2895; x_wconf 88' lang='lat' dir='ltr'><strong>uhi</strong></span> <span class='ocrx_word' id='word_1_524' title='bbox 2422 2840 2647 2895; x_wconf 90' lang='lat' dir='ltr'><strong>Pharus</strong></span> <span class='ocrx_word' id='word_1_525' title='bbox 2679 2843 2768 2894; x_wconf 91' lang='lat' dir='ltr'><strong>est</strong></span> <span class='ocrx_word' id='word_1_526' title='bbox 2803 2839 2953 2909; x_wconf 90' lang='lat' dir='ltr'><strong>cepit</strong></span> <span class='ocrx_word' id='word_1_527' title='bbox 2991 2857 3005 2906; x_wconf 89' lang='lat'><strong>;</strong></span> <span class='ocrx_word' id='word_1_528' title='bbox 3040 2853 3108 2894; x_wconf 91' lang='lat' dir='ltr'><strong>eo</strong></span> <span class='ocrx_word' id='word_1_529' title='bbox 3142 2837 3398 2894; x_wconf 81' lang='lat' dir='ltr'><strong>Achillas</strong></span> <span class='ocrx_word' id='word_1_530' title='bbox 3441 2852 3572 2893; x_wconf 89' lang='lat' dir='ltr'><strong>cum</strong></span> <span class='ocrx_word' id='word_1_531' title='bbox 3622 2835 3789 2891; x_wconf 89' lang='lat' dir='ltr'><strong>Gabi-</strong></span> 
     </span>
    </p>
   </div>
   <div class='ocr_carea' id='block_1_77' title="bbox 2150 2926 3785 2999">
    <p class='ocr_par' dir='ltr' id='par_1_77' title="bbox 2150 2926 3785 2999">
     <span class='ocr_line' id='line_1_77' title="bbox 2150 2926 3785 2999; baseline -0.002 -16"><span class='ocrx_word' id='word_1_532' title='bbox 2150 2928 2340 2984; x_wconf 91' lang='lat' dir='ltr'><strong>nianis</strong></span> <span class='ocrx_word' id='word_1_533' title='bbox 2374 2927 2656 2983; x_wconf 89' lang='lat' dir='ltr'><strong>militibus</strong></span> <span class='ocrx_word' id='word_1_534' title='bbox 2688 2929 2883 2992; x_wconf 91' lang='lat' dir='ltr'><strong>venit;</strong></span> <span class='ocrx_word' id='word_1_535' title='bbox 2913 2927 3114 2997; x_wconf 86' lang='lat' dir='ltr'><strong>ingens</strong></span> <span class='ocrx_word' id='word_1_536' title='bbox 3138 2941 3325 2999; x_wconf 85' lang='lat' dir='ltr'><strong>pugna</strong></span> <span class='ocrx_word' id='word_1_537' title='bbox 3350 2926 3785 2993; x_wconf 90' lang='lat' dir='ltr'><strong>commissaest,</strong></span> 
     </span>
    </p>
   </div>
   <div class='ocr_carea' id='block_1_78' title="bbox 2151 3013 3794 3085">
    <p class='ocr_par' dir='ltr' id='par_1_78' title="bbox 2151 3013 3794 3085">
     <span class='ocr_line' id='line_1_78' title="bbox 2151 3013 3794 3085; baseline -0.001 -14"><span class='ocrx_word' id='word_1_538' title='bbox 2151 3032 2354 3085; x_wconf 88' lang='lat' dir='ltr'><strong>magna</strong></span> <span class='ocrx_word' id='word_1_539' title='bbox 2390 3016 2469 3072; x_wconf 91' lang='lat' dir='ltr'><strong>ibi</strong></span> <span class='ocrx_word' id='word_1_540' title='bbox 2503 3018 2958 3073; x_wconf 71' lang='lat' dir='ltr'><strong>Czesarianorum</strong></span> <span class='ocrx_word' id='word_1_541' title='bbox 2993 3015 3237 3071; x_wconf 89' lang='lat' dir='ltr'><strong>militum</strong></span> <span class='ocrx_word' id='word_1_542' title='bbox 3271 3014 3583 3071; x_wconf 90' lang='lat' dir='ltr'><strong>multitudo</strong></span> <span class='ocrx_word' id='word_1_543' title='bbox 3640 3013 3794 3069; x_wconf 89' lang='lat' dir='ltr'><strong>ceci-</strong></span> 
     </span>
    </p>
   </div>
   <div class='ocr_carea' id='block_1_79' title="bbox 2151 3102 3789 3176">
    <p class='ocr_par' dir='ltr' id='par_1_79' title="bbox 2151 3102 3789 3176">
     <span class='ocr_line' id='line_1_79' title="bbox 2151 3102 3789 3176; baseline -0.001 -16"><span class='ocrx_word' id='word_1_544' title='bbox 2151 3105 2255 3176; x_wconf 91' lang='lat' dir='ltr'><strong>dit,</strong></span> <span class='ocrx_word' id='word_1_545' title='bbox 2293 3121 2493 3161; x_wconf 91' lang='lat' dir='ltr'><strong>omnes</strong></span> <span class='ocrx_word' id='word_1_546' title='bbox 2524 3106 2698 3161; x_wconf 90' lang='lat' dir='ltr'><strong>etiam</strong></span> <span class='ocrx_word' id='word_1_547' title='bbox 2733 3106 3143 3161; x_wconf 87' lang='lat' dir='ltr'><strong>interfectores</strong></span> <span class='ocrx_word' id='word_1_548' title='bbox 3184 3104 3440 3175; x_wconf 91' lang='lat' dir='ltr'><strong>Pompeii</strong></span> <span class='ocrx_word' id='word_1_549' title='bbox 3494 3102 3789 3158; x_wconf 88' lang='lat' dir='ltr'><strong>interfecti</strong></span> 
     </span>
    </p>
   </div>
   <div class='ocr_carea' id='block_1_80' title="bbox 2150 3192 3795 3265">
    <p class='ocr_par' dir='ltr' id='par_1_80' title="bbox 2150 3192 3795 3265">
     <span class='ocr_line' id='line_1_80' title="bbox 2150 3192 3795 3265; baseline -0.001 -15"><span class='ocrx_word' id='word_1_550' title='bbox 2150 3194 2306 3250; x_wconf 88' lang='lat' dir='ltr'><strong>sunt.</strong></span> <span class='ocrx_word' id='word_1_551' title='bbox 2342 3196 2531 3250; x_wconf 78' lang='lat' dir='ltr'><strong>Caesar</strong></span> <span class='ocrx_word' id='word_1_552' title='bbox 2564 3209 2792 3265; x_wconf 86' lang='lat' dir='ltr'><strong>quoque</strong></span> <span class='ocrx_word' id='word_1_553' title='bbox 2820 3195 2875 3250; x_wconf 90' lang='lat' dir='ltr'><strong>vi</strong></span> <span class='ocrx_word' id='word_1_554' title='bbox 2908 3194 3302 3249; x_wconf 89' lang='lat' dir='ltr'><strong>insistentium</strong></span> <span class='ocrx_word' id='word_1_555' title='bbox 3337 3192 3589 3248; x_wconf 89' lang='lat' dir='ltr'><strong>hostium</strong></span> <span class='ocrx_word' id='word_1_556' title='bbox 3631 3205 3795 3262; x_wconf 88' lang='lat' dir='ltr'><strong>pres-</strong></span> 
     </span>
    </p>
   </div>
   <div class='ocr_carea' id='block_1_81' title="bbox 2148 3280 3796 3354">
    <p class='ocr_par' dir='ltr' id='par_1_81' title="bbox 2148 3280 3796 3354">
     <span class='ocr_line' id='line_1_81' title="bbox 2148 3280 3796 3354; baseline -0.001 -16"><span class='ocrx_word' id='word_1_557' title='bbox 2148 3297 2269 3353; x_wconf 91' lang='lat' dir='ltr'><strong>sus,</strong></span> <span class='ocrx_word' id='word_1_558' title='bbox 2306 3284 2575 3354; x_wconf 88' lang='lat' dir='ltr'><strong>scapham</strong></span> <span class='ocrx_word' id='word_1_559' title='bbox 2608 3283 2893 3339; x_wconf 89' lang='lat' dir='ltr'><strong>ascendit.</strong></span> <span class='ocrx_word' id='word_1_560' title='bbox 2948 3283 3067 3348; x_wconf 87' lang='lat' dir='ltr'><strong>Qua</strong></span> <span class='ocrx_word' id='word_1_561' title='bbox 3102 3297 3233 3338; x_wconf 90' lang='lat' dir='ltr'><strong>mox</strong></span> <span class='ocrx_word' id='word_1_562' title='bbox 3283 3281 3541 3353; x_wconf 87' lang='lat' dir='ltr'><strong>pondere</strong></span> <span class='ocrx_word' id='word_1_563' title='bbox 3589 3280 3796 3337; x_wconf 85' lang='lat' dir='ltr'><strong>subse-</strong></span> 
     </span>
    </p>
   </div>
   <div class='ocr_carea' id='block_1_82' title="bbox 2151 3366 3792 3439">
    <p class='ocr_par' dir='ltr' id='par_1_82' title="bbox 2151 3366 3792 3439">
     <span class='ocr_line' id='line_1_82' title="bbox 2151 3366 3792 3439; baseline 0 -17"><span class='ocrx_word' id='word_1_564' title='bbox 2151 3369 2450 3438; x_wconf 89' lang='lat' dir='ltr'><strong>quentium</strong></span> <span class='ocrx_word' id='word_1_565' title='bbox 2482 3374 2721 3438; x_wconf 86' lang='lat' dir='ltr'><strong>gravata</strong></span> <span class='ocrx_word' id='word_1_566' title='bbox 2754 3383 2816 3425; x_wconf 88' lang='lat' dir='ltr'><strong>ac</strong></span> <span class='ocrx_word' id='word_1_567' title='bbox 2850 3382 3059 3438; x_wconf 87' lang='lat' dir='ltr'><strong>mersa,</strong></span> <span class='ocrx_word' id='word_1_568' title='bbox 3096 3382 3197 3439; x_wconf 89' lang='lat' dir='ltr'><strong>per</strong></span> <span class='ocrx_word' id='word_1_569' title='bbox 3236 3366 3524 3423; x_wconf 86' lang='lat' dir='ltr'><strong>ducentos</strong></span> <span class='ocrx_word' id='word_1_570' title='bbox 3577 3380 3792 3437; x_wconf 89' lang='lat' dir='ltr'><strong>passus</strong></span> 
     </span>
    </p>
   </div>
   <div class='ocr_carea' id='block_1_83' title="bbox 2150 3455 3787 3528">
    <p class='ocr_par' dir='ltr' id='par_1_83' title="bbox 2150 3455 3787 3528">
     <span class='ocr_line' id='line_1_83' title="bbox 2150 3455 3787 3528; baseline -0.001 -17"><span class='ocrx_word' id='word_1_571' title='bbox 2150 3456 2219 3511; x_wconf 91' lang='lat' dir='ltr'><strong>ad</strong></span> <span class='ocrx_word' id='word_1_572' title='bbox 2249 3456 2456 3526; x_wconf 90' lang='lat' dir='ltr'><strong>navim,</strong></span> <span class='ocrx_word' id='word_1_573' title='bbox 2494 3472 2604 3512; x_wconf 87' lang='lat' dir='ltr'><strong>una</strong></span> <span class='ocrx_word' id='word_1_574' title='bbox 2637 3472 2803 3513; x_wconf 87' lang='lat' dir='ltr'><strong>manu</strong></span> <span class='ocrx_word' id='word_1_575' title='bbox 2836 3458 3084 3527; x_wconf 90' lang='lat' dir='ltr'><strong>elevata,</strong></span> <span class='ocrx_word' id='word_1_576' title='bbox 3121 3472 3231 3528; x_wconf 90' lang='lat' dir='ltr'><strong>qua</strong></span> <span class='ocrx_word' id='word_1_577' title='bbox 3280 3462 3476 3512; x_wconf 88' lang='lat' dir='ltr'><strong>cartas</strong></span> <span class='ocrx_word' id='word_1_578' title='bbox 3523 3455 3787 3525; x_wconf 89' lang='lat' dir='ltr'><strong>tenebat,</strong></span> 
     </span>
    </p>
   </div>
   <div class='ocr_carea' id='block_1_84' title="bbox 2149 3543 3785 3616">
    <p class='ocr_par' dir='ltr' id='par_1_84' title="bbox 2149 3543 3785 3616">
     <span class='ocr_line' id='line_1_84' title="bbox 2149 3543 3785 3616; baseline 0.001 -17"><span class='ocrx_word' id='word_1_579' title='bbox 2149 3545 2401 3601; x_wconf 90' lang='lat' dir='ltr'><strong>natando</strong></span> <span class='ocrx_word' id='word_1_580' title='bbox 2436 3546 2721 3616; x_wconf 84' lang='lat' dir='ltr'><strong>pervenit.</strong></span> <span class='ocrx_word' id='word_1_581' title='bbox 2757 3548 2884 3601; x_wconf 85' lang='lat' dir='ltr'><strong>Mox</strong></span> <span class='ocrx_word' id='word_1_582' title='bbox 2914 3546 3103 3603; x_wconf 90' lang='lat' dir='ltr'><strong>navali</strong></span> <span class='ocrx_word' id='word_1_583' title='bbox 3145 3546 3464 3601; x_wconf 88' lang='lat' dir='ltr'><strong>certamine</strong></span> <span class='ocrx_word' id='word_1_584' title='bbox 3495 3543 3785 3616; x_wconf 88' lang='lat' dir='ltr'><strong>pulsatus,</strong></span> 
     </span>
    </p>
   </div>
   <div class='ocr_carea' id='block_1_85' title="bbox 2149 3633 3786 3706">
    <p class='ocr_par' dir='ltr' id='par_1_85' title="bbox 2149 3633 3786 3706">
     <span class='ocr_line' id='line_1_85' title="bbox 2149 3633 3786 3706; baseline -0.001 -19"><span class='ocrx_word' id='word_1_585' title='bbox 2149 3648 2349 3703; x_wconf 86' lang='lat' dir='ltr'><strong>magna</strong></span> <span class='ocrx_word' id='word_1_586' title='bbox 2387 3634 2666 3689; x_wconf 86' lang='lat' dir='ltr'><strong>felicitate</strong></span> <span class='ocrx_word' id='word_1_587' title='bbox 2688 3634 2932 3691; x_wconf 81' lang='lat' dir='ltr'><strong>classem</strong></span> <span class='ocrx_word' id='word_1_588' title='bbox 2969 3635 3181 3704; x_wconf 86' lang='lat' dir='ltr'><strong>regiam</strong></span> <span class='ocrx_word' id='word_1_589' title='bbox 3216 3638 3313 3690; x_wconf 92' lang='lat' dir='ltr'><strong>aut</strong></span> <span class='ocrx_word' id='word_1_590' title='bbox 3345 3633 3641 3706; x_wconf 85' lang='lat' dir='ltr'><strong>depressit</strong></span> <span class='ocrx_word' id='word_1_591' title='bbox 3686 3635 3786 3687; x_wconf 87' lang='lat' dir='ltr'><strong>aut</strong></span> 
     </span>
    </p>
   </div>
   <div class='ocr_carea' id='block_1_86' title="bbox 2147 3721 3787 3794">
    <p class='ocr_par' dir='ltr' id='par_1_86' title="bbox 2147 3721 3787 3794">
     <span class='ocr_line' id='line_1_86' title="bbox 2147 3721 3787 3794; baseline 0 -18"><span class='ocrx_word' id='word_1_592' title='bbox 2147 3722 2318 3792; x_wconf 91' lang='lat' dir='ltr'><strong>cepit.</strong></span> <span class='ocrx_word' id='word_1_593' title='bbox 2356 3721 2761 3778; x_wconf 87' lang='lat' dir='ltr'><strong>Alexandrinis</strong></span> <span class='ocrx_word' id='word_1_594' title='bbox 2797 3724 3133 3794; x_wconf 90' lang='lat' dir='ltr'><strong>petentibus</strong></span> <span class='ocrx_word' id='word_1_595' title='bbox 3156 3737 3350 3792; x_wconf 87' lang='lat' dir='ltr'><strong>regem</strong></span> <span class='ocrx_word' id='word_1_596' title='bbox 3370 3721 3642 3790; x_wconf 88' lang='lat' dir='ltr'><strong>reddidit,</strong></span> <span class='ocrx_word' id='word_1_597' title='bbox 3668 3735 3787 3776; x_wconf 86' lang='lat' dir='ltr'><strong>mo-</strong></span> 
     </span>
    </p>
   </div>
   <div class='ocr_carea' id='block_1_87' title="bbox 2147 3809 3785 3881">
    <p class='ocr_par' dir='ltr' id='par_1_87' title="bbox 2147 3809 3785 3881">
     <span class='ocr_line' id='line_1_87' title="bbox 2147 3809 3785 3881; baseline 0.001 -18"><span class='ocrx_word' id='word_1_598' title='bbox 2147 3809 2329 3865; x_wconf 91' lang='lat' dir='ltr'><strong>nitum</strong></span> <span class='ocrx_word' id='word_1_599' title='bbox 2364 3815 2425 3866; x_wconf 90' lang='lat' dir='ltr'><strong>ut</strong></span> <span class='ocrx_word' id='word_1_600' title='bbox 2454 3811 2634 3880; x_wconf 87' lang='lat' dir='ltr'><strong>magis</strong></span> <span class='ocrx_word' id='word_1_601' title='bbox 2674 3811 2993 3867; x_wconf 90' lang='lat' dir='ltr'><strong>amiciciam</strong></span> <span class='ocrx_word' id='word_1_602' title='bbox 3046 3813 3357 3867; x_wconf 80' lang='lat' dir='ltr'><strong>Romanam</strong></span> <span class='ocrx_word' id='word_1_603' title='bbox 3407 3824 3576 3881; x_wconf 88' lang='lat' dir='ltr'><strong>quam</strong></span> <span class='ocrx_word' id='word_1_604' title='bbox 3625 3823 3785 3865; x_wconf 87' lang='lat' dir='ltr'><strong>arma</strong></span> 
     </span>
    </p>
   </div>
   <div class='ocr_carea' id='block_1_88' title="bbox 2147 3898 3789 3971">
    <p class='ocr_par' dir='ltr' id='par_1_88' title="bbox 2147 3898 3789 3971">
     <span class='ocr_line' id='line_1_88' title="bbox 2147 3898 3789 3971; baseline 0 -18"><span class='ocrx_word' id='word_1_605' title='bbox 2147 3899 2401 3969; x_wconf 87' lang='lat' dir='ltr'><strong>experiri</strong></span> <span class='ocrx_word' id='word_1_606' title='bbox 2433 3900 2697 3956; x_wconf 90' lang='lat' dir='ltr'><strong>studeret</strong></span> <span class='ocrx_word' id='word_1_607' title='bbox 2726 3900 2811 3955; x_wconf 66' lang='lat'><strong>35°.</strong></span> <span class='ocrx_word' id='word_1_608' title='bbox 2842 3900 2945 3966; x_wconf 88' lang='lat' dir='ltr'><strong>Qui</strong></span> <span class='ocrx_word' id='word_1_609' title='bbox 2982 3906 3194 3971; x_wconf 89' lang='lat' dir='ltr'><strong>tamen,</strong></span> <span class='ocrx_word' id='word_1_610' title='bbox 3231 3900 3363 3957; x_wconf 90' lang='lat' dir='ltr'><strong>ilico</strong></span> <span class='ocrx_word' id='word_1_611' title='bbox 3393 3906 3457 3956; x_wconf 91' lang='lat' dir='ltr'><strong>ut</strong></span> <span class='ocrx_word' id='word_1_612' title='bbox 3494 3898 3638 3955; x_wconf 89' lang='lat' dir='ltr'><strong>liber</strong></span> <span class='ocrx_word' id='word_1_613' title='bbox 3660 3898 3789 3963; x_wconf 88' lang='lat' dir='ltr'><strong>fuit,</strong></span> 
     </span>
    </p>
   </div>
   <div class='ocr_carea' id='block_1_89' title="bbox 2149 3987 3790 4057">
    <p class='ocr_par' dir='ltr' id='par_1_89' title="bbox 2149 3987 3790 4057">
     <span class='ocr_line' id='line_1_89' title="bbox 2149 3987 3790 4057; baseline -0.001 -12"><span class='ocrx_word' id='word_1_614' title='bbox 2149 3987 2361 4045; x_wconf 88' lang='lat' dir='ltr'><strong>bellum</strong></span> <span class='ocrx_word' id='word_1_615' title='bbox 2388 3989 2604 4057; x_wconf 91' lang='lat' dir='ltr'><strong>intulit,</strong></span> <span class='ocrx_word' id='word_1_616' title='bbox 2633 3991 2735 4046; x_wconf 93' lang='lat' dir='ltr'><strong>sed</strong></span> <span class='ocrx_word' id='word_1_617' title='bbox 2758 3990 3035 4046; x_wconf 89' lang='lat' dir='ltr'><strong>continuo</strong></span> <span class='ocrx_word' id='word_1_618' title='bbox 3058 4006 3187 4046; x_wconf 91' lang='lat' dir='ltr'><strong>cum</strong></span> <span class='ocrx_word' id='word_1_619' title='bbox 3220 3994 3343 4046; x_wconf 88' lang='lat' dir='ltr'><strong>toto</strong></span> <span class='ocrx_word' id='word_1_620' title='bbox 3368 3989 3636 4045; x_wconf 86' lang='lat' dir='ltr'><strong>exercitu</strong></span> <span class='ocrx_word' id='word_1_621' title='bbox 3681 4003 3790 4044; x_wconf 92' lang='lat' dir='ltr'><strong>suo</strong></span> 
     </span>
    </p>
   </div>
   <div class='ocr_carea' id='block_1_90' title="bbox 2147 4077 3790 4148">
    <p class='ocr_par' dir='ltr' id='par_1_90' title="bbox 2147 4077 3790 4148">
     <span class='ocr_line' id='line_1_90' title="bbox 2147 4077 3790 4148; baseline -0.001 -16"><span class='ocrx_word' id='word_1_622' title='bbox 2147 4082 2204 4132; x_wconf 91' lang='lat' dir='ltr'><strong>et</strong></span> <span class='ocrx_word' id='word_1_623' title='bbox 2231 4078 2357 4148; x_wconf 89' lang='lat' dir='ltr'><strong>ipse</strong></span> <span class='ocrx_word' id='word_1_624' title='bbox 2386 4078 2616 4134; x_wconf 91' lang='lat' dir='ltr'><strong>deletus</strong></span> <span class='ocrx_word' id='word_1_625' title='bbox 2645 4083 2755 4134; x_wconf 88' lang='lat' dir='ltr'><strong>est.</strong></span> <span class='ocrx_word' id='word_1_626' title='bbox 2785 4080 2921 4134; x_wconf 83' lang='lat' dir='ltr'><strong>Nam</strong></span> <span class='ocrx_word' id='word_1_627' title='bbox 2953 4085 3015 4133; x_wconf 88' lang='lat' dir='ltr'><strong>ct</strong></span> <span class='ocrx_word' id='word_1_628' title='bbox 3042 4083 3220 4135; x_wconf 90' lang='lat'>20000</span> <span class='ocrx_word' id='word_1_629' title='bbox 3266 4078 3560 4135; x_wconf 89' lang='lat' dir='ltr'><strong>hominum</strong></span> <span class='ocrx_word' id='word_1_630' title='bbox 3615 4077 3671 4131; x_wconf 88' lang='lat' dir='ltr'><strong>in</strong></span> <span class='ocrx_word' id='word_1_631' title='bbox 3720 4090 3790 4132; x_wconf 92' lang='lat' dir='ltr'><strong>eo</strong></span> 
     </span>
    </p>
   </div>
   <div class='ocr_carea' id='block_1_91' title="bbox 2148 4164 3791 4237">
    <p class='ocr_par' dir='ltr' id='par_1_91' title="bbox 2148 4164 3791 4237">
     <span class='ocr_line' id='line_1_91' title="bbox 2148 4164 3791 4237; baseline -0.001 -17"><span class='ocrx_word' id='word_1_632' title='bbox 2148 4165 2302 4222; x_wconf 91' lang='lat' dir='ltr'><strong>bello</strong></span> <span class='ocrx_word' id='word_1_633' title='bbox 2333 4168 2669 4223; x_wconf 87' lang='lat' dir='ltr'><strong>referuntur</strong></span> <span class='ocrx_word' id='word_1_634' title='bbox 2689 4182 2860 4236; x_wconf 64' lang='lat' dir='ltr'><strong>caesa,</strong></span> <span class='ocrx_word' id='word_1_635' title='bbox 2898 4172 3073 4223; x_wconf 83' lang='lat'>12000</span> <span class='ocrx_word' id='word_1_636' title='bbox 3090 4183 3219 4224; x_wconf 90' lang='lat' dir='ltr'><strong>cum</strong></span> <span class='ocrx_word' id='word_1_637' title='bbox 3244 4166 3523 4237; x_wconf 88' lang='lat' dir='ltr'><strong>7010ngis</strong></span> <span class='ocrx_word' id='word_1_638' title='bbox 3546 4164 3791 4221; x_wconf 84' lang='lat' dir='ltr'><strong>navibus</strong></span> 
     </span>
    </p>
   </div>
   <div class='ocr_carea' id='block_1_92' title="bbox 2147 4253 3786 4326">
    <p class='ocr_par' dir='ltr' id='par_1_92' title="bbox 2147 4253 3786 4326">
     <span class='ocr_line' id='line_1_92' title="bbox 2147 4253 3786 4326; baseline 0.001 -17"><span class='ocrx_word' id='word_1_639' title='bbox 2147 4253 2364 4326; x_wconf 91' lang='lat' dir='ltr'><strong>dedita,</strong></span> <span class='ocrx_word' id='word_1_640' title='bbox 2400 4255 2708 4325; x_wconf 85' lang='lat' dir='ltr'><strong>Quingenti</strong></span> <span class='ocrx_word' id='word_1_641' title='bbox 2738 4271 2809 4312; x_wconf 90' lang='lat' dir='ltr'><strong>ex</strong></span> <span class='ocrx_word' id='word_1_642' title='bbox 2831 4256 3157 4313; x_wconf 84' lang='lat' dir='ltr'><strong>victoribus</strong></span> <span class='ocrx_word' id='word_1_643' title='bbox 3181 4256 3465 4313; x_wconf 91' lang='lat' dir='ltr'><strong>cecidisse</strong></span> <span class='ocrx_word' id='word_1_644' title='bbox 3489 4255 3786 4311; x_wconf 87' lang='lat' dir='ltr'><strong>dicuntur.</strong></span> 
     </span>
    </p>
   </div>
   <div class='ocr_carea' id='block_1_93' title="bbox 2148 4342 3786 4417">
    <p class='ocr_par' dir='ltr' id='par_1_93' title="bbox 2148 4342 3786 4417">
     <span class='ocr_line' id='line_1_93' title="bbox 2148 4342 3786 4417; baseline 0 -20"><span class='ocrx_word' id='word_1_645' title='bbox 2148 4343 2267 4397; x_wconf 81' lang='lat' dir='ltr'><strong>Rex</strong></span> <span class='ocrx_word' id='word_1_646' title='bbox 2299 4342 2424 4414; x_wconf 90' lang='lat' dir='ltr'><strong>ipse</strong></span> <span class='ocrx_word' id='word_1_647' title='bbox 2455 4342 2802 4400; x_wconf 87' lang='lat' dir='ltr'><strong>adolescens</strong></span> <span class='ocrx_word' id='word_1_648' title='bbox 2833 4344 3047 4415; x_wconf 88' lang='lat' dir='ltr'><strong>scapha</strong></span> <span class='ocrx_word' id='word_1_649' title='bbox 3079 4349 3385 4417; x_wconf 87' lang='lat' dir='ltr'><strong>exceptus,</strong></span> <span class='ocrx_word' id='word_1_650' title='bbox 3421 4348 3484 4400; x_wconf 93' lang='lat' dir='ltr'><strong>ut</strong></span> <span class='ocrx_word' id='word_1_651' title='bbox 3536 4344 3786 4412; x_wconf 87' lang='lat' dir='ltr'><strong>fugeret,</strong></span> 
     </span>
    </p>
   </div>
   <div class='ocr_carea' id='block_1_94' title="bbox 2147 4430 3791 4503">
    <p class='ocr_par' dir='ltr' id='par_1_94' title="bbox 2147 4430 3791 4503">
     <span class='ocr_line' id='line_1_94' title="bbox 2147 4430 3791 4503; baseline 0.002 -18"><span class='ocrx_word' id='word_1_652' title='bbox 2147 4430 2348 4486; x_wconf 90' lang='lat' dir='ltr'><strong>multis</strong></span> <span class='ocrx_word' id='word_1_653' title='bbox 2367 4430 3016 4502; x_wconf 72' lang='lat' dir='ltr'><strong>insilientibus,mersu~:</strong></span> <span class='ocrx_word' id='word_1_654' title='bbox 3039 4436 3400 4503; x_wconf 89' lang='lat' dir='ltr'><strong>necatusque</strong></span> <span class='ocrx_word' id='word_1_655' title='bbox 3433 4436 3519 4488; x_wconf 88' lang='lat' dir='ltr'><strong>est</strong></span> <span class='ocrx_word' id='word_1_656' title='bbox 3540 4444 3791 4503; x_wconf 87' lang='lat' dir='ltr'><strong>;eorpus</strong></span> 
     </span>
    </p>
   </div>
   <div class='ocr_carea' id='block_1_95' title="bbox 391 4514 3794 4595">
    <p class='ocr_par' dir='ltr' id='par_1_95' title="bbox 391 4514 3794 4595">
     <span class='ocr_line' id='line_1_95' title="bbox 391 4514 3794 4595; baseline -0.001 -16"><span class='ocrx_word' id='word_1_657' title='bbox 391 4523 556 4595; x_wconf 85' lang='lat' dir='ltr'><strong>ginta</strong></span> <span class='ocrx_word' id='word_1_658' title='bbox 586 4525 724 4578; x_wconf 91' lang='lat' dir='ltr'><strong>octo</strong></span> <span class='ocrx_word' id='word_1_659' title='bbox 756 4518 1053 4588; x_wconf 85' lang='lat' dir='ltr'><strong>cohortes,</strong></span> <span class='ocrx_word' id='word_1_660' title='bbox 1088 4515 1347 4587; x_wconf 90' lang='lat' dir='ltr'><strong>peditum</strong></span> <span class='ocrx_word' id='word_1_661' title='bbox 1378 4514 1509 4588; x_wconf 92' lang='lat' dir='ltr'><strong>plus</strong></span> <span class='ocrx_word' id='word_1_662' title='bbox 1541 4530 1710 4586; x_wconf 90' lang='lat' dir='ltr'><strong>quam</strong></span> <span class='ocrx_word' id='word_1_663' title='bbox 1744 4518 1919 4572; x_wconf 87' lang='grc'>40000</span> <span class='ocrx_word' id='word_1_664' title='bbox 1943 4516 2033 4590; x_wconf 80' lang='grc'><strong>³⁸⁷,</strong></span> <span class='ocrx_word' id='word_1_665' title='bbox 2062 4523 2116 4585; x_wconf 90' lang='lat' dir='ltr'><strong>D</strong></span> <span class='ocrx_word' id='word_1_666' title='bbox 2146 4520 2273 4590; x_wconf 89' lang='lat' dir='ltr'><strong>ejus</strong></span> <span class='ocrx_word' id='word_1_667' title='bbox 2304 4520 2373 4576; x_wconf 89' lang='lat' dir='ltr'><strong>ad</strong></span> <span class='ocrx_word' id='word_1_668' title='bbox 2405 4520 2547 4577; x_wconf 92' lang='lat' dir='ltr'><strong>litus</strong></span> <span class='ocrx_word' id='word_1_669' title='bbox 2582 4520 2941 4590; x_wconf 88' lang='lat' dir='ltr'><strong>devolutum,</strong></span> <span class='ocrx_word' id='word_1_670' title='bbox 2975 4520 3187 4577; x_wconf 90' lang='lat' dir='ltr'><strong>indicio</strong></span> <span class='ocrx_word' id='word_1_671' title='bbox 3221 4520 3420 4578; x_wconf 81' lang='lat' dir='ltr'><strong>loricae</strong></span> <span class='ocrx_word' id='word_1_672' title='bbox 3458 4534 3647 4577; x_wconf 67' lang='lat' dir='ltr'><strong>aurea:</strong></span> <span class='ocrx_word' id='word_1_673' title='bbox 3697 4533 3794 4575; x_wconf 90' lang='lat' dir='ltr'><strong>co-</strong></span> 
     </span>
    </p>
   </div>
   <div class='ocr_carea' id='block_1_96' title="bbox 391 4604 2035 4683">
    <p class='ocr_par' dir='ltr' id='par_1_96' title="bbox 391 4604 2035 4683">
     <span class='ocr_line' id='line_1_96' title="bbox 391 4604 2035 4683; baseline -0.004 -15"><span class='ocrx_word' id='word_1_674' title='bbox 391 4609 626 4683; x_wconf 90' lang='lat' dir='ltr'><strong>equites</strong></span> <span class='ocrx_word' id='word_1_675' title='bbox 654 4609 709 4665; x_wconf 91' lang='lat' dir='ltr'><strong>in</strong></span> <span class='ocrx_word' id='word_1_676' title='bbox 740 4607 985 4665; x_wconf 89' lang='lat' dir='ltr'><strong>sinistro</strong></span> <span class='ocrx_word' id='word_1_677' title='bbox 1017 4618 1198 4662; x_wconf 84' lang='lat' dir='ltr'><strong>cornu</strong></span> <span class='ocrx_word' id='word_1_678' title='bbox 1230 4608 1355 4675; x_wconf 91' lang='lat'>600,</span> <span class='ocrx_word' id='word_1_679' title='bbox 1390 4604 1444 4658; x_wconf 91' lang='lat' dir='ltr'><strong>in</strong></span> <span class='ocrx_word' id='word_1_680' title='bbox 1469 4604 1678 4660; x_wconf 89' lang='lat' dir='ltr'><strong>dextro</strong></span> <span class='ocrx_word' id='word_1_681' title='bbox 1701 4608 1823 4675; x_wconf 79' lang='lat'>500,</span> <span class='ocrx_word' id='word_1_682' title='bbox 1869 4620 2035 4675; x_wconf 89' lang='lat' dir='ltr'><strong>reges</strong></span> 
     </span>
    </p>
   </div>
   <div class='ocr_carea' id='block_1_97' title="bbox 388 4692 2036 4764">
    <p class='ocr_par' dir='ltr' id='par_1_97' title="bbox 388 4692 2036 4764">
     <span class='ocr_line' id='line_1_97' title="bbox 388 4692 2036 4764; baseline -0.004 -7"><span class='ocrx_word' id='word_1_683' title='bbox 388 4705 449 4758; x_wconf 85' lang='lat' dir='ltr'><strong>et</strong></span> <span class='ocrx_word' id='word_1_684' title='bbox 472 4704 776 4757; x_wconf 89' lang='lat' dir='ltr'><strong>senatores</strong></span> <span class='ocrx_word' id='word_1_685' title='bbox 799 4701 860 4752; x_wconf 89' lang='lat' dir='ltr'><strong>et</strong></span> <span class='ocrx_word' id='word_1_686' title='bbox 881 4694 1120 4752; x_wconf 82' lang='lat' dir='ltr'><strong>Romani</strong></span> <span class='ocrx_word' id='word_1_687' title='bbox 1142 4692 1372 4764; x_wconf 91' lang='lat' dir='ltr'><strong>equites</strong></span> <span class='ocrx_word' id='word_1_688' title='bbox 1399 4693 1653 4764; x_wconf 89' lang='lat' dir='ltr'><strong>plurimi,</strong></span> <span class='ocrx_word' id='word_1_689' title='bbox 1673 4708 1745 4750; x_wconf 90' lang='lat' dir='ltr'><strong>ex</strong></span> <span class='ocrx_word' id='word_1_690' title='bbox 1760 4700 1925 4764; x_wconf 89' lang='lat' dir='ltr'><strong>parte</strong></span> <span class='ocrx_word' id='word_1_691' title='bbox 1944 4709 2036 4751; x_wconf 90' lang='lat' dir='ltr'><strong>au-</strong></span> 
     </span>
    </p>
   </div>
   <div class='ocr_carea' id='block_1_98' title="bbox 392 4781 2037 4855">
    <p class='ocr_par' dir='ltr' id='par_1_98' title="bbox 392 4781 2037 4855">
     <span class='ocr_line' id='line_1_98' title="bbox 392 4781 2037 4855; baseline -0.004 -9"><span class='ocrx_word' id='word_1_692' title='bbox 392 4794 511 4848; x_wconf 87' lang='lat' dir='ltr'><strong>tem</strong></span> <span class='ocrx_word' id='word_1_693' title='bbox 535 4786 785 4847; x_wconf 63' lang='lat' dir='ltr'><strong>Caesaris</strong></span> <span class='ocrx_word' id='word_1_694' title='bbox 808 4785 996 4841; x_wconf 89' lang='lat' dir='ltr'><strong>minus</strong></span> <span class='ocrx_word' id='word_1_695' title='bbox 1018 4798 1189 4855; x_wconf 89' lang='lat' dir='ltr'><strong>quam</strong></span> <span class='ocrx_word' id='word_1_696' title='bbox 1213 4784 1283 4838; x_wconf 93' lang='grc'><strong>40</strong></span> <span class='ocrx_word' id='word_1_697' title='bbox 1299 4781 1452 4837; x_wconf 91' lang='lat' dir='ltr'><strong>milia</strong></span> <span class='ocrx_word' id='word_1_698' title='bbox 1494 4782 1772 4853; x_wconf 89' lang='lat' dir='ltr'><strong>peditum,</strong></span> <span class='ocrx_word' id='word_1_699' title='bbox 1806 4783 2037 4853; x_wconf 89' lang='lat' dir='ltr'><strong>equites</strong></span> 
     </span>
    </p>
   </div>
   <div class='ocr_carea' id='block_1_99' title="bbox 394 4870 2039 4946">
    <p class='ocr_par' dir='ltr' id='par_1_99' title="bbox 394 4870 2039 4946">
     <span class='ocr_line' id='line_1_99' title="bbox 394 4870 2039 4946; baseline -0.004 -12"><span class='ocrx_word' id='word_1_700' title='bbox 394 4875 573 4934; x_wconf 89' lang='lat' dir='ltr'><strong>mille.</strong></span> <span class='ocrx_word' id='word_1_701' title='bbox 602 4878 740 4933; x_wconf 92' lang='lat' dir='ltr'><strong>Cum</strong></span> <span class='ocrx_word' id='word_1_702' title='bbox 764 4888 875 4946; x_wconf 91' lang='lat' dir='ltr'><strong>que</strong></span> <span class='ocrx_word' id='word_1_703' title='bbox 899 4872 999 4930; x_wconf 90' lang='lat' dir='ltr'><strong>diu</strong></span> <span class='ocrx_word' id='word_1_704' title='bbox 1024 4871 1315 4942; x_wconf 91' lang='lat' dir='ltr'><strong>utrimque</strong></span> <span class='ocrx_word' id='word_1_705' title='bbox 1333 4870 1441 4926; x_wconf 92' lang='lat' dir='ltr'><strong>sub</strong></span> <span class='ocrx_word' id='word_1_706' title='bbox 1465 4870 1639 4926; x_wconf 90' lang='lat' dir='ltr'><strong>dubia</strong></span> <span class='ocrx_word' id='word_1_707' title='bbox 1665 4876 1824 4926; x_wconf 91' lang='lat' dir='ltr'><strong>sorte</strong></span> <span class='ocrx_word' id='word_1_708' title='bbox 1852 4871 2039 4927; x_wconf 75' lang='lat' dir='ltr'><strong>eaede-</strong></span> 
     </span>
    </p>
   </div>
   <div class='ocr_carea' id='block_1_100' title="bbox 396 4958 2040 5036">
    <p class='ocr_par' dir='ltr' id='par_1_100' title="bbox 396 4958 2040 5036">
     <span class='ocr_line' id='line_1_100' title="bbox 396 4958 2040 5036; baseline -0.002 -15"><span class='ocrx_word' id='word_1_709' title='bbox 396 4970 621 5031; x_wconf 88' lang='lat' dir='ltr'><strong>rentur,</strong></span> <span class='ocrx_word' id='word_1_710' title='bbox 645 4969 821 5036; x_wconf 86' lang='lat' dir='ltr'><strong>atque</strong></span> <span class='ocrx_word' id='word_1_711' title='bbox 842 4978 916 5019; x_wconf 86' lang='lat' dir='ltr'><strong>ex</strong></span> <span class='ocrx_word' id='word_1_712' title='bbox 939 4961 1047 5018; x_wconf 91' lang='lat' dir='ltr'><strong>alia</strong></span> <span class='ocrx_word' id='word_1_713' title='bbox 1073 4965 1239 5032; x_wconf 90' lang='lat' dir='ltr'><strong>parte</strong></span> <span class='ocrx_word' id='word_1_714' title='bbox 1254 4959 1564 5031; x_wconf 90' lang='lat' dir='ltr'><strong>Pompieus</strong></span> <span class='ocrx_word' id='word_1_715' title='bbox 1579 4958 1799 5016; x_wconf 91' lang='lat' dir='ltr'><strong>diceret</strong></span> <span class='ocrx_word' id='word_1_716' title='bbox 1818 4979 1830 5015; x_wconf 91' lang='lat'>:</span> <span class='ocrx_word' id='word_1_717' title='bbox 1849 4961 2040 5019; x_wconf 75' lang='lat' dir='ltr'><strong>Parce</strong></span> 
     </span>
    </p>
   </div>
   <div class='ocr_carea' id='block_1_101' title="bbox 394 5048 2039 5123">
    <p class='ocr_par' dir='ltr' id='par_1_101' title="bbox 394 5048 2039 5123">
     <span class='ocr_line' id='line_1_101' title="bbox 394 5048 2039 5123; baseline -0.004 -11"><span class='ocrx_word' id='word_1_718' title='bbox 394 5053 758 5123; x_wconf 75' lang='lat' dir='ltr'><strong>civibus,nee</strong></span> <span class='ocrx_word' id='word_1_719' title='bbox 794 5058 981 5109; x_wconf 87' lang='lat' dir='ltr'><strong>tamen</strong></span> <span class='ocrx_word' id='word_1_720' title='bbox 1013 5051 1252 5119; x_wconf 91' lang='lat' dir='ltr'><strong>faceret,</strong></span> <span class='ocrx_word' id='word_1_721' title='bbox 1284 5063 1356 5104; x_wconf 92' lang='lat' dir='ltr'><strong>ex</strong></span> <span class='ocrx_word' id='word_1_722' title='bbox 1386 5048 1493 5102; x_wconf 90' lang='lat' dir='ltr'><strong>alia</strong></span> <span class='ocrx_word' id='word_1_723' title='bbox 1529 5062 1666 5104; x_wconf 90' lang='lat' dir='ltr'><strong>vero</strong></span> <span class='ocrx_word' id='word_1_724' title='bbox 1698 5050 1887 5104; x_wconf 71' lang='lat' dir='ltr'><strong>Caesar</strong></span> <span class='ocrx_word' id='word_1_725' title='bbox 1930 5051 2039 5105; x_wconf 89' lang='lat' dir='ltr'><strong>hoc</strong></span> 
     </span>
    </p>
   </div>
   <div class='ocr_carea' id='block_1_102' title="bbox 396 5135 2037 5211">
    <p class='ocr_par' dir='ltr' id='par_1_102' title="bbox 396 5135 2037 5211">
     <span class='ocr_line' id='line_1_102' title="bbox 396 5135 2037 5211; baseline -0.002 -15"><span class='ocrx_word' id='word_1_726' title='bbox 396 5140 615 5197; x_wconf 82' lang='lat' dir='ltr'><strong>faceret</strong></span> <span class='ocrx_word' id='word_1_727' title='bbox 648 5139 802 5211; x_wconf 89' lang='lat' dir='ltr'><strong>quod</strong></span> <span class='ocrx_word' id='word_1_728' title='bbox 836 5143 1089 5209; x_wconf 86' lang='lat' dir='ltr'><strong>urgeret,</strong></span> <span class='ocrx_word' id='word_1_729' title='bbox 1124 5137 1354 5193; x_wconf 87' lang='lat' dir='ltr'><strong>dicens:</strong></span> <span class='ocrx_word' id='word_1_730' title='bbox 1394 5135 1591 5206; x_wconf 76' lang='lat' dir='ltr'><strong>Miles,</strong></span> <span class='ocrx_word' id='word_1_731' title='bbox 1618 5138 1853 5210; x_wconf 79' lang='lat' dir='ltr'><strong>faciem</strong></span> <span class='ocrx_word' id='word_1_732' title='bbox 1880 5138 2037 5209; x_wconf 74' lang='lat' dir='ltr'><strong>feri,</strong></span> 
     </span>
    </p>
   </div>
   <div class='ocr_carea' id='block_1_103' title="bbox 280 5224 2041 5299">
    <p class='ocr_par' dir='ltr' id='par_1_103' title="bbox 280 5224 2041 5299">
     <span class='ocr_line' id='line_1_103' title="bbox 280 5224 2041 5299; baseline -0.001 -15"><span class='ocrx_word' id='word_1_733' title='bbox 280 5266 289 5269; x_wconf 89' lang='lat'><strong>-</strong></span> <span class='ocrx_word' id='word_1_734' title='bbox 392 5227 631 5286; x_wconf 85' lang='lat' dir='ltr'><strong>tandem</strong></span> <span class='ocrx_word' id='word_1_735' title='bbox 654 5228 967 5287; x_wconf 88' lang='lat' dir='ltr'><strong>universus</strong></span> <span class='ocrx_word' id='word_1_736' title='bbox 993 5225 1253 5299; x_wconf 90' lang='lat' dir='ltr'><strong>Pompeii</strong></span> <span class='ocrx_word' id='word_1_737' title='bbox 1284 5224 1433 5297; x_wconf 86' lang='lat' dir='ltr'><strong>fugit</strong></span> <span class='ocrx_word' id='word_1_738' title='bbox 1463 5226 1782 5297; x_wconf 86' lang='lat' dir='ltr'><strong>exercitus,</strong></span> <span class='ocrx_word' id='word_1_739' title='bbox 1819 5231 2041 5283; x_wconf 88' lang='lat' dir='ltr'><strong>castra-</strong></span> 
     </span>
    </p>
   </div>
   <div class='ocr_carea' id='block_1_104' title="bbox 2143 4608 3792 4681">
    <p class='ocr_par' dir='ltr' id='par_1_104' title="bbox 2143 4608 3792 4681">
     <span class='ocr_line' id='line_1_104' title="bbox 2143 4608 3792 4681; baseline 0.001 -17"><span class='ocrx_word' id='word_1_740' title='bbox 2143 4609 2368 4679; x_wconf 89' lang='lat' dir='ltr'><strong>gnitum</strong></span> <span class='ocrx_word' id='word_1_741' title='bbox 2393 4609 2518 4665; x_wconf 93' lang='lat' dir='ltr'><strong>fuit.</strong></span> <span class='ocrx_word' id='word_1_742' title='bbox 2546 4608 2666 4674; x_wconf 86' lang='lat' dir='ltr'><strong>Qua</strong></span> <span class='ocrx_word' id='word_1_743' title='bbox 2692 4610 2883 4665; x_wconf 65' lang='lat' dir='ltr'><strong>Caasar</strong></span> <span class='ocrx_word' id='word_1_744' title='bbox 2904 4610 3309 4666; x_wconf 87' lang='lat' dir='ltr'><strong>Alexandriam</strong></span> <span class='ocrx_word' id='word_1_745' title='bbox 3333 4610 3636 4681; x_wconf 90' lang='lat' dir='ltr'><strong>premissa,</strong></span> <span class='ocrx_word' id='word_1_746' title='bbox 3668 4622 3792 4666; x_wconf 86' lang='lat' dir='ltr'><strong>om-</strong></span> 
     </span>
    </p>
   </div>
   <div class='ocr_carea' id='block_1_105' title="bbox 2146 4696 3792 4770">
    <p class='ocr_par' dir='ltr' id='par_1_105' title="bbox 2146 4696 3792 4770">
     <span class='ocr_line' id='line_1_105' title="bbox 2146 4696 3792 4770; baseline 0 -17"><span class='ocrx_word' id='word_1_747' title='bbox 2146 4712 2250 4753; x_wconf 92' lang='lat' dir='ltr'><strong>nes</strong></span> <span class='ocrx_word' id='word_1_748' title='bbox 2279 4696 2704 4753; x_wconf 84' lang='lat' dir='ltr'><strong>Alexandrinos</strong></span> <span class='ocrx_word' id='word_1_749' title='bbox 2730 4698 2800 4754; x_wconf 89' lang='lat' dir='ltr'><strong>ad</strong></span> <span class='ocrx_word' id='word_1_750' title='bbox 2831 4698 3184 4756; x_wconf 89' lang='lat' dir='ltr'><strong>deditionem</strong></span> <span class='ocrx_word' id='word_1_751' title='bbox 3204 4698 3613 4770; x_wconf 89' lang='lat' dir='ltr'><strong>desperatione</strong></span> <span class='ocrx_word' id='word_1_752' title='bbox 3635 4711 3792 4753; x_wconf 86' lang='lat' dir='ltr'><strong>com-</strong></span> 
     </span>
    </p>
   </div>
   <div class='ocr_carea' id='block_1_106' title="bbox 2145 4784 3791 4859">
    <p class='ocr_par' dir='ltr' id='par_1_106' title="bbox 2145 4784 3791 4859">
     <span class='ocr_line' id='line_1_106' title="bbox 2145 4784 3791 4859; baseline 0.001 -18"><span class='ocrx_word' id='word_1_753' title='bbox 2145 4784 2317 4857; x_wconf 90' lang='lat' dir='ltr'><strong>pulit,</strong></span> <span class='ocrx_word' id='word_1_754' title='bbox 2360 4799 2717 4856; x_wconf 91' lang='lat' dir='ltr'><strong>regnumque</strong></span> <span class='ocrx_word' id='word_1_755' title='bbox 2773 4786 3001 4859; x_wconf 64' lang='lat' dir='ltr'><strong>Egypti</strong></span> <span class='ocrx_word' id='word_1_756' title='bbox 3068 4787 3408 4859; x_wconf 76' lang='lat' dir='ltr'><strong>Cleopatrze,</strong></span> <span class='ocrx_word' id='word_1_757' title='bbox 3461 4785 3791 4843; x_wconf 89' lang='lat' dir='ltr'><strong>Ptholomei</strong></span> 
     </span>
    </p>
   </div>
   <div class='ocr_carea' id='block_1_107' title="bbox 2146 4873 3796 4947">
    <p class='ocr_par' dir='ltr' id='par_1_107' title="bbox 2146 4873 3796 4947">
     <span class='ocr_line' id='line_1_107' title="bbox 2146 4873 3796 4947; baseline -0.001 -17"><span class='ocrx_word' id='word_1_758' title='bbox 2146 4873 2354 4943; x_wconf 89' lang='lat' dir='ltr'><strong>sorori,</strong></span> <span class='ocrx_word' id='word_1_759' title='bbox 2390 4873 2572 4944; x_wconf 91' lang='lat' dir='ltr'><strong>dedit,</strong></span> <span class='ocrx_word' id='word_1_760' title='bbox 2604 4890 2732 4930; x_wconf 91' lang='lat' dir='ltr'><strong>cum</strong></span> <span class='ocrx_word' id='word_1_761' title='bbox 2786 4890 2897 4945; x_wconf 89' lang='lat' dir='ltr'><strong>qua</strong></span> <span class='ocrx_word' id='word_1_762' title='bbox 2931 4876 3120 4947; x_wconf 91' lang='lat' dir='ltr'><strong>stupri</strong></span> <span class='ocrx_word' id='word_1_763' title='bbox 3172 4874 3653 4932; x_wconf 90' lang='lat' dir='ltr'><strong>consuetudinem</strong></span> <span class='ocrx_word' id='word_1_764' title='bbox 3694 4875 3796 4930; x_wconf 85' lang='lat' dir='ltr'><strong>ba-</strong></span> 
     </span>
    </p>
   </div>
   <div class='ocr_carea' id='block_1_108' title="bbox 2150 4963 3794 5035">
    <p class='ocr_par' dir='ltr' id='par_1_108' title="bbox 2150 4963 3794 5035">
     <span class='ocr_line' id='line_1_108' title="bbox 2150 4963 3794 5035; baseline 0.002 -18"><span class='ocrx_word' id='word_1_765' title='bbox 2150 4963 2315 5030; x_wconf 89' lang='lat' dir='ltr'><strong>buit;</strong></span> <span class='ocrx_word' id='word_1_766' title='bbox 2349 4977 2473 5033; x_wconf 63' lang='lat' dir='ltr'><strong>quae</strong></span> <span class='ocrx_word' id='word_1_767' title='bbox 2504 4969 2706 5034; x_wconf 87' lang='lat' dir='ltr'><strong>postea</strong></span> <span class='ocrx_word' id='word_1_768' title='bbox 2740 4964 2899 5035; x_wconf 88' lang='lat' dir='ltr'><strong>regio</strong></span> <span class='ocrx_word' id='word_1_769' title='bbox 2927 4965 3210 5022; x_wconf 90' lang='lat' dir='ltr'><strong>comitatu</strong></span> <span class='ocrx_word' id='word_1_770' title='bbox 3262 4965 3474 5021; x_wconf 84' lang='lat' dir='ltr'><strong>Urbem</strong></span> <span class='ocrx_word' id='word_1_771' title='bbox 3526 4963 3794 5033; x_wconf 87' lang='lat' dir='ltr'><strong>ingressa</strong></span> 
     </span>
    </p>
   </div>
   <div class='ocr_carea' id='block_1_109' title="bbox 2147 5056 2255 5107">
    <p class='ocr_par' dir='ltr' id='par_1_109' title="bbox 2147 5056 2255 5107">
     <span class='ocr_line' id='line_1_109' title="bbox 2147 5056 2255 5107; baseline 0 -1"><span class='ocrx_word' id='word_1_772' title='bbox 2147 5056 2255 5107; x_wconf 91' lang='lat' dir='ltr'><strong>est.</strong></span> 
     </span>
    </p>
   </div>
   <div class='ocr_carea' id='block_1_110' title="bbox 2220 5138 3800 5212">
    <p class='ocr_par' dir='ltr' id='par_1_110' title="bbox 2220 5138 3800 5212">
     <span class='ocr_line' id='line_1_110' title="bbox 2220 5138 3800 5212; baseline 0.001 -16"><span class='ocrx_word' id='word_1_773' title='bbox 2220 5139 2522 5212; x_wconf 87' lang='lat' dir='ltr'><strong>Cle0patra</strong></span> <span class='ocrx_word' id='word_1_774' title='bbox 2554 5139 2770 5210; x_wconf 90' lang='lat' dir='ltr'><strong>itaque,</strong></span> <span class='ocrx_word' id='word_1_775' title='bbox 2806 5156 2975 5198; x_wconf 88' lang='lat' dir='ltr'><strong>soror</strong></span> <span class='ocrx_word' id='word_1_776' title='bbox 3006 5140 3328 5198; x_wconf 89' lang='lat' dir='ltr'><strong>Ptholomei</strong></span> <span class='ocrx_word' id='word_1_777' title='bbox 3363 5140 3626 5211; x_wconf 88' lang='lat' dir='ltr'><strong>regnavit</strong></span> <span class='ocrx_word' id='word_1_778' title='bbox 3661 5138 3800 5197; x_wconf 81' lang='lat' dir='ltr'><strong>Ale-</strong></span> 
     </span>
    </p>
   </div>
   <div class='ocr_carea' id='block_1_111' title="bbox 2149 5228 3798 5303">
    <p class='ocr_par' dir='ltr' id='par_1_111' title="bbox 2149 5228 3798 5303">
     <span class='ocr_line' id='line_1_111' title="bbox 2149 5228 3798 5303; baseline 0.002 -19"><span class='ocrx_word' id='word_1_779' title='bbox 2149 5229 2407 5287; x_wconf 63' lang='lat' dir='ltr'><strong>xandriae</strong></span> <span class='ocrx_word' id='word_1_780' title='bbox 2437 5230 2603 5287; x_wconf 89' lang='lat' dir='ltr'><strong>annis</strong></span> <span class='ocrx_word' id='word_1_781' title='bbox 2630 5233 2719 5301; x_wconf 90' lang='lat'>22,</span> <span class='ocrx_word' id='word_1_782' title='bbox 2756 5234 2818 5287; x_wconf 86' lang='lat' dir='ltr'><strong>ut</strong></span> <span class='ocrx_word' id='word_1_783' title='bbox 2845 5230 3115 5287; x_wconf 74' lang='lat' dir='ltr'><strong>Iordanis</strong></span> <span class='ocrx_word' id='word_1_784' title='bbox 3142 5230 3457 5303; x_wconf 89' lang='lat' dir='ltr'><strong>episcopus</strong></span> <span class='ocrx_word' id='word_1_785' title='bbox 3485 5228 3627 5287; x_wconf 87' lang='lat' dir='ltr'><strong>dicit</strong></span> <span class='ocrx_word' id='word_1_786' title='bbox 3679 5228 3798 5299; x_wconf 75' lang='lat' dir='ltr'><strong>(Da</strong></span> 
     </span>
    </p>
   </div>
   <div class='ocr_carea' id='block_1_112' title="bbox 1748 5393 2423 5458">
    <p class='ocr_par' dir='ltr' id='par_1_112' title="bbox 1748 5393 2423 5458">
     <span class='ocr_line' id='line_1_112' title="bbox 1748 5393 2423 5458; baseline 0.006 -5"><span class='ocrx_word' id='word_1_787' title='bbox 1748 5393 1985 5454; x_wconf 71' lang='lat' dir='ltr'><strong>VARIE</strong></span> <span class='ocrx_word' id='word_1_788' title='bbox 2023 5395 2423 5458; x_wconf 87' lang='lat' dir='ltr'><strong>LECTIONES.</strong></span> 
     </span>
    </p>
   </div>
   <div class='ocr_carea' id='block_1_113' title="bbox 464 5541 1488 5607">
    <p class='ocr_par' dir='ltr' id='par_1_113' title="bbox 464 5541 1488 5607">
     <span class='ocr_line' id='line_1_113' title="bbox 464 5541 1488 5607; baseline 0.002 -2"><span class='ocrx_word' id='word_1_789' title='bbox 464 5544 538 5585; x_wconf 81' lang='grc'><strong>⁸⁸³</strong></span> <span class='ocrx_word' id='word_1_790' title='bbox 576 5541 902 5607; x_wconf 86' lang='lat' dir='ltr'><strong>Salmonem</strong></span> <span class='ocrx_word' id='word_1_791' title='bbox 949 5549 1029 5604; x_wconf 82' lang='lat'><strong>9°.</strong></span> <span class='ocrx_word' id='word_1_792' title='bbox 1106 5542 1176 5583; x_wconf 74' lang='grc'><strong>³⁸⁸</strong></span> <span class='ocrx_word' id='word_1_793' title='bbox 1221 5560 1270 5605; x_wconf 87' lang='lat' dir='ltr'><strong>r.</strong></span> <span class='ocrx_word' id='word_1_794' title='bbox 1322 5562 1375 5605; x_wconf 91' lang='grc' dir='ltr'><strong>ο.</strong></span> <span class='ocrx_word' id='word_1_795' title='bbox 1436 5552 1488 5607; x_wconf 79' lang='lat' dir='ltr'><strong>tt.</strong></span> 
     </span>
    </p>
   </div>
   <div class='ocr_carea' id='block_1_114' title="bbox 393 5615 1480 5695">
    <p class='ocr_par' dir='ltr' id='par_1_114' title="bbox 393 5615 1480 5695">
     <span class='ocr_line' id='line_1_114' title="bbox 393 5615 1480 5695; baseline -0.008 -7"><span class='ocrx_word' id='word_1_796' title='bbox 393 5623 475 5688; x_wconf 82' lang='lat'><strong>9°.</strong></span> <span class='ocrx_word' id='word_1_797' title='bbox 548 5617 621 5660; x_wconf 83' lang='grc'><strong>⁸⁸³</strong></span> <span class='ocrx_word' id='word_1_798' title='bbox 648 5618 806 5695; x_wconf 74' lang='lat' dir='ltr'><strong>regis</strong></span> <span class='ocrx_word' id='word_1_799' title='bbox 831 5622 885 5679; x_wconf 69' lang='grc' dir='ltr'><strong>ὅ.</strong></span> <span class='ocrx_word' id='word_1_800' title='bbox 959 5615 1031 5656; x_wconf 82' lang='grc'><strong><em>³³⁸</em></strong></span> <span class='ocrx_word' id='word_1_801' title='bbox 1076 5617 1381 5680; x_wconf 85' lang='lat' dir='ltr'><strong>studerent</strong></span> <span class='ocrx_word' id='word_1_802' title='bbox 1428 5625 1480 5679; x_wconf 72' lang='grc' dir='ltr'><strong>δ.</strong></span> 
     </span>
    </p>
   </div>
   <div class='ocr_carea' id='block_1_115' title="bbox 1564 5546 3788 5624">
    <p class='ocr_par' dir='ltr' id='par_1_115' title="bbox 1564 5546 3788 5624">
     <span class='ocr_line' id='line_1_115' title="bbox 1564 5546 3788 5624; baseline 0 -14"><span class='ocrx_word' id='word_1_803' title='bbox 1564 5546 1637 5587; x_wconf 81' lang='grc'><strong>⁸⁸⁸</strong></span> <span class='ocrx_word' id='word_1_804' title='bbox 1684 5562 1928 5610; x_wconf 85' lang='lat' dir='ltr'><strong>aversus</strong></span> <span class='ocrx_word' id='word_1_805' title='bbox 1974 5555 2024 5609; x_wconf 74' lang='grc' dir='ltr'><strong>δ.</strong></span> <span class='ocrx_word' id='word_1_806' title='bbox 2078 5551 2387 5611; x_wconf 88' lang='lat' dir='ltr'><strong>adversum</strong></span> <span class='ocrx_word' id='word_1_807' title='bbox 2433 5554 2493 5609; x_wconf 81' lang='lat'><strong>9°</strong></span> <span class='ocrx_word' id='word_1_808' title='bbox 2562 5549 2633 5588; x_wconf 75' lang='grc'><strong>⁸⁸⁸</strong></span> <span class='ocrx_word' id='word_1_809' title='bbox 2667 5550 2762 5611; x_wconf 67' lang='lat' dir='ltr'><strong>ita</strong></span> <span class='ocrx_word' id='word_1_810' title='bbox 2789 5553 2868 5607; x_wconf 77' lang='lat'><strong>9°.</strong></span> <span class='ocrx_word' id='word_1_811' title='bbox 2906 5551 3072 5609; x_wconf 81' lang='lat' dir='ltr'><strong>linire</strong></span> <span class='ocrx_word' id='word_1_812' title='bbox 3123 5553 3174 5624; x_wconf 79' lang='grc'>4,</span> <span class='ocrx_word' id='word_1_813' title='bbox 3218 5556 3270 5608; x_wconf 83' lang='grc' dir='ltr'><strong>δ.</strong></span> <span class='ocrx_word' id='word_1_814' title='bbox 3313 5552 3401 5611; x_wconf 70' lang='lat' dir='ltr'><strong>to.</strong></span> <span class='ocrx_word' id='word_1_815' title='bbox 3446 5554 3532 5609; x_wconf 76' lang='grc'><strong>11.</strong></span> <span class='ocrx_word' id='word_1_816' title='bbox 3608 5548 3677 5587; x_wconf 81' lang='grc'><strong>³⁸⁷</strong></span> <span class='ocrx_word' id='word_1_817' title='bbox 3712 5548 3788 5611; x_wconf 80' lang='lat' dir='ltr'><strong>XI</strong></span> 
     </span>
    </p>
   </div>
  </div>
