3986 6048
188 299 317 367 645

1083 293 1523 364 CHRONICA.
1557 331 1630 344 -—
1663 286 2143 358 CHRONICON
2184 287 2720 358 UNIVERSALE

3415 378 3429 386 I
3488 299 3607 362 διδ

187 452 250 494 r.
287 442 398 510 3.),
458 435 560 494 sed
593 431 989 493 Tertullianus
1029 433 1236 491 scribit
1279 432 1436 504 (adv.
1479 431 1719 490 Judzeos
1751 430 1841 487 ed.
1879 428 1929 487 A
1961 427 2154 484 czedes
2186 425 2376 484 victor
2408 423 2636 484 exstitit
2669 427 2900 495 Caesar;
2935 430 3126 485 castra
3161 441 3358 488 eorum
3375 431 3603 506 direpta

189 528 442 597 Semlcr,
477 527 541 596 ll,
580 542 640 597 p.
679 523 996 597 296)quod
1021 529 1292 593 regnaret
1327 523 1843 588 annistantquO,

190 617 404 673 dicens
435 629 560 671 eam
592 627 983 683 conregnasse
1017 614 1278 682 Augusto
1309 612 1476 668 annis
1515 615 1599 681 13,
1634 611 1849 681 ipsum-

191 719 313 775 que
344 708 546 776 postea
572 716 849 771 regnasse
877 701 1223 771 alii543,qui
1258 706 1392 756 sunt
1419 705 1486 756 56
1523 698 1764 768 Augusti
1779 696 1849 730 ³⁶⁰

190 791 382 862 Regni
414 797 608 846 autem
641 790 964 860 CleOpatrae
998 788 1133 844 licet
1156 793 1241 844 tot
1271 788 1402 843 anni
1434 788 1615 843 fuisse
1655 786 1848 841 dican-

194 886 318 950 tur,
355 880 410 934 in
441 878 645 934 ordine
677 883 868 933 tamen
902 891 1101 945 regum
1137 891 1247 931 non
1312 875 1443 946 plus
1507 889 1674 944 quam
1736 873 1849 928 duo

192 972 635 1040 computantur,
670 966 801 1036 quia
832 965 1020 1021 tercio
1070 965 1197 1035 ejus
1229 978 1377 1019 anno
1435 963 1609 1019 Gaius
1661 960 1851 1018 Julius

194 1057 398 1113 Caesar
426 1057 743 1111 Romanum
773 1054 1024 1124 arripuit
1052 1055 1378 1124 imperium.
1444 1051 1629 1120 (Jonn.
1693 1052 1738 1108 ι.
1781 1051 1848 1120 l.)

192 1147 361 1201 Hanc
393 1144 680 1215 siquidem
705 1143 1073 1214 Cleopatram
1105 1145 1312 1213 postea
1330 1143 1624 1198 Romanus
1641 1140 1851 1196 ductor

195 1233 485 1290 Antonius
517 1232 848 1303 suscipiens
884 1245 1108 1302 suoque
1138 1231 1329 1300 lateri,
1389 1233 1586 1301 spreta
1647 1240 1850 1284 sorore

196 1321 526 1390 Octaviani,
560 1321 928 1390 consocians,
962 1324 1168 1377 contra
1193 1319 1351 1375 cives
1393 1318 1660 1388 proprios
1687 1316 1849 1371 dimi-

195 1409 390 1465 cavit.
422 1408 597 1474 Quem
632 1409 986 1465 Octavianus
1011 1411 1308 1478 Augustus
1333 1423 1363 1463 c
1405 1406 1655 1461 rtamine
1682 1418 1851 1475 supe-

195 1512 344 1554 rans
375 1498 430 1553 in
445 1498 680 1554 Actiaco
711 1497 902 1568 litore,
924 1502 1206 1567 utrosque
1230 1495 1459 1567 jugalcs
1475 1495 1670 1563 coegit
1695 1497 1759 1550 ut
1786 1507 1850 1549 se

198 1587 371 1658 ipsos
403 1587 755 1658 perimerent
791 1605 806 1653 ;
841 1587 1042 1656 sicque
1074 1599 1526 1655 regnumcorum
1556 1583 1612 1638 in
1646 1584 1851 1638 Roma-

197 1691 409 1731 norum
431 1674 498 1708 3“
529 1675 831 1745 imperium
865 1674 1116 1744 devenit,
1146 1674 1241 1730 ubi
1269 1678 1328 1729 et
1354 1687 1536 1744 usque
1567 1673 1852 1727 hactenus

1962 521 2118 582 sunt,
2153 518 2454 586 sexaginta
2485 517 2780 588 elephanti
2806 515 3142 588 capti.Cato
3176 533 3302 575 sese
3319 523 3469 591 apud
3486 525 3605 578 Uti-

1959 619 2083 660 cam
2122 605 2606 670 venenooccidit;
2647 607 2793 661 Juba
2819 606 3155 676 percussori
3185 608 3450 677 jugulum
3467 611 3604 666 dato

1961 693 2162 763 precio
2195 694 2432 764 prebuit
2467 693 2968 761 ;Pctreiusgladio
2993 710 3056 750 se
3077 695 3144 727 ³⁸⁸
3171 697 3455 766 perfodit;
3489 700 3608 754 Sci-

1963 781 2056 851 pio
2090 781 2145 835 in
2177 781 2327 850 navi,
2357 796 2468 851 qua
2501 781 2571 836 ad
2631 783 2936 853 Hispanias
2981 784 3223 853 fugiens,
3287 792 3460 842 vento
3512 802 3609 842 co-

1961 870 2218 939 actus,in
2247 870 2512 926 Aﬂ‘ricam
2557 870 2954 940 rcdiit,semet
2998 872 3510 943 ipsnmjugnlavit.
3546 876 3604 931 in

1961 958 2161 1012 eadem
2195 959 2321 1013 navi
2358 959 2532 1014 etiam
2588 960 2917 1028 Torquatus
2975 961 3207 1016 occisus
3261 969 3371 1018 est.
3414 964 3607 1019 Caesar

1961 1047 2215 1117 Pompeii
2245 1049 2426 1117 Magni
2461 1048 3010 1118 nepotesﬁliamqne
3049 1047 3117 1082 ⁸⁸⁷
3148 1051 3500 1122 Pompeiam,
3533 1053 3610 1108 si-

1963 1135 2196 1206 mulque
2228 1152 2357 1192 cum
2391 1136 2977 1207 hisFaustum,Syll:e
3003 1137 3279 1207 filium,et
3313 1141 3607 1197 Petreium

1962 1239 2028 1279 ac
2060 1224 2542 1293 Afraniumjussit
2576 1225 2784 1280 occidi.
2810 1227 3173 1282 Postannnm
3210 1229 3445 1284 Romam
3476 1244 3605 1285 cum

1963 1316 2217 1381 quatuor
2246 1313 2556 1384 triumphis
2605 1313 2929 1383 ingressus,
2983 1319 3190 1384 quarto
3234 1316 3489 1373 dictator
3547 1323 3603 1373 et

1963 1400 2165 1456 consul
2198 1407 2434 1456 creatus
2456 1405 2566 1471 est,
2599 1401 2896 1472 totiusque
2930 1404 3090 1470 regni
3118 1407 3508 1460 monarchiam
3525 1422 3608 1462 so-

1964 1487 2055 1544 lus
2078 1490 2417 1559 assumpsit,
2440 1504 2511 1544 ex
2527 1505 2639 1559 quo
2663 1490 2935 1546 continua
2968 1492 3241 1548 Romanis
3287 1500 3608 1550 nascuntur

1963 1575 2226 1647 imperia.
2245 1575 2539 1647 Disposito
2571 1577 2767 1646 itaque
2791 1593 2855 1633 ac
2880 1585 3226 1649 recuperato
3243 1581 3324 1636 rei
3359 1581 3608 1652 publica;

1963 1668 2142 1732 statu,
2178 1665 2454 1721 continuo
2498 1666 2551 1720 in
2584 1667 2914 1737 Hispaniam
2937 1672 3138 1722 contra
3183 1670 3396 1725 Gneum
3441 1672 3608 1728 Pom-

201 1769 263 1820 et
307 1778 492 1834 usque
525 1763 579 1818 in
641 1763 810 1818 finem
859 1763 1056 1819 mundi
1103 1763 1422 1819 secundum
1479 1760 1848 1832 prophetiam
1881 1781 1932 1838 Β
1964 1754 2158 1824 peium
2177 1760 2233 1809 et
2260 1756 2496 1810 Sextum
2518 1757 2870 1826 Pompeium,
2916 1757 3066 1812 filios
3094 1759 3351 1829 Pompeii
3394 1761 3600 1830 Magni,

202 1851 462 1909 Danielis
492 1852 656 1922 regni
708 1850 956 1908 debetur
989 1851 1310 1909 successio.

253 1953 391 1998 Alex.
443 1951 584 1998 Rom.

319 2035 343 2084 1

313 2118 353 2174 2

319 2209 350 2260 3
563 2210 585 2260 1
736 2207 1051 2263 Romanum
1080 2206 1257 2279 coepit
1318 2205 1623 2276 imperium
1652 2206 1852 2263 Gaium

208 2294 428 2350 Julium
447 2295 756 2351 Caesarem.

319 2387 352 2439 8
568 2388 591 2438 1
747 2383 969 2453 (Ηιειι.)
1000 2383 1355 2438 Octavianus
1383 2381 1474 2452 ³⁶²,
1509 2382 1605 2452 qui
1649 2388 1853 2453 postea

208 2460 543 2533 appellatus
571 2466 660 2518 est
695 2463 1010 2531 Augustus,
1047 2462 1203 2518 filius
1237 2463 1420 2518 Actias
1469 2463 1690 2518 sororis
1715 2463 1852 2519 Julii

216 2550 484 2620 Caesaris,
513 2551 774 2629 regnavit
805 2556 939 2621 post
968 2550 1181 2607 Julium
1214 2552 1379 2607 annis
1407 2552 1497 2617 56,
1530 2565 1561 2606 a
1603 2566 1717 2621 quo
1747 2553 1857 2608 Ro-

209 2636 365 2691 mani
398 2635 689 2708 principes
721 2635 998 2708 appellati
1029 2643 1166 2692 sunt
1198 2637 1450 2707 angusti.

321 2727 389 2781 17
571 2730 639 2781 10
784 2727 864 2780 Ex
893 2723 962 2758 ³⁸²
993 2726 1101 2782 hoc
1141 2731 1426 2796 tempore,
1457 2727 1753 2796 videlicet,
1786 2742 1859 2782 ex

212 2813 440 2870 decimo
471 2828 620 2871 anno
652 2815 891 2884 Augusti
923 2830 1161 2884 regnum
1221 2820 1277 2871 et
1329 2816 1718 2873 sacerdotium
1764 2819 1860 2872 Ju-

215 2903 477 2959 daaorum
503 2907 561 2957 et
593 2903 868 2973 cbristns,
904 2903 961 2959 id
992 2908 1082 2961 est
1117 2909 1348 2974 unctus,
1383 2919 1570 2976 usque
1618 2906 1674 2960 in
1734 2919 1862 2977 pre-

217 3005 358 3047 sens
381 2997 612 3062 tempus
646 2991 1156 3062 defecit,Hyrcano
1192 2993 1724 3064 pontificeconsilio
1755 2995 1862 3048 An-

217 3080 403 3149 tigoni
431 3080 628 3135 fratris
658 3079 765 3146 sui,
800 3080 1116 3137 Aristoboli
1151 3081 1273 3151 filii,
1307 3097 1334 3135 a
1377 3083 1609 3138 Parthis
1663 3087 1859 3153 capto,

219 3174 280 3224 et
311 3166 515 3222 eodem
550 3167 836 3237 Antigono
886 3183 915 3224 a
947 3169 1219 3226 Romanis
1262 3170 1476 3240 occiso,
1537 3176 1593 3225 et
1636 3169 1864 3226 Herode

223 3253 550 3325 alienigena
581 3270 720 3326 rege
750 3257 1097 3313 constituto.

328 3349 397 3400 12
577 3348 643 3402 15
791 3346 1078 3403 Antonius
1095 3346 1482 3418 etCleopatra
1501 3346 1865 3417 semetipsos

217 3433 442 3490 Defecit
565 3439 634 3490 16
839 3433 1296 3506 interflciunt,et
1329 3438 1608 3508 .Egyptus
1641 3437 1697 3491 in
1737 3451 1867 3506 pro-

255 3537 418 3593 regn.
569 3528 635 3579 17
853 3523 1099 3580 vinciam
1131 3525 1368 3580 redacta
1387 3524 1716 3581 Cornelium
1743 3524 1868 3580 Gal-

255 3610 422 3667 Alex.
560 3615 626 3668 18
845 3611 961 3668 lum
997 3612 1242 3683 primum
1273 3613 1745 3683 habuitjudicem
1763 3615 1869 3670 Ro-

291 3698 362 3734 ³⁸⁸
563 3704 630 3757 56
848 3716 1098 3757 manum.

291 3787 504 3861 (Ηιειι.)
536 3789 711 3846 Gaius
731 3788 920 3846 Julius
953 3789 1166 3858 Caesar,
1196 3802 1227 3844 a
1283 3805 1396 3860 quo
1437 3790 1676 3845 Romani
1714 3790 1870 3862 prin-

219 3875 386 3946 cipes
414 3890 663 3932 czesares
696 3875 1088 3947 appellantur,
1117 3876 1342 3946 primus
1367 3875 1519 3947 apud
1579 3877 1868 3932 Romanos

217 3962 519 4033 singulare
564 3965 817 4036 arripuit
875 3963 1203 4035 imperium,
1250 3964 1631 4034 regnavitquc
1701 3964 1869 4020 annis

219 4051 499 4123 quinque,
531 4053 602 4109 ab
632 4053 780 4109 Urbe
814 4053 1052 4109 condita
1082 4051 1318 4108 7050’“.
1343 4053 1444 4122 (Η.
1488 4055 1588 4125 m.)
1609 4053 1709 4109 llic
1767 4053 1871 4108 ita-

221 4154 335 4211 que
365 4154 642 4197 reversus
680 4143 751 4197 ab
776 4141 1124 4196 Alexandria
1160 4155 1265 4211 per
1331 4141 1570 4212 Syriam,
1617 4143 1872 4197 Pharna-

221 4243 370 4298 cem,
405 4229 733 4285 Metridatis
767 4229 946 4299 Magni
984 4228 1185 4299 ﬁlium,
1217 4228 1378 4298 vicit,
1399 4229 1751 4300 Romamque
1783 4243 1871 4286 re-

219 4331 477 4387 gressus,
515 4317 699 4374 tercio
728 4332 788 4374 se
803 4319 1156 4374 dictatorem
1171 4317 1542 4374 etconsulem
1569 4318 1710 4373 fecit
1739 4333 1868 4375 cum

221 4405 416 4462 Marco
437 4403 664 4462 Emilio
689 4407 902 4478 Lepido
917 4407 1012 4478 qui
1039 4407 1318 4477 magister
1351 4406 1596 4463 militum
1625 4407 1868 4464 eicausa

1895 3131 1942 3193 C

1965 1843 2282 1913 profectus,
2317 1843 2496 1899 multa
2521 1844 2670 1899 bella
2688 1851 2846 1901 sorte
2879 1846 3036 1902 varia
3075 1847 3278 1915 gessit.
3325 1847 3604 1904 Ultimum

1966 1931 2178 1987 bellum
2210 1932 2361 2002 apud
2387 1932 2650 1988 Mundam
2684 1934 2894 1990 flumen
2917 1939 3143 2004 gestum
3163 1936 3390 2005 est,ubi
3426 1938 3608 1993 tantis

1962 2019 2188 2075 viribus
2212 2019 2546 2076 dimicatum
2570 2026 2656 2077 est
2691 2026 2969 2093 tantaque
2993 2023 3184 2080 caedes
3223 2029 3375 2095 acta,
3414 2030 3473 2080 ut
3493 2027 3612 2082 Ca-

1965 2121 2059 2161 sar
2097 2121 2347 2176 quoque,
2383 2108 2678 2164 veteranis
2693 2109 2866 2164 etiam
2897 2111 3022 2166 suis
3044 2111 3252 2167 cedere
3270 2128 3382 2169 non
3407 2115 3614 2171 erube-

1963 2194 2284 2265 scentibus,
2312 2209 2375 2250 se
2407 2196 2658 2252 voluerit
2693 2199 2980 2269 occidere,
3010 2214 3079 2255 ne
3105 2206 3233 2270 post
3286 2206 3500 2258 tantam
3527 2203 3612 2259 rei

1965 2281 2490 2354 militarisgloriam
2531 2285 2583 2340 in
2618 2289 2971 2356 potestatem
3013 2287 3450 2347 adolescentum
3519 2305 3615 2346 na-

1964 2376 2060 2427 tus
2082 2373 2600 2428 annost56veniret.
2627 2375 3189 2445 Deniqnereparatis
3208 2379 3348 2446 suis,
3376 2383 3497 2433 tum
3523 2393 3612 2434 su-

1968 2459 2088 2515 bito
2122 2459 2177 2514 in
2209 2461 2397 2529 fugam
2441 2477 2646 2519 versus
2705 2467 2797 2518 est
2833 2465 3126 2520 exercitus
3166 2466 3606 2536 Pompeiorum;

1963 2549 2124 2605 Titus
2152 2550 2436 2607 Labienus
2465 2556 2524 2606 et
2567 2551 2768 2608 Actius
2800 2555 2984 2609 Varus
3020 2553 3076 2608 in
3106 2554 3228 2610 acie
3258 2555 3394 2610 caesi
3421 2559 3556 2611 sunt
3592 2572 3608 2622 ;

1966 2628 2157 2694 Gneus
2208 2639 2512 2710 Pompeius
2540 2655 2671 2696 cum
2699 2646 2932 2697 centum
2991 2642 3290 2711 equitibus
3344 2644 3609 2713 aufugit;

1969 2727 2184 2782 Sextus
2221 2729 2552 2799 Pompeius,
2588 2729 2768 2785 frater
2807 2731 2952 2800 ejus,
2998 2735 3301 2786 contracta
3335 2731 3612 2787 celeriter

1970 2829 2078 2869 non
2116 2829 2290 2886 parva
2329 2816 2733 2873 Lusitanorum
2768 2833 2958 2881 manu,
2989 2832 3344 2886 congressus
3361 2833 3492 2874 cum
3519 2819 3618 2875 Ce-

1971 2903 2153 2971 sonio,
2173 2902 2364 2959 victus
2389 2903 2729 2975 fugiensque
2753 2905 3098 2962 interfectus
3118 2911 3225 2961 est.
3256 2907 3374 2962 Iloc
3397 2905 3614 2961 bellum

1972 3006 2041 3046 eo
2064 2991 2156 3046 die
2180 2995 2372 3048 actum
2404 2997 2491 3048 est
2527 3007 2639 3063 quo
2673 2999 2839 3064 pater
2868 3009 3068 3050 eorum
3089 2995 3398 3066 Pompeius
3420 2995 3492 3050 ab
3514 2996 3618 3050 Ur-

1976 3080 2068 3149 be,
2103 3079 2317 3135 bcllum
2346 3085 2640 3149 gesturus,
2685 3087 2854 3137 antea
2877 3082 3202 3151 aufugerat.
3239 3087 3613 3152 quatuorque

1975 3167 2141 3222 annis
2171 3167 2280 3222 hoc
2306 3167 2520 3223 bellum
2553 3169 2721 3224 civile
2753 3174 2879 3225 toto
2908 3170 3048 3225 orbe
3081 3168 3364 3225 intonuit.
3417 3171 3615 3226 Caesar

1976 3256 2193 3325 itaque,
2224 3254 2392 3311 bellis
2406 3256 2680 3313 civilibus
2701 3261 2824 3312 toto
2843 3257 3613 3328 orbecompositisﬁoma‘m

1975 3344 2210 3400 rediens
2238 3358 2413 3414 agere
2445 3344 2795 3402 insolentius
2821 3344 2889 3378 ³⁵⁸
2919 3346 3095 3417 coepit
3143 3350 3351 3402 contra
3376 3359 3621 3402 consue-

1980 3432 2237 3489 tudinem
2272 3435 2541 3490 Romanae
2574 3433 2887 3490 libertatis.
2925 3435 3062 3490 Cum
3094 3449 3234 3504 ergo
3269 3435 3518 3491 honores
3547 3448 3622 3492 ex

1977 3536 2077 3578 sua
2112 3521 2414 3577 voluntate
2449 3522 2869 3592 prestaret,qui
2903 3526 3072 3578 antea
3108 3523 3446 3578 ferebantur
3469 3538 3497 3578 a
3532 3538 3624 3596 ρο·

1976 3609 2136 3680 pulo,
2170 3624 2278 3665 nec
2303 3611 2528 3666 senatui
2549 3611 2619 3666 ad
2638 3626 2700 3666 sc
2733 3611 2989 3667 venienti
3015 3611 3621 3683 assurgeret,aliaque

1977 3699 2136 3768 regia
2167 3703 2222 3754 et
2255 3713 2399 3769 pene
2422 3700 2726 3770 tyrannica
2753 3701 2990 3770 faceret,
3012 3700 3378 3770 conjnratum
3405 3707 3498 3757 est
3558 3702 3615 3757 in

1976 3801 2106 3842 eum
2140 3802 2169 3842 a
2206 3786 2548 3842 ducentiset
2576 3792 2645 3844 60
2666 3787 2752 3843 vel
2784 3787 3034 3860 amplius
3073 3789 3446 3846 senatoribus
3463 3789 3624 3862 equi-

1977 3874 2251 3945 tibusque
2285 3876 2859 3947 RomanisPrecipni
2893 3877 3046 3932 inter
3078 3876 3487 3946 conjnratores
3504 3879 3626 3934 fue-

1977 3967 2111 4018 runt
2143 3963 2256 4018 duo
2299 3963 2483 4032 Bruti,
2503 3979 2574 4018 ex
2604 3978 2817 4031 genere
2862 3964 3021 4020 illius
3072 3965 3345 4036 Brutiqui
3399 3967 3624 4036 primus

1979 4051 2178 4107 consul
2218 4051 2402 4106 fuerat
2431 4053 2622 4106 Romae
2653 4067 2935 4122 regesque
2977 4053 3305 4122 expulerat,
3325 4059 3381 4108 et
3408 4053 3624 4111 Gneius

1981 4139 2218 4196 Cassius
2246 4145 2304 4195 et
2337 4138 2620 4195 Servilius
2646 4141 2842 4196 Casca.
2899 4140 3155 4204 Quadam
3193 4141 3373 4210 igitur
3405 4142 3496 4197 die
3532 4157 3626 4199 se-

1979 4235 2118 4284 natu
2151 4228 2206 4283 in
2228 4228 2389 4284 curia
2414 4233 2790 4298 congregato,
2809 4242 2938 4284 cum
2955 4229 3148 4284 Caesar
3175 4228 3626 4301 advenisset,vi-

1978 4317 2124 4388 ginti
2147 4317 2340 4374 tribus
2355 4316 2566 4374 cultris
2591 4317 2897 4374 senatoriis
2911 4317 3217 4374 confossus
3234 4323 3343 4388 est,
3370 4333 3620 4390 moxque

1981 4411 2254 4463 auctores
2275 4406 2454 4463 caedis
2473 4406 2699 4463 strictis
2718 4405 3068 4478 pugionibus
3093 4406 3148 4462 in
3174 4406 3520 4479 Capitolium
3535 4422 3622 4466 se-

222 4493 536 4550 dictaturae
567 4500 703 4550 ante
738 4510 946 4552 annum
981 4496 1190 4552 fuerat.
1252 4495 1469 4552 Deinde
1502 4495 1559 4551 in
1617 4496 1867 4553 Africam
1899 4485 1950 4546 D
1979 4499 2306 4552 cesserunt.
2367 4496 2620 4551 Turbato
2649 4495 2885 4567 populo,
2936 4495 3033 4552 diu
3092 4493 3482 4554 deliberatum
3531 4502 3626 4555 est

222 4583 528 4654 profectus
555 4587 666 4653 est,
722 4583 818 4640 ubi
879 4583 1102 4640 infinita
1164 4586 1551 4642 Romanorum
1593 4585 1869 4642 nobilitas

222 4687 354 4730 cum
371 4673 516 4728 Juba
550 4688 686 4743 rege
717 4673 1076 4730 Mauritaniae
1107 4675 1260 4745 apud
1293 4675 1581 4745 Thapsum
1625 4674 1732 4732 sibi
1753 4675 1871 4731 bel-

223 4761 344 4819 lum
360 4766 762 4835 reparaverat.
785 4763 972 4820 Duces
985 4767 1175 4820 autem
1196 4763 1431 4819 Romani
1447 4768 1613 4819 erant
1633 4764 1872 4822 Publius

227 4850 532 4906 Cornelius
569 4851 782 4924 Scipio,
801 4865 872 4906 ex
911 4852 1319 4922 antiquissimo
1337 4867 1550 4922 genere
1583 4853 1870 4925 Scipionis

225 4939 506 5010 Africani,
541 4940 834 5012 quietiam
859 4955 1026 4998 socer
1041 4941 1210 4998 Marci
1229 4941 1487 5012 Pompeii
1504 4941 1712 5013 fuerat,
1731 4944 1870 4998 Mar-

223 5042 334 5084 cus
367 5029 634 5087 Petreius
662 5028 984 5100 Varrus’“,
1011 5031 1236 5087 Marcus
1268 5029 1505 5086 Portius
1536 5031 1696 5102 Cato,
1766 5032 1870 5088 Lu-

223 5115 675 5176 ciusCornelius
706 5119 1165 5190 Faustus,Syllze
1189 5119 1497 5176 dictatoris
1523 5119 1695 5177 ﬁlius.
1729 5122 1870 5177 Con-

227 5211 321 5261 tra
353 5205 460 5264 hos
507 5207 820 5266 commisso
851 5207 1074 5281 praelio,
1132 5211 1266 5280 post
1316 5211 1529 5267 multas
1575 5208 1868 5265 hominum

1983 4588 2176 4640 utrum
2194 4582 2539 4654 Capitolium
2572 4598 2702 4640 cum
2725 4583 3064 4640 auctoribus
3095 4582 3273 4641 caedis
3310 4589 3625 4656 Oporteret

1982 4672 2232 4743 incendi,
2265 4687 2481 4744 corpus
2513 4670 2639 4742 ejus
2675 4676 2904 4744 raptum
2939 4673 3207 4745 populus,
3269 4673 3469 4730 dolore
3525 4674 3627 4731 sti-

1982 4762 2256 4833 mulatus,
2292 4761 2346 4817 in
2382 4763 2508 4817 foro
2540 4761 2880 4832 fragmentis
2903 4761 3280 4819 tribunalium
3310 4777 3376 4819 ac
3399 4762 3625 4820 subsel-

1982 4851 2192 4907 liorum
2227 4849 2529 4907 cremavit.
2565 4851 2777 4906 Eadem
2832 4865 2972 4906 vero
3020 4855 3188 4907 nocte
3221 4865 3347 4921 qua;
3404 4851 3623 4910 caedem

1980 4940 2108 5010 ejus
2137 4939 2448 5012 precessit,
2466 4939 2794 5011 Calpurnia,
2816 4953 2962 4996 uxor
2979 4939 3126 5009 ejus,
3151 4938 3298 4994 vidit
3332 4939 3388 4994 in
3404 4939 3626 5000 somnis

1980 5044 2110 5087 eum
2143 5030 2474 5086 confossum
2502 5028 2845 5085 vulneribus
2884 5027 2939 5084 in
2970 5027 3097 5083 sinu
3112 5041 3217 5083 suo
3235 5026 3433 5096 jacere
3458 5046 3474 5096 ;
3496 5043 3626 5086 ora-

1980 5119 2182 5190 vitque
2196 5132 2326 5174 eum
2352 5131 2422 5174 ne
2441 5131 2605 5172 mane
2627 5116 2814 5172 abiret
2838 5117 2893 5171 in
2907 5119 3194 5182 senatum;
3210 5115 3418 5172 sedhic
3437 5116 3628 5192 auspi-

1979 5206 2202 5265 ciorum
2218 5205 2396 5264 verba
2421 5218 2576 5278 saepe
2591 5204 2912 5276 negligens,
2947 5204 3298 5278 contempsit
3313 5207 3623 5284 somnium,

1583 5376 1820 5437 VARLE
1858 5377 2256 5440 LECTIONES.

303 5518 376 5559 ⁶⁶⁰
411 5518 577 5598 deest
641 5524 699 5583 ὅ.
753 5521 884 5598 anni
940 5522 1170 5598 augusti

1252 5527 1304 5584 4.
1356 5529 1446 5587 1ο.
1500 5530 1584 5586 11.
1635 5525 1704 5564 ³⁸⁸
1764 5545 2066 5592 romanum
2096 5534 2147 5586 δ.
2179 5526 2252 5564 ³⁸³
2307 5520 2454 5588 Hac
2510 5521 2732 5587 ἀϐετιθιέ
2771 5525 2826 5587 Δ.
2886 5528 2975 5590 11.
3022 5521 3093 5566 ⁸⁸³
3140 5529 3206 5590 D.
3241 5541 3291 5591 r.
3325 5539 3376 5591 a.
3443 5525 3566 5594 des.
3594 5536 3632 5595 δ

228 5593 303 5634 ³⁸⁸
351 5594 493 5656 add.
526 5609 676 5657 anno
704 5605 757 5660 δ.
787 5597 858 5634 ³⁸⁵
881 5593 1058 5659 varu's
1078 5603 1128 5659 4.
1162 5597 1231 5635 ³⁸⁸
1259 5611 1327 5658 se
1351 5613 1418 5674 ε.
1453 5604 1506 5660 δ.
1537 5598 1607 5636 ³⁸⁷
1636 5599 1707 5658 11.
1739 5597 1918 5664 filiam
1941 5619 1997 5677 p.
2030 5604 2396 5677 nepotesque
2427 5604 2482 5661 δ.
2513 5596 2584 5636 ³⁸⁸
2613 5599 2652 5659 i.
2687 5611 2745 5659 a.
2774 5605 2830 5664 δ.
