3986 6048
415 191 532 253 647

1583 186 1918 250 ΕΚΚΕΗΑ
1928 185 2066 247 RDI
2110 183 2661 265 URAUGIENSIS

3695 184 3818 246 648

420 324 506 381 rei
538 327 731 380 autem
766 322 1035 394 probavit
1068 320 1334 379 eventus.
1371 321 1517 377 Ante
1576 336 1792 393 paucos
1826 334 2057 392 quoque
2089 321 2141 379 A
2171 322 2267 375 sta
2290 318 2447 376 caede
2464 319 2679 376 delevit
2712 338 2726 387 ;
2763 319 3115 376 Octavianus
3139 321 3590 377 Caesareatenus
3622 305 3818 375 castra

419 414 547 470 dies
578 414 724 469 bove
746 425 815 467 ex
839 427 997 468 more
1026 415 1298 480 mactata,
1329 425 1431 467 cor
1460 410 1513 465 in
1546 410 1696 465 extis
1742 425 1851 465 non
1869 414 1955 466 est
1974 426 2060 465 re-

420 505 667 574 pertum.
703 500 867 566 Quod
890 516 1019 557 cum
1044 500 1331 571 Spurinna
1347 515 1599 569 aruspex
1616 499 2056 569 pronunciasset

420 590 471 646 ei
503 590 573 645 ad
598 589 732 644 vita)
755 589 1076 659 perieulum
1114 589 1428 660 pertinere.
1459 591 1650 643 Caesar
1684 602 1900 643 memor
1924 604 2059 644 con-

421 677 652 733 stantiae
682 677 763 732 ait
794 677 1171 746 :Mirarts,si
1199 676 1294 733 bos
1316 692 1430 732 non
1451 690 1548 733 cor
1569 676 1761 732 liabet.
1801 677 1909 731 Sed
1928 692 2058 733 mox

416 766 553 822 vita:
576 765 702 833 ejus
724 766 851 821 linis
870 766 1001 821 fuit.
1027 766 1180 819 Idem
1207 765 1488 836 Spurinna
1526 770 1658 821 ante
1685 780 1902 836 paucos
1938 767 2056 822 fere

419 870 601 911 annos
631 854 814 909 eidem
851 854 1062 909 Caesari
1089 854 1335 919 dixerat,
1357 855 1648 910 cavendas
1676 855 1727 910 ci
1775 856 2057 911 esseldus

416 943 669 999 Martias.
705 942 827 1007 Quo
857 942 950 997 die
979 942 1125 1007 viso,
1156 942 1237 997 ait
1290 943 1591 1013 Spurinnae
1636 946 1865 1000 Caesar:
1908 945 2057 1002 Idus

413 1030 944 1087 Martiicenermzt.
969 1030 1068 1085 Ille
1092 1031 1387 1101 respondit
1414 1032 1567 1088 :Sed
1585 1034 1840 1089 nondum
1864 1033 2056 1091 trans-

412 1120 630 1176 ierunt.
652 1120 864 1174 Eodem
889 1118 981 1173 die
1006 1120 1200 1175 Caesar
1231 1121 1660 1191 confossusest,
1682 1123 1900 1192 virquo
1924 1122 2056 1178 nul-

414 1207 504 1262 lus
535 1221 804 1277 umquam
831 1207 1013 1276 magis
1038 1207 1208 1263 bellis
1231 1209 1461 1265 enituit.
1491 1210 1626 1279 Ejus
1644 1210 1930 1279 siquidem
1954 1210 2055 1268 du-

411 1299 509 1351 ctu
543 1296 817 1352 undecies
845 1302 1079 1353 centum
1105 1297 1418 1367 nonaginta
1445 1298 1559 1354 duo
1586 1298 1738 1354 milia
1758 1299 2052 1355 hominum

411 1398 562 1439 cazsa
588 1390 742 1440 sunt.
774 1385 911 1440 Nam
947 1390 1226 1456 quantum
1282 1385 1451 1440 bellis
1495 1387 1770 1442 civilibus
1813 1388 2050 1458 fuderit,

413 1480 694 1529 annotare
717 1473 922 1530 noluit.
947 1474 1136 1543 Signis
1158 1474 1791 1545 eollatisquinquagics
1816 1475 2052 1532 dimica-

410 1562 516 1633 vit,
549 1562 799 1618 Marcum
824 1562 1155 1618 Marcellum
1190 1563 1353 1619 solus
1379 1578 1820 1635 supergressus,
1856 1565 1951 1635 qui
1985 1570 2052 1622 39

2171 408 2509 464 custodivit.
2543 407 2805 465 Secunda
2835 410 3119 466 adversus
3143 408 3455 463 Antonium
3490 422 3680 479 pugna
3705 421 3820 463 ma-

2170 511 2298 566 gnze
2320 498 2612 567 utrimque
2637 505 2866 567 strages
2882 498 3048 554 facta:
3064 501 3220 567 sunt,
3246 496 3480 552 Hircius
3496 496 3702 552 consul
3724 511 3820 552 oc-

2169 586 2621 656 ciditur,Ctesar
2635 588 2880 642 victoria
2902 587 3126 658 potitur
3141 603 3154 653 ;
3170 585 3471 642 consulum
3487 584 3818 641 occisorum

2168 677 2419 743 uterque
2434 676 2738 732 exercitus
2765 675 3080 731 Octaviano
3099 673 3310 730 Caesari
3332 673 3622 729 subditur.
3642 676 3820 730 Anto-

2168 761 2301 819 nius
2328 763 2583 833 fugatus,
2611 764 2823 820 amisso
2844 764 3129 831 exercitu,
3146 761 3495 831 confugitad
3516 762 3812 832 Lepidum,

2171 852 2267 921 qui
2300 859 2439 909 tunc
2472 854 2750 922 magister
2782 853 3042 924 equitum
3080 853 3324 910 Caesaris
3364 852 3571 920 fuerat,
3600 854 3663 906 et
3692 855 3812 907 tum

2167 940 2413 997 militum
2448 942 2649 1012 copias
2678 938 2931 1011 grandes
2985 941 3255 997 habebat.
3292 943 3337 995 A
3367 954 3479 1010 quo
3503 944 3813 1011 susceptus

2164 1028 3015 1100 est,ipsoqueinterveniente,
3052 1030 3244 1085 Caesar
3290 1027 3512 1099 recepit
3565 1042 3696 1083 eum
3756 1026 3807 1082 in

2165 1118 2434 1188 gratiam,
2469 1122 2644 1188 atque
2675 1119 2749 1174 ob
2773 1119 2941 1173 fidem
2974 1116 3368 1173 reconciliatae
3400 1116 3606 1185 gratiae
3635 1115 3809 1171 filiam

2165 1206 2291 1275 ejus
2324 1206 2377 1261 in
2397 1207 2826 1263 matrimonium
2852 1205 2920 1239 ³⁷⁸
2935 1206 3185 1263 sortitus
3214 1209 3306 1261 est
3334 1223 3349 1273 ;
3373 1208 3433 1260 et
3455 1209 3517 1261 ut
3558 1204 3813 1260 vindica-
3879 1258 3888 1264 .

2168 1298 2335 1350 turus
2349 1302 2575 1366 patrem
2599 1298 2943 1361 Caesarem;a
2970 1309 3083 1366 quo
3100 1293 3814 1366 pertestamentumberes

2166 1383 2485 1456 adoptatus
2514 1386 2732 1453 fuerat,
2758 1385 2994 1440 Romam
3009 1398 3136 1440 cum
3167 1381 3814 1449 exercitutendebat,et

2163 1490 2293 1530 cum
2332 1474 2581 1529 Antonio
2604 1489 2671 1529 ac
2688 1472 2900 1544 Lepido
2923 1488 3041 1530 rem
3070 1471 3361 1544 publicam
3382 1470 3558 1526 armis
3575 1470 3816 1526 tenebat

2164 1565 2224 1617 et
2255 1559 2323 1593 ³⁷⁵
2357 1564 2625 1616 senatum
2654 1559 3109 1631 proscripserat.
3136 1559 3391 1628 Cumque
3420 1572 3620 1613 rumor
3648 1556 3720 1611 de
3736 1555 3817 1613 fu-

411 1650 636 1707 vicibus
672 1652 860 1707 fuerat
893 1651 1209 1722 prmliatus.
1258 1652 1341 1707 Ad
1392 1653 1498 1707 hoc
1550 1652 1745 1709 nullus
1803 1654 2054 1711 celerius
2082 1681 2135 1739 B
2166 1655 2296 1706 tura
2322 1649 2756 1720 proscriptione
2782 1649 2834 1703 in
2870 1649 3024 1704 Urbe
3047 1653 3215 1703 ortus
3247 1646 3615 1716 esset,Gaius
3645 1647 3813 1701 Tora-

413 1740 671 1811 scripsit,
703 1754 869 1795 nemo
904 1741 1160 1796 velocius
1183 1740 1344 1809 legit,
1372 1749 1687 1810 quaternas
1714 1742 1888 1797 etiam
1934 1744 2054 1814 epi-

417 1827 603 1885 stolas
625 1828 796 1885 simul
825 1830 1095 1885 dictavit.
1116 1832 1309 1885 Tanta}
1336 1830 1440 1885 fuit
1466 1831 1763 1892 bonitatis.
1812 1838 1875 1887 ut
1907 1847 2051 1903 quos

414 1918 593 1973 armis
628 1919 962 1989 subegerat,
995 1918 1301 1974 clementia
1338 1919 1518 1988 magis
1555 1920 1790 1975 vicerit.
1834 1919 1922 1973 ³⁸³.
1950 1923 2054 1977 Eo-

414 2005 543 2061 dem
576 2010 838 2078 tempore
860 2009 1054 2064 Roma}
1094 2012 1218 2063 tres
1251 2006 1423 2063 simul
1454 2008 1643 2063 exorti
1665 2008 1822 2064 soles
1859 2009 2054 2081 paula-

415 2094 517 2149 tim
544 2095 598 2149 in
614 2096 858 2151 eundem
874 2097 1072 2151 orbem
1090 2095 1376 2165 eojerunt.
1412 2098 1778 2153 lntercetera
1823 2112 2054 2169 quoque

416 2188 688 2255 portenta
720 2199 847 2253 quae
882 2183 1239 2240 tot037°orbc
1268 2185 1416 2241 facta
1450 2189 1605 2255 sunt,
1642 2185 1818 2241 bosin
1847 2188 2055 2243 subur-

415 2273 564 2328 bano
594 2274 789 2330 Roma)
812 2274 880 2329 ad
913 2274 1421 2330 arantemlocutus
1448 2280 1563 2345 est,
1602 2275 1819 2331 frustra
1864 2291 1926 2333 se
1959 2292 2053 2333 ur-

410 2362 560 2431 geri,
591 2378 703 2420 non
728 2363 879 2419 enim
902 2364 1211 2435 frumenta,
1240 2364 1341 2420 sed
1389 2365 1649 2421 homines
1682 2365 1842 2421 brevi
1895 2366 2054 2423 defu-

413 2456 598 2508 tlll‘OS.

483 2541 837 2597 Octavianus
860 2545 1071 2612 Caesar,
1091 2542 1187 2613 qui
1207 2548 1411 2614 postea
1436 2548 1836 2613 Augustuscst
1858 2544 2053 2618 appel-

413 2628 587 2699 latus,
623 2644 779 2699 aquo
793 2634 849 2684 et
873 2631 1549 2702 deincepsimperatores
1576 2635 1961 2691 Romanorum
1985 2634 2052 2669 3'“

416 2718 645 2785 augusti
670 2716 809 2771 dicti
834 2723 989 2787 sunt,
1009 2720 1454 2787 regnavitannis
1484 2725 1570 2789 δῦ,
1606 2726 1673 2777 12
1707 2737 1835 2777 cum
1881 2724 2054 2779 Anto-

413 2804 508 2859 nio
536 2810 595 2859 et
626 2804 857 2876 Lepido,
885 2806 1049 2862 solus
1079 2823 1215 2863 vero
1248 2811 1313 2861 44
1337 2808 1444 2876 (Cf.
1476 2812 1682 2881 Ιῐιεη.).
1704 2810 2052 2883 (H.9n.)IIic

412 2893 653 2949 Octavio
685 2898 850 2964 patre
882 2901 1154 2951 senatore
1176 2896 1760 2968 genitus,maternum
1780 2914 1965 2969 genus
1980 2903 2051 2957 ab

410 2985 586 3038 jEnea
619 2999 722 3054 per
750 2984 957 3040 Iuliam
976 2985 1246 3039 familiam
1268 2987 1515 3043 sortitus
1540 2992 1649 3058 est,
1670 2988 1825 3044 filius
1847 2991 2045 3061 Actia},

2166 1754 2275 1795 nus
2303 1738 2373 1772 ³⁷⁸
2405 1738 2491 1794 vir
2511 1738 2809 1809 pretorius
2827 1736 3001 1793 nichil
3027 1736 3141 1792 tale
3167 1735 3494 1806 suspicans,
3513 1734 3813 1790 incursan-

2168 1829 2326 1884 tibus
2360 1827 2666 1890 militibus,
2695 1827 2749 1882 in
2784 1827 2955 1882 domo
2978 1840 3085 1882 sua
3108 1826 3452 1882 interfectus
3475 1823 3811 1894 est,aliique

2164 1917 2501 1989 complures
2535 1914 2602 1949 ³⁷⁷
2627 1915 2851 1972 nobiles
2877 1915 3151 1971 trucidati
3177 1918 3333 1972 sunt.
3361 1914 3469 1970 Sed
3528 1928 3601 1968 ne
3640 1912 3813 1969 incir-

2165 2006 2519 2077 eumscripta
2554 2005 2746 2062 caedes
2769 2004 3110 2061 effrenatius
3134 2009 3427 2075 ageretur,
3456 2008 3560 2060 132
3580 2005 3812 2059 senato-

2167 2111 2291 2152 rum
2322 2095 2551 2151 nomina
2578 2096 2633 2149 in
2659 2093 2852 2150 tabula
2870 2095 3171 2165 proposita
3198 2097 3352 2161 sunt,
3389 2092 3635 2164 primum
3654 2090 3812 2162 Lepi-

2166 2184 2220 2240 di
2256 2190 2529 2256 precepto
2550 2188 2606 2239 et
2624 2183 2876 2252 nomine,
2894 2181 3102 2238 deinde
3127 2182 3379 2251 Antonii,
3399 2181 3583 2237 tercio
3627 2183 3811 2236 Ctesa-

2166 2273 2359 2328 ris.Ibi
2385 2273 2673 2329 Antonius
2695 2270 2944 2328 Tullium
2963 2271 3296 2327 Ciceronem
3322 2270 3617 2326 inimicum
3643 2284 3810 2326 suum

2165 2362 2614 2434 proscripserat,
2638 2361 2871 2417 Lucium
2897 2374 3129 2431 quoque
3153 2361 3434 2417 Caesarem
3458 2358 3811 2416 avunculum

2166 2460 2356 2521 suum,
2373 2454 2431 2505 et
2450 2448 2603 2521 quod
2630 2449 3038 2519 exaggerando
3060 2448 3270 2505 sceleri
3286 2448 3556 2519 accessit,
3577 2447 3810 2505 viduam

2146 2544 2409 2595 ematrcm
2446 2539 2802 2611 proscripsit
2834 2582 2849 2605 ,
2885 2539 2962 2593 ibi
2990 2538 3239 2610 Lepidus
3285 2537 3521 2594 Lucium
3570 2536 3810 2593 Paulum

2166 2629 2406 2683 fratrem
2440 2628 2492 2683 in
2527 2627 2772 2684 eundem
2791 2627 3253 2698 proscriptorum
3276 2640 3507 2697 gregem
3533 2625 3807 2695 conjecit;

2164 2717 2495 2787 adjectique
2515 2722 2652 2773 sunt
2676 2722 2877 2787 postea
2907 2716 3144 2785 triginta
3167 2716 3394 2786 equites
3421 2714 3663 2770 Romani
3689 2714 3803 2784 (Cf.

2165 2807 2339 2877 Onos,
2372 2822 2446 2873 vr,
2483 2811 2567 2863 18.
2594 2837 2664 2846 —
2686 2808 2761 2861 Η.
2787 2805 3121 2878 m.),Multac
3151 2810 3210 2859 et
3245 2804 3418 2861 variae
3462 2803 3669 2859 clades
3713 2802 3809 2860 diu

2163 2900 2309 2950 actas
2329 2899 2485 2965 sunt,
2505 2895 2713 2950 domus
2736 2891 3488 2965 proscriptorum,direptis
3512 2892 3806 2963 omnibus,

2163 2982 2373 3039 dirutae
2405 2984 2792 3039 sunt.lnterea
2822 2984 3034 3039 Brutus
3058 2989 3119 3038 et
3143 2982 3376 3038 Cassius
3394 2981 3808 3038 interfectores

413 3071 637 3127 sororis
667 3072 1083 3143 JuliiCzesaris,
1111 3088 1281 3144 quem
1313 3042 1725 3146 illeadoptaivit
1772 3077 1823 3133 in
1846 3042 2045 3149 filium:
2082 3042 2130 3104 Ο
2163 3072 2281 3126 Gaii
2316 3073 2583 3143 Caesaris,
2621 3072 2826 3142 ingens
2843 3071 3379 3128 bellummoverunt
3413 3075 3621 3138 ;erant
3656 3070 3807 3127 enim

409 3175 539 3217 cum
562 3176 675 3216 non
708 3161 950 3217 haberet
975 3163 1293 3233 proprium,
1318 3168 1376 3218 et
1397 3168 1751 3220 testamento
1775 3165 2048 3222 heredem

410 3249 648 3319 reliquit
680 3265 1185 3321 nomenqucsuum
1221 3253 1371 3307 ferre
1397 3253 1593 3322 jussit.
1614 3255 2050 3325 Interfectoigi-

413 3342 511 3393 tur
526 3341 751 3394 Caesare
770 3338 1140 3395 372avunculo
1165 3356 1293 3410 suo,
1318 3356 1446 3395 cum
1464 3342 1710 3411 primum
1733 3344 2048 3400 rediensab

414 3424 716 3496 Apollonia
752 3427 1404 3496 Urbemingrederetur,
1425 3429 1563 3486 hora
1593 3431 2044 3503 circitertercia,

414 3519 656 3585 repente
687 3514 908 3585 liquido
930 3532 995 3571 ac
1016 3532 1163 3587 puro
1196 3532 1400 3573 sereno
1424 3519 1492 3573 ad
1519 3519 1771 3589 speciem
1793 3521 2047 3577 caelestis

411 3616 584 3658 arcus
615 3605 813 3659 orbem
829 3604 968 3660 solis
991 3605 1190 3659 ambiit
1223 3606 1683 3676 circulus,quasi
1725 3610 2048 3680 eumpotis—

413 3692 619 3747 simum
644 3693 697 3747 in
748 3694 959 3749 mundo
1014 3693 1316 3765 solumque
1359 3695 1747 3753 clarissimum
1809 3699 1863 3753 in
1905 3701 2047 3757 orbe

407 3782 987 3852 monstraret,cujus
1040 3788 1301 3855 tempore
1327 3786 1662 3842 nasciturus
1716 3793 1894 3858 esset,
1949 3789 2046 3859 qui

376 3870 590 3940 ‘ipsum
614 3869 794 3926 solem
840 3870 999 3928 solus
1030 3873 1420 3947 mundumque
1451 3879 1638 3931 totum
1695 3880 1752 3931 et
1814 3876 2046 3933 fecisset

400 3961 461 4014 et
481 3963 729 4027 regeret.

474 4048 636 4103 Anno
662 4047 856 4118 itaque
877 4049 949 4105 ab
980 4049 1135 4105 Urbe
1169 4050 1403 4106 condita
1427 4056 1532 4108 709
1556 4051 1865 4108 interfecto
1890 4053 2044 4109 Julio

374 4136 652 4207 Caesare,
690 4136 840 4193 bella
860 4138 1052 4194 civilia
1078 4144 1348 4209 reparata
1392 4144 1547 4196 sunt.
1590 4141 2045 4198 Percussoribus

378 4225 553 4280 enim
587 4226 834 4282 Cmsaris
852 4228 1078 4283 favebat
1097 4232 1336 4284 senatus
1361 4228 1671 4296 ;Antonius
1695 4236 1889 4286 autem
1908 4245 2043 4287 con-

403 4313 516 4384 sul,
534 4314 630 4385 qui
671 4320 798 4371 erat
831 4316 1084 4386 partium
1111 4318 1372 4384 Caesaris,
1422 4318 1696 4375 civilibus
1740 4319 1909 4376 bellis
1939 4334 2042 4376 eos

2162 3176 2265 3232 per
2290 3160 2673 3217 Macedoniam
2698 3168 2756 3216 et
2787 3162 3070 3217 orientem
3105 3160 3271 3217 multi
3307 3160 3608 3216 exercitus
3660 3175 3809 3231 quos

2161 3255 2609 3321 oecupaverant.
2640 3250 2739 3320 (Η.
2770 3253 2838 3308 R.
2865 3256 2924 3307 et
2946 3252 3024 3306 Η.
3045 3249 3421 3323 m.)Profecti
3463 3253 3598 3305 sunt
3627 3249 3809 3319 igitur

2160 3344 2363 3396 contra
2397 3355 2496 3395 eos
2519 3339 2873 3396 Octavianus
2899 3342 3092 3395 Caesar
3124 3344 3180 3394 et
3230 3340 3452 3394 Marcus
3493 3336 3803 3407 Antonius,

2160 3428 2373 3499 Lepido
2407 3429 2477 3484 ad
2505 3428 2923 3485 defendendam
2943 3428 3164 3484 Italiam
3188 3431 3548 3489 remanente,
3571 3437 3631 3482 ct
3654 3426 3807 3498 apud

2159 3517 2457 3589 Philippos
2488 3519 2831 3575 Macedoniae
2860 3518 3160 3574 civitatem
3184 3522 3393 3574 contra
3422 3532 3524 3572 eos
3550 3530 3807 3587 pugnan-

2161 3612 2271 3670 tes,
2310 3607 2493 3677 primo
2518 3607 2722 3677 praelio
2746 3608 2884 3663 victi
2903 3614 3039 3663 sunt
3076 3624 3089 3673 ;
3112 3606 3287 3678 periit
3354 3611 3540 3662 tamen
3567 3606 3688 3662 dux
3713 3621 3811 3662 no~

2160 3695 2407 3752 bilitatis
2427 3697 2691 3763 Cassius;
2727 3696 2986 3753 secundo
3028 3697 3269 3751 Brutum
3303 3700 3363 3750 et
3392 3694 3679 3749 inﬁnitam
3711 3710 3811 3751 n0-

2160 3783 2447 3840 bilitatem
2471 3785 2647 3841 vitam
2670 3786 3190 3849 interfecerunt;ac
3215 3784 3300 3840 sic
3323 3783 3476 3839 inter
3498 3797 3603 3839 eos
3622 3783 3807 3840 divisa

2158 3878 2247 3929 est
2282 3888 2374 3929 res
2405 3874 2656 3945 publica,
2691 3881 2754 3929 ut
2785 3875 2978 3930 Caesar
3015 3873 3361 3944 Hyspaniam
3393 3876 3451 3928 et
3495 3871 3719 3929 Gallias
3747 3877 3805 3927 et

2156 3961 2378 4017 Italiam
2404 3967 2628 4018 teneret
2664 3963 2949 4019 Antonius
2972 3962 3186 4032 Asiam,
3214 3963 3460 4016 Pontum
3507 3964 3563 4016 et
3618 3960 3809 4016 orien-

2156 4055 2299 4106 tem.
2342 4051 2452 4107 Sed
2486 4051 2541 4105 iu
2585 4050 2744 4107 Italia
2806 4051 3022 4107 bellum
3075 4050 3250 4106 civile
3282 4053 3541 4106 moverat
3596 4050 3809 4107 Lucius

2158 4139 2443 4196 Antonius
2461 4139 2684 4209 consul,
2722 4139 2903 4195 frater
2922 4140 3049 4211 ejus
3078 4138 3174 4210 qui
3206 4154 3337 4196 cum
3396 4139 3624 4195 Caesare
3675 4153 3809 4195 con-

2156 4232 2245 4284 tra
2278 4229 2516 4285 Brutum
2540 4234 2598 4285 et
2631 4229 2888 4285 Cassium
2905 4228 3222 4285 dimicavit.
3250 4230 3301 4285 Is
3323 4228 3475 4300 apud
3494 4228 3806 4285 Perusiam

2156 4318 2376 4374 Tusciae
2404 4318 2702 4374 civitatem
2737 4318 2930 4375 vietus
2952 4321 3006 4374 et
3038 4321 3247 4390 captus
3269 4322 3382 4386 est,
3430 4316 3534 4373 sed
3565 4332 3679 4373 non
3709 4332 3810 4374 oc-

404 4403 1093 4473 obprimereeonabatur.
1119 4407 1268 4476 Ergo
1286 4408 1516 4463 turbata
1534 4423 1595 4464 re
1620 4409 2042 4480 publica,inter
2071 4411 2126 4474 D
2155 4406 2332 4464 cisus.
2368 4410 2438 4464 At
2471 4408 2665 4464 Romae
2694 4408 2911 4479 Fulvia,
2939 4423 3085 4464 uxor
3115 4406 3372 4477 Antonii,
3431 4421 3640 4464 socrus
3692 4410 3807 4465 Cae-

401 4490 583 4547 multa
615 4492 840 4548 scelera
865 4507 991 4563 quae
1007 4496 1291 4551 Antonius
1313 4497 1620 4553 commisit.
1657 4498 1889 4555 Decium
1914 4500 2046 4556 Bru-

399 4582 524 4636 tum
539 4578 691 4650 apud
706 4580 976 4637 Mutinam
991 4582 1337 4640 absiditione
1349 4585 1659 4642 conclusit.
1680 4588 1789 4643 Pro
1804 4601 1913 4658 qua
1933 4602 1996 4643 re
2012 4604 2042 4644 a

372 4673 607 4724 *senatu
631 4667 1138 4739 hostisjuoicatus
1163 4677 1274 4741 est,
1303 4672 1583 4744 missique
1598 4679 1732 4731 sunt
1763 4676 1832 4731 ad
1868 4689 2044 4747 expu-

373 4756 689 4827 gnandum
722 4773 851 4815 eum
878 4760 992 4816 duo
1024 4762 1318 4832 consules,
1362 4764 1548 4819 Pansa
1573 4769 1632 4819 et
1678 4764 1929 4835 Hircius,
1983 4770 2039 4821 et

395 4862 527 4904 cum
556 4848 647 4905 his
678 4849 1030 4906 Octavianus
1054 4850 1413 4920 adolescens,
1446 4857 1620 4908 natus
1643 4869 1826 4909 annos
1847 4853 1915 4886 ³⁷³
1950 4858 2034 4910 17.

395 4937 478 4992 Ex
507 4938 720 5008 quibus
750 4940 932 4995 Pansa
949 4940 1135 5011 primo
1153 4941 1410 5011 veniens,
1430 4941 1547 5013 pilo
1564 4942 1824 5011 graviter
1844 4942 2042 4999 vulne-

392 5029 578 5097 ratur,
612 5032 673 5083 et
694 5028 1060 5100 interpositis
1089 5030 1296 5086 diebus
1328 5031 1579 5086 moritur
1606 5049 1620 5098 ;
1648 5031 1880 5088 Hircius
1902 5046 2040 5088 vero

370 5113 639 5185 collegae
671 5117 951 5176 auxilium
984 5118 1198 5192 ferens,
1221 5133 1460 5191 magnas
1483 5120 2042 5193 Antoniicopiasva-

2156 4498 2330 4564 saris,
2364 4496 2719 4553 dominatum
2779 4500 2840 4554 ut
2902 4496 3113 4553 mulier
3153 4496 3490 4567 exercebat,
3542 4495 3807 4553 insolens

2155 4585 2329 4642 etiam
2346 4586 2401 4642 in
2425 4601 2525 4643 eos
2554 4601 2657 4657 per
2679 4601 2824 4657 quos
2848 4591 2909 4643 ut
2944 4584 3326 4643 insolesceret
3348 4585 3636 4655 agebatur
3659 4586 3807 4653 ;Caa-

2155 4692 2342 4734 sarem
2369 4692 2599 4748 quoque
2621 4676 2994 4734 contumeliis
3014 4681 3072 4733 et
3108 4676 3336 4733 insidiis
3369 4676 3538 4748 petiit
3561 4690 3624 4741 ;a
3686 4691 3804 4748 quo

2157 4765 2525 4837 propulsata,
2547 4764 2619 4823 ad
2650 4766 2957 4823 Antonium
2987 4765 3038 4821 in
3065 4766 3326 4823 Greciam
3350 4764 3664 4822 concessit.
3690 4767 3809 4821 An-

2155 4854 2349 4910 tonius
2396 4869 2536 4910 vero
2586 4854 2760 4910 etiam
2814 4854 3135 4925 Octaviam,
3206 4869 3464 4910 sororem
3528 4853 3803 4925 Caesaris,

2154 4940 2322 4997 duxit
2354 4955 2611 4997 uxorem.
2650 4941 2883 4997 Interim
2908 4956 2937 4998 a
2964 4942 3139 4997 Sexto
3162 4943 3456 5012 Pompeio,
3480 4941 3808 4997 GneiPom-

2156 5029 2267 5101 peii
2301 5029 2440 5099 ﬁlio,
2469 5030 2672 5100 ingens
2694 5030 2990 5087 bellumin
3034 5029 3228 5086 Sicilia
3276 5034 3629 5087 commotum
3681 5033 3802 5100 est,

2152 5119 2436 5177 adversus
2457 5134 2626 5192 quem
2658 5120 3012 5179 Octavianus
3039 5122 3233 5179 Caesar
3253 5123 3315 5177 et
3360 5119 3592 5177 Marcus
3623 5121 3809 5176 Anto-

1763 5289 1997 5352 VABLE
2037 5287 2437 5351 LECTIONES.

475 5428 1401 5521 fi”vinceretyel‘viceritg.37°
1429 5458 1501 5512 ex
1521 5458 1590 5503 eo
1618 5443 1766 5521 90$
1821 5460 1867 5502 r.
1925 5445 2063 5521 imp.
2123 5451 2174 5503 δ.
2214 5444 2282 5480 ⁸⁷³
2337 5442 2491 5504 Iulio
2521 5444 2747 5504 Caesare
2801 5446 2851 5501 δ.
2910 5439 2980 5478 ³⁷³
3031 5455 3215 5502 annos
3268 5454 3324 5499 n.
3391 5446 3443 5499 δ.
3475 5439 3548 5477 ⁸⁷⁸
3596 5438 3811 5504 ωειιιίδ

405 5506 600 5564 monio
621 5511 672 5567 υ.
704 5506 777 5548 ³⁷⁸
821 5510 988 5573 deest
1003 5512 1065 5569 4.?
1090 5514 1166 5573 9°.
1196 5508 1551 5576 '"Thorans
1581 5521 1657 5576 9ο.
1682 5512 1758 5563 ³⁷⁷
1809 5530 1980 5590 quam
2006 5506 2210 5590 'ptures
2265 5520 2316 5575 δέ
2486 5520 2487 5523 ‘
