3986 6048
173 233 306 294 649

1078 227 1520 294 CHRONICA.
1552 264 1629 275 —
1658 227 2132 292 (IHRONICON
2174 227 2701 293 UNIVERSALE

3486 234 3613 299 650

177 369 319 425 nius
345 367 788 439 pugnaverunt;
818 361 922 419 sed
958 376 1069 435 pax
1096 360 1167 395 ³7⁸
1197 362 1351 419 inter
1387 376 1489 420 eos
1538 361 1835 435 pestremo
1867 362 1922 422 A
1950 376 2264 420 occurrere
2292 364 2583 437 imperans
2617 377 2856 421 uxorem
2886 363 3071 421 duxit.
3104 364 3229 421 Mox
3260 365 3463 436 ingens
3486 368 3604 425 bel-

175 456 481 514 convenit.
519 454 699 521 Quam
731 466 863 509 cum
912 456 1112 523 postea
1162 451 1467 523 Pompeius
1513 454 1833 523 rumperet,

180 545 443 618 Agrippa
470 544 641 615 jussu
671 541 919 598 Caesaris
946 555 1080 597 cum
1112 555 1181 597 eo
1223 541 1508 612 conflixit,
1553 545 1614 596 et
1657 540 1837 607 vicit;

178 638 423 692 centum
457 631 762 701 sexaginta
783 634 907 686 tres
930 643 1109 687 naves
1132 630 1258 700 ejus
1283 635 1381 686 aut
1402 629 1606 685 mersit
1628 632 1728 684 aut
1750 642 1843 683 ce-

180 724 272 795 pit
302 741 319 791 ;
346 720 658 793 Pompeius
685 735 815 776 cum
846 722 911 776 l7
951 718 1047 775 vix
1090 718 1287 789 lapsus
1334 717 1544 774 evasit.
1594 715 1844 788 Lepidus

179 823 424 882 quoque
456 822 660 879 magna
690 807 895 878 viginti
928 806 1220 876 legionum
1254 804 1564 862 insolentia
1586 808 1840 874 tumens,

180 914 324 956 cum
352 900 674 954 Messanam
708 895 995 951 militibus
1028 894 1364 966 permissam
1386 892 1455 926 ³⁷³
1477 892 1841 964 diripuisset,

184 988 381 1059 ipsum
400 990 682 1043 Caesarem
707 984 777 1040 ad
794 997 855 1040 se
878 983 1205 1038 venientem
1231 981 1411 1037 semel
1434 985 1608 1051 atque
1633 981 1845 1035 iterum

182 1074 438 1147 sprevit,
473 1088 540 1128 ac
559 1072 759 1143 potius
780 1071 918 1128 telis
939 1071 1137 1142 appeti
1156 1070 1334 1141 jussit
1359 1086 1373 1135 ;
1398 1085 1526 1141 quae
1550 1068 1648 1124 ille
1669 1067 1848 1124 colle-

184 1168 288 1219 cta
325 1164 378 1218 in
408 1162 619 1219 laevum
657 1160 958 1217 brachium
985 1160 1220 1215 lacerna
1254 1157 1592 1231 repellendo
1615 1156 1843 1214 vitavit.

187 1253 327 1309 Mox
354 1250 610 1307 immisso
638 1263 789 1320 equo
821 1248 891 1305 ad
925 1262 1063 1304 suos
1104 1260 1394 1317 reversus,
1437 1246 1847 1315 instructoque

187 1341 482 1410 exercitu,
517 1340 799 1396 adversus
832 1335 1105 1408 Lepidum
1131 1335 1404 1408 iveniens,
1446 1334 1728 1406 plurimas
1770 1333 1848 1389 le-

188 1432 401 1501 giones
447 1427 596 1498 ejus,
650 1427 855 1499 paucis
904 1424 1255 1496 interfectis,
1306 1425 1361 1479 in
1407 1439 1568 1481 suam
1617 1428 1847 1495 partem

190 1517 449 1575 transire
472 1516 687 1585 coegit.
716 1515 967 1586 Lepidus
986 1512 1589 1583 tandemintelligens,
1613 1526 1727 1583 quo
1742 1525 1847 1567 sua

190 1607 425 1664 vanitas
448 1604 738 1675 tenderet,
773 1602 1044 1676 deposito
1069 1600 1502 1673 paludamento,
1524 1604 1848 1670 assumpta-

194 1710 313 1768 que
342 1697 503 1752 veste
534 1692 712 1764 pulla,
748 1691 1001 1763 supplex
1036 1690 1246 1747 Caesari
1298 1692 1509 1760 factus,
1563 1689 1738 1746 vitam
1785 1692 1845 1744 et

192 1786 348 1841 bona
362 1781 717 1854 impetravit,
736 1782 1022 1853 perpetuo
1036 1778 1270 1851 quidem
1285 1778 1628 1835 emendatus
1642 1777 1842 1834 exilio.

193 1871 304 1945 (Cf.
339 1871 512 1927 Ouos.
548 1869 589 1925 ἰ.
626 1870 663 1925 Ζ.
695 1869 773 1925 Η.
804 1870 909 1939 m.)
941 1869 1042 1924 llis
1073 1866 1444 1938 temporibus
1487 1866 1741 1938 Agrippa
1789 1866 1846 1922 in

193 1959 513 2032 Aquitania
541 1972 661 2013 rem
694 1971 975 2029 prospere
1007 1955 1449 2027 egit,etLucius
1464 1952 1849 2011 Ventidiusm

194 2049 415 2104 Bassus
443 2047 836 2117 irrumpentes
859 2045 914 2100 in
939 2044 1159 2115 Syriam
1185 2045 1392 2100 Persas
1411 2043 1606 2099 tribus
1630 2041 1849 2114 praeliis

193 2136 362 2206 vicit,
393 2135 740 2192 Parthorum
773 2133 929 2203 regis
958 2132 1167 2189 Orodis
1196 2131 1374 2188 filium
1408 2130 1725 2201 interfecit,
1774 2144 1845 2186 eo

193 2225 328 2297 ipso
356 2223 449 2280 die
473 2238 586 2294 quo
609 2223 745 2278 olim
771 2221 997 2278 Orodes
1018 2234 1120 2294 per
1144 2220 1351 2277 ducem
1374 2219 1651 2275 Surenam
1683 2219 1846 2275 Cras-

195 2328 324 2370 sum
355 2311 589 2369 occidit.
623 2312 845 2367 Taurus
874 2324 1107 2381 quoque
1136 2308 1383 2366 Caesaris
1412 2308 1710 2379 prefectus
1761 2311 1845 2363 to-

188 2405 315 2457 tam
345 2415 488 2474 pene
518 2400 770 2457 Siciliam
803 2399 958 2455 ferro
989 2401 1438 2470 pertemptatam
1472 2397 1529 2451 in
1563 2395 1732 2451 fidem
1758 2410 1845 2451 re-

190 2490 373 2561 cepit.
428 2488 824 2558 Quadraginta
888 2494 1142 2558 quatuor
1199 2485 1462 2555 legiones
1512 2485 1620 2541 sub
1668 2485 1843 2541 unius

190 2584 333 2635 tunc
366 2576 437 2610 ³⁸³
466 2576 710 2649 imperio
742 2574 987 2631 Caesaris
1011 2578 1197 2630 erant.
1224 2573 1387 2629 Unde
1411 2572 1627 2628 milites
1651 2572 1845 2628 multi-

190 2666 400 2724 tudine
430 2666 653 2722 feroces
687 2664 967 2735 quosdam
999 2678 1105 2736 pro
1146 2662 1504 2733 accipiendis
1549 2661 1706 2731 agris
1757 2665 1846 2717 tu-

194 2754 418 2812 multus
445 2755 866 2811 excitaverant.
904 2752 1013 2808 Sed
1048 2756 1259 2822 Caesar,
1303 2750 1492 2806 animo
1522 2752 1743 2821 ingens,
1778 2756 1847 2807 ‘20

197 2844 354 2900 milia
380 2843 626 2899 militum
646 2843 1072 2914 exauctoravit,
1096 2847 1164 2898 3O
1179 2840 1335 2897 milia
1348 2854 1650 2897 servorum
1667 2840 1850 2896 domi-

199 2933 292 2989 nis
311 2932 595 2996 restituit,
620 2936 652 2986 6
674 2931 851 3002 milia,
873 2945 1118 3001 quorum
1140 2929 1358 2986 domini
1380 2943 1495 2987 non
1513 2929 1846 3000 exstabant,

200 3021 258 3078 in
287 3034 521 3079 crucem
554 3020 693 3091 egit,
723 3020 840 3090 jam
871 3019 1015 3092 (214)
1052 3022 1172 3074 tum
1210 3016 1278 3050 ³⁸³
1326 3031 1696 3089 presugnans,
1746 3033 1851 3075 suo

199 3114 462 3183 tempore
482 3108 846 3166 nasciturum
869 3122 1016 3178 esse,
1032 3122 1139 3178 per
1154 3121 1322 3178 quem
1338 3105 1749 3177 superbientes
1766 3121 1853 3163 re-

197 3196 487 3271 primendi
519 3202 580 3253 et
609 3211 808 3253 omnes
841 3196 992 3253 servi
1026 3210 1130 3252 suo
1160 3209 1302 3251 vero
1327 3193 1395 3227 ³⁸³
1425 3193 1656 3250 domino
1681 3196 1852 3252 resti-

196 3285 411 3344 tuendi
434 3290 653 3357 essent,
688 3286 784 3357 qui
819 3290 1011 3341 tamen
1047 3283 1342 3339 dominum
1374 3298 1540 3339 suurn
1574 3298 1851 3354 recogno-

196 3380 436 3435 scerent
461 3394 476 3444 ;
510 3376 607 3446 qui
640 3389 779 3431 vero
802 3373 926 3430 sine
945 3373 1177 3430 domino
1200 3372 1621 3442 invenirentur,
1645 3374 1850 3429 mortis

197 3464 489 3538 supplicio
519 3463 888 3536 punirentur.
916 3464 1056 3518 Post
1080 3462 1204 3518 haec
1230 3461 1423 3518 Caesar
1439 3475 1619 3517 ovans
1640 3462 1849 3519 Urbem

197 3554 595 3625 ingressus,ut
619 3552 674 3608 in
707 3556 1057 3625 perpetuum
1076 3550 1402 3608 tribunitiae
1426 3551 1741 3622 potestatis
1761 3566 1852 3609 es-

198 3648 374 3714 set,a
408 3646 650 3698 senatus
682 3642 922 3699 decreto
956 3641 1203 3712 accepit.

266 3731 370 3787 His
392 3729 601 3787 diebus
622 3734 787 3787 trans
808 3730 1074 3801 Tyberim
1096 3743 1127 3785 e
1150 3730 1393 3785 taberna
1410 3729 1709 3785 meritoria
1726 3728 1850 3784 fons

193 3819 312 3878 olei
326 3819 571 3875 deterra
586 3818 924 3889 exundavit,
943 3831 1010 3875 ac
1022 3831 1128 3889 per
1153 3822 1338 3874 totum
1354 3817 1504 3873 diem
1522 3817 1850 3887 largissimo

194 3909 324 3966 rivo
339 3908 525 3979 lluxit,
544 3908 882 3978 significans
895 3908 1004 3964 sub
1019 3910 1306 3979 perpetuo
1323 3906 1655 3978 principatu
1670 3906 1852 3962 nasci-

194 3997 316 4054 turi
349 3996 477 4067 ejus
496 4000 760 4067 tempore
786 3994 1020 4066 Christi,
1049 3999 1173 4051 toto
1193 3995 1308 4066 die,
1336 3994 1392 4051 id
1415 3998 1506 4051 est
1529 3994 1684 4051 omni
1708 4000 1849 4051 tem-

193 4099 362 4160 pore,
396 4084 634 4141 Romani
668 4083 895 4156 imperii
926 4083 998 4139 de
1027 4084 1258 4155 hospita
1284 4083 1561 4154 largaque
1583 4082 1846 4140 aeeclesia

193 4173 328 4231 oleo
341 4172 801 4231 sacricrismatis
818 4178 1029 4231 unctos
1044 4173 1449 4230 indesinenter
1464 4187 1848 4245 processuros

195 4262 307 4335 (Cf.
342 4263 516 4320 ans.
547 4277 625 4333 v1,
667 4262 778 4334 20).

268 4350 374 4421 (H.
403 4354 508 4425 θη.)
543 4351 830 4409 Antonius
863 4355 1077 4423 autem,
1110 4351 1210 4422 qui
1240 4350 1435 4407 Asiam
1466 4355 1528 4407 et
1551 4350 1847 4407 Orientem

1873 1719 1931 1783 Β

1886 3080 1935 3142 C

1953 449 2067 507 lum
2081 453 2252 509 civile
2267 453 2600 523 commovit,
2631 456 2875 522 cogente
2891 453 3217 524 Cleopatra,
3236 452 3369 509 dum
3384 457 3604 526 cupidi-

1953 541 2074 595 tate
2094 538 2361 595 muliebri
2386 539 2549 610 cupit
2574 539 2748 595 etiam
2773 539 2828 594 in
2845 541 2996 595 Urbe
3009 553 3271 609 regnare.
3294 542 3607 612 Profectus

1952 632 2044 683 est
2074 628 2253 698 igitur
2284 629 2478 684 Caesar
2508 643 2536 684 a
2575 627 2897 685 Brundusio
2928 628 3210 684 Calabriae
3242 628 3298 683 in
3348 630 3599 700 Epyrum

1954 717 2236 774 adversus
2252 718 2582 788 Antonium,
2608 718 2706 788 qui
2723 718 2840 787 jam
2855 733 3023 773 omne
3038 717 3265 775 Aetium
3291 718 3430 775 litus
3453 720 3605 776 clas-

1956 805 2120 863 sibus
2150 807 2478 864 obsidebat.
2510 808 2698 863 Naves
2730 806 2974 863 Ciesaris
3003 811 3167 861 erant
3202 806 3469 865 ducentae
3491 814 3509 863 t
3530 811 3605 864 ri-

1954 894 2112 963 ginta
2138 899 2408 951 rostratae
2431 899 2491 951 et
2513 899 2580 951 30
2602 895 2726 951 sine
2748 893 2963 951 rostris
2988 894 3277 965 triremes,
3304 900 3360 951 et
3377 901 3511 952 octo
3528 897 3603 952 le-

1955 983 2158 1051 giones
2189 983 2365 1040 classi
2391 983 2778 1055 superpositae
2801 983 3020 1053 absque
3043 984 3385 1040 cohortibus
3408 991 3604 1055 preto-

1960 1072 2063 1128 riis
2088 1073 2361 1143 quinque.
2389 1072 2599 1129 Classis
2621 1075 2812 1129 autem
2838 1072 3069 1127 Antonii
3098 1076 3200 1127 170
3221 1074 3450 1129 navium
3469 1076 3599 1145 fuit,

1959 1167 2236 1231 quantum
2270 1177 2512 1218 numero
2540 1160 2774 1230 cedens,
2806 1163 3032 1216 tantum
3055 1160 3450 1229 magnitudine
3474 1179 3603 1233 pre-

1957 1249 2217 1317 ccllens;
2252 1264 2382 1305 nam
2405 1251 2605 1307 decem
2628 1249 2837 1321 pedum
2862 1247 3173 1304 altitudine
3197 1264 3226 1302 a
3251 1250 3391 1305 mari
3413 1251 3601 1306 cxccl-

1958 1336 2175 1394 lebant.
2212 1341 2511 1395 Famosum
2546 1339 2651 1395 hoc
2683 1338 2897 1394 bellum
2932 1336 3058 1407 fuit,
3089 1338 3161 1394 ab
3203 1338 3343 1394 hora
3399 1339 3601 1409 quinta

1959 1442 2142 1497 usque
2165 1428 2469 1499 septimam
2495 1428 2714 1484 incerta
2738 1426 3006 1483 vincendi
3031 1440 3153 1497 spe,
3181 1427 3468 1497 reliquum
3488 1427 3603 1484 diei

1958 1530 2089 1573 cum
2120 1518 2387 1587 sequenti
2421 1520 2591 1573 nocte
2624 1516 2679 1572 in
2712 1516 3019 1571 victoriam
3051 1515 3297 1570 Caesaris
3350 1515 3604 1572 declina-

1958 1605 2061 1661 vit.
2096 1606 2263 1662 Prior
2294 1606 2600 1678 Cleopatra
2635 1605 2832 1675 regina
2855 1619 2984 1661 cum
3003 1609 3075 1660 60
3103 1605 3486 1662 velocissimis
3510 1621 3605 1661 na-

1958 1692 2130 1749 vibus
2162 1692 2307 1762 fugit
2333 1711 2347 1760 ;
2372 1692 2656 1748 Antonius
2680 1706 2930 1763 quoque,
2955 1691 3221 1746 detracto
3244 1691 3454 1761 insigni
3481 1707 3605 1763 pre-

1957 1781 2129 1837 toriae
2161 1781 2341 1851 navis,
2379 1781 2689 1851 fugientem
2719 1778 2788 1812 ³⁸⁵
2809 1784 3051 1835 secutus
3072 1783 3164 1834 est
3188 1793 3447 1834 uxorem.
3472 1780 3607 1836 Illu-

1959 1876 2231 1927 cescente
2255 1869 2368 1939 jam
2403 1869 2517 1939 die,
2564 1868 2871 1924 victoriam
2920 1868 3112 1923 Caesar
3157 1869 3599 1925 consummavit.

1960 1959 2243 2015 Antonius
2274 1958 2452 2028 igitur
2481 1956 2677 2027 gladio
2706 1972 2770 2012 se
2795 1956 3316 2026 transverberavit,
3342 1971 3409 2012 ac
3432 1957 3604 2012 semi-

1958 2046 2162 2102 animis
2189 2046 2262 2103 ad
2295 2045 2660 2118 Cleopatram
2681 2045 2737 2100 in
2758 2044 3113 2101 mausoleum
3137 2045 3381 2114 regium,
3410 2045 3462 2100 in
3490 2061 3605 2116 quo

1959 2151 2021 2192 se
2050 2135 2146 2192 illa
2168 2135 2449 2191 moritura
2471 2134 2836 2202 condiderat,
2863 2133 3129 2204 perlatus
3151 2138 3260 2189 est.
3291 2133 3601 2205 CleOpatra

1957 2237 2096 2281 vero
2122 2228 2400 2279 exornata
2435 2222 2686 2279 diversis
2719 2221 3079 2277 ornamentis
3110 2220 3177 2276 ad
3204 2222 3487 2278 Ctesarem
3511 2238 3607 2277 vc-

1956 2313 2063 2383 nit,
2097 2326 2341 2384 sperans
2369 2326 2498 2367 eum
2522 2316 2581 2366 ut
2606 2314 2841 2366 ceteros
2863 2324 2964 2366 sua
2990 2309 3184 2380 specie
3207 2310 3276 2364 ad
3304 2309 3603 2365 lidibinem

1957 2399 2197 2458 illicere.
2230 2401 2340 2456 Sed
2372 2400 2468 2455 ille
2492 2414 2552 2457 se
2587 2400 2737 2454 intra
2771 2397 3116 2470 pudieiciam
3154 2403 3445 2463 coartans,
3477 2414 3602 2454 eam

1955 2491 2180 2562 sprevit
2210 2494 2269 2545 et
2299 2488 2587 2546 custodiri
2622 2487 2901 2559 preeepit.
2940 2488 3123 2557 (Jonn.
3158 2489 3246 2543 De
3271 2502 3323 2543 γ.
3353 2488 3426 2558 δ.)
3464 2487 3600 2553 Quae

1957 2579 2054 2635 ubi
2087 2594 2149 2635 se
2181 2579 2249 2635 ad
2282 2578 2639 2649 triumphum
2665 2576 2887 2633 servari
2912 2574 3224 2646 intellexit,
3249 2591 3280 2631 e
3330 2579 3606 2634 custodia

1956 2668 2179 2738 elapsa,
2208 2668 2262 2722 in
2287 2666 2647 2723 mausoleum
2670 2680 2835 2722 suum
2860 2679 2922 2720 se
2946 2664 3190 2735 recepit,
3216 2664 3411 2736 ibique
3436 2670 3607 2725 maxi-

1960 2771 2104 2828 mos,
2141 2761 2205 2813 ut
2232 2756 2478 2827 solebat,
2513 2756 2712 2811 induta
2744 2755 2961 2825 cultus,
2995 2755 3051 2809 in
3081 2755 3300 2809 referto
3322 2757 3603 2814 odoribus

1961 2845 2281 2916 soliOJuxta
2297 2860 2465 2902 suum
2481 2860 2543 2900 sc
2558 2843 2870 2901 collocavit
2889 2843 3221 2914 Antonium;
3237 2845 3606 2916 admotisque

1963 2935 2034 2993 ad
2051 2950 2229 2993 venas
2243 2935 2643 3006 serpentibus,
2666 2932 2750 2989 sic
2775 2938 2960 2988 morte
2978 2933 3141 3002 quasi
3166 2948 3386 2990 sommo
3411 2936 3604 2992 soluta

1964 3027 2078 3094 est,
2110 3023 2329 3078 frustra
2366 3024 2591 3077 Czesare
2614 3020 2788 3075 etiam
2834 3018 3037 3090 psillos
3085 3018 3450 3090 admovente,
3506 3023 3604 3092 qui

1963 3125 2182 3169 venena
2203 3110 2561 3181 serpentium
2584 3124 2616 3165 e
2639 3107 2977 3165 vulneribus
2999 3108 3292 3164 hominum
3316 3125 3606 3179 exsugere

1965 3199 2175 3257 solent.
2213 3198 2306 3254 Sic
2336 3198 2530 3253 Caesar
2552 3196 2904 3252 Octavianus
2927 3195 3275 3251 Alexandria
3300 3198 3444 3253 urbe
3466 3213 3608 3270 opu-

1964 3287 2281 3345 lentissima
2315 3289 2583 3343 eumtota
2608 3287 2851 3356 rEgypto
2874 3285 3099 3355 potitus
3119 3289 3211 3339 cst
3236 3302 3250 3351 ;
3277 3287 3609 3357 preposuit-

1963 3392 2074 3449 que
2103 3377 2351 3447 Aﬂgypto
2378 3374 2707 3430 Cornelium
2754 3372 2997 3444 Gallum,
3049 3374 3119 3429 de
3168 3388 3281 3444 quo
3328 3374 3606 3444 Virgilius

1962 3466 2191 3524 scribit.
2224 3466 2408 3536 (HIER.
2531 3464 2610 3520 H.
2636 3464 2733 3534 R.)
2758 3464 2919 3518 Hunc
2947 3462 3467 3533 primumjudiccm
3494 3467 3602 3521 Ro-

1961 3569 2192 3611 manum
2223 3555 2505 3625 {Egyptus
2536 3552 2756 3608 habuit.

2034 3643 2136 3714 (Η.
2161 3645 2232 3700 R.
2259 3647 2315 3698 et
2340 3643 2545 3714 H.971.)
2571 3643 2732 3696 Anno
2754 3642 2826 3696 ab
2849 3641 2993 3697 urbe
3008 3641 3242 3697 condita
3261 3647 3385 3699 725.
3414 3643 3607 3700 Caesar

1962 3732 2033 3789 ab
2064 3731 2289 3787 oriente
2312 3731 2503 3787 victor
2525 3728 2777 3800 rediens,
2797 3732 2830 3783 8
2853 3730 2986 3785 ldus
3005 3730 3262 3786 Januarii
3286 3731 3492 3786 Urbem
3514 3732 3610 3787 tri-

1962 3820 2097 3894 plici
2132 3819 2427 3890 triumpho
2459 3819 2757 3889 ingressus
2787 3823 2895 3889 est,
2950 3819 3143 3875 ductis
3192 3825 3326 3875 ante
3371 3836 3607 3879 currum

1963 3909 2284 3980 Cleopatrae
2315 3907 2540 3969 liberis,
2575 3906 2706 3963 Sole
2736 3912 2793 3962 et
2825 3908 2999 3975 Luna,
3047 3922 3113 3964 ac
3164 3914 3285 3963 tum
3334 3910 3601 3980 primum,

1963 3997 2173 4070 sopitis
2200 3996 2469 4053 omnibus
2489 3995 2762 4051 civilibus
2785 3995 2974 4063 bellis,
2999 3996 3123 4051 Jani
3151 4002 3349 4066 portas
3368 3996 3598 4054 clausit.

1960 4090 2082 4145 Hoc
2110 4086 2204 4143 die
2237 4087 2426 4141 Ca3sar
2456 4084 2858 4141 consalutatus
2888 4090 2976 4156 est
3012 4086 3306 4153 Augustus
3330 4086 3600 4156 primum,

1960 4190 2030 4235 eo
2052 4175 2206 4247 quod
2230 4173 2522 4246 publicam
2548 4186 2667 4227 rem
2685 4172 2939 4242 auxerit,
2959 4176 3135 4242 atque
3157 4187 3229 4227 ex
3276 4175 3474 4227 eadem
3512 4174 3603 4229 die

1962 4280 2183 4325 summa
2210 4278 2403 4320 rerum
2426 4276 2493 4318 ac
2516 4265 2873 4334 potestatum
2896 4275 3076 4332 penes
3099 4275 3411 4318 unumesse
3424 4262 3605 4334 coepit

1960 4360 2018 4414 et
2052 4354 2299 4419 mansit;
2333 4352 2485 4424 quod
2520 4351 2685 4407 Greci
2718 4351 3109 4407 monarchiam
3143 4351 3366 4407 dicunt.

193 4442 461 4513 tenebat,
497 4440 842 4498 Artabanem
873 4440 1157 4497 Armeniae
1191 4454 1387 4511 regem
1425 4439 1759 4512 proditione
1787 4446 1844 4497 et
1878 4441 1931 4503 Ι)
2034 4445 2196 4501 Anno
2217 4442 2482 4514 sequenti
2498 4443 2693 4497 Czesar
2713 4442 3013 4511 Augustus
3030 4440 3359 4513 paruminli
3367 4443 3603 4513 yspania

196 4530 335 4588 dolo
363 4530 562 4604 coepit,
596 4530 931 4603 victumque
962 4534 1238 4601 argentea
1271 4535 1477 4586 catena
1509 4530 1580 4586 ad
1620 4531 1848 4587 confes-

196 4620 424 4679 sionem
436 4620 845 4678 thesaurorum
857 4619 1152 4688 regiorum
1166 4619 1382 4690 coegit;
1397 4623 1849 4692 expugnatoque

196 4709 396 4783 cpido,
431 4710 488 4767 in
520 4724 635 4782 quo
665 4714 832 4767 erant
869 4709 1152 4779 thesauri,
1188 4722 1451 4779 magnam
1482 4708 1731 4767 abstulit
1753 4724 1851 4768 co-

194 4799 354 4875 piam
385 4800 613 4871 argenti
645 4803 705 4856 et
725 4800 851 4856 auri
874 4796 960 4854 ‘3‘.
987 4798 1094 4866 Qui
1117 4797 1310 4855 elatus
1334 4799 1600 4871 pecunia,
1630 4798 1848 4857 bellum

194 4888 414 4946 Caesari
437 4888 668 4960 indixit,
695 4890 870 4961 atque
894 4887 1168 4960 Octaviae,
1186 4887 1377 4945 sorori
1395 4888 1663 4960 Caasaris,
1680 4902 1852 4961 repu-

197 4976 358 5037 dium
381 4977 775 5052 denunciavit,
796 4982 855 5037 et
876 4976 1244 5052 Cleopatram
1268 4991 1342 5035 ex
1363 4977 1713 5037 Alexandria
1737 4979 1850 5038 sibi

1959 4548 2066 4610 per
2097 4533 2379 4591 ducentos
2405 4546 2588 4588 annos
2611 4537 2802 4587 actum
2823 4530 3187 4601 intellegens,
3214 4531 3261 4587 si
3287 4532 3607 4589 Cantabros

1959 4630 2016 4684 et
2046 4627 2315 4695 Astures,
2341 4623 2486 4679 dua-
2513 4621 3459 4693 ferocissimasgentcsllyspanie
3480 4624 3604 4679 suis

1958 4714 2043 4772 uti
2077 4712 2306 4783 legibus
2329 4712 2713 4785 permisisset,
2744 4711 2952 4767 iterum
2975 4709 3098 4765 Jani
3126 4714 3326 4781 portas
3352 4712 3599 4781 aperuit,

1959 4808 2135 4875 atque
2158 4802 2216 4858 in
2240 4801 2563 4873 Ilyspanias
2584 4801 2706 4872 ipse
2727 4815 2856 4856 cum
2877 4800 3141 4856 exercitu
3168 4801 3465 4870 profectus
3488 4804 3598 4855 est.

1958 4892 2043 4949 lbi
2075 4905 2205 4948 eum
2235 4891 2389 4962 apud
2419 4892 2797 4947 Tarraconem
2828 4887 2916 4959 ³³⁸,
2951 4887 3247 4944 citerioris
3295 4888 3613 4959 lfyspanize,

1960 4981 2189 5052 urbem,
2214 4978 2389 5052 legati
2420 4979 2782 5073 Indorum\et
2817 4978 3118 5048 Scytarum
3149 4973 3237 5045 ⁸⁸⁷,
3284 4980 3413 5033 toto
3462 4977 3605 5034 orbe

1554 5101 1800 5162 VARIE
1840 5104 2242 5163 LECTIONES.

266 5217 339 5257 ³⁷⁸
361 5218 521 5280 deost
543 5223 596 5277 5.
627 5220 705 5277 9°.
736 5221 822 5277 10.
900 5216 970 5253 ⁸⁷⁸
999 5216 1165 5278 deest
1188 5221 1239 5275 5.
1317 5200 1394 5251 ἐδ
1416 5216 1710 5277 vendilius
1736 5223 1799 5275 9°
1869 5218 1940 5255 ὀί
1968 5220 2132 5279 deest
2157 5223 2233 5275 9ο.
2269 5217 2305 5275 i.
2338 5222 2381 5273 t.
2415 5220 2468 5275 5.
2544 5215 2614 5253 ⁸⁸²
2644 5220 2785 5274 tunc
2823 5221 2873 5274 5.
2950 5213 3019 5250 ⁸⁸³
3061 5214 3227 5275 deest
3254 5221 3303 5274 5.
3350 5215 3417 5251 ³³⁴
3471 5216 3600 5274 auri

193 5298 259 5353 et
290 5292 518 5366 argenti
551 5295 602 5349 5.
678 5288 748 5326 ³⁸⁸
779 5289 937 5351 deos:
965 5291 1042 5348 9°.
1120 5287 1189 5324 ³⁸⁸
1217 5292 1586 5347 tarraconam
1617 5294 1668 5347 5.
1746 5289 1816 5326 ³⁸⁷
1846 5291 2166 5351 scitharum
2198 5295 2249 5347 5.

1785 5416 1986 5477 NOTAE
2002 5457 2016 5475 .

267 5534 415 5611 (214)
448 5531 592 5593 lam
618 5564 689 5576 —
705 5531 1076 5608 puni/rentia.
1105 5528 1429 5591 Ekkehardi
1462 5531 1642 5590 verba
1692 5537 1845 5593 sunt.

484 5634 748 5699 ΡΑτιιοι..
795 5631 1003 5695 CLIV.

3286 5630 3381 5691 "21
