3992 6054
363 216 475 283 651

1521 204 2007 282 EKKEHARDI
2052 215 2609 287 URAUGIENSIS

3656 220 3781 286 652

362 349 730 425 transmisso,
763 349 997 411 tandem
1029 350 1395 426 invenerunt,
1432 353 1897 425 refuderuntque
1956 351 2012 409 in
2041 355 2098 415 A
2128 354 2289 428 ratis,
2311 338 2501 418 vietos
2523 357 2595 418 ad
2618 360 2974 418 deditionem
2996 356 3209 430 coegit,
3238 356 3565 414 Armeniam
3592 371 3624 414 a
3643 357 3787 415 Par'

362 444 650 501 Cesarem
671 442 985 500 Alexandri
1010 443 1195 515 Magni
1220 443 1465 514 gloriam
1494 462 1508 512 ;
1533 443 1828 515 quoniam,
1856 442 2012 500 sicut

362 531 525 589 illum
555 533 957 604 Hyspanorum
989 532 1403 605 Gallorumque
1455 532 1672 603 legatio
1719 533 1773 587 in
1822 531 2012 588 medio

359 620 589 678 oriente
605 620 757 693 apud
777 621 1147 693 Babyloniam
1162 621 1656 693 contemplatione
1670 621 1831 693 pacis
1843 620 2008 691 adiit,

361 709 441 767 ita
476 709 627 767 hunc
659 708 809 781 apud
838 710 1185 781 Hyspaniam
1216 710 1273 765 in
1306 710 1634 767 occidentis
1654 709 1857 767 ultimo
1880 726 2016 782 sup-

359 796 498 871 plex
524 796 701 854 Indus
724 802 782 854 et
815 797 983 870 Scyta
1018 801 1240 856 Boreus
1270 814 1376 871 pro
1407 814 1551 872 pace
1583 799 1793 856 oravit.
1817 801 2015 856 Canta-

362 887 527 945 brico
554 887 754 958 itaque
785 886 937 944 bello
962 902 1068 960 per
1092 888 1346 960 quinque
1365 902 1549 945 annos
1572 889 1861 958 confecto,
1886 892 2012 944 tota

362 991 474 1049 que
505 975 795 1049 Hyspania
829 976 885 1033 in
917 981 1196 1033 mternam
1220 992 1423 1049 pacem
1447 977 1792 1049 composita,
1821 978 2013 1034 Caesar

360 1068 595 1124 Romam
628 1066 803 1123 rediit
836 1065 923 1137 ³³³,
958 1071 1019 1124 et
1046 1068 1411 1124 Cantabricze
1432 1068 1699 1125 victoriae
1735 1067 1884 1124 hunc
1914 1067 2014 1123 ho-

360 1170 558 1213 norem
586 1155 858 1227 contulit,
902 1161 968 1212 ut
1012 1159 1154 1212 tunc
1203 1171 1434 1227 quoque
1483 1160 1686 1228 portas
1734 1156 2013 1213 claustris

354 1243 679 1302 cohiberet.
715 1246 802 1301 Ita
834 1248 971 1302 tunc
998 1244 1255 1302 secundo
1286 1259 1391 1316 per
1438 1248 1743 1317 Caesarem,
1800 1249 2011 1317 quarto

357 1337 489 1406 post
514 1335 728 1391 Urbem
741 1332 1034 1390 conditam
1059 1332 1296 1391 clausus
1316 1340 1410 1390 est
1430 1336 1628 1391 Janus.
1655 1335 1778 1391 Non
1806 1334 1921 1390 ullo
1942 1333 2013 1368 ³⁸9

359 1427 553 1481 autem
582 1426 849 1495 tempore
880 1428 1015 1480 ante
1036 1437 1166 1480 cum
1185 1423 1438 1479 Romana
1464 1438 1558 1481 res
1575 1423 1759 1492 magis
1791 1423 2006 1494 floruit,

359 1513 574 1587 quippe
595 1514 689 1571 cui
712 1513 839 1585 ipse
862 1516 920 1570 et
946 1527 1053 1586 per
1075 1528 1141 1570 se
1164 1519 1224 1569 et
1238 1514 1534 1585 perduces
1549 1527 1615 1569 ac
1632 1513 1858 1583 legatos
1873 1528 2009 1569 suos

359 1601 674 1675 plurimum
695 1601 868 1659 bellis
888 1602 1133 1659 addidit.
1152 1604 1281 1675 Ipse
1297 1617 1543 1673 namque
1559 1616 1661 1675 per
1674 1618 1736 1658 se
1751 1603 2009 1658 Romano

2128 445 2244 502 this
2274 450 2518 521 recepit.
2546 451 2743 508 Parthi
2774 450 2964 523 quasi,
2999 454 3127 506 toto
3161 453 3452 504 terrarum
3480 447 3625 505 orbe
3657 445 3785 503 vel-

2127 534 2346 592 domito
2408 537 2502 594 vel
2567 543 2797 612 pacato,
2853 537 3107 596 omnium
3159 535 3350 593 oculis
3402 539 3780 607 notarentur,

2127 626 2303 694 atque
2337 625 2391 681 in
2422 641 2482 683 se
2510 627 2670 684 solos
2699 628 2888 685 omnis
2920 628 3085 698 vigor
3116 624 3357 682 Romani
3385 624 3613 697 imperii
3647 638 3782 683 ver-

2127 713 2341 771 tendus
2361 721 2537 788 esset,
2567 718 2782 789 quippe
2804 732 2948 789 quos
2971 715 3217 789 pristina
3241 713 3593 772 ulciscendae
3616 715 3782 772 Cras-

2127 800 2302 858 sianze
2332 805 2512 861 caedis
2541 806 2900 865 conscientia
2926 803 3248 873 mordebat,
3278 801 3434 859 ultro
3459 803 3624 873 signa
3647 817 3778 873 qua:

2128 891 2338 948 Crasso
2366 892 2679 951 interfecto
2709 894 3078 951 abstulerant
3116 892 3186 948 ad
3222 894 3506 948 Caesarem
3538 890 3780 947 remise-

2127 985 2281 1049 runt,
2314 982 2486 1053 eique
2514 983 2825 1041 obsidibus
2870 983 3045 1053 datis,
3097 981 3323 1038 firmum
3374 980 3564 1037 foedus
3616 978 3775 1037 ﬁdeli

2126 1069 2554 1142 supplicatione
2576 1077 2917 1131 meruerunt
2937 1072 3025 1128 ⁸⁸⁷.
3043 1069 3266 1127 Galatia
3282 1083 3515 1141 quoque
3539 1070 3648 1126 sub
3664 1068 3777 1125 hoc

2126 1159 2425 1229 provincia
2462 1161 2612 1218 facta
2644 1166 2755 1232 est,
2788 1177 2917 1219 cum
2943 1165 3111 1218 antea
3134 1172 3375 1230 regnum
3400 1156 3630 1225 fuisset,
3656 1156 3776 1228 pri-

2127 1261 2371 1319 musque
2403 1263 2529 1305 eam
2562 1250 2789 1307 Marcus
2833 1249 3049 1307 Lollius
3096 1262 3201 1321 pro
3250 1250 3488 1320 pretore
3532 1244 3777 1303 admini-

2127 1337 2358 1393 stravit.
2392 1340 2572 1395 Tanto
2601 1344 2797 1395 autem
2827 1353 3023 1396 amore
3062 1338 3238 1395 etiam
3286 1335 3440 1409 apud
3488 1336 3776 1392 barbaros

2126 1427 2320 1483 Caesar
2350 1429 2649 1498 Augustus
2682 1428 3029 1496 habebatur,
3060 1432 3126 1484 ut
3172 1439 3340 1498 reges
3382 1427 3773 1482 Romanorum

2124 1514 2291 1571 amici
2311 1515 2361 1570 in
2380 1517 2660 1573 honorem
2680 1517 2808 1588 ejus
2836 1517 3111 1574 civitates
3132 1515 3452 1573 conderent
3470 1518 3531 1570 et
3551 1528 3623 1569 ex
3644 1513 3775 1584 ejus

2124 1605 2354 1661 nomine
2387 1606 2685 1663 Caesareas
2717 1611 3016 1664 vocarent.
3049 1604 3211 1662 Multi
3244 1618 3477 1675 quoque
3507 1617 3678 1673 reges
3696 1616 3773 1658 ex

359 1691 575 1762 adjecit
603 1691 845 1764 imperio
889 1694 1215 1764 Egyptum,
1248 1691 1640 1761 Cantabriam,
1689 1692 2004 1761 Asturiam,
2040 1714 2094 1774 Β
2124 1694 2323 1762 regnis
2346 1694 2470 1751 suis
2492 1700 2798 1767 venerunt,
2826 1699 2887 1752 ut
2908 1695 2959 1751 ei
2982 1696 3467 1764 obsequerentur,
3488 1696 3547 1749 et
3567 1691 3772 1748 habitu

356 1780 723 1852 Dalmatiam,
757 1781 1131 1852 Pannoniam,
1167 1781 1536 1852 Aquitaniam
1564 1800 1578 1849 ;
1612 1784 1833 1837 Drusus
1870 1796 2009 1836 vero

360 1869 662 1943 privignus
692 1871 844 1942 ejus,
867 1869 1109 1926 Galliam
1132 1870 1517 1941 Rhetiamque
1542 1869 1812 1940 sortitus,
1836 1869 2012 1925 maxi-

356 1974 480 2017 mas
500 1959 966 2031 fortissimasque
978 1964 1186 2031 gentes
1201 1960 1379 2016 armis
1403 1959 1655 2029 subegit,
1674 1959 2007 2031 Susipeces,

356 2049 671 2107 Thecteros
698 2053 759 2106 et
788 2050 1030 2106 Chattos
1060 2048 1131 2083 ³⁰⁰
1161 2048 1513 2121 perdomuit,
1545 2054 1605 2104 et
1634 2054 1797 2104 trans
1822 2049 2009 2104 Albim

358 2138 619 2210 fluvium,
656 2138 754 2209 qui
789 2137 845 2193 in
878 2136 1191 2194 barbarico
1221 2137 1391 2207 longe
1422 2136 1577 2193 ultra
1604 2137 1863 2192 Rhenum
1895 2141 2008 2207 est,

358 2228 674 2298 submovit,
690 2228 1127 2283 Marcomannes
1142 2240 1287 2297 pene
1301 2225 1372 2283 ad
1388 2225 1753 2282 interniciem
1770 2224 2006 2293 delevit,

361 2321 566 2391 postea
596 2316 951 2375 fortissimas
982 2316 1267 2373 nationes.
1304 2316 1517 2387 quibus
1539 2320 1599 2371 et
1622 2320 1829 2371 natura
1855 2315 2011 2371 vires

360 2411 421 2463 et
442 2407 809 2465 consuetudo
831 2405 1253 2478 experientiam
1277 2404 1485 2462 virium
1513 2403 1843 2475 [dabat391],
1859 2403 2012 2475 pari-

358 2500 454 2553 ter
481 2510 597 2553 uno
631 2495 805 2566 bello,
838 2494 940 2552 sed
983 2494 1108 2551 suis
1161 2507 1390 2565 aspero,
1442 2492 1763 2566 superavit,
1813 2492 1868 2547 id
1918 2495 2007 2547 est

362 2585 711 2655 Cheruscos,
748 2586 967 2640 Suevos
1011 2586 1073 2639 et
1106 2583 1474 2659 _Sieamhros,
1528 2595 1774 2655 quorum
1820 2580 2011 2638 virtus

360 2685 430 2730 ac
460 2672 667 2728 feritas
698 2686 773 2727 ex
803 2686 874 2728 eo
903 2670 1266 2728 considerari
1301 2673 1518 2743 potest,
1551 2668 1705 2741 quod
1737 2668 2012 2726 mulieres

359 2774 595 2833 quoque
643 2774 867 2831 eorum,
923 2759 973 2817 si
1019 2759 1251 2831 quando
1298 2763 1583 2832 preventu
1623 2760 2010 2815 Romanorum

360 2849 517 2906 inter
543 2847 807 2922 plaustra
827 2861 933 2905 sua
961 2847 1414 2919 collidebantur,
1443 2847 1853 2905 deficientibus
1878 2846 2011 2904 telis

358 2938 454 2996 vel
485 2937 749 3010 qualibet
779 2951 842 2994 re
871 2952 982 3009 qua
1014 2936 1175 2995 velut
1206 2937 1326 2994 telo
1348 2937 1433 2995 uti
1459 2940 1622 2996 furor
1645 2936 1855 3009 possit,
1881 2950 2013 3007 par-

360 3028 531 3086 vulos
553 3027 724 3099 filios,
749 3026 992 3085 collisos
1016 3026 1193 3097 humi,
1220 3027 1277 3083 in
1299 3027 1553 3085 hostium
1575 3025 2006 3096 orajaciebant.

358 3117 638 3189 Tyberius
660 3121 873 3188 autem,
897 3118 1079 3173 frater
1096 3116 1289 3188 Drusi,
1306 3116 1655 3186 Pannonios,
1682 3130 1832 3171 novo
1849 3119 2006 3169 motu

361 3206 840 3277 intumescentes,
875 3205 1290 3263 cruentissima
1336 3204 1496 3261 caede
1540 3204 1780 3273 delevit,
1835 3201 2012 3257 idem-

362 3310 472 3368 que
502 3296 779 3353 continuo
809 3295 1125 3350 Germanos
1161 3292 1315 3349 bello
1347 3292 1619 3364 arripuit,
1655 3306 1686 3347 e
1709 3290 1922 3362 quibus
1945 3293 2013 3348 40

359 3383 519 3441 milia
549 3383 917 3455 captivorum
948 3383 1137 3439 victor
1168 3381 1413 3437 abduxit
1440 3399 1455 3448 ;
1487 3380 1639 3451 quod
1667 3394 1868 3435 revera
1894 3379 2014 3436 bel-

357 3471 479 3530 lum
504 3472 817 3530 maximum
840 3475 896 3527 et
923 3469 1533 3527 formidolosissimum
1572 3468 1900 3539 quindecim
1933 3467 2014 3524 1e-

342 3561 630 3635 gionibus
642 3575 747 3634 per
763 3559 1071 3616 triennium
1083 3561 1311 3629 gestum
1327 3562 1553 3629 est,nec
1570 3559 1689 3614 fere
1704 3557 1782 3614 ull
1794 3572 1883 3614 um
1899 3572 2014 3613 ma-

352 3650 451 3721 jus
482 3649 719 3721 bellum,
755 3649 907 3706 sicut
939 3648 1255 3706 Suetonius
1279 3651 1557 3718 testatur,
1582 3650 1709 3718 post
1734 3645 2011 3702 Punicum

359 3738 487 3797 fuit.
524 3739 641 3796 Sub
671 3738 874 3795 eodem
901 3751 1041 3795 vero
1076 3741 1340 3808 tempore
1384 3735 1779 3801 Quintilianus
1825 3735 2011 3791 Varus

355 3833 670 3902 propretor
736 3842 867 3885 cum
928 3827 1119 3883 tribus
1163 3824 1492 3895 legionibus
1543 3832 1704 3880 trans
1752 3824 2009 3880 Rhenum

358 3917 597 3975 fluvium
631 3916 775 3973 mira
807 3915 1082 3988 superbia
1114 3919 1291 3986 atque
1322 3913 1576 3971 avarieia
1612 3915 1666 3969 in
1708 3913 2009 3984 subjectos

359 4021 555 4079 agens,
593 4021 625 4064 a
656 4005 954 4063 Germanis
994 4003 1423 4061 rebellantibus
1470 4018 1600 4060 cum
1652 4002 1908 4059 tribunis
1950 4007 2011 4057 et

359 4095 690 4168 legionibus
727 4094 959 4152 deletus
986 4098 1095 4151 est.
1140 4093 1320 4161 Quam
1371 4092 1455 4149 rei
1499 4092 1750 4164 publicae
1786 4090 2009 4148 cladem

362 4187 551 4244 Caesar
575 4188 875 4257 Augustus
900 4183 1045 4241 adeo
1058 4184 1319 4254 graviter
1333 4182 1491 4253 tulit,
1511 4186 1575 4238 ut
1589 4184 1753 4239 veste
1773 4179 2011 4253 capillo-

361 4290 475 4348 que
500 4290 568 4332 ac
591 4274 835 4347 reliquis
860 4271 1184 4343 lugentium
1209 4271 1443 4329 indiciis
1464 4270 1763 4342 deformis,
1786 4274 1843 4326 et
1870 4282 2008 4341 sepe

362 4377 467 4437 per
496 4363 609 4420 vim
643 4361 867 4419 doloris
895 4360 1073 4432 caput
1105 4360 1315 4433 parieti
1346 4359 1650 4431 collidens,
1684 4359 1964 4416 clamaret
1991 4377 2003 4414 :

2041 3070 2090 3133 C

2124 1783 2402 1854 Romano,
2431 1783 2656 1840 scilicet
2683 1784 2888 1855 togati,
2915 1783 2985 1840 ad
3007 1781 3337 1841 vehiculum
3359 1780 3432 1815 ³⁸⁸
3449 1780 3543 1837 vel
3556 1794 3772 1851 equum

2123 1870 2248 1941 ejus
2281 1877 2690 1929 cucurrerunt.
2724 1875 2853 1945 Ipse
2883 1877 3076 1930 autem
3110 1870 3254 1929 adeo
3283 1874 3629 1927 exsecratus
3675 1873 3774 1925 est

2123 1960 2346 2032 turbas,
2384 1960 2556 2031 bella,
2594 1961 2945 2033 simultates,
2982 1966 3047 2018 ut
3073 1960 3185 2017 nisi
3222 1959 3401 2030 justis
3448 1958 3521 2015 de
3571 1958 3771 2015 causis

2120 2062 2431 2120 numquam
2455 2049 2613 2118 genti
2640 2049 2811 2107 alicui
2834 2048 3048 2106 bellum
3064 2047 3357 2117 indixerit,
3369 2046 3770 2118 jaetantisque

2120 2151 2252 2194 esse
2267 2137 2480 2208 ingenii
2505 2142 2565 2193 et
2581 2137 2857 2195 levissimi
2874 2137 3125 2208 dicebat,
3142 2136 3355 2194 ardore
3368 2135 3769 2207 triumphandi

2119 2229 2179 2281 et
2208 2226 2570 2283 oblauream
2599 2242 2897 2299 coronam,
2950 2226 3005 2283 id
3052 2230 3143 2283 est
3197 2225 3331 2282 folia
3379 2224 3765 2282 infructuosa.

2121 2316 2503 2371 securitatem
2533 2315 2745 2372 civium
2778 2315 2834 2371 in
2865 2314 3177 2373 discrimen
3202 2329 3308 2386 per
3331 2314 3585 2371 incertos
3600 2327 3772 2370 even-

2122 2408 2217 2460 tus
2238 2403 2626 2462 certaminum
2653 2404 3029 2477 precipitare,
3055 2418 3243 2475 neque
3268 2402 3602 2475 imperatori
3616 2404 3770 2459 bono

2121 2491 2429 2563 quicquam
2454 2493 2645 2549 minus
2668 2493 3245 2565 quamtemeritatem
3258 2505 3602 2562 congruere,
3620 2491 3771 2547 satis

2120 2580 2397 2637 celeriter
2430 2582 2554 2638 fieri
2588 2581 2864 2654 quicquid
2898 2596 3201 2639 commune
3228 2579 3298 2616 ³⁹⁹
3326 2585 3654 2653 gereretur,
3682 2595 3774 2637 ar-

2120 2684 2328 2741 maque
2376 2670 2489 2727 nisi
2536 2672 2773 2743 majoris
2827 2670 3204 2729 emolumenti
3253 2685 3356 2743 spe
3404 2683 3771 2742 nequaquam

2120 2757 2401 2815 movenda
2432 2774 2583 2830 esse,
2617 2773 2689 2816 ne
2718 2759 3066 2832 compendio
3094 2758 3277 2830 tenui,
3327 2759 3555 2830 jactura
3605 2756 3771 2829 gravi

2120 2847 2303 2919 petita
2338 2848 2581 2905 victoria
2614 2848 2819 2905 similis
2847 2850 2927 2905 sit
2956 2849 3126 2905 hamo
3155 2862 3336 2905 aureo
3377 2846 3762 2919 piscantibus,

2121 2937 2288 3009 cujus
2310 2938 2545 3009 abrupti
2564 2938 2881 3010 amissique
2903 2938 3319 2995 detrimentum
3334 2936 3494 2994 nullo
3508 2941 3771 3009 captura:

2120 3025 2284 3083 lucro
2311 3027 2543 3098 pensari
2577 3031 2788 3099 potest.
2822 3025 2927 3084 Hie
2949 3027 3148 3099 itaque
3174 3026 3491 3099 inimperio
3516 3026 3766 3099 positus,

2121 3116 2495 3173 tribuniciam
2510 3131 2611 3188 per
2624 3131 2687 3173 se
2702 3120 3053 3188 potestatem
3067 3115 3615 3187 exercuit.Denique
3628 3130 3769 3187 erga

2120 3204 2280 3261 cives
2309 3205 2826 3276 clementissimus,
2858 3206 2915 3261 in
2949 3205 3170 3263 amicos
3197 3205 3395 3262 extitit
3419 3204 3765 3275 fidissimus,

2123 3309 2367 3365 quorum
2399 3294 2663 3367 precipui
2695 3298 2860 3351 erant
2890 3295 3154 3352 Mecenas
3181 3295 3256 3352 ob
3282 3293 3769 3366 taciturnitatem,

2124 3383 2376 3456 Agrippa
2409 3384 2483 3440 ob
2517 3383 2861 3441 modestiam
2884 3384 3223 3455 laborisque
3248 3383 3609 3456 patientiam.
3636 3382 3777 3440 Dili-

2122 3473 2295 3542 gebat
2321 3477 2589 3544 preterea
2601 3473 2905 3545 Virgilium
2922 3473 3308 3545 Flaccumque
3320 3477 3545 3545 poetas,
3565 3471 3778 3529 libera-

2124 3560 2277 3617 libus
2306 3560 2518 3618 studiis
2552 3562 2608 3616 in
2638 3566 2864 3619 tantum
2893 3562 3259 3634 incumbens,
3293 3566 3359 3619 ut
3386 3560 3584 3618 nullus
3614 3576 3685 3618 ne
3713 3563 3772 3618 in

2125 3649 2430 3721 procinctu
2455 3649 2687 3721 quidem
2712 3651 3015 3709 laberetur
3032 3650 3175 3723 dies,
3199 3652 3337 3723 quin
3360 3650 3606 3721 legeret,
3628 3650 3776 3707 scri-

2125 3738 2312 3810 beret,
2339 3738 2609 3796 dictaret.
2640 3740 2819 3809 Leges
2840 3740 2986 3798 alias
3003 3756 3204 3811 novas,
3230 3740 3375 3798 alias
3391 3739 3644 3812 protulit
3666 3755 3774 3798 suo

2123 3828 2355 3883 nomine
2386 3831 2705 3885 correctas.
2744 3829 2917 3885 Auxit
2938 3830 3288 3900 ornavitque
3311 3830 3548 3884 Romam
3572 3828 3773 3885 multis

2121 3916 2404 3986 aediliciis,
2431 3916 2543 3972 isto
2564 3908 2825 3985 glorians
2848 3917 3009 3974 dicto
3036 3936 3048 3971 :
3084 3916 3295 3975 Urbem
3320 3916 3665 3975 latericiam
3682 3931 3774 3976 re-

2108 4005 2265 4076 peri,
2299 4018 2684 4062 marmoream
2709 4006 3004 4079 relinquo.
3038 4005 3164 4061 Fuit
3197 4005 3355 4062 mitis
3383 4009 3442 4062 et
3473 4009 3681 4077 gratus
3711 4011 3771 4062 et

2123 4093 2314 4151 civilis
2348 4091 2544 4163 animi,
2589 4095 2715 4149 toto
2766 4108 3014 4166 corpore
3059 4093 3323 4166 pulcher,
3369 4095 3475 4151 sed
3524 4094 3772 4151 maxime

2122 4182 2328 4253 oculis,
2363 4198 2608 4255 quorum
2641 4183 2798 4240 acies
2822 4182 3279 4241 clarissimorum
3304 4181 3572 4253 syderum
3596 4183 3771 4241 modo

2120 4272 2412 4330 vibrabat.
2446 4274 2491 4328 A
2524 4272 2695 4344 cujus
2731 4272 2875 4328 facie
2906 4272 3040 4329 dum
3072 4271 3304 4343 quidam
3355 4270 3523 4329 miles
3568 4271 3772 4331 oculos

2122 4365 2440 4432 averteret,
2479 4365 2539 4419 et
2571 4361 3044 4433 interrogaretur
3077 4361 3148 4418 ab
3181 4375 3249 4417 eo
3274 4375 3382 4418 cur
3410 4359 3491 4417 ita
3525 4361 3767 4432 faceret,

364 4452 626 4519 Quintili
653 4450 1009 4492 ³⁹²-³⁹³-³⁹⁴-³⁹⁸
1052 4451 1211 4521 Vare,
1232 4450 1415 4508 redde
1434 4451 1702 4523 legiones.
1730 4450 1791 4505 ln
1815 4448 2006 4505 Africa

2122 4450 2425 4525 respondit
2458 4470 2471 4507 :
2512 4449 3224 4526 Quiafalmmocalorum
3237 4448 3774 4523 luerim/ﬁrmari

361 4554 592 4613 quoque
610 4540 828 4598 Cossus
850 4539 967 4596 dux
986 4541 1231 4597 Caesaris
1253 4538 1912 4611 Musolanosethetulos
1927 4538 2007 4595 1a-

361 4629 481 4686 tius
501 4634 783 4699 vagantes
807 4628 1019 4685 artatis
1043 4627 1551 4692 ﬁnibuscoercuit,
1568 4632 1787 4699 atquea
1802 4627 2008 4684 Roma-

361 4718 453 4775 nis
473 4717 758 4775 militibus
779 4715 1155 4775 msustinere
1175 4722 1333 4775 metu
1355 4715 1656 4789 compulit.
1682 4715 1816 4773 Piso
1831 4715 2006 4772 etiam

364 4806 649 4864 adversus
663 4805 995 4863 Vindelicos
1008 4805 1222 4863 missus
1241 4809 1352 4875 est,
1378 4804 1590 4875 quibus
1604 4802 1883 4876 subactis,
1899 4803 2010 4861 vic-

362 4899 456 4953 tor
474 4895 545 4952 ad
569 4896 855 4953 Cresarem
877 4894 1218 4966 Lugdunum
1240 4893 1416 4953 venit.
1446 4893 1850 4966 Bosphoranos
1865 4909 2006 4953 vero

360 4985 588 5043 Marcus
616 4985 870 5058 Agrippa
902 4985 1222 5057 superavit,
1253 4987 1314 5041 et
1345 4982 1529 5054 signis
1560 4984 1852 5056 Romanis,
1880 4998 2007 5057 qua

361 5071 448 5131 illi
482 5075 773 5147 quondam
794 5073 903 5132 sub
924 5072 1230 5132 Metridate
1252 5071 1638 5146 sustulerant,
1666 5072 1822 5132 bello
1842 5087 2010 5147 repa-

2107 4554 2366 4614 posswm.
2400 4541 2514 4598 Nec
2546 4545 2739 4597 tamen
2766 4540 2861 4597 hic
2883 4544 3085 4598 tantus
3107 4538 3198 4597 vir
3217 4539 3380 4596 vitiis
3399 4538 3608 4597 caruit.
3635 4539 3773 4596 Fuit

2118 4629 2271 4687 enim
2300 4627 2599 4702 paululum
2641 4627 2973 4701 impatiens,
3029 4627 3240 4685 leniter
3286 4627 3622 4700 iracundus,
3671 4642 3773 4685 oc-

2118 4716 2276 4775 culte
2325 4716 2575 4789 invidus,
2629 4715 2819 4789 palam
2880 4717 3186 4789 factiosus,
3240 4715 3574 4774 dominandi
3625 4729 3770 4775 vero

2120 4821 2297 4879 supra
2317 4821 2487 4878 quam
2509 4806 2773 4863 estimari
2802 4807 2988 4879 possit
3011 4805 3279 4880 cupidus,
3306 4804 3448 4865 aleae
3469 4805 3773 4864 lusorstu-

2120 4896 2345 4953 diosus.
2367 4897 2622 4968 Cumque
2643 4900 2800 4954 esset
2821 4896 2936 4954 cibi
2959 4910 3024 4955 ac
3046 4895 3166 4953 vini
3184 4894 3429 4953 multum
3443 4894 3766 4969 abstinens,
3864 4951 3876 4957 -

2120 4983 2491 5057 aliquatenus
2518 5000 2661 5043 vero
2694 4986 2901 5058 somni,
2938 5000 3126 5059 usque
3157 4985 3229 5043 ad
3268 4982 3529 5056 vulgaris
3570 4988 3769 5043 tamen

2121 5075 2285 5134 fama:
2300 5076 2583 5149 probrum
2607 5075 2906 5135 serviebat
2925 5074 3154 5134 libidini
3178 5089 3339 5144 mam
3369 5073 3526 5133 inter
3550 5070 3772 5134 duode-

1716 5234 1952 5294 VARLE
2006 5235 2303 5296 LECTION
2308 5239 2409 5296 ES.

433 5391 503 5431 ³⁸³
528 5393 670 5451 adiit
695 5398 773 5451 9°.
851 5393 920 5430 ³⁸³
949 5395 1236 5454 Nonnullo
1266 5401 1315 5454 5.
1350 5400 1406 5454 9ο
1436 5409 1586 5455 corr.
1630 5410 1743 5452 non
1794 5394 1914 5451 ullo
1963 5400 2053 5454 10.
2129 5396 2199 5432 ³⁰⁰
2245 5398 2452 5455 ehatos
2498 5402 2574 5455 9°.
2601 5397 2836 5456 ratthos
2884 5402 2934 5456 ὅ.
2970 5402 3163 5459 cattos
3192 5402 3278 5458 10.
3314 5400 3439 5458 ll.t
3504 5397 3574 5434 ³⁹¹
3604 5394 3780 5459 deest

362 5469 431 5548 in
457 5466 727 5548 οῖζιριίὺτιᾳ
756 5481 904 5548 giras
930 5469 1059 5548 ridi
1080 5468 1250 5548 goria.
1283 5466 2161 5548 "Lf'f-m-m.quintiliane_9°.__
2200 5467 2583 5548 3°°_ita_coc_ld.
2615 5469 2902 5548 limitibus
2929 5471 3231 5530 abstinere
3250 5474 3337 5529 ll.
3415 5469 3484 5506 "7
3503 5471 3772 5530 inierunt

363 5543 421 5597 9°
493 5537 562 5572 "°
592 5537 919 5610 vegiculum
950 5544 1000 5595 5.
1079 5537 1149 5574 ”’
1175 5540 1269 5600 ita
1293 5539 1456 5597 cadd.
1491 5538 1652 5612 quod
1676 5537 1981 5596 commode
2015 5539 2237 5612 legitur
2264 5541 2335 5600 in
2359 5540 2523 5600 Hist.
2550 5541 2719 5600 Μίδα.
