3986 6048
222 217 348 280 653

1115 215 1556 281 CHRONICA.
1588 252 1669 263 —
1695 214 2175 281 CHRONICON
2220 216 2772 283 UMVERSALE.

3528 219 3645 283 654

172 356 179 357 ⁷
221 352 341 410 cim
365 351 677 410 catamitos
700 351 1065 423 totidemque
1089 351 1316 425 puellas
1345 350 1632 409 accubare
1666 350 1878 409 solitus
1920 353 1967 415 Α
1997 352 2255 411 Romano
2269 355 2411 410 rexJ
2421 353 2717 411 udzeorum
2731 334 3134 423 constituitur,
3154 353 3533 425 regnavitque
3551 369 3647 412 an'

224 446 395 508 erat;
428 441 659 512 abjecta
689 456 920 514 quoque
981 456 1164 498 uxore
1195 456 1296 499 sua
1332 442 1655 513 Scribonia,
1686 456 1882 499 amore

222 528 499 600 conjugis
531 528 735 587 alienae
794 545 1123 603 possessus,
1158 531 1396 603 Libiam,
1461 532 1624 603 quasi
1674 533 1885 589 marito

226 619 615 687 concedente,
651 618 763 674 sibi
794 619 1094 689 conjunxit
1120 637 1135 686 ;
1166 621 1338 693 cujus
1368 620 1544 678 Libias
1570 620 1686 692 jam
1719 626 1888 678 erant

232 706 342 761 ﬁlii
372 707 597 763 Drusus
626 711 686 763 et
709 707 1011 780 Tyberius.
1038 710 1294 780 Cumque
1316 713 1478 767 esset
1501 708 1747 767 luxuria:
1771 723 1891 766 ser-

230 795 425 865 viens,
459 800 590 853 erat
617 800 809 853 tamen
834 795 1096 865 ejusdem
1119 796 1249 854 vitii
1269 798 1678 855 severissimus
1704 798 1886 869 ultor,

233 897 404 940 more
436 885 732 942 hominum
785 885 1146 957 quorundam
1180 886 1276 958 qui
1310 887 1366 942 in
1428 885 1783 944 ulciscendis
1812 886 1894 942 vi-

236 972 343 1028 tiis
376 972 590 1043 quibus
623 973 733 1046 ipsi
795 974 1173 1031 vehementer
1203 974 1506 1045 indulgent
1539 989 1703 1033 acres
1734 977 1889 1032 sunt.

235 1060 380 1115 Nam
406 1067 638 1132 poetam
662 1062 948 1134 Ovidium,
973 1064 1070 1135 qui
1093 1067 1154 1120 et
1175 1065 1346 1135 Naso,
1375 1079 1479 1136 pro
1501 1078 1572 1121 eo
1593 1063 1748 1135 quod
1769 1068 1895 1120 tres

238 1146 427 1205 libros
455 1149 604 1206 artis
634 1152 933 1208 amatoriae
964 1153 1305 1224 scripserat,
1336 1151 1712 1210 irrevocabili
1741 1153 1898 1209 dam-

236 1238 405 1294 navit
434 1237 631 1295 exilio.
667 1238 1090 1298 Oblectabatur
1115 1240 1290 1297 etiam
1335 1241 1487 1298 omni
1536 1256 1749 1314 genere
1771 1255 1900 1314 spe-

237 1326 630 1399 ctaculorum,
666 1330 945 1402 preeipue
978 1330 1230 1388 ferarum
1262 1330 1558 1402 incognita
1595 1331 1810 1404 specie.

318 1417 501 1488 Hujus
520 1419 887 1490 temporibus
908 1420 1104 1476 Romae
1127 1420 1424 1492 sapientes
1447 1421 1708 1491 insignes
1727 1423 1896 1477 erant

242 1501 545 1575 Virgilius,
579 1505 853 1562 Horatius
874 1505 1138 1577 Flaccus,
1166 1507 1377 1576 Livius,
1419 1505 1732 1577 Salustius,
1768 1505 1897 1562 Ovi-

242 1587 399 1660 dius,
460 1591 825 1663 Hortensius,
905 1592 1316 1652 Athenodorus
1363 1595 1671 1665 Tharseus,
1752 1592 1896 1649 Sitio

242 1678 700 1739 Alexandrinus.

236 1778 370 1826 Anni
391 1780 615 1841 Augusti.

323 1862 372 1913 1.
409 1860 572 1916 Anno
602 1859 787 1930 igitur
818 1860 1353 1934 septingentesimo
1386 1861 1611 1920 decimo
1642 1876 1672 1918 a
1702 1859 1902 1918 condi-

238 1946 412 2003 tione
433 1948 608 2005 Urbis
629 1948 985 2008 Octavianus
1002 1953 1197 2008 Caesar
1210 1965 1463 2022 regnare
1485 1950 1683 2023 coepit,
1702 1964 1904 2020 regna-

224 2036 450 2107 ‘vitque
469 2051 602 2094 cum
626 2039 876 2095 Antonio
899 2044 959 2095 et
983 2040 1202 2111 Lepido
1229 2041 1493 2111 annism,
1512 2043 1721 2113 postea
1741 2037 1903 2095 solus

241 2125 337 2196 44,
371 2124 469 2197 qui
496 2131 638 2183 sunt
668 2126 1089 2199 quinquaginta
1121 2142 1245 2186 sex.
1280 2129 1473 2186 Primo
1529 2132 1721 2186 autem
1754 2140 1904 2184 anno

240 2211 415 2283 jussu
443 2218 685 2273 senatus
738 2216 952 2273 bellum
986 2217 1294 2275 adversum
1356 2218 1668 2275 Antonium
1700 2216 1900 2286 movit,

245 2314 498 2373 cumque
528 2302 766 2361 devicit.
804 2306 1018 2378 (Hii-3R.)
1042 2307 1254 2364 Eodem
1304 2322 1453 2364 anno
1485 2321 1615 2363 cum
1647 2303 1816 2362 multi
1848 2303 1903 2360 in

250 2388 537 2448 ultionem
553 2394 803 2450 Caesaris
819 2394 1255 2467 occiderentur,
1272 2396 1474 2453 Cicero
1487 2395 1544 2451 in
1559 2391 1904 2451 Phormanio

252 2494 365 2539 suo
383 2480 456 2538 ab
478 2482 765 2539 Herennio
793 2488 850 2541 et
878 2485 1088 2542 Publio
1116 2486 1346 2542 occisus
1368 2488 1483 2553 est,
1533 2498 1682 2540 anno
1712 2480 1907 2539 astatis

257 2583 385 2629 suae
413 2573 498 2626 64.
529 2570 745 2628 Eodem
779 2588 1009 2645 quoque
1029 2588 1178 2632 anno
1201 2573 1441 2631 Ovidius
1473 2574 1622 2629 Naso
1648 2571 1909 2628 nascitur

254 2658 313 2715 iu
345 2657 606 2729 Peligne.

326 2750 378 2804 2.
416 2747 655 2808 Curtius
689 2748 961 2808 Salassus
992 2751 1047 2808 in
1077 2751 1263 2809 insula
1294 2754 1473 2808 Arato
1497 2765 1626 2807 cum
1659 2752 1913 2821 quatuor

257 2835 610 2896 cohortibus
644 2843 892 2896 exustus
921 2843 1009 2897 est
1041 2842 1230 2912 vivus,
1262 2854 1331 2897 eo
1358 2839 1514 2911 quod
1544 2838 1763 2894 tributa
1786 2851 1914 2908 gra-

256 2923 393 2982 vius
415 2925 699 2997 exigeret.

336 3018 388 3070 3.
425 3013 799 3087 Octavianus,
826 3015 1254 3072 interveniente
1278 3018 1506 3087 senatu,
1524 3012 1913 3071 inamiciciam

263 3102 606 3176 regreditur
635 3119 767 3161 cum
801 3104 1072 3161 Antonio.

334 3193 388 3247 Δ.
426 3191 772 3250 Corniﬁcius
793 3198 965 3265 poeta
997 3194 1272 3251 desertus
1301 3208 1331 3250 a
1362 3192 1648 3249 militibus
1668 3189 1912 3260 interiit,

263 3294 414 3353 quos
441 3294 583 3353 sepe
644 3282 936 3352 fugientes
965 3282 1227 3354 galeatos
1284 3282 1519 3353 lepores
1576 3277 1912 3352 appellavit.

264 3371 450 3443 Hujus
479 3385 647 3428 soror
677 3375 804 3428 erat
855 3372 1184 3442 Corniﬁcia,
1217 3370 1387 3442 cujus
1437 3369 1687 3440 insignia
1716 3369 1918 3425 extant

266 3459 708 3532 epigrammata.

340 3571 392 3623 5.
426 3565 690 3624 Secunda
731 3567 988 3625 secessio
1019 3568 1264 3624 Caesaris
1301 3572 1360 3624 et
1391 3565 1645 3623 Antonii.

340 3660 394 3711 6.
431 3655 733 3714 Cornelius
775 3657 967 3729 Nepos
1023 3657 1282 3728 scriptor
1340 3656 1675 3727 hystericus
1731 3652 1926 3711 clarus

267 3743 541 3803 habetur.

342 3837 398 3891 7.
430 3834 697 3892 Formius
757 3849 889 3892 cum
921 3834 1041 3892 filio
1074 3834 1300 3892 Formio
1354 3834 1590 3906 claruit,
1619 3831 1720 3891 sed
1773 3830 1928 3889 filius

274 3921 608 3983 consularis
638 3927 774 3979 ante
804 3927 1033 3996 patrem
1063 3924 1206 3981 obiit
1231 3924 1319 3979 ‘°°.

347 4014 403 4069 8.
437 4012 655 4069 Brutus
684 4021 742 4067 et
773 4012 1025 4083 Cassius,
1070 4012 1295 4084 magnis
1312 4010 1672 4069 exercitibus
1703 4023 1932 4082 compa-

277 4101 445 4174 ratis,
466 4099 622 4173 apud
638 4100 895 4159 Athenas
910 4105 1334 4171 convenerunt,
1350 4104 1654 4171 totamque
1671 4098 1932 4156 Greciam

280 4190 622 4263 depopulati
647 4196 803 4248 sunt.
825 4192 985 4260 Quos
1007 4193 1199 4249 Caesar
1216 4195 1276 4248 et
1302 4190 1610 4261 Antonius,
1637 4189 1827 4246 denuo
1847 4201 1938 4244 re-

280 4277 606 4352 conciliati,
630 4278 688 4335 in
718 4278 1107 4337 Macedoniam
1132 4278 1428 4352 persecuti
1453 4281 1589 4335 sunt
1611 4282 1671 4333 et
1688 4276 1758 4333 ad
1786 4289 1938 4333 mor-

282 4371 406 4424 tem
432 4366 1037 4440 compulerunt;nam
1084 4368 1138 4423 in
1200 4367 1662 4440 desperationem
1718 4362 1932 4435 adacti,

1927 1713 1982 1774 B

1946 3074 1996 3137 C

1998 442 2088 498 nis
2112 442 2278 500 47‘”.
2307 442 2414 509 Qui
2440 447 2501 500 ut
2534 457 2602 499 se
2646 442 2941 499 Judaeis‘°‘
2965 443 3148 512 magis
3197 443 3646 516 commendaret,

1999 545 2241 587 uxorem
2277 545 2460 600 suam,
2497 545 2625 601 quae
2658 529 2822 586 Dosis
2850 529 3192 599 vocabatur,
3226 528 3296 584 de
3327 543 3435 600 qua
3470 530 3650 586 ﬁlium

2001 620 2233 676 nomine
2260 620 2631 691 Antipatrum
2656 618 2883 688 habuit,
2919 618 3153 689 abjecit,
3176 622 3235 673 et
3268 617 3428 687 regio
3451 618 3653 674 semini

2002 723 2064 766 se
2094 707 2421 779 conjunxit,
2448 706 2742 779 accipiens
2781 706 3170 777 Mariamncm,
3208 705 3380 762 ﬁliam
3411 706 3657 762 Alexan-

2003 797 2113 868 dri,
2138 796 2240 853 filii
2265 795 2605 865 Aristoboli,
2641 795 2842 851 fratris
2864 795 3110 865 Hyrcani
3136 795 3340 852 summi
3365 795 3658 867 pontificis

2004 892 2063 942 et
2080 886 2257 957 regis,
2284 900 2455 958 quam
2480 889 2893 957 procreaverat
2919 884 3067 940 idem
3092 882 3419 940 Alexander
3445 898 3518 939 ex
3542 883 3659 940 ﬁlia

2004 975 2253 1047 Hyrcani
2276 974 2471 1047 patrui
2496 972 2585 1030 sui
2633 973 2736 1044 (Cf.
2772 975 3154 1029 HlER.—JOS.
3181 974 3269 1029 De
3296 971 3345 1027 ὂ.
3378 974 3437 1029 J.
3475 987 3512 1043 ι,
3550 974 3655 1044 11).

2079 1063 2290 1136 (Ηιειι.)
2315 1064 2400 1121 Ab
2432 1065 2541 1121 hoc
2584 1064 2762 1135 igitur
2791 1078 2959 1133 anno,
3011 1061 3107 1132 qui
3138 1065 3229 1117 est
3260 1060 3521 1117 decimus
3556 1062 3661 1118 Oc-

2007 1152 2224 1210 taviani
2254 1154 2501 1210 Cmsaris
2532 1156 2591 1211 et
2610 1157 2774 1210 718us
2805 1167 2836 1207 a
2867 1150 3202 1208 conditione
3232 1148 3423 1219 Urbis,
3450 1150 3522 1205 ab
3545 1150 3660 1206 ori-

2007 1242 2138 1313 gine
2177 1256 2315 1299 vero
2383 1241 2578 1299 mundi
2634 1246 2726 1299 ter
2782 1239 3125 1296 millesimus
3183 1239 3661 1309 nongentesimus

2008 1335 2154 1401 22‘",
2191 1346 2433 1401 regnum
2462 1337 2521 1387 et
2574 1329 2968 1388 sacerdotium
3022 1327 3354 1385 Iudaeorum
3386 1342 3568 1397 usque
3602 1327 3657 1382 in

2008 1433 2253 1492 presens
2282 1424 2512 1492 tempus
2540 1419 2771 1490 defecit,
2807 1422 2864 1474 et
2895 1417 3175 1486 christus,
3212 1415 3267 1470 id
3300 1420 3390 1472 est
3420 1423 3655 1485 unctus,

2011 1522 2178 1579 quem
2210 1507 2510 1579 Scriptura
2554 1506 2811 1563 Danielis
2841 1504 3152 1575 signiﬁcat,
3192 1502 3359 1559 ﬁnem
3411 1504 3657 1577 accepit.

2012 1596 2164 1665 (Eus.
2190 1596 2270 1652 Η.
2319 1610 2365 1653 e.
2394 1611 2431 1667 I,
2476 1597 2783 1653 5.—Hlsn.
2810 1595 2879 1651 in
2897 1595 3052 1651 Dan.
3088 1596 3266 1665 c.1x.)
3298 1594 3434 1648 Nam
3473 1607 3657 1666 usque

2012 1684 2082 1741 ad
2119 1685 2464 1757 Hyrcanum,
2492 1683 3043 1741 AlexandriJamnei
3066 1681 3268 1751 ﬁlium,
3294 1681 3547 1751 judices,
3575 1696 3665 1738 sa-

2011 1774 2305 1845 cerdotes,
2334 1788 2504 1845 reges
2527 1788 2631 1846 per
2659 1764 3064 1830 successiones
3095 1770 3310 1842 populo
3327 1769 3660 1828 Iudaeorum

2013 1863 2386 1935 prefuerunt;
2437 1862 2628 1919 sed‘“
2677 1864 3005 1933 Hyrcanum
3040 1862 3222 1917 frater
3254 1858 3482 1917 suus‘06
3542 1860 3667 1916 Ari-

2014 1951 2285 2009 stobolus
2309 1953 2380 2009 de
2405 1966 2581 2026 regno
2598 1951 3021 2025 expulit,quem
3046 1949 3357 2020 Pompeius
3380 1950 3664 2007 Romano-

2013 2056 2141 2098 rum
2174 2040 2466 2114 princeps,
2530 2043 2759 2098 favente
2816 2040 3126 2112 Antipatro
3171 2037 3419 2095 Herodis
3478 2044 3664 2110 patre,

2016 2130 2303 2201 restituit,
2327 2130 2723 2187 Aristobolum
2743 2144 2883 2188 vero
2901 2130 3140 2185 Romam
3160 2128 3455 2199 captivum
3477 2129 3663 2183 duxit.

2017 2219 2281 2290 Hyrcano
2304 2225 2496 2275 autem
2519 2234 2625 2291 per
2656 2218 2968 2277 consilium
3003 2216 3297 2287 Antigoni,
3325 2215 3425 2270 ﬁlii
3462 2216 3663 2272 fratris

2018 2307 2108 2366 sui
2140 2307 2482 2377 Aristoboli,
2523 2323 2554 2364 a
2581 2308 2816 2365 Parthis
2847 2310 3041 2377 capto,
3069 2304 3389 2375 eodemque
3418 2304 3486 2338 ⁴⁰⁷
3510 2304 3671 2359 Anti-

2016 2410 2168 2468 gono
2198 2396 2254 2451 in
2288 2395 2415 2453 loco
2446 2396 2666 2469 patruti
2700 2396 2772 2451 ab
2802 2394 3018 2451 eisdem
3066 2394 3299 2448 Parthis
3329 2393 3666 2463 subrogato,

2020 2486 2123 2543 sed
2165 2501 2295 2543 mox
2325 2485 2527 2542 eodem
2567 2500 2598 2540 a
2620 2485 2894 2541 Romanis
2927 2497 3030 2540 seu
3062 2483 3131 2538 ab
3166 2482 3388 2537 Herode
3410 2486 3582 2552 capto
3612 2488 3672 2538 et

2023 2572 2356 2647 interfecto,
2381 2574 2853 2647 ([lmn.)Herodes
2870 2587 3107 2643 regnum
3127 2571 3374 2644 accepit,
3393 2576 3451 2629 ct
3465 2571 3673 2630 exinde

2023 2680 2387 2737 nequaquam
2421 2679 2525 2736 per
2555 2663 2988 2721 successionem
3010 2662 3245 2733 generis
3283 2660 3673 2719 sacerdotalis

2025 2754 2334 2827 pontiﬁces
2348 2753 2659 2810 constituti
2674 2752 2942 2823 sunt,sed
2959 2751 3245 2822 ignobiles
3261 2752 3559 2822 quique,et
3576 2750 3674 2807 alii

2026 2843 2140 2900 alio
2157 2846 2446 2915 tempore,
2472 2840 2735 2899 nonnulli
2754 2855 2895 2898 vero
2926 2854 3033 2912 per
3055 2841 3227 2897 unius
3251 2841 3383 2896 anni
3415 2841 3675 2915 spacium

2025 2932 2117 2990 vel
2170 2931 2459 2988 modicum
2515 2930 2765 3002 amplius
2822 2929 3217 2986 sacerdotium
3275 2914 3671 2985 cmerue'runt.

2028 3023 2230 3093 Itaque
2255 3020 2514 3078 Herodes
2536 3018 2814 3077 Analeum
2840 3018 3149 3090 quendam,
3174 3019 3245 3075 de
3274 3018 3347 3074 Ba
3361 3017 3563 3089 bylone
3586 3033 3679 3075 ac-

2029 3111 2229 3181 citum,
2266 3108 2599 3182 pontificem
2646 3107 2991 3177 constituit;
3022 3111 3150 3179 post
3206 3108 3476 3177 exiguum
3536 3124 3676 3165 vero

2026 3199 2310 3272 temporis
2333 3196 2752 3270 Aristobolum,
2780 3197 3019 3253 fratrem
3045 3196 3244 3252 uxoris
3267 3211 3386 3254 suae
3421 3196 3679 3254 Mariam-

2030 3289 2143 3360 nis,
2169 3302 2440 3361 nepetem
2464 3286 2713 3360 Hyrcani
2737 3301 2809 3343 ex
2832 3284 2970 3357 ﬁlia,
2994 3301 3391 3343 successorem
3412 3287 3463 3342 ei
3489 3286 3669 3343 dedit.

2034 3377 2156 3444 Quo
2174 3382 2309 3449 post
2331 3391 2541 3433 annum
2576 3375 2819 3433 consilio
2841 3375 3024 3447 ipsius
3062 3376 3377 3432 Herodisin
3393 3390 3541 3447 aqua
3565 3377 3682 3433 suf-

2035 3468 2251 3538 focato,
2278 3480 2485 3523 rursus
2506 3464 2903 3522 sacerdotium
2928 3464 3184 3520 reddidit
3206 3464 3454 3533 Analeo;
3478 3466 3682 3536 sicque

2036 3570 2139 3629 per
2170 3555 2436 3612 diversas
2465 3554 2873 3612 successiones
2896 3558 3309 3610 extraneorum
3334 3554 3388 3609 in
3414 3554 3684 3611 sacerdo-

2038 3642 2173 3699 talis
2195 3642 2565 3698 successione
2576 3640 2811 3712 generis
2825 3640 3214 3698 sacerdotium
3230 3641 3440 3697 defecit
3459 3641 3687 3698 ludam-

2039 3746 2186 3788 rum.
2233 3730 2371 3798 Quae
2412 3730 2600 3786 omnia
2652 3730 2731 3786 ita
2762 3734 3011 3787 ventura
3038 3730 3279 3800 angelus
3306 3730 3524 3786 Danieli
3557 3747 3686 3803 pre-

2041 3819 2184 3876 dixit
2211 3819 2267 3875 in
2290 3819 2414 3876 hac
2431 3819 2609 3876 verba
2637 3838 2649 3874 :
2678 3838 2706 3871 «
2731 3820 2800 3875 Et
2822 3819 2976 3875 scies
3006 3824 3066 3874 et
3091 3820 3402 3889 intelleges
3418 3821 3487 3875 ab
3512 3820 3686 3876 inicio

2044 3909 2334 3966 sermonis
2354 3908 2747 3980 respondendi
2779 3908 3174 3964 etzcdiﬁcandi
3215 3908 3687 3965 Hierusalcmus-

2044 4012 2155 4069 que
2171 3996 2243 4053 ad
2267 3997 2558 4053 Christum
2598 3996 2802 4053 ducem
2822 3996 3158 4053 ebdomada:
3199 4002 3595 4067 septcmetﬁ'z,
3629 4003 3688 4052 et

2043 4090 2179 4160 post
2194 4085 2550 4143 ebdomadas
2565 4090 2787 4156 septem
2801 4089 2940 4139 etii“)
2959 4084 3691 4154 interibitcrisma,etjudi-

2046 4176 2200 4232 cium
2215 4189 2324 4231 non
2339 4174 2471 4245 erit,
2498 4172 2847 4244 ettemplum
2869 4178 2924 4227 et
2963 4177 3225 4229 sanctum
3240 4179 3575 4244 corrumpet
3592 4190 3692 4245 po-

2048 4265 2395 4339 pulus,duce
2408 4263 2698 4321 veniente.
2714 4284 2740 4311 »
2760 4262 2828 4317 Et
2848 4261 3090 4332 reliqua.
3118 4261 3300 4331 igitur
3316 4268 3539 4333 septem
3554 4268 3611 4318 ct.
3626 4267 3694 4317 6‘2

2050 4353 2409 4425 ebdomadae,
2456 4368 2582 4424 quae
2609 4350 2779 4408 simul
2804 4351 2945 4408 fiunt
2998 4355 3084 4422 09,
3120 4351 3333 4429 faciunt
3361 4367 3540 4408 annos
3571 4356 3692 4423 483,

284 4456 658 4515 immaturam
687 4457 797 4515 sibi
830 4460 1078 4514 mortem
1113 4460 1248 4514 ante
1281 4455 1420 4514 belli
1449 4455 1763 4512 terminum
1788 4454 1939 4510 intu-
1963 4440 2019 4504 Β
2052 4447 2108 4503 in
2142 4445 2353 4520 quibus
2380 4441 2610 4511 christi,
2642 4441 2696 4498 id
2728 4447 2821 4498 est
2854 4441 3196 4498 sacerdotes
3226 4456 3327 4513 per
3360 4443 3695 4498 unctionem

284 4543 507 4603 lerunt.
540 4546 808 4604 Invitatis
841 4547 1054 4620 quippe
1100 4544 1168 4579 ⁴⁰¹
1200 4545 1645 4618 percussoribus
1702 4542 1939 4601 Cassius

289 4638 490 4709 caput,
524 4633 683 4693 latus
711 4634 781 4669 ⁴⁰¹
811 4636 1028 4693 Brutus
1060 4634 1314 4708 prehuit.

363 4728 419 4782 9.
450 4723 642 4783 Varus
660 4728 852 4799 poeta,
872 4740 1042 4797 quem
1062 4722 1342 4796 Virgilius
1364 4722 1421 4780 in
1444 4722 1735 4782 Bucolicis
1755 4723 1938 4791 notat,

292 4813 353 4869 in
388 4813 709 4886 Capadocia
739 4814 1005 4871 moritur.
1456 4824 1463 4831 ’

2052 4532 2404 4599 consecrati,
2424 4531 3340 4602 rcgnaveruntabinstauratione
3368 4537 3388 4586 t
3427 4531 3563 4603 mpli
3589 4532 3699 4587 sub

2051 4624 2226 4684 Dario
2250 4635 2434 4694 usque
2455 4621 2526 4678 ad
2560 4622 2906 4692 Hyrcanum,
2935 4620 2990 4676 in
3015 4635 3127 4691 quo
3151 4621 3468 4676 novissimo
3490 4621 3699 4677 crisma

2054 4720 2112 4774 et
2130 4712 2530 4771 sacerdocium
2546 4710 2757 4767 defecit
2770 4710 3390 4779 Judaorum.(liisn.in
3404 4712 3700 4779 Daracnx)

2057 4801 2384 4874 Quod(2lb’)
2408 4805 2601 4858 autem
2644 4815 2672 4855 a
2711 4798 3071 4871 perfectione
3109 4797 3448 4869 tcmpli,hoc
3467 4796 3639 4852 est‘”
3672 4812 3698 4851 a

368 4906 456 4959 10.
493 4902 754 4960 Herodes
798 4901 1146 4976 alienigena,
1178 4901 1334 4961 ﬁlius
1383 4899 1676 4974 Antipatri
1704 4898 1946 4957 Ydumei
2058 4897 2227 4952 sexto
2259 4891 2413 4949 Darii
2465 4904 2638 4960 anno,
2699 4903 2884 4961 usque
2916 4886 3099 4976 adi‘09
3131 4887 3398 4976 decimun
3457 4887 3705 4976 Augusti

293 4997 361 5050 et
392 4992 658 5066 Cypridis
703 4974 997 5067 Arabiae,
1036 4974 1319 5052 suadente
1375 4989 1645 5063 Antonio,
1681 5004 1712 5047 a
1742 4991 1949 5047 senatu
2060 4998 2206 5042 anno
2236 4984 2460 5055 septem
2514 4984 2572 5038 et
2604 4983 2673 5036 62
2730 4975 3088 5048 ebdomadae,
3149 4974 3208 5031 id
3239 4980 3330 5033 est
3391 4975 3523 5032 anni
3584 4979 3704 5047 483,

1660 5137 1900 5201 VARLE
1942 5134 2345 5196 LECTIONES.

373 5266 451 5303 ‘°°
478 5267 642 5330 deest
682 5272 760 5328 9°.

872 5269 941 5306 ⁴⁰¹
969 5268 1136 5331 deest
1176 5272 1251 5329 9°.
1356 5267 1427 5305 ⁴⁰¹
1465 5269 1633 5329 deest
1680 5272 1730 5323 :5.

1828 5263 1899 5300 ⁴⁰³
1928 5263 2186 5322 XXXVII.
2219 5266 2273 5318 5.
2333 5257 2645 5317 XXXXV!”
2682 5254 2759 5313 ib.

2854 5254 2921 5289 ⁴⁰⁸
2978 5255 3014 5313 i.
3067 5269 3130 5313 se
3162 5262 3213 5314 5.
3317 5254 3385 5289 ⁴⁰⁵
3438 5256 3600 5315 deest
3659 5262 3717 5314 9“

297 5336 372 5374 ⁴⁰⁶
405 5340 536 5412 ejus
554 5346 634 5401 θα.
706 5341 780 5378 ⁴⁰⁷
809 5343 1010 5402 eodem
1041 5346 1120 5402 9ο.
1154 5347 1241 5400 11.
1316 5340 1388 5377 ⁴⁰³
1408 5342 1521 5400 hoc
1551 5343 1640 5400 est
1673 5338 1791 5398 des.
1826 5342 1902 5396 9°.
1979 5335 2050 5371 ⁴⁰⁹
2072 5335 2238 5394 deest
2260 5336 2311 5389 ὕ.
2367 5367 2374 5375 -

1898 5460 2121 5522 ΝΟἹῈ.

386 5537 551 5615 (218)
579 5539 662 5600 Ci.
698 5538 900 5599 eadem
930 5541 1109 5600 verba
1141 5553 1319 5613 supra
1344 5538 1603 5597 1:01.554.
