3986 6048
327 139 446 206 655

1485 130 1967 196 EKKEHARDI
2010 129 2571 197 URAUGIENSIS

3613 135 3742 196 656

356 276 755 347 omputentur,
780 268 864 327 sic
885 284 1196 343 possumus
1215 269 1559 342 approbare.
1586 267 1972 340 Sexagesima
2001 269 2059 330 A
2087 269 2412 342 sedentem,
2445 286 2474 328 a
2521 269 2915 328 fundamentis
2969 269 3280 340 suscitans,
3340 269 3397 325 in
3452 269 3741 326 honorem

317 367 508 421 sextae
529 359 876 433 Olympiadis
897 374 1046 415 anno
1084 359 1290 431 primo,
1324 359 1432 414 hoc
1455 363 1541 414 est
1593 357 1746 413 Darii
1779 359 1970 429 sexto,

315 450 606 524 completa
637 453 728 506 est
761 448 963 520 templi
1012 449 1348 519 adificatio,
1380 451 1437 504 ct
1469 451 1569 505 186
1626 446 1972 518 Olympiadis

318 554 467 598 anno
497 539 774 609 secundo,
806 536 862 593 id
895 542 985 592 est
1021 537 1270 607 Augusti
1318 536 1559 607 decimo,
1589 536 1849 592 Herodes
1883 551 1972 591 re-

314 643 493 702 gnum
525 627 786 699 suscepit
819 626 1172 697 Judaorum,
1206 626 1262 681 in
1289 625 1500 697 quibus
1523 625 1663 681 fiunt
1687 625 1820 680 anni
1844 627 1966 695 483,

317 732 421 790 per
453 715 712 788 singulas
743 715 1104 787 olympiades
1137 713 1520 786 quadriennio
1554 713 1890 785 subputato.

367 807 491 856 Anni
519 805 727 855 Herodis
757 805 906 866 regis.

388 890 558 943 11.1.
597 885 808 956 (Ηιειι.)
843 882 1134 940 Salustius
1187 883 1335 940 obiit
1393 881 1775 954 quadriennio
1833 884 1967 937 ante

316 972 530 1031 bellum
581 973 902 1030 Actiacum.
937 972 1115 1028 Luna
1169 986 1383 1028 cursus
1416 969 1732 1028 secundum
1766 972 1968 1026 Roma-

315 1077 424 1121 nos
457 1063 566 1121 hoc
598 1078 746 1119 anno
777 1062 1051 1120 inventus
1080 1069 1189 1120 est.

387 1157 472 1210 12.
506 1157 557 1209 2.
591 1150 880 1209 Antonius
909 1151 1232 1225 Cleopatra
1274 1153 1540 1224 junctus,
1578 1151 1661 1208 illi
1695 1151 1964 1208 Arabiam

317 1241 500 1299 dedit.

391 1335 474 1388 13.
509 1335 558 1386 3.
613 1329 914 1387 Octaviani
945 1335 1006 1386 et
1059 1329 1295 1385 Antonii
1329 1329 1528 1386 tercia
1585 1327 1965 1385 dissensionis

315 1417 644 1489 exordium,
679 1431 748 1473 eo
777 1418 933 1488 quod
966 1417 1271 1489 Antonius,
1300 1416 1604 1489 repudatia
1624 1431 1824 1473 sorore
1849 1418 1965 1473 Ca-

315 1508 484 1578 saris,
516 1505 781 1565 duxisset
814 1505 1198 1578 Cleopatram.

2087 360 2335 429 Augusti
2371 361 2712 430 Sebastiam,
2749 360 2804 415 id
2838 363 2928 416 est
2955 363 3293 428 Augustam,
3320 355 3662 430 appellavit,

2154 452 2240 504 29.
2278 452 2361 505 19.
2402 451 2459 505 [η
2523 451 2708 520 Cypro
2743 447 3122 521 plurimarum
3175 447 3479 503 civitatum
3537 452 3744 518 partes

2082 540 2404 594 tcrremotu
2441 538 2806 594 ceciderunt.

2153 630 2238 680 30.
2272 631 2359 682 20.
2396 629 2583 684 Varus
2613 632 2672 683 ct
2701 629 2906 696 Tucca,
2943 624 3168 694 Virgilii
3199 628 3257 680 et
3289 623 3512 680 Horatii
3536 629 3742 681 contu-

2083 714 2371 784 bernales,
2392 721 2576 786 poeta
2599 716 2888 772 habentur
2913 713 3191 784 illustres,
3219 713 3316 784 qui
3337 711 3520 769 libros
3540 711 3740 768 JEnei-

2079 801 2192 857 don
2225 809 2424 874 postea
2483 804 2876 861 emendandos
2907 806 3292 874 susceperunt
3323 801 3394 858 ab
3438 805 3728 871 Augusto,

2079 904 2144 946 ea
2181 891 2307 961 lege
2330 896 2392 949 ut
2423 892 2601 950 nichil
2633 893 2703 948 de
2727 908 2833 949 suo
2865 891 3169 948 adderent.

2149 983 2349 1036 31.21.
2381 982 2632 1054 Agrippa
2670 981 3030 1052 Bosphorum
3063 979 3241 1051 cepit.

2149 1073 2234 1125 32.
2270 1075 2356 1126 22.
2392 1072 2694 1141 Augustus
2727 1086 2757 1126 a
2791 1072 2998 1126 senatu
3031 1068 3315 1124 maximus
3336 1067 3598 1138 pontifex
3630 1081 3732 1123 no-

2078 1158 2354 1215 minatur.

2150 1250 2235 1301 33.
2271 1251 2356 1302 23.
2393 1246 2652 1302 Herodes
2702 1247 3025 1303 Casaream
3057 1245 3287 1302 nomine
3315 1243 3560 1301 Caesaris
3591 1259 3730 1301 con-

2078 1334 2247 1404 didit,
2285 1351 2410 1406 qua
2440 1336 2605 1408 prius
2637 1335 2823 1392 turris
2848 1335 3139 1391 Stratonis
3169 1335 3507 1392 vocabatur.

2148 1428 2234 1480 34.
2268 1429 2354 1481 24.
2393 1425 2668 1481 Horatius
2723 1430 2818 1480 57°
2849 1425 3042 1480 atatis
3097 1438 3219 1481 sua
3275 1437 3423 1480 anno
3479 1422 3731 1479 moritur

2078 1514 2290 1569 Roma.

391 1598 476 1653 14.
508 1598 559 1651 4.
597 1595 831 1688 Nicetes
861 1599 918 1651 et
951 1595 1287 1652 Theodorus
1319 1595 1629 1650 rethorica
1660 1593 1807 1649 artis
1839 1606 1962 1663 pre-
1992 1626 2048 1688 Β
2149 1607 2233 1656 3:5,
2267 1607 2356 1658 25,
2387 1601 2574 1658 Julius
2607 1601 2882 1673 Hyginus,
2936 1603 3323 1670 cognomento
3357 1597 3723 1671 polyhystor,

317 1690 592 1759 ceptores
621 1682 930 1740 habentur.

391 1778 477 1830 15.
513 1779 563 1830 5.
599 1772 887 1829 Antonius
917 1776 975 1828 et
1027 1771 1335 1844 CleOpatra
1367 1775 1553 1826 semet
1587 1768 1962 1837 interﬁciunt,

318 1867 377 1921 et
407 1860 774 1934 Egyptusﬁt
802 1862 1051 1917 Romana
1087 1859 1406 1932 provincia,
1445 1860 1499 1914 in
1533 1873 1642 1929 qua
1677 1872 1864 1929 usque
1897 1856 1967 1912 ad

313 1950 386 1987 “°
412 1951 777 2022 Cleopatram
810 1953 1199 2019 regnaverunt
1233 1949 1327 2018 qui
1353 1946 1711 2003 vocabantur
1744 1943 1969 2015 Lagida

319 2040 486 2098 annis
507 2044 610 2097 273
632 2037 721 2111 ω,
754 2039 876 2111 ipsa
910 2053 1049 2095 vero
1085 2037 1349 2107 regnavit
1378 2037 1543 2093 annis
1571 2040 1658 2106 22,
1693 2036 1788 2107 qui
1825 2035 1968 2090 fiunt

319 2129 453 2188 anni
485 2129 722 2186 ducenti
755 2127 1068 2198 nonaginta
1102 2127 1378 2198 quinque.

392 2221 478 2274 16.
512 2222 571 2274 6.
608 2215 906 2290 Nicopolis
949 2215 1116 2286 juxta
1177 2215 1405 2271 Actium
1469 2211 1965 2286 promunctorium

319 2306 553 2366 condita
577 2310 686 2363 est.

398 2405 480 2458 17.
515 2398 1020 2456 7.⁸¹²Οϐῐ3νί3ῐ1υ8
1042 2399 1237 2454 Casar
1257 2413 1385 2454 cum
1421 2396 1638 2468 ingenti
1672 2395 1967 2466 triumpho

319 2491 560 2548 Romam
583 2488 888 2558 ingressus
909 2491 1020 2557 est,
1050 2485 1243 2543 ductis
1263 2492 1396 2541 ante
1415 2501 1648 2542 currum
1679 2486 1806 2555 ejus
1830 2482 1966 2538 ﬁliis

324 2577 667 2649 Cleopatra,
695 2575 825 2631 Sole
847 2580 907 2630 et
930 2574 1547 2645 Luna,eodcmquedic
1574 2573 1662 2630 sui
1689 2571 1965 2643 triumphi

323 2679 530 2724 nomen
561 2663 788 2734 accepit
838 2661 1106 2732 Augusti.
1140 2661 1352 2718 Eodem
1385 2676 1534 2718 anno
1582 2661 1806 2718 Marcus
1836 2662 1968 2716 Ter-

205 2781 211 2790 -
323 2752 551 2811 rentius
579 2751 731 2808 Varo
763 2749 1162 2823 phylosophus
1187 2765 1366 2823 prope
1396 2750 1821 2820 nonagenarius
1853 2763 1967 2805 mo-

322 2842 500 2902 ritur.

2077 1690 2492 1761 grammaticus
2524 1690 2772 1746 habetur
2803 1689 3070 1746 illustris.

2150 1783 2235 1835 36.
2272 1784 2358 1835 26.
2395 1778 2654 1834 Herodes
2691 1781 3034 1849 Hyrcanum,
3063 1777 3161 1848 qui
3192 1774 3328 1832 olim
3360 1775 3635 1832 sacerdos
3665 1782 3723 1833 et

2079 1883 2182 1924 rex
2212 1867 2542 1924 Judaorum
2578 1868 2788 1938 fuerat,
2822 1881 2998 1923 causa
3028 1865 3186 1922 illius
3215 1864 3492 1922 amicicia
3526 1865 3728 1936 pristi-

2079 1971 2165 2014 na
2199 1957 2324 2028 ipso
2358 1961 2598 2026 rogante
2641 1954 2708 1989 “5
2737 1955 2808 2012 de
2857 1954 3198 2026 captivitate
3228 1967 3560 2024 regressum
3589 1954 3729 2010 Par-

2080 2045 2255 2114 thica,
2289 2043 2522 2113 occidit,
2561 2048 2824 2101 metuens
2851 2058 2920 2100 ne
2953 2043 3241 2114 reciperet
3272 2056 3541 2111 regnum.

2151 2139 2238 2190 37.
2271 2138 2360 2190 27.
2394 2133 2655 2190 Herodes
2676 2131 3096 2198 Aristobolum,
3122 2131 3360 2186 fratrem
3382 2129 3585 2186 uxoris
3605 2143 3728 2186 sua

2079 2222 2425 2291 Mariamnis,
2461 2220 2928 2292 suﬂ‘ocarijussit
2963 2219 3064 2292 (Cf.
3087 2220 3206 2276 Jos.
3242 2233 3334 2287 xv,
3360 2222 3436 2279 3).

2149 2314 2234 2365 38.
2269 2315 2355 2367 28.
2393 2310 2604 2378 (Ηιεκ.)
2636 2310 2937 2380 Tyberius,
2990 2307 3233 2378 Augusti
3268 2306 3590 2379 privignus,
3627 2305 3732 2362 sed

2071 2399 2187 2469 jam
2212 2399 2268 2454 in
2290 2399 2468 2454 filium
2495 2399 2832 2469 adoptatus,
2856 2397 3068 2454 deletis
3087 2395 3422 2467 Vindelicis,
3441 2393 3735 2452 Armeniis

2075 2493 2134 2544 et
2167 2488 2502 2555 Pannoniis,
2537 2487 2938 2558 triumphavit.

2150 2581 2234 2632 39.
2265 2580 2352 2632 29.
2390 2580 2688 2646 Augustus
2716 2575 2926 2631 Juliam
2949 2573 3122 2630 filiam
3154 2587 3313 2630 suam
3347 2573 3402 2628 in
3435 2571 3732 2629 adulterio

2075 2666 2495 2738 deprehensam
2523 2665 2818 2721 damnavit
2840 2663 3036 2720 exilio.
3066 2664 3291 2719 Marcus
3311 2660 3536 2718 Tullius
3559 2662 3728 2732 Tyro,

2077 2754 2375 2810 Ciceronis
2407 2753 2674 2823 libertus,
2709 2753 2806 2824 qui
2837 2753 3058 2824 primus
3084 2756 3252 2808 notas
3304 2753 3738 2808 commentatus

2079 2847 2188 2913 est,
2223 2843 2279 2898 in
2310 2841 2627 2897 Puteolano
2671 2840 2872 2913 predio
2906 2853 3094 2912 usque
3150 2837 3222 2895 ad
3251 2842 3482 2896 centum
3543 2852 3731 2895 annos

400 2935 482 2990 18.
516 2934 566 2988 8.
603 2928 906 2988 Cornelius
925 2927 1123 2985 Gallus
1146 2926 1561 2998 Forojuliensis
1586 2931 1776 2998 poeta,
1802 2927 1972 2998 cujus
2000 2980 2047 2998 η
2079 2944 2530 2998 consenescens,
2564 2929 2830 2986 moritur.

323 2980 603 3091 Virgilius
623 3016 883 3074 meminit
906 2980 1967 3086 in
1997 2980 2049 3044 Ο
2083 2980 2831 3076 "46:
2891 3017 3108 3074 Latinis
3141 3015 3499 3074 declamator
3553 3015 3732 3073 tadio

325 3109 382 3165 in
405 3106 758 3182 provinciam
786 3105 1080 3161 redactam
1098 3103 1320 3175 primus
1337 3103 1507 3172 rexit,
1532 3104 1626 3156 44°
1639 3101 1832 3158 atatis
1847 3117 1968 3158 sua

325 3212 475 3254 anno
509 3195 746 3268 propria
778 3208 948 3249 manu
975 3207 1041 3249 se
1074 3193 1390 3247 interfecit.

402 3289 485 3340 19.
521 3287 573 3339 9.
609 3284 908 3351 Augustus
957 3278 1280 3336 Calabriam
1312 3284 1370 3333 et
1402 3277 1594 3333 Gallos
1653 3275 1970 3346 vectigales

329 3371 486 3430 fecit.

398 3463 485 3518 20.
527 3463 609 3515 10.
635 3457 858 3514 Marcus
883 3456 1126 3511 Gnatius
1147 3454 1440 3524 Plancius,
1486 3453 1780 3510 Ciceronis
1800 3452 1973 3509 disci-

330 3547 504 3622 pulus
535 3552 734 3603 orator
785 3544 1030 3614 insignis
1086 3544 1354 3613 habetur,
1392 3543 1488 3614 qui
1545 3558 1674 3599 cum
1734 3541 1972 3598 Galliam

331 3640 614 3694 comatam
645 3638 897 3704 regeret,
933 3632 1272 3702 Lugdunum
1297 3630 1578 3688 condidit.

402 3731 489 3782 21.
525 3729 609 3779 11.
639 3723 955 3789 Quintilius
971 3721 1401 3792 Cremonensis,
1427 3721 1651 3790 Virgilii
1673 3725 1729 3775 et
1756 3717 1976 3775 Horatii

329 3811 398 3846 ‘1'
429 3811 670 3880 amicus,
703 3810 969 3866 moritur.

398 3905 488 3958 22.
523 3905 608 3956 12.
643 3899 891 3971 Pylades
923 3896 1085 3955 Cilex
1114 3896 1505 3970 pantomimus
1531 3895 1752 3968 primus
1787 3896 1980 3954 Roma

333 3989 574 4048 chorum
603 3992 662 4044 et
697 3987 950 4043 fistulam
983 3987 1093 4043 sibi
1124 3986 1429 4059 prccinere
1461 3985 1616 4042 fecit.

406 4083 493 4135 23.
529 4081 614 4134 13.
678 4077 959 4147 Tyberius
997 4077 1069 4131 ab
1123 4077 1386 4145 Augusto
1436 4073 1651 4130 missus
1679 4070 1987 4144 occupavit

339 4167 686 4224 Armeniam.

409 4258 498 4312 24.
533 4259 618 4311 14.
661 4252 924 4308 Herodes
955 4250 1108 4323 apud
1139 4250 1583 4307 Hierosolimam
1646 4251 1900 4308 munitas
1929 4252 1986 4305 et

341 4357 579 4413 magnas
609 4342 768 4399 ades
801 4340 1155 4397 construxit.

411 4437 497 4490 25.
537 4435 618 4488 15.
656 4429 936 4500 Virgilius
969 4428 1280 4486 Brundusii
1311 4430 1579 4500 moritur,
1599 4434 1655 4486 et
1688 4429 1987 4503 Neapolim

340 4521 717 4590 transfertur,
753 4519 920 4589 cujus
966 4519 1226 4576 tumulus
1249 4517 1316 4552 ‘“
1349 4518 1676 4596 hujusmod‘i
1727 4523 1986 4577 notatur.

344 4625 512 4682 quem
547 4609 688 4680 ipse,
727 4613 788 4664 ut
819 4607 1000 4678 aiunt,
1037 4607 1290 4664 moriens
1314 4607 1577 4664 dictavit:

445 4697 704 4758 Mantua
730 4711 822 4753 me
843 4697 1075 4769 genuit,
1104 4695 1357 4755 Calabri
1381 4709 1652 4768 rapuere,
1671 4695 1996 4755 tenetnunc

487 4786 898 4860 Parthenope;
915 4787 1104 4845 cecini
1110 4799 1367 4860 pascua,
1387 4798 1557 4856 rura,
1577 4784 1768 4844 duces.

417 4880 504 4934 26.
544 4880 624 4933 16.
659 4876 921 4932 Herodes
963 4876 1019 4930 in
1051 4875 1318 4934 Paneade
1349 4873 1406 4931 id
1458 4875 1614 4947 quod
1648 4877 1865 4933 Panum
1898 4891 1997 4934 vo-

347 4970 517 5022 catur
539 4965 853 5023 exstruxit.

420 5059 508 5110 27.
545 5059 629 5111 17.
667 5057 967 5125 Augustus
997 5055 1204 5112 Samiis
1236 5055 1566 5113 libertatem
1600 5055 1778 5113 dedit.

2081 3107 2331 3180 duplicis
2358 3109 2658 3179 quartana
2693 3121 2754 3162 se
2789 3106 3103 3162 interfecit.

2153 3199 2238 3252 41.
2274 3201 2360 3251 31.
2399 3197 2496 3268 (H.
2526 3197 2630 3266 m.)
2691 3194 2919 3251 Cirinus
2949 3210 3021 3250 ex
3077 3191 3325 3251 consilio
3385 3197 3629 3250 senatus
3655 3192 3736 3250 ad

2080 3283 2335 3340 Judaam
2360 3283 2594 3353 missus,
2623 3298 2838 3339 census
2857 3282 3152 3339 hominum
3175 3281 3737 3353 possessionumque

2081 3371 2416 3444 descripsit.
2471 3373 2767 3441 Augustus
2797 3387 2958 3440 vero,
3009 3369 3440 3427 habitatoribus
3469 3368 3742 3425 Romana

2085 3458 2248 3515 urbis
2264 3472 2366 3529 per
2382 3459 2558 3514 facies
2571 3456 3482 3527 dinumeratis,invenitvirorum
3502 3458 3739 3525 131,006

2084 3546 2324 3616 triginta
2346 3550 2590 3618 septem.

2161 3638 2246 3690 42.
2281 3639 2365 3690 32.
2404 3638 2702 3704 Augustus
2737 3636 2930 3689 Casar
2963 3637 3057 3689 42°
3081 3633 3306 3706 imperii
3337 3633 3422 3691 sui
3449 3648 3620 3703 anno,
3643 3632 3741 3704 qui

2089 3730 2180 3780 est
2216 3725 2287 3780 ab
2320 3726 2474 3780 Urbe
2507 3723 2738 3779 condita
2788 3728 2969 3794 750“,
3003 3724 3074 3778 ab
3105 3723 3331 3780 oriente
3361 3723 3416 3778 in
3474 3722 3748 3779 occiden-

2093 3818 2228 3883 tem,
2262 3829 2290 3868 a
2351 3813 2753 3884 septentrione
2808 3812 2862 3866 in
2920 3811 3239 3882 meridiem,
3276 3826 3337 3867 ac
3395 3825 3497 3882 per
3559 3815 3747 3868 totum

2094 3902 2295 3959 oceani
2319 3902 2625 3971 circulum,
2653 3917 2765 3971 quo
2785 3902 3100 3957 Romanum
3126 3899 3390 3971 pervenit
3415 3899 3746 3971 imperium,

2097 3991 2325 4048 cunctis
2359 3990 2634 4062 gentibus
2661 4005 2770 4046 una
2824 4004 2966 4061 pace
3000 3988 3359 4060 compositis,
3384 3988 3509 4044 Jani
3543 3993 3752 4060 portas

2096 4079 2282 4138 tercio
2316 4079 2440 4151 ipse
2474 4077 2708 4148 clausit,
2744 4092 2889 4149 quas
2921 4081 3138 4134 extunc
3181 4092 3285 4149 per
3319 4079 3385 4132 12
3417 4076 3532 4132 fere
3566 4089 3754 4134 annos

2101 4167 2467 4240 quietissime
2483 4181 2713 4237 semper
2737 4167 3046 4223 obseratas
3059 4165 3188 4223 ocio
3202 4165 3325 4237 ipsa
3340 4164 3512 4221 etiam
3539 4165 3756 4235 rubigo

2102 4257 2384 4328 signavit;
2410 4271 2513 4312 nec
2543 4270 2810 4326 umquam
2846 4261 3072 4327 postea,
3099 4255 3211 4311 nis:
3245 4254 3354 4311 sub
3376 4259 3640 4311 extrema
3666 4267 3757 4310 se-

2015 4340 2073 4406 D
2102 4349 2339 4404 nectutc
2373 4344 2639 4416 Augusti,
2671 4343 2940 4415 pulsante
2987 4343 3426 4400 Atheniensium
3459 4337 3757 4399 seditione

2103 4440 2162 4492 et
2185 4437 2467 4492 Dacorum
2489 4432 2873 4491 commotione
2895 4436 3234 4505 patuerunt.
3263 4432 3364 4502 (Η.
3388 4432 3494 4502 m.)
3520 4429 3758 4488 Cleusis

2104 4525 2284 4596 igitur
2313 4523 2438 4581 Jani
2475 4522 2543 4556 ⁴¹⁶
2572 4522 2782 4596 portis,
2844 4535 2962 4579 rem
2994 4521 3307 4594 pnblicam,
3367 4534 3538 4592 quam
3598 4518 3759 4577 bello

2105 4613 2404 4685 quesierat
2451 4626 2591 4684 pace
2639 4610 2864 4668 nutrire
2887 4615 3061 4682 atque
3095 4609 3450 4682 ampliﬁcare
3483 4609 3757 4680 studens,

2105 4702 2266 4774 leges
2281 4701 2504 4774 primus
2518 4699 2746 4771 statuit,
2765 4714 2870 4774 per
2884 4714 3225 4772 quasgenus
3237 4699 3552 4757 humanum
3567 4696 3761 4756 libera

2108 4790 2438 4849 reverentia
2463 4803 2680 4848 morem
2709 4794 2975 4860 gereret;
2999 4789 3123 4862 ipse
3151 4803 3293 4846 vero
3317 4786 3532 4846 domini
3559 4785 3763 4860 appel-

2106 4879 2382 4937 lationem
2415 4883 2480 4937 ut
2525 4879 2695 4936 homo
2725 4877 3061 4935 declinavit.
3122 4879 3261 4934 Nam
3321 4876 3526 4934 eodem
3583 4874 3759 4932 ludos

2109 4973 2438 5043 spectante,
2471 4984 2602 5027 cum
2623 4967 2855 5041 quidam
2877 4967 3086 5025 mimus
3107 4966 3526 5041 pronunciaret
3551 4983 3564 5020 :
3597 4964 3643 5022 0
3663 4964 3762 5022 do-

2109 5061 2340 5117 minum
2359 5072 2593 5132 agnum
2614 5058 2673 5116 et
2692 5057 2934 5115 bonum!
2965 5057 3342 5127 universique
3355 5054 3520 5127 quasi
3535 5053 3607 5110 de
3635 5053 3762 5126 ipso

422 5147 509 5199 28.
543 5146 626 5198 18.
664 5143 919 5202 Herodes
949 5145 1284 5217 Samariam,
1307 5144 1443 5202 olim
1463 5144 1580 5216 jam
1616 5145 1669 5202 in
1703 5146 2002 5206 cineribus
2113 5149 2334 5206 dictum
2357 5146 2724 5204 exsultanter
2749 5144 3258 5220 approbavissent,
3285 5142 3383 5202 ille
3413 5141 3615 5203 statim
3637 5140 3766 5214 qui-

1713 5265 1948 5320 VARIE
1989 5263 2387 5324 LECTIONES.

418 5373 488 5409 “°
520 5377 659 5433 ante
689 5377 764 5429 9ο.

343 5440 410 5477 414
441 5451 617 5477 Auum
649 5448 756 5477 1m.

853 5374 918 5453 “f
952 5378 1291 5453 CCLXXXlll
1326 5382 1402 5453 9e.
1489 5378 1556 5453 ξω
1589 5380 1673 5435 Vl.
1727 5383 1788 5453 4._
1812 5380 1873 5453 et
1896 5381 1988 5440 ita
2015 5380 2286 5453 deinceps
2316 5393 2540 5437 annum
2567 5379 2858 5436 minorem
2901 5377 3195 5436 numerat.
3271 5374 3354 5453 f“
3386 5375 3559 5453 or_a_tii
3591 5373 3761 5453 coda.

440 5464 511 5513 cu
513 5451 620 5524 jus
649 5444 876 5515 tytulus
902 5447 956 5503 b.
989 5451 1064 5503 9°.
1098 5449 1447 5507 vocabulum
1477 5449 1670 5509 deesse
1684 5451 1938 5510 videtur.
2017 5451 2087 5486 ⁴¹⁶
2109 5444 2388 5524 regnante
2407 5455 2464 5507 9°
2486 5455 2768 5522 regnante
2787 5461 2937 5508 corr.
2961 5453 3206 5520 rogante
3238 5447 3320 5508 1b.
3393 5447 3598 5519 “'jam
3617 5447 3672 5506 4.
3707 5449 3772 5504 9°
