3992 6054
273 257 393 326 65⁵7

1158 258 1600 327 CHRONICA.
1633 299 1712 312 —-
1741 259 2224 328 CHRONICON
2265 263 2820 332 UNIVERSALE.

3569 271 3688 335 658

278 398 408 455 dem
424 395 1212 468 manuvultuqueindecoras
1231 397 1598 456 adulationes
1620 400 1926 473 repressit,
1955 397 2015 462 A
2046 415 2156 473 que
2187 401 2470 459 Herodias
2501 415 2571 459 ex
2607 401 2886 460 Beronice
2934 401 3280 460 consobrina
3307 417 3430 476 sua,
3458 404 3688 466 scilicet

276 496 337 544 et
366 487 694 559 insequenti
725 487 816 544 die
859 487 1208 557 gravissimo
1252 488 1450 546 edicto
1500 504 1697 547 omnes
1751 490 1930 546 corri-

275 576 424 647 puit,
456 575 870 647 dominumque
900 589 961 631 se
993 579 1128 647 post
1160 576 1282 632 haec
1317 576 1601 649 appellari
1625 591 1693 634 ne
1726 592 1756 633 a
1790 577 1931 633 libe-

277 664 364 721 ris
393 663 626 736 quidem
660 669 758 722 aut
792 665 1107 736 nepotibus
1139 666 1262 722 suis
1295 666 1450 722 scrio
1500 667 1592 723 vel
1637 666 1769 737 joco
1802 682 1931 739 pas-

277 767 380 810 sus
415 757 504 810 est
541 753 629 810 “7.

350 842 520 913 (σήν.
569 842 648 900 W.
689 842 833 915 [216]
857 874 906 882 --
946 843 1024 900 Η.
1049 843 1153 915 m.)
1196 845 1275 900 Eo
1319 845 1499 914 igitur
1520 845 1930 916 tempore,hoc

279 936 370 988 est
405 945 552 987 anno
585 935 680 987 42°
702 932 1004 988 Octaviani
1030 933 1279 990 Caesaris
1303 934 1574 1004 Augusti,
1601 948 1671 989 ex
1697 949 1810 1005 quo
1835 948 1931 990 au-

279 1022 396 1074 tem
414 1018 696 1091 Egyptus
721 1018 776 1074 in
801 1019 1156 1092 provinciam
1178 1020 1414 1078 redacta
1435 1024 1526 1078 est
1545 1025 1601 1077 et
1623 1020 1927 1094 Cleopatra

277 1122 408 1164 cum
445 1108 696 1165 Antonio
724 1108 882 1164 victa
927 1123 1075 1165 anno
1117 1113 1233 1179 280,
1267 1110 1495 1180 quando
1537 1108 1927 1167 ﬁrmissimam

280 1209 482 1267 pacem
517 1196 888 1253 ordinatione
913 1198 1012 1253 Dei
1049 1198 1240 1253 Czesar
1257 1199 1559 1268 Augustus
1577 1198 1924 1270 composuit,

279 1285 543 1342 nascitur
575 1285 630 1341 in
665 1284 998 1343 Bethlehem
1026 1287 1172 1342 Iuda
1196 1287 1473 1342 Dominus
1501 1292 1701 1343 noster
1721 1287 1930 1345 Jhesus

278 1373 566 1443 Christus,
589 1388 763 1430 verus
785 1375 956 1446 Deus,
980 1373 1049 1408 “°
1069 1379 1127 1431 et
1150 1375 1447 1440 homo,cui
1475 1391 1584 1447 pax
1611 1377 1722 1432 ista
1748 1375 1930 1432 famu-

277 1462 531 1531 lahatur,
559 1477 707 1518 anno
744 1463 815 1518 ab
848 1463 1020 1519 inicio
1053 1465 1374 1520 creationis
1400 1465 1702 1520 mundanae
1726 1479 1928 1520 secun-

276 1550 411 1606 dum
442 1549 780 1606 Hebraicam
814 1551 1120 1608 veritatem
1165 1554 1350 1621 39620,
1396 1552 1712 1608 secundum
1747 1555 1815 1607 72
1846 1552 1929 1607 in-

274 1642 574 1710 terpretes
589 1653 906 1710 eorumque
923 1643 1250 1697 sectatores
1265 1643 1487 1711 5201°,a
1505 1639 1722 1695 diluvio
1735 1644 1922 1711 23060,

2044 490 2158 547 tilia
2176 490 2423 563 Salome,
2443 493 2664 550 sororis
2685 492 2931 549 Herodis
2953 492 3135 564 patris
3150 492 3260 549 sui.
3279 493 3491 550 Habuit
3512 497 3689 554 Hero-

2043 580 2144 637 des
2171 586 2230 637 et
2263 581 2408 638 alios
2438 581 2609 653 filios,
2647 581 2917 654 Antipam
2950 586 3007 637 ct
3042 581 3389 638 Archelaum
3421 590 3480 638 et
3512 584 3687 642 ﬁliam

2043 668 2439 742 Olympiadem
2472 685 2545 727 ex
2577 670 2866 727 Marthace
2898 669 3266 740 Samaritide,
3299 671 3584 730 Herodem
3615 688 3689 730 ex

2043 757 2158 816 lilia
2179 759 2443 831 Symonis
2462 759 2778 832 pontificis,
2806 760 2943 815 item
2967 759 3251 816 Herodem
3275 764 3334 816 et
3357 759 3688 834 Philippum

2040 863 2113 905 ex
2144 849 2450 920 Cleopatra
2482 847 2999 918 Hicrosolimitide,
3029 847 3417 906 Phasahelum
3459 864 3532 906 cx
3562 851 3691 908 Pal-

2042 935 2190 992 lade.
2217 938 2532 1007 Postquam
2565 940 2757 992 autem
2791 935 3182 991 Alexandrum
3207 940 3265 992 et
3290 937 3688 996 Aristobolum

2043 1023 2195 1081 filios
2219 1040 2375 1096 suos,
2394 1025 2488 1096 qui
2515 1024 2584 1080 de
2612 1025 2830 1082 semine
2855 1025 3015 1095 regio
3031 1029 3220 1099 erant,
3241 1026 3560 1099 occiderat,
3579 1031 3692 1085 An-

2041 1113 2342 1185 tipatrum,
2381 1128 2485 1185 pro
2513 1112 2581 1146 ⁴²²
2613 1113 2985 1170 accusatione
3016 1114 3259 1170 fratrum
3295 1113 3402 1172 sibi
3457 1116 3689 1188 placen-

2038 1207 2174 1272 tem,
2196 1202 2782 1274 proposuitheredem
2809 1202 2968 1272 regni
2993 1202 3322 1273 relinquere
3357 1218 3462 1276 per
3508 1209 3688 1262 testa-

2039 1293 2330 1357 mentum;
2362 1292 2464 1346 sed
2495 1306 2624 1347 cum
2657 1295 2712 1347 et
2745 1289 2812 1325 ⁴²³
2836 1291 2960 1362 ipse
2983 1291 3052 1346 de
3077 1305 3217 1348 nece
3242 1290 3400 1348 illius
3428 1295 3688 1353 tractare

2038 1378 2353 1448 diceretur,
2375 1381 2607 1436 missum
2624 1381 2679 1436 in
2695 1394 2990 1437 carcerem
3011 1379 3078 1413 “‘
3102 1381 3210 1437 sub
3237 1380 3364 1453 ipso
3393 1381 3512 1438 fere
3536 1397 3689 1440 mor-

2041 1469 2116 1525 tis
2149 1468 2396 1524 articulo
2429 1468 2675 1524 interfici
2700 1468 2871 1538 jussit
2905 1473 2963 1523 et
3003 1467 3213 1539 ipsum,
3239 1472 3581 1542 mutatoque
3604 1475 3690 1528 te-

2038 1561 2345 1622 stamento,
2366 1571 2763 1614 successorem
2780 1556 2941 1626 regni
2965 1555 3034 1589 ⁸³³
3058 1557 3300 1627 scripsit
3319 1557 3683 1616 Archelaum.

2039 1646 2527 1716 Reguavitautem
2544 1645 2804 1702 Herodes
2830 1649 3137 1717 postquam
3162 1646 3490 1717 Antigonus
3512 1647 3690 1705 inter-

277 1728 348 1783 ab
370 1727 618 1785 Abrahae
641 1727 950 1820 nativitate
973 1731 1158 1798 20140,
1181 1729 1414 1798 aMoysc
1439 1732 1499 1784 ct
1520 1742 1760 1797 egressu
1784 1727 1927 1786 lilio-
1954 1759 2008 1820 Β
2039 1740 2270 1806 emptus
2301 1742 2391 1791 est
2422 1735 2586 1790 annis
2618 1736 2704 1805 34,
2741 1750 2811 1790 ex
2846 1747 2958 1805 quo
2999 1736 3195 1790 autem
3243 1747 3486 1804 regnum
3517 1750 3548 1791 a
3579 1735 3691 1791 Ro-

275 1830 401 1872 rum
434 1817 619 1872 Israel
651 1815 721 1872 de
749 1817 991 1889 Egypto
1029 1819 1210 1886 15090,
1245 1831 1274 1871 a
1318 1817 1622 1874 Salomone
1653 1822 1708 1872 ct
1743 1818 1923 1888 prima

276 1904 477 1977 templi
512 1905 898 1963 aediﬁcatione
937 1905 1117 1976 1031°,
1140 1921 1167 1961 a
1190 1904 1644 1962 reaadificatioue
1663 1919 1791 1977 quae
1815 1907 1923 1962 sub

275 1993 450 2050 Dario
475 1994 624 2051 facta
646 1999 738 2051 est
763 1999 912 2064 519°,
931 1995 1002 2050 ab
1026 1994 1190 2052 urbis
1213 1994 1484 2051 Romanae
1501 1993 1569 2028 “9
1591 1993 1923 2052 conditione

274 2085 426 2153 751°,
475 2081 824 2155 olympiadis
870 2081 1208 2139 centesimae
1262 2082 1650 2153 nonagesimae
1697 2087 1922 2154 quartae

273 2184 426 2226 anno
456 2170 526 2204 ⁴²⁰
551 2171 741 2228 tercio
791 2169 894 2240 (Cf.
933 2172 1171 2242 BEDAM).

336 2287 460 2334 Anni
491 2286 613 2334 Anni

272 2347 496 2397 Herodis.
530 2347 751 2410 Augusti.
783 2348 1001 2397 Cesaris.

347 2439 434 2492 33.
470 2439 560 2492 43.
599 2436 808 2510 (Ηιειι.)
841 2438 1000 2493 Anno
1026 2435 1341 2493 Dominicze
1385 2437 1801 2494 incarnationis
1832 2451 1918 2494 se-

279 2526 489 2596 cundo,
527 2527 622 2598 qui
656 2530 750 2583 est
785 2519 1033 2597 Augusti
1080 2527 1226 2597 43ml,
1258 2528 1554 2596 Augustus
1607 2526 1916 2582 amicitiam

275 2615 412 2672 facit
448 2629 576 2672 cum
608 2613 860 2671 Parthis.

341 2705 426 2759 34.
464 2704 549 2758 44.
585 2704 747 2759 Anno
776 2701 1001 2760 Domini
1032 2702 1217 2760 tercio
1250 2701 1510 2760 Herodes
1560 2702 1779 2759 occidit
1838 2703 1920 2758 in-

273 2794 486 2848 tantes.

346 2884 432 2937 35.
468 2884 552 2937 45.
591 2879 756 2949 (σὴν.
802 2881 910 2953 W.)
944 2883 1107 2938 Anno
1138 2881 1360 2938 Domini
1396 2883 1428 2937 4
1459 2879 1638 2937 Judas
1667 2879 1920 2938 Galileus

270 2971 342 3029 ad
377 2970 779 3028 rebellandum
812 2971 1157 3028 cohortatur
1185 2970 1435 3028 Iudaeos.

349 3063 434 3116 36.
473 3061 557 3116 46.
595 3059 807 3132 (l—llsa.)
842 3062 904 3116 A.
937 3060 999 3115 D.
1034 3059 1086 3116 5.
1124 3059 1357 3117 Asinius
1407 3058 1588 3115 Pollio
1633 3064 1832 3115 orator
1861 3063 1916 3115 et

277 3147 626 3218 consularis,
664 3147 760 3220 qui
794 3147 864 3206 de
898 3147 1176 3206 Dalmatis
1220 3148 1627 3220 triumphavit,
1679 3148 1734 3203 in
1780 3147 1919 3204 villa

273 3235 597 3295 Tusculana
627 3236 875 3294 moritur
906 3252 1054 3294 anno
1085 3237 1223 3294 vita:
1252 3237 1631 3307 octogesimo.

347 3329 435 3382 37.
472 3328 556 3382 47.
595 3324 759 3397 (Chr.
809 3325 914 3396 W.)
951 3328 1014 3382 A.
1050 3326 1112 3381 D.
1148 3330 1197 3381 6.
1233 3325 1493 3382 Herodes
1543 3339 1747 3395 magno
1794 3339 1923 3381 cru-

274 3416 433 3473 ciatu
467 3415 732 3485 moritur,
757 3429 865 3487 pro
900 3429 1014 3486 quo
1051 3413 1205 3472 illius
1235 3416 1360 3485 ejus
1383 3413 1924 3484 Archelausregna-

273 3502 356 3558 vit
387 3502 553 3559 anuis
581 3507 631 3558 9.
668 3503 876 3560 Multos
910 3502 1058 3575 (217)
1091 3508 1283 3559 autem
1334 3503 1486 3560 ﬁlios
1520 3502 1718 3559 habuit
1748 3505 1924 3559 llero-

275 3589 380 3648 des
401 3605 473 3648 ex
496 3590 747 3648 diversis
771 3591 1079 3661 uxoribus,
1098 3605 1241 3661 quas
1266 3590 1463 3662 plures
1479 3590 1746 3660 duxerat,
1768 3590 1925 3645 Anti-

275 3685 506 3752 patrum
539 3694 612 3736 ex
638 3679 851 3738 Doside
877 3678 965 3750 m,
1003 3694 1172 3750 quam
1223 3679 1427 3735 habuit
1475 3683 1786 3749 antequam
1822 3693 1925 3736 rex

279 3767 465 3838 fleret,
485 3766 884 3824 Aristobolum
900 3772 958 3823 et
983 3753 1370 3824 Alexandrum
1399 3766 1664 3838 filiasque
1687 3765 1832 3823 duas
1854 3781 1923 3823 ex

279 3857 610 3926 Mariamne,
627 3856 876 3929 Hyrcani
899 3860 1070 3928 nepte
1094 3870 1164 3911 ex
1189 3855 1326 3926 ﬁlia,
1354 3871 1522 3926 quam
1543 3856 1652 3912 sibi
1677 3870 1749 3912 ex
1765 3855 1925 3926 regio

279 3945 498 4003 semine
524 3946 910 4016 conjunxerat
943 3947 1254 4017 postquam
1289 3945 1413 4016 ipse
1447 3945 1639 4000 factus
1675 3949 1767 4000 cst
1797 3958 1922 4014 rex,

279 4033 507 4104 abjecta
531 4033 744 4091 Doside
767 4047 898 4091 cum
925 4033 1042 4090 lilio
1067 4034 1398 4105 Antipatro,
1417 4033 1515 4089 sed
1542 4037 1762 4104 postea,
1785 4033 1925 4104 ipsis

277 4129 337 4180 et
383 4123 516 4180 aliis
593 4123 1025 4192 accusantibus,
1081 4122 1295 4179 occidit
1351 4122 1739 4191 Mariamuem,
1773 4121 1926 4179 filios

281 4226 509 4284 quoque
532 4212 721 4284 ipsius
750 4210 1138 4268 Alexandrum
1164 4216 1222 4267 et
1246 4210 1644 4267 Aristobolum
1671 4210 1834 4280 quasi
1855 4209 1926 4266 de

278 4315 420 4357 nece
444 4300 650 4358 matris
681 4300 1049 4369 indignantes
1080 4299 1298 4356 occidit
1330 4299 1434 4370 (Cf.
1460 4301 1576 4354 Jos.
1607 4299 1690 4354 De
1719 4298 1768 4354 ὀ.
1805 4301 1851 4352 J.
1886 4315 1922 4369 ι,

279 4391 388 4462 18).
418 4388 746 4445 Alexandro
777 4392 969 4445 autem
1002 4388 1233 4444 fuerunt
1269 4388 1383 4443 duo
1418 4387 1516 4442 ﬁlii
1550 4389 1836 4458 Tygranes
1867 4391 1922 4443 et

2039 1824 2222 1880 manis
2255 1828 2562 1896 acceperat
2597 1823 2760 1880 annis
2792 1827 2858 1879 37
2884 1841 2898 1890 ;
2923 1822 3126 1895 sicque
3157 1826 3290 1895 post
3325 1821 3508 1879 multa
3548 1823 3687 1882 faci-

2038 1928 2177 1969 nora
2215 1913 2360 1970 male
2395 1913 2660 1968 moritur.

2130 2021 2250 2068 Anni
2283 2018 2351 2053 ⁴²⁰

2035 2092 2275 2140 Archelai.

2103 2177 2151 2225 1.
2190 2174 2274 2227 48.
2313 2170 2413 2240 (Η.
2451 2173 2551 2242 m.)
2587 2172 2649 2224 A.
2686 2169 2746 2225 D.
2782 2175 2834 2239 7,
2867 2169 2964 2240 qui
2993 2173 3087 2226 est
3131 2167 3381 2238 Augusti
3427 2169 3574 2240 48‘”,
3611 2169 3689 2226 fa-

2033 2274 2154 2315 mes
2185 2261 2332 2315 I'acta
2354 2257 2424 2292 "7
2446 2263 2538 2315 est
2561 2259 2755 2316 Romae
2777 2258 2920 2314 adeo
2945 2257 3093 2328 dira,
3121 2261 3185 2314 ut
3209 2269 3413 2314 omnes
3431 2258 3689 2330 peregri-

2033 2362 2137 2404 nos
2167 2353 2226 2403 et
2258 2361 2562 2404 servorum
2600 2348 2878 2403 maximas
2912 2347 3134 2418 copias,
3157 2345 3423 2417 exceptis
3447 2345 3688 2403 medicis

2027 2451 2099 2492 ex
2132 2437 2600 2509 preceptoribus,
2635 2451 2707 2491 ex
2738 2434 2890 2490 Urbe
2921 2433 3079 2490 trudi
3111 2434 3446 2506 preceperit
3478 2433 3547 2468 ⁴²⁸
3578 2436 3687 2492 Au-

2028 2531 2257 2596 gustus.
2288 2526 2425 2593 Quae
2459 2524 2590 2581 ideo
2622 2523 2886 2581 creditur
2911 2521 3498 2593 divinitusimmissa,
3527 2521 3683 2594 quia,

2030 2629 2159 2671 cum
2191 2614 2391 2672 Gaium
2425 2618 2693 2686 nepotem
2745 2627 2911 2669 suum
2961 2610 3222 2668 mitteret
3273 2613 3577 2682 Augustus
3615 2609 3686 2668 ad

2029 2702 2384 2760 ordinandas
2411 2703 2636 2775 Egypti
2657 2702 2955 2773 Syriaque
2970 2699 3324 2773 provincias,
3343 2699 3443 2755 ille
3463 2704 3686 2772 preter-

2032 2793 2155 2848 icns
2177 2793 2248 2848 ab
2272 2793 2514 2864 Egypto
2541 2791 2683 2847 lines
2708 2788 3038 2859 Palestina,
3057 2785 3210 2860 apud
3234 2786 3684 2846 Hierosolimam

2033 2880 2086 2935 in
2122 2879 2337 2953 templo
2371 2880 2467 2935 Dei
2502 2884 2642 2936 tunc
2673 2883 2875 2935 sancto
2907 2882 2964 2933 et
3003 2875 3223 2934 celebri
3273 2875 3521 2934 adorare
3553 2891 3686 2933 con-

2027 2969 2288 3040 tempsit.
2308 2969 2471 3034 Quod
2496 2970 2798 3038 Augustus
2822 2966 2919 3023 ubi
2943 2979 3049 3038 per
3070 2979 3201 3022 eum
3225 2965 3536 3037 comperit,
3559 2979 3688 3036 pra-

2030 3073 2101 3114 vo
2141 3073 2282 3114 usus
2328 3057 2568 3129 judicio,
2600 3055 2918 3128 prudenter
2965 3069 3095 3111 eum
3147 3053 3356 3109 fecisse
3401 3051 3679 3109 laudavit.

2030 3147 2191 3203 Uudc
2221 3147 2415 3202 divina
2449 3145 2705 3202 vindicta
2744 3143 3016 3216 populum
3070 3157 3201 3199 cum
3251 3140 3514 3214 principe
3555 3155 3686 3214 pec-

2029 3241 2198 3292 cante
2229 3235 2534 3306 corripuit,
2559 3241 2618 3290 et
2653 3232 3038 3304 quantitatem
3064 3228 3401 3287 offensionis
3427 3228 3682 3300 qualitas

2030 3324 2272 3381 ultionis
2302 3322 2583 3380 ostendit.

2101 3420 2151 3471 2.
2189 3412 2273 3470 49.
2308 3413 2518 3484 (Ιιιειι.)
2553 3412 2615 3466 A.
2653 3411 2714 3466 D.
2770 3413 2821 3467 8.
2873 3407 3154 3480 Tyberius
3203 3407 3320 3478 jam
3367 3419 3556 3464 caesar
3607 3406 3685 3464 fa-

2030 3501 2492 3573 ctus,Dalmatas
2506 3503 2561 3556 et
2589 3501 2883 3555 Sarmatas
2909 3497 2964 3553 in
2989 3497 3303 3553 Romanam
3327 3498 3683 3568 potestatem

2035 3590 2277 3660 redegit.

2107 3685 2155 3735 3.
2192 3684 2275 3735 50.
2315 3678 2413 3745 (H.
2446 3681 2548 3749 m.)
2589 3681 2651 3733 A.
2685 3677 2746 3731 D.
2788 3677 2839 3746 9,
2877 3674 2973 3746 qui
3004 3678 3096 3730 est
3126 3673 3372 3744 Augusti
3406 3674 3689 3747 quinqua-

2033 3767 2304 3838 gesimus,
2338 3768 2408 3823 ah
2441 3767 2594 3822 Urbe
2637 3779 2778 3821 vero
2829 3763 3063 3821 condita
3113 3765 3296 3833 758‘",
3333 3763 3689 3835 quatuorde-

2035 3856 2145 3912 cim
2179 3856 2339 3912 vicos
2365 3855 2558 3924 Urbis,
2577 3854 2863 3910 incertum
2889 3851 3042 3908 unde
3062 3865 3444 3922 consurgens,
3462 3851 3686 3910 llamma

2034 3943 2414 4015 consumpsit.

2107 4035 2155 4088 4.
2187 4037 2272 4088 51.
2306 4032 2520 4102 (Ηιειι.)
2572 4032 2636 4086 Α.
2685 4031 2746 4085 D.
2802 4034 2887 4085 10.
2927 4028 3318 4085 Athenienses
3367 4027 3688 4087 moliuntur

2035 4135 2214 4178 novas
2243 4134 2338 4176 res
2366 4126 2570 4176 contra
2602 4119 2910 4174 Romanos.

2108 4215 2156 4264 5.
2191 4212 2275 4264 52.
2318 4212 2377 4263 Α.
2412 4210 2473 4263 D.
2512 4210 2595 4264 11.
2625 4203 2871 4261 Messala
2905 4204 3188 4262 Corvinus
3216 4208 3419 4262 orator
3452 4203 3684 4261 biennio

2038 4305 2348 4369 antequam
2378 4298 2704 4352 moreretur
2734 4294 2813 4348 ita
2837 4292 3172 4348 memoriam
3196 4307 3262 4349 ac
3288 4305 3523 4348 sensum
3549 4293 3688 4350 ami-

2039 4386 2133 4457 sit,
2173 4391 2234 4443 ut
2265 4385 2361 4440 vix
2395 4397 2573 4455 pauca
2607 4382 2785 4439 verba
2819 4381 3219 4451 conjungeret.

283 4478 613 4534 Alexander
642 4491 714 4534 ex
742 4475 1037 4548 Glaphira,
1071 4477 1228 4546 regis
1270 4475 1610 4548 Capadociae
1657 4475 1924 4532 Archelai
1955 4474 2007 4534 D
2109 4479 2160 4530 6.
2197 4479 2282 4530 53.
2320 4471 2483 4545 (C'Itr.
2526 4471 2631 4543 W.)
2658 4472 2720 4527 A.
2749 4471 2810 4526 D.
2841 4474 2924 4526 l2.
2949 4468 3114 4524 Janni
3149 4473 3332 4541 portae
3365 4483 3470 4543 per
3501 4473 3567 4526 12
3589 4484 3688 4528 an-

282 4565 430 4631 filia;
466 4566 785 4623 Aristoboli
815 4580 955 4622 vero
987 4564 1088 4621 filii
1124 4566 1358 4622 fuerunt
1387 4565 1660 4636 Agrippa,
1691 4564 1786 4634 qui
1823 4566 1926 4621 sub

283 4654 420 4711 Gaio
442 4669 547 4712 rex
572 4655 760 4711 factus
781 4659 891 4726 est,
917 4659 976 4710 et
1000 4655 1260 4711 Herodes
1287 4667 1349 4710 ac
1375 4653 1759 4724 Aristobolus,
1788 4653 1929 4709 illia-

2038 4579 2144 4621 nos
2171 4563 2287 4633 jam
2319 4560 2555 4630 clausae,
2591 4561 2660 4616 ab
2693 4561 2956 4630 Augusto
2999 4558 3361 4630 aperiuntur.

2109 4658 2160 4710 7.
2194 4654 2279 4710 54.
2336 4651 2545 4724 (Hum)
2598 4653 2662 4708 A.
2716 4651 2778 4705 D.
2829 4653 2912 4705 13.
2963 4647 3121 4705 Satio
3166 4647 3235 4682 ‘"
3284 4648 3687 4723 phylosophus

1668 4823 1906 4880 νΑΡιΙίΕ
1945 4821 2346 4879 LECTIONES.

350 4935 420 4970 ⁴¹⁷
450 4943 502 4994 5.
535 4936 672 4994 add.
705 4935 988 4994 mbram:
1012 4935 1110 4992 llic
1140 4935 1486 4992 inchoantur
1518 4937 1649 4992 anni
1682 4937 1992 4994 Dominicze
2016 4935 2455 4993 incarnationis.
2482 4932 2548 4967 ⁴¹⁸
2573 4933 2736 4992 deest
2755 4935 2829 4989 9°.
2858 4931 3020 4990 deest
3036 4930 3104 4965 “9
3125 4944 3300 4988 romae
3325 4935 3400 4987 9°.
3424 4930 3490 4964 ⁴²⁰
3520 4932 3689 4992 deest

278 5014 361 5065 9η.
416 5008 484 5042 ⁴²¹
545 5008 706 5064 dosia
765 5013 840 5064 9°.
903 5007 971 5041 ⁴²²
1025 5008 1144 5064 Hic
1193 5007 1411 5078 incipit
1461 5007 1642 5078 codex
1693 5010 1884 5065 Berol.
1945 5008 2090 5078 (Ε1.)

2141 5007 2209 5040 ι²³
2266 5006 2429 5063 deest
2478 5009 2552 5060 9ο.
2607 5005 2676 5038 ⁴²⁴
2734 5018 2972 5062 carcere
3030 5008 3079 5059 5.
3149 5008 3231 5059 10.
3291 5007 3371 5060 11.
3425 5001 3495 5036 ⁸³⁸
3528 5003 3692 5063 deest

280 5051 380 5135 iii.
415 5051 716 5152 rem;
745 5051 893 5138 ea;
921 5051 1428 5151 εαρῇῑιεξξῑφξλέδ.
1693 5051 1884 5135 ἵζ’ῑῗ
1913 5051 2152 5136 emi.
2214 5051 2672 5150 ιιεννῖιῖεοῑρει-οι
2733 5051 3262 5132 δεῖνδδνεῆίοδδ.
3297 5051 3476 5132 tam.
3528 5051 3682 5134 55;:

279 5151 419 5208 sitio
453 5153 502 5207 4.

1860 5289 2063 5349 NOTAE
2078 5333 2090 5347 .

353 5418 504 5491 (216)
538 5419 578 5474 l.
613 5431 665 5476 e.
692 5416 1011 5476 Chronicon
1064 5415 1540 5486 Wirziburgeuse
1582 5429 1758 5488 supra
1807 5415 1927 5473 edi-

283 5495 1076 5635 tu$.17)HaecEkkehardus
1122 5573 1237 5616 non
1285 5558 1364 5615 ita
1415 5559 1565 5632 apud
1612 5557 1924 5633 Josephum

2036 5414 2276 5486 invenit,
2296 5414 2396 5473 sed
2413 5413 2535 5488 ipse
2550 5427 2620 5472 ex
2634 5414 2815 5471 variis
2839 5411 2986 5473 locis
3008 5413 3407 5488 composuisse
3429 5411 3682 5472 videtur.

2037 5489 2135 5560 (cf.
2169 5488 2344 5545 etiam
2377 5500 2553 5560 supra
2585 5500 2614 5543 a
2647 5488 2761 5559 10.)
