3986 6048
277 190 393 254 659

278 331 728 407 Alexandrinus,
767 340 1082 408 preceptor
1113 336 1368 408 Senecae,
1401 335 1636 395 claruit.

209 433 212 436 ί
347 425 396 478 8.
433 425 519 480 55.
555 425 620 480 Α.
655 424 716 481 Ι).
756 427 839 480 14.
877 429 1174 496 Augustus
1215 443 1344 485 cum
1390 427 1635 500 Tyberio
1685 441 1925 484 censum

276 513 472 570 Romae
504 513 752 585 agitans,
786 515 1005 572 invenit
1055 517 1331 586 nonagies
1365 522 1454 573 ter
1479 521 1724 574 centena
1771 521 1830 572 et
1859 519 1928 573 70

278 601 434 659 milia
467 603 780 661 hominum.

349 697 400 747 9.
436 697 524 749 56.
561 694 624 748 A.
661 695 723 748 D.
783 697 865 764 15,
918 694 1014 766 qui
1059 700 1150 750 est
1199 694 1426 767 imperii
1485 694 1729 764 Augusti
1779 699 1926 765 56‘“,

279 781 600 839 Archelaus
622 788 932 840 accusatus
955 783 1028 838 ob
1053 783 1444 854 insolentiam,
1475 799 1626 840 nono
1651 784 1812 854 regni
1837 783 1928 841 sui

279 884 449 941 anno,
475 871 526 926 in
552 871 827 927 Viennam
853 872 923 927 ab
949 874 1213 941 Augusto
1239 871 1534 942 relegatus
1552 877 1642 928 est
1661 872 1930 943 “°,etJu-

279 958 402 1014 dma
434 960 750 1016 tetrarchis
783 961 1190 1031 committitur,
1217 961 1448 1031 Herodi,
1479 963 1808 1033 Antipatro,
1830 961 1932 1033 Ly-

280 1047 482 1116 sanize,
509 1047 794 1120 Philippo.
833 1050 1048 1106 Eodem
1081 1065 1230 1106 anno
1263 1053 1566 1119 Augustus
1615 1051 1813 1107 Nolam
1847 1051 1930 1107 in-

276 1149 536 1205 gressus,
573 1137 773 1192 morbo
807 1139 1059 1210 capitur,
1093 1145 1153 1196 et
1186 1139 1240 1193 in
1275 1138 1523 1196 Athellze
1556 1139 1730 1211 opido
1772 1142 1930 1197 Cam-

279 1224 464 1296 panize
496 1227 764 1295 moritur,
800 1243 950 1284 anno
981 1229 1180 1285 aetatis
1236 1244 1356 1286 suae
1405 1233 1520 1285 75°.
1556 1228 1735 1295 Quem
1783 1246 1933 1286 mor-

279 1318 442 1368 tuum
478 1319 719 1370 senatus
753 1315 955 1372 multis
987 1317 1174 1375 modis
1228 1319 1456 1375 censuit
1507 1316 1928 1387 honorandum,

285 1400 488 1457 dicens
513 1421 524 1455 :
555 1402 799 1460 Utinam
829 1405 939 1461 aut
961 1420 1079 1464 non
1103 1408 1468 1477 nasceretur,
1493 1407 1608 1464 aut
1623 1407 1802 1464 natus
1817 1419 1935 1463 non

274 1491 606 1547 moreretur
636 1491 716 1548 Cf.
755 1493 1125 1565 Benauﬂlzr.
1185 1494 1266 1552 W.
1317 1497 1479 1552 HIER.
1516 1495 1618 1566 (H.
1651 1495 1755 1564 m.)

278 1583 362 1633 10.
406 1584 489 1636 11.
525 1581 664 1637 add.
696 1601 708 1634 :
735 1583 930 1639 Romae
961 1585 1014 1638 in
1048 1599 1252 1656 campo
1287 1585 1492 1640 Martio
1525 1589 1618 1641 est
1646 1583 1930 1656 sepultus-

350 1669 515 1724 Anno
547 1669 614 1702 ⁸³³
663 1671 974 1728 Dominicze
1023 1673 1442 1754 incarnationis
1495 1677 1576 1743 16,
1614 1673 1712 1745 qui
1764 1675 1852 1729 est
1904 1685 2020 1754 aB

275 1756 506 1810 condita
545 1759 696 1813 Urbe
728 1763 851 1828 766,
886 1745 1186 1831 Tyherius,
1224 1761 1400 1817 Libize
1452 1761 1628 1831 ﬁlius,
1686 1753 1934 1830 Augusti

279 1843 601 1914 privignus,
639 1861 766 1901 mox
793 1863 993 1918 gener,
1027 1854 1327 1920 postremo
1376 1849 1692 1922 adoptione
1754 1849 1935 1918 filius,

278 1931 585 2003 imperium
615 1936 934 1992 Romanum
985 1938 1233 2010 adeptus
1277 1942 1390 2008 est,
1428 1941 1500 1996 ab
1551 1941 1819 2009 Augusto
1854 1951 1942 1994 se'

276 2021 602 2086 cundus,ct
623 2027 882 2094 regnavit
905 2028 1072 2084 annis
1103 2030 1330 2085 23.Iste
1363 2028 1496 2099 quia
1531 2027 1809 2085 Claudius
1838 2028 1940 2097 Ty‘

281 2109 478 2167 berius
518 2113 667 2168 Nero
721 2114 1048 2184 dicebatur,
1083 2115 1386 2186 eleganter
1431 2132 1460 2172 a
1503 2115 1940 2186 joculatoribus

281 2198 515 2256 Caldius
539 2201 606 2233 ⁸³²
643 2202 902 2261 Biberius
921 2205 1076 2261 Mero
1100 2205 1174 2261 ob
1199 2204 1582 2262 vinolentiam
1606 2204 1936 2262 nominaba-

280 2293 394 2342 tur.
427 2289 576 2345 Satis
601 2293 858 2362 prudens
882 2293 939 2349 in
963 2293 1142 2351 armis
1165 2295 1428 2366 satisque
1453 2295 1782 2352 fortunatus
1803 2298 1937 2351 ante

279 2383 572 2449 sumptum
608 2381 914 2466 imperium
959 2384 1068 2440 sub
1117 2381 1186 2416 ⁸³³
1235 2387 1502 2454 Augusto
1547 2383 1675 2453 fuit,
1710 2387 1774 2440 ut
1824 2397 1936 2440 non

277 2465 567 2525 immerito
597 2471 678 2526 rei
711 2465 956 2541 publicae
980 2470 1317 2530 dominatus
1334 2473 1410 2544 ei,
1441 2472 1938 2530 committeretur.

276 2553 498 2612 habens
527 2558 828 2615 scientiam
863 2559 1213 2632 litterarum,
1249 2559 1435 2618 multo
1479 2561 1790 2633 preclarus
1821 2557 1938 2617 elo'

276 2641 430 2714 quic,
469 2645 567 2701 sed
603 2647 834 2716 ingenio
870 2648 1141 2718 pessimo,
1173 2649 1349 2720 truci,
1385 2663 1583 2719 avaro,
1613 2643 1940 2717 insidioso:

275 2732 558 2790 simulans
590 2750 654 2790 ea
689 2750 748 2791 se
779 2734 928 2791 velle
963 2751 1092 2807 quae
1115 2736 1367 2793 nolletet
1393 2753 1457 2794 ea
1485 2737 1638 2795 nolle
1663 2753 1793 2809 quae
1819 2736 1916 2794 vel

279 2817 379 2886 let,
414 2820 505 2875 his
537 2821 704 2891 quasi
737 2822 1000 2880 infensus
1033 2823 1248 2895 quibus
1278 2825 1618 2882 consultum
1658 2825 1936 2897 cupiebat

279 2907 368 2964 his
402 2925 540 2966 vero
572 2926 720 2982 quos
752 2911 958 2968 oderat
991 2914 1161 2985 quasi
1188 2913 1491 2972 benivolus
1515 2930 1824 2987 apparens,
1849 2930 1940 2972 re-

283 2997 537 3066 pentinis
571 3001 1052 3072 responsionibus
1078 3002 1285 3060 melior
1315 3017 1484 3074 quam
1504 3003 1934 3076 premeditatis,

276 3086 535 3158 Denique
553 3087 808 3148 delatum
832 3107 863 3149 a
891 3093 1158 3164 patribus
1183 3092 1595 3164 principatum,
1616 3109 1786 3164 quem
1812 3092 1942 3164 qui-

278 3176 405 3232 dem
438 3181 571 3235 astu
605 3186 971 3253 perceperat,
1005 3181 1171 3237 finxit
1201 3196 1264 3239 se
1323 3181 1600 3252 abnuere,
1638 3180 1778 3252 quid
1821 3181 1942 3238 sin-

275 3265 397 3334 guli
421 3267 686 3324 dicerent
707 3267 773 3302 ⁸³⁸
799 3273 902 3327 aut
931 3270 1238 3340 sentirent,
1273 3271 1558 3327 atrociter
1585 3270 1933 3341 explorans,

278 3354 416 3419 Quae
441 3371 534 3412 res
558 3357 741 3414 bonos
763 3373 1028 3430 quosque
1051 3357 1470 3430 pessumdedit.
1489 3359 1844 3416 Estimantes
1865 3357 1940 3393 ⁸³⁸

277 3443 428 3500 enim
459 3458 588 3500 eum
621 3459 692 3500 ex
726 3445 914 3503 animo
947 3445 1242 3503 declinare
1273 3445 1732 3517 magnitudinem
1757 3448 1937 3520 impe-

279 3531 444 3587 rialis
477 3532 779 3603 molestiae,
811 3550 942 3590 cum
975 3535 1299 3592 sententias
1347 3550 1486 3592 suas
1533 3535 1604 3591 ad
1649 3536 1778 3606 ejus
1839 3552 1935 3593 vo-

279 3621 586 3694 luntatem,
609 3628 669 3680 ut
697 3623 808 3681 sibi
828 3623 1160 3692 videbatur,
1177 3629 1787 3698 promunt,postrema
1815 3627 1936 3682 exi-

281 3711 357 3766 tia
395 3712 746 3769 inciderunt.
779 3714 890 3769 Per
923 3728 986 3770 se
1018 3712 1178 3770 nulla
1205 3713 1356 3770 bella
1380 3715 1586 3785 gessit,
1613 3715 1716 3772 sed
1739 3731 1809 3772 ne
1834 3731 1935 3788 per

280 3799 510 3870 legatos
530 3801 760 3871 quidem
795 3801 987 3873 aliqua
1019 3803 1242 3875 gravia,
1267 3803 1380 3860 nisi
1413 3803 1566 3875 quod
1593 3808 1813 3862 tantum
1837 3805 1938 3861 ali-

282 3890 528 3958 quantis
563 3891 618 3946 in
653 3890 798 3947 locis
830 3891 1154 3962 precogniti
1187 3891 1448 3963 gentium
1505 3898 1768 3952 tumores
1816 3895 1937 3951 cito

280 3979 944 4051 comprimebantur(Cf.
974 3981 1147 4038 Osos.
1169 3997 1264 4052 vn,
1283 3981 1355 4052 4).
1384 3981 1729 4040 Getulorum
1765 3983 1942 4040 latro-

281 4067 432 4123 cinia
465 4069 768 4141 repressit,
794 4068 1210 4127 Maroboduum
1241 4071 1564 4128 Suevorum
1597 4086 1800 4142 regem
1825 4072 1944 4129 cal-

281 4157 395 4214 lide
428 4159 830 4217 circumvenit.
855 4159 995 4217 Cum
1025 4175 1232 4232 magna
1264 4165 1320 4217 et
1345 4161 1513 4230 gravi
1543 4161 1831 4218 modestia
1858 4171 1944 4226 rei

280 4247 528 4318 publica:
561 4248 795 4320 praefuit
825 4247 1076 4320 plurimo
1111 4249 1343 4321 imperii
1369 4249 1455 4306 sui
1479 4253 1766 4322 tempore,
1795 4250 1943 4307 adeo

281 4340 343 4390 ut
381 4336 730 4407 quibusdam
761 4336 1100 4410 presidibus
1118 4337 1189 4394 ad
1213 4337 1477 4406 augenda
1501 4339 1820 4409 provinciis
1841 4339 1944 4394 tri'

1431 196 1914 264 EKKEHARDI
1954 195 2516 272 URAUGIENSIS

1972 3050 2022 3114 C

3568 217 3698 283 660

1955 334 2012 400 Α
2043 343 2276 399 ceteros
2304 343 2556 404 diversis
2588 345 2785 406 causis
2816 349 3068 421 necavit,
3105 347 3323 410 Habuit
3350 349 3472 426 ipse
3504 351 3692 413 ﬁlium

2046 432 2273 490 nomine
2303 436 2575 506 Drusum,
2610 438 2713 494 sed
2743 453 2813 495 eo
2843 443 3095 510 mortuo,
3131 439 3313 497 filium
3343 441 3469 513 ejus
3511 444 3698 516 Tybe-

2045 521 2214 592 rium,
2241 530 2628 594 cognomento
2663 527 3002 599 Gemellum,
3021 534 3082 586 et
3107 529 3328 601 Gaium,
3352 530 3531 589 illium
3555 535 3698 591 Ger-

2044 613 2274 685 manici,
2296 615 2398 672 ﬁlii
2433 617 2634 675 fratris
2663 615 2732 652 ⁸³⁸
2762 619 2850 676 sui
2881 619 3073 690 Drusi,
3105 619 3412 692 adoptavit
3435 621 3490 678 in
3515 621 3695 692 filios,

2043 715 2113 757 ex
2145 704 2362 774 quibus
2394 706 2568 763 Gaius
2601 707 2712 764 sibi
2747 707 3040 765 successit
3075 707 3131 765 in
3155 723 3415 780 regnum.
3443 710 3548 782 (Cf.
3567 713 3692 770 Jos.

2042 794 2341 873 xmeta.)
2374 794 2557 873 Hujus
2581 795 2794 873 itaque
2822 797 3048 873 'l‘yberii
3085 798 3444 873 temporibus
3491 801 3700 873 Agrip-

2045 878 2134 932 pa,
2173 863 2328 920 filius
2378 863 2718 937 Aristoboli,
2753 863 3048 939 qui'filius
3082 863 3487 942 fuit'ﬂerodis,
3520 863 3696 942 quem

2043 951 2166 1024 ipse
2198 969 2328 1009 cum
2364 954 2544 1010 fratre
2567 971 2671 1012 suo
2697 955 3027 1014 Alexandro
3051 958 3700 1029 interfecit,demorans

2044 1041 2261 1109 Romae,
2279 1042 2484 1112 Druso,
2503 1044 2731 1115 Tyberii
2755 1045 2893 1110 tilio,
2917 1046 3226 1103 familiaris
3253 1047 3362 1105 fuit
3386 1066 3400 1115 ;
3423 1049 3522 1106 sed
3549 1063 3701 1106 mor-

2043 1133 2148 1187 tuo
2171 1131 2374 1188 eodem
2393 1133 2600 1202 Druso,
2624 1139 2792 1205 pater
2814 1134 2942 1204 ejus
2963 1137 3245 1207 Tyberius
3265 1153 3372 1209 pre
3397 1138 3701 1210 impatien-

2047 1219 2125 1276 tia
2161 1220 2382 1278 doloris
2411 1223 2713 1294 prohibuit
2748 1240 2950 1281 omnes
2982 1225 3203 1282 amicos
3232 1226 3334 1282 lilii
3364 1226 3433 1260 "’
3461 1231 3597 1284 ante
3621 1229 3703 1284 fa-

2045 1308 2192 1364 ciem
2225 1324 2388 1366 suam
2423 1313 2731 1384 accedere,
2763 1329 2834 1370 ne
2870 1313 2986 1370 illis
3019 1313 3162 1372 visis
3192 1314 3360 1372 dolor
3387 1315 3513 1386 ejus
3532 1332 3702 1374 reno-

2045 1404 2286 1457 varetur
2319 1399 2432 1472 (Ib.
2461 1416 2511 1457 c.
2549 1407 2636 1472 12,
2663 1404 2838 1474 sqq.).
2873 1402 3033 1458 Unde
3067 1403 3322 1476 Agrippa
3355 1405 3410 1461 in
3439 1405 3701 1464 Iudaeam

2048 1486 2510 1559 dcscendens,et
2534 1493 2666 1561 post
2690 1488 3048 1560 aliquantum
3065 1496 3297 1564 tempus
3311 1494 3547 1550 Romam
3574 1494 3704 1552 red-

2052 1573 2194 1643 iens,
2228 1577 2456 1634 favente
2488 1577 2739 1634 Antonia
2765 1578 2852 1648 “°,
2880 1594 3061 1636 uxore
3093 1580 3265 1637 Drusi
3295 1581 3496 1637 fratris
3523 1583 3708 1652 Tybe-

2051 1664 2145 1734 rii,
2179 1680 2307 1735 qua
2341 1665 2677 1723 Beronicem
2709 1665 2776 1700 ‘“
2809 1667 3080 1740 Agrippae
3112 1675 3356 1725 matrem
3389 1669 3704 1726 admodum

2053 1754 2356 1824 diligebat,
2374 1754 2427 1810 in
2453 1755 2768 1811 amicitiam
2792 1761 3069 1828 receptus
3092 1762 3183 1814 est
3202 1772 3233 1814 a
3257 1758 3522 1829 Tyberio,
3538 1774 3568 1815 a
3585 1773 3704 1830 quo

2046 1841 2252 1911 jussus
2283 1849 2374 1900 est
2405 1844 2601 1916 nepoti
2633 1859 2740 1900 suo
2769 1845 3014 1915 Tyberio
3046 1860 3280 1918 semper
3319 1847 3605 1905 adherere
3633 1845 3707 1904 il-

2054 1929 2288 2002 lumque
2321 1947 2543 1990 summa
2567 1947 2676 2005 ope
2702 1933 2974 1990 excolere
2997 1935 3135 2002 ;sed
3159 1935 3258 1992 ille
3281 1936 3500 2008 Gaium,
3529 1938 3708 1995 Anto-

2053 2019 2160 2077 nize
2192 2025 2486 2093 nepotem,
2512 2023 2693 2093 magis
2718 2022 2945 2093 dilexit,
2973 2023 3124 2081 unde
3143 2027 3200 2081 et
3223 2025 3501 2082 offensam
3529 2027 3710 2098 Tybe-

2054 2107 2121 2164 rii
2149 2108 2414 2166 incurrit.
2444 2111 2580 2166 Nam
2614 2127 2742 2167 cum
2778 2112 3028 2182 quadam
3059 2111 3154 2169 die
3184 2112 3324 2170 Gaio
3358 2118 3615 2185 Optaret,
3641 2118 3707 2171 ut

2054 2195 2214 2253 illum
2258 2197 2346 2267 ⁸⁸³,
2379 2203 2610 2256 mortuo
2639 2200 2883 2271 Tyberio
2913 2199 3002 2271 ⁸⁸³,
3037 2201 3330 2260 dominum
3358 2205 3708 2261 cunctorum

2050 2283 2250 2340 videre
2285 2291 2632 2350 mereretur.
2667 2288 3006 2345 nunciatum
3042 2294 3133 2345 est
3164 2290 3276 2346 hoc
3301 2290 3566 2362 Tyberio,
3593 2295 3716 2348 sta-

2053 2372 2273 2444 timque
2296 2374 2547 2444 conjecit
2573 2391 2704 2433 eum
2731 2377 2786 2433 in
2804 2377 3060 2450 vincula,
3079 2378 3136 2434 in
3159 2377 3370 2450 quibus
3387 2379 3716 2450 permansit

2051 2476 2234 2532 usque
2265 2463 2335 2518 ad
2371 2463 2492 2519 Gaii
2520 2469 2802 2536 tempora.

2051 2553 2135 2605 10.
2169 2551 2308 2609 add.
2341 2552 2408 2609 in
2433 2555 2726 2626 margine,
2751 2568 2879 2626 quae
2912 2561 2995 2612 11.
3026 2555 3247 2628 recepit
3282 2575 3293 2611 :
3320 2554 3617 2622 Quendam

2123 2641 2290 2698 brum
2326 2643 2512 2699 fertur
2537 2643 2865 2714 jugulasse,
2903 2643 2998 2714 qui
3036 2644 3333 2702 adiuvenit
3380 2645 3598 2703 vitrum
3632 2646 3712 2701 fa-

2123 2729 2376 2802 bricare,
2436 2736 2492 2786 et
2536 2733 2856 2789 secundum
2908 2732 3138 2789 libitum
3181 2749 3348 2790 suum
3382 2733 3709 2805 inﬂectere,

2126 2819 2328 2878 dicens
2359 2821 2411 2877 ei
2439 2840 2450 2874 :
2502 2843 2527 2870 «ι
2559 2822 2614 2876 Si
2648 2821 2864 2878 vixeris
2893 2825 2952 2879 et
2979 2822 3088 2878 hoc
3119 2821 3268 2880 alios
3296 2823 3591 2894 docueris,
3617 2839 3716 2880 au-

2125 2924 2250 2966 rum
2281 2915 2339 2964 et
2369 2916 2674 2980 argentum
2706 2910 3100 2968 annulabitur.
3135 2930 3164 2965 »

2125 3010 2248 3057 Anni
2281 3010 2495 3071 Tyberii.

2123 3093 2174 3146 2.
2209 3089 2421 3161 (tiu-sn.)
2453 3092 2616 3146 Anno
2655 3089 2965 3147 Dominicze
3017 3090 3432 3148 incarnationis
3483 3097 3569 3162 17,
3606 3093 3706 3164 qui

2053 3183 2148 3235 est
2177 3179 2406 3250 Tyberii
2439 3180 2754 3246 secundus,
2779 3179 2964 3236 Asinii
2985 3178 3265 3237 Pollionis
3288 3180 3445 3238 filius
3469 3181 3712 3241 Asinius

2053 3267 2254 3325 Gallus
2289 3267 2434 3325 diris
2462 3284 2493 3325 a
2523 3269 2768 3340 Tyberio
2801 3268 3106 3340 suppliciis
3145 3275 3442 3327 enecatur.
3653 3323 3666 3331 .

2123 3362 2173 3413 3.
2211 3359 2274 3413 A.
2307 3360 2370 3413 D.
2409 3363 2490 3415 18.
2519 3357 2713 3414 Livius
2737 3358 2802 3391 ⁸⁸⁸
2838 3357 3370 3431 hysteriograpbus
3402 3358 3628 3415 Patavii
3650 3358 3723 3392 ⁸⁸⁵

2053 3445 2319 3502 moritur.
2339 3447 2582 3505 Ovidius
2604 3462 2835 3518 quoque
2863 3452 3034 3518 poeta
3055 3447 3112 3503 in
3135 3446 3314 3504 exilio
3343 3448 3486 3504 mori
3499 3451 3595 3505 tur
3619 3448 3714 3506 ⁸⁸⁸.

2121 3540 2172 3594 4.
2210 3537 2310 3608 (Η.
2342 3538 2446 3609 m.)
2493 3540 2554 3594 A.
2613 3539 2676 3594 D.
2723 3542 2807 3594 19.
2863 3537 3257 3608 Germanicus,
3308 3537 3478 3596 Drusi
3531 3537 3717 3612 ﬁlius,

2052 3625 2330 3697 Caligula:
2366 3631 2554 3698 pater,
2589 3627 2660 3684 de
2694 3626 3018 3697 Germanis,
3053 3627 3122 3683 ad
3156 3641 3302 3699 quos
3330 3628 3403 3684 ab
3445 3628 3717 3698 Augusto

2045 3715 2160 3786 jam
2195 3729 2334 3772 sene
2369 3716 2581 3773 missus
2615 3717 2828 3785 fuerat,
2864 3716 3205 3788 triumphat.

2122 3807 2172 3859 5.
2211 3805 2418 3877 (Ηιειι.)
2452 3808 2515 3861 Α.
2553 3807 2615 3860 D.
2646 3809 2740 3860 20.
2773 3804 3153 3862 Germanicus
3186 3819 3369 3862 czesar
3401 3819 3431 3860 a
3461 3805 3710 3875 Tyberio

2052 3897 2260 3966 patruo
2291 3909 2397 3950 suo
2427 3908 2650 3950 veneno
2679 3893 3055 3951 interficitur.

2123 3987 2174 4040 6.
2211 3984 2276 4039 A.
2306 3985 2368 4039 D.
2403 3987 2490 4039 21.
2526 3982 2849 4040 Fenestella
2883 3982 3408 4056 bystoriographus
3440 3984 3499 4039 et
3533 3985 3708 4054 poeta

2055 4077 2152 4128 70°
2181 4071 2317 4128 vitm
2345 4086 2464 4128 suae
2495 4085 2644 4128 anno
2673 4071 2940 4141 moritur,
2975 4075 3034 4127 et
3068 4071 3264 4128 Cumis
3290 4069 3596 4144 sepelitur.

2129 4165 2178 4216 7.
2205 4162 2266 4216 A.
2293 4161 2356 4216 D.
2381 4164 2468 4216 2'2.
2495 4159 2778 4232 Tyberius
2804 4159 3022 4216 multos
3050 4173 3220 4230 reges
3248 4173 3353 4230 per
3383 4157 3712 4215 blandicias

2063 4247 2130 4303 ad
2161 4262 2222 4304 se
2254 4247 2485 4306 vocavit
2534 4261 2946 4318 nunquamque
2992 4245 3241 4317 remisit,
3273 4246 3425 4302 inter
3469 4260 3620 4316 quos
3653 4249 3712 4303 et

2065 4336 2409 4393 Archelaum
2433 4335 2815 4408 Capadocem,
2839 4335 3006 4406 cujus
3025 4335 3201 4392 etiam
3224 4349 3465 4406 regnum
3497 4334 3554 4390 in
3580 4350 3715 4406 pro-

284 4424 420 4480 buta
457 4425 842 4482 suadentibus
873 4425 1178 4496 scripserit
1207 4424 1342 4481 boni
1370 4426 1630 4496 pastoris
1653 4441 1788 4484 esse
1815 4423 1956 4520 ton;
1985 4413 2036 4473 D
2067 4425 2271 4485 vinciaa
2296 4425 2536 4482 formam
2561 4423 2810 4494 redegit,
2834 4429 2892 4480 et
2917 4422 3339 4479 nobilissimam
3359 4423 3486 4495 ejus
3505 4423 3714 4520 civit-a-

281 4512 421 4569 dere
453 4527 652 4584 pecus,
688 4529 800 4570 non
835 4513 1186 4584 deglobere;
1221 4513 1325 4571 sed
1364 4513 1645 4586 paulatim
1680 4510 1955 4574 mutatu}
2065 4522 2182 4574 tem
2217 4517 2499 4572 Mazacam
2532 4527 2604 4569 ex
2632 4528 2738 4570 suo
2770 4512 2998 4569 nomine
3022 4513 3344 4569 Caesaream
3368 4510 3710 4584 appellavit.

285 4601 340 4656 in
372 4601 558 4675 pejus.
595 4603 698 4675 (Η.
729 4603 833 4673 m.)
863 4603 1004 4658 Nam
1037 4606 1095 4658 et
1137 4601 1289 4659 filios
1336 4617 1479 4660 suos
1532 4603 1810 4676 adoptivo
1833 4621 1860 4662 s
1894 4605 1938 4639 "

285 4691 534 4748 Drusum
568 4697 625 4748 et
661 4690 1088 4762 Germanicum,
1115 4691 1377 4762 germani
1415 4692 1505 4748 sui
1555 4693 1731 4750 Drusi
1772 4693 1929 4750 ﬁlios

283 4794 509 4838 veneno
538 4781 857 4852 interfecit,
895 4779 1218 4853 prefectum
1274 4795 1446 4839 suum
1495 4781 1763 4851 Sejanum
1803 4798 1954 4842 nova

286 4868 620 4929 molientem
653 4869 892 4937 occidit,
929 4874 989 4928 et
1020 4883 1092 4927 ex
1122 4869 1334 4942 viginti
1381 4870 1651 4943 patriciis
1676 4869 1766 4942 ⁸⁸⁷,
1805 4887 1954 4944 quos

287 4956 399 5013 sibi
419 4971 596 5018 causa
611 4959 840 5019 consilii
855 4958 1058 5033 elegit,
1074 4959 1172 5018 vix
1186 4959 1333 5018 duos
1347 4959 1668 5018 incolomes
1693 4961 1952 5037 reliquit,

2134 4610 2187 4662 8.
2221 4606 2283 4660 A.
2318 4605 2380 4659 D.
2414 4607 2500 4658 23.
2535 4601 2793 4673 Pompeii
2826 4601 3118 4660 theatrum
3150 4600 3452 4658 incensum
3484 4603 3598 4656 est.

3233 4687 3531 4760 Olympias
3581 4693 3710 4746 200.

2135 4789 2186 4840 9.
2221 4784 2283 4838 A.
2320 4782 2380 4836 D.
2413 4783 2500 4836 24.
2531 4777 2816 4850 Tybcrius
2847 4779 3114 4848 Drusum,
3151 4777 3352 4834 fratris
3381 4777 3469 4834 sui
3500 4776 3709 4844 illium,

2067 4871 2228 4944 regni
2249 4873 2581 4927 consortem
2607 4866 2764 4938 fecit,
2791 4881 2961 4938 quem
2981 4866 3182 4924 eodem
3206 4880 3354 4924 anno
3383 4881 3610 4923 veneno
3629 4867 3713 4922 in-

2067 4959 2315 5019 teremit.

1632 5173 1870 5230 VARle
1929 5173 2331 5231 LECTIONES'

357 5311 427 5344 ⁸³⁰
457 5311 620 5368 (lceat
644 5310 820 5387 93‘“
851 5313 927 5370 In
953 5315 1004 5369 4.
1040 5313 1148 5372 hoc
1179 5313 1299 5387 loco
1331 5313 1555 5387 legitur
1579 5314 1769 5372 rubra
1798 5334 1818 5370 .·
1853 5315 1998 5387 Anni
2056 5314 2304 5387 Tyberii,
2340 5311 2962 5387 Herodis__tetrarche.
3025 5306 3094 5342 ⁴³²
3145 5309 3416 5387 claudius
3443 5313 3554 5387 __1b.
3604 5319 3688 5387 _1_0

287 5398 495 5440 θεοισν.
534 5388 616 5438 11.
674 5382 744 5415 ⁸³³
795 5389 998 5441 tantus
1056 5387 1167 5442 sub
1230 5386 1304 5442 1b.
1355 5381 1423 5418 ⁸³⁸
1473 5387 1636 5444 deest
1690 5388 1787 5443 Et.
1848 5385 1918 5420 ⁸³⁸

2082 5381 2384 5443 εἰίιηειηὶθε
2435 5391 2513 5441 9°.
2566 5383 2634 5418 ⁸³⁸
2691 5383 3031 5444 adontivum
3078 5388 3138 5441 οο
3173 5381 3241 5416 ⁸³τ

287 5456 355 5488 ⁸³³
386 5455 452 5509 fr;
489 5471 532 5510 s.
567 5455 621 5509 (Ι.
660 5453 758 5509 filii
795 5459 845 5510 5.
879 5454 947 5488 ⁸³³
979 5456 1016 5511 f.
1049 5457 1136 5512 sui
1169 5461 1218 5512 5.
1251 5457 1320 5494 ⁸⁸⁸³
1349 5457 1586 5515 antonio
1619 5461 1668 5514 4.
1703 5456 1920 5515 antonii

2085 5456 2448 5514 1beronicen
2496 5457 2591 5512 El.
2654 5462 2732 5514 11.
2785 5453 2852 5490 “’
2900 5454 2998 5515 illo
3043 5460 3118 5514 9°.
3172 5453 3240 5488 ⁸⁸³

3341 5384 3572 5442 atribus
3602 5385 3678 5440 E1

3356 5455 3448 5514 est
3489 5461 3566 5513 9°.
3609 5456 3683 5488 ⁸⁸⁸

293 5526 500 5585 Lucius
532 5526 626 5582 Et.
661 5528 770 5600 qui
801 5525 922 5584 hac
945 5527 1080 5600 post
1108 5527 1349 5585 Ovidius
1378 5560 1447 5570 —
1479 5530 1728 5587 moritur
1759 5529 1939 5587 habet
1959 5527 2027 5561 ⁸⁸⁸
2058 5528 2250 5601 patavi
2280 5532 2332 5584 5.
2361 5527 2526 5586 deest
2555 5531 2632 5584 9°.
