3986 6048
397 242 514 308 663

1562 247 2046 315 EKKEHARDI
2094 252 2645 321 URAUGIENSIS

3691 254 3819 326 664

471 382 2040 459 17.AnnoDominicaaincarnationis32,discipuliChri-
2066 385 2122 447 A
2152 401 2540 461 cognomento
2566 396 2843 468 Herodes,
2879 397 3116 454 Romam
3187 396 3450 469 veniens,
3482 411 3514 455 a
3565 398 3820 471 Tyberio

397 473 494 543 sti,
529 474 884 543 evangelicis
927 474 1201 532 instructi
1251 476 1618 533 documentis
1649 479 1887 534 verbum
1905 475 2038 533 fidei

400 575 504 633 per
518 563 790 621 civitates
805 564 1174 635 Judteaeﬁpso
1193 566 1465 621 mittente
1490 565 1965 637 predicaverunt.

470 656 553 707 18.
583 653 688 724 (Cf.
708 654 847 710 Ulzr.
884 654 1428 725 W—Hran.)Anno
1456 655 1880 712 incarnationis
1921 672 2040 713 suae

401 745 487 809 33,
512 742 787 797 Dominus
828 742 1246 798 nosterJhesus
1292 743 1559 801 Christus
1586 759 1794 815 passus
1835 749 1923 802 est
1986 746 2041 801 in

397 834 573 884 carne.
598 834 657 883 et
692 830 1035 897 resurrexit,
1056 830 1109 883 in
1142 829 1309 898 cujus
1326 831 1597 901 passione
1643 833 1825 889 multa
1859 834 2044 891 conti-

398 917 558 986 gisse
576 917 853 974 miracula
873 918 1046 973 etiam
1060 917 1365 985 gentilium
1382 921 1707 990 scriptores
1725 927 2037 980 testantur.

394 1005 681 1075 Iosephus
711 1019 961 1075 quoque,
988 1005 1141 1061 inter
1171 1011 1367 1062 cetera
1384 1022 1510 1078 quae
1533 1010 2040 1081 temporeillo‘stu-

396 1093 581 1163 penda
597 1094 989 1162 contigerunt,
1007 1093 1208 1149 scribit
1226 1094 1565 1153 sacerdotes
1580 1097 1775 1168 templi
1793 1098 2039 1169 primum

396 1182 817 1238 commotiones
836 1182 1100 1238 locorum
1114 1190 1171 1237 et
1204 1184 1434 1240 sonitus
1449 1186 1728 1255 quosdam
1771 1188 2035 1260 ‘audisse,

396 1269 526 1327 dein
544 1284 614 1325 ex
634 1271 791 1326 adito
812 1272 1011 1342 templi
1031 1287 1226 1328 vocem
1242 1273 1529 1343 erupisse:
1556 1277 1953 1335 Transeamus
1966 1291 2041 1334 ex

393 1360 634 1416 sedibus
648 1360 762 1416 Iris.
775 1362 850 1415 De
865 1361 993 1429 ipso
1008 1361 1181 1416 etiam
1199 1360 1429 1418 Christo
1444 1363 1653 1418 scribit
1668 1365 1747 1419 ita
1764 1368 2032 1436 (xvm,6):

392 1448 509 1504 Fui
518 1449 746 1505 tantem.
759 1449 855 1505 his
868 1447 1224 1520 temporibus
1247 1447 1488 1519 Jltesus,
1514 1454 1757 1522 sapiens
1772 1455 1881 1523 vir,
1896 1456 1954 1512 si
1969 1454 2038 1489 ⁸⁸³

394 1537 513 1593 tam
521 1551 590 1593 en.
616 1538 816 1593 rirum
827 1550 957 1592 eum
968 1538 1280 1593 nominare
1275 1538 1391 1609 fas
1402 1539 1512 1609 est;
1533 1552 1635 1597 era
1643 1541 1669 1595 t
1686 1541 1841 1597 enim
1852 1542 2036 1600 mira-

394 1624 452 1680 bi
462 1626 607 1682 lium
623 1639 861 1696 operum
873 1624 1110 1696 efector
1120 1624 1177 1680 et
1190 1626 1390 1683 doctor
1400 1626 1704 1684 hominum
1717 1642 1913 1687 eorum
1928 1632 2037 1701 qui

393 1710 1059 1779 libenteraudiuntquze
1081 1724 1222 1766 vera
1254 1712 1418 1780 sunt,
1461 1714 1519 1769 et
1540 1714 1757 1771 multos
1793 1716 2035 1786 quidem

390 1798 978 1866 Judeeorummultos
1009 1799 1189 1854 etiam
1203 1813 1277 1855 ea:
1281 1800 1560 1869 gentibus
1588 1802 2037 1875 sibiadjunxit;

395 1886 787 1943 Christusltic
799 1886 954 1942 erat.
997 1888 1175 1943 Hunc
1186 1888 1568 1946 accusatione
1570 1892 1905 1961 primorum
1941 1908 2036 1950 no-

390 1975 653 2046 strcegen
661 1974 736 2031 tis
748 1976 1013 2031 uirorum
1025 1988 1157 2031 cum
1170 1976 1416 2033 Pilatus
1428 1978 1493 2033 in
1509 1992 1739 2036 crucem
1756 1980 1824 2014 ⁴⁶⁶
1863 1997 2035 2052 agen-

393 2062 531 2118 dum
547 2063 910 2127 decrevisset,
926 2077 1043 2119 non
1058 2062 1603 2122 deserueruntlti‘“
1615 2069 1724 2137 qui
1744 2070 1837 2126 .ab
1852 2071 2034 2128 inicio

391 2165 522 2207 eum
537 2152 905 2208 dilexerunt.
928 2152 1230 2223 Apparuit
1243 2154 1398 2210 enim
1412 2155 1499 2211 eis
1513 2155 1691 2214 tercio
1704 2158 1802 2214 die
1821 2160 2036 2217 iterum

387 2241 579 2310 vivus,
591 2239 912 2296 secundum
923 2239 1083 2309 quod
1093 2240 1388 2298 divinitus
1410 2241 1702 2313 inspirati
1728 2248 2035 2319 propheta

388 2328 485 2382 oet
501 2327 951 2384 hacoelaliade
981 2340 1043 2383 eo
1056 2328 1372 2385 innumera
1385 2331 1688 2390 miracula
1699 2333 1767 2367 ‘“
1800 2336 2034 2406 futura

387 2429 509 2473 esse
510 2415 928 2486 predixerant.
935 2416 1059 2473 Sed
1069 2416 1201 2479 etin
1211 2416 1563 2476 lwdiernum
1573 2421 1731 2478 diem
1745 2422 2035 2484 Christia-

387 2518 619 2575 norum,
643 2506 749 2574 qui
761 2504 836 2561 ab
858 2506 986 2575 ipso
999 2504 1328 2576 nuncupati
1346 2508 1503 2577 sunt,
1537 2510 1593 2565 et
1619 2524 1827 2569 nomen
1833 2529 2033 2585 perse-

387 2594 560 2649 verat
578 2594 637 2649 et
655 2606 870 2663 genus.

465 2686 548 2736 19.
585 2680 750 2747 (0hr.
791 2680 898 2751 W.)
932 2681 995 2734 A.
1030 2682 1092 2736 D.
1119 2684 1204 2737 34.
1238 2683 1504 2753 Iacobus,
1563 2685 1742 2742 frater
1785 2689 2027 2764 Domini,

392 2767 793 2823 llicrosolimis
813 2767 1127 2838 episcopus
1157 2769 1465 2827 ordinatur
1495 2774 1567 2828 ab
1605 2775 1909 2847 apostolis,
1942 2794 2032 2836 se-

390 2854 592 2924 ditque
626 2868 809 2911 annos
838 2857 922 2911 30.

454 2946 541 2999 20.
573 2945 633 2998 Α.
662 2946 720 2998 D.
756 2948 843 2999 35.
877 2943 1116 3015 Pylatus
1170 2944 1472 3015 imaginem
1505 2951 1744 3008 caesaris
1801 2953 1854 3010 in
1891 2959 2031 3014 tem-

386 3032 482 3103 plo
516 3032 1012 3096 statuerevolens,
1032 3032 1352 3092 seditiones
1385 3036 1440 3091 in
1482 3037 1697 3097 Iudaeis
1725 3043 2024 3102 excitavit.

2151 480 2476 541 clementer
2500 491 2808 558 tractatur,
2836 487 3064 543 favente
3081 486 3353 557 Antonia,
3380 488 3824 544 matreGerma.

2152 572 2265 628 nici
2296 580 2355 629 et
2387 574 2631 645 Claudii,
2668 591 2796 646 quae
2826 576 2932 633 fuit
2966 592 3113 633 uxor
3143 577 3311 633 Drusi
3330 575 3808 647 fratris'l‘yberii;

2154 662 2255 717 sed
2283 678 2411 718 cum
2442 669 2840 721 accusaretur:
2879 664 3031 736 quod
3092 668 3326 736 optaret
3375 663 3686 735 Tyberium
3732 665 3818 721 cio

2152 750 2273 807 tius
2308 753 2451 807 mori
2479 754 2989 824 regnumqueGaio
3022 753 3168 825 dari,
3209 753 3265 809 in
3312 752 3543 811 vincula
3602 754 3678 809 ab
3736 767 3811 811 eo

2155 839 2486 911 conjicitur,
2521 854 2629 898 nec
2646 856 2714 898 eo
2749 843 2978 898 vivente
2993 843 3271 900 solvitur.

2223 931 2309 983 23.
2346 927 2445 995 (Η.
2479 930 2582 999 m.)
2614 931 2676 984 Α.
2714 929 2781 984 Ι).
2823 931 2909 985 38.
2944 929 3222 1000 Tyberius
3243 930 3808 1001 Romanosgraviter

2153 1015 2431 1086 aﬂligens,
2466 1016 2956 1086 ingentiomuium
2997 1018 3211 1087 gaudio
3238 1019 3293 1074 in
3340 1020 3650 1092 Campania
3710 1033 3808 1075 ve—

2152 1118 2301 1161 neno
2330 1105 2509 1177 periit
2542 1105 2771 1162 insidiis
2803 1106 3097 1177 Caligulae,
3133 1122 3286 1163 anno
3316 1108 3546 1181 imperii
3579 1109 3803 1179 sui23°,

2151 1193 2344 1249 aetatis
2370 1208 2509 1250 vero
2538 1196 2655 1250 780'

2200 1283 2324 1331 Anni
2338 1283 2441 1331 Gaii
2454 1284 2684 1345 Caligula:
2714 1282 2800 1337 ιη.

2740 1375 2863 1421 Anni
2918 1375 2977 1422 ab
3008 1374 3155 1424 inicio
3186 1376 3351 1423 mundi
3378 1383 3589 1439 quatuor
3645 1378 3802 1426 milia.

2220 1458 2267 1508 1.
2304 1452 2403 1521 (Η.
2436 1468 2513 1510 nt.
2547 1456 2812 1525 ~Hmn.)
2841 1457 3005 1511 Anno
3025 1456 3330 1514 dominicae
3368 1458 3799 1515 incarnationis

2145 1545 2234 1611 39,
2269 1543 2340 1597 ab
2363 1544 2514 1599 Urbe
2536 1558 2671 1599 vero
2687 1545 2923 1600 condita
2953 1550 3076 1616 789,
3137 1546 3311 1602 Gaius
3354 1546 3635 1618 Caligula,
3679 1551 3801 1604 ter-

2145 1631 2272 1687 eius
2297 1632 2368 1686 ab
2403 1634 2685 1703 Augusto,
2713 1635 2975 1704 suscepit
3033 1636 3360 1706 imperium,
3417 1641 3478 1692 et
3526 1637 3793 1707 regnavit

2146 1734 2327 1777 annos
2361 1725 2505 1791 tres,
2538 1737 2766 1778 menses
2790 1727 2874 1790 10,
2909 1723 3036 1780 dies
3064 1726 3113 1780 8.
3151 1725 3255 1780 ilic
3280 1725 3389 1781 fuit
3440 1725 3616 1782 fiilius
3657 1727 3799 1783 Ger-

2148 1810 2378 1880 manici,
2413 1825 2594 1882 nepos
2637 1812 2826 1881 Drusi,
2890 1814 2987 1882 qui
3030 1812 3137 1869 fuit
3167 1813 3472 1884 privignus
3518 1815 3792 1885 Augusti,

2146 1898 2327 1953 frater
2359 1914 2495 1955 vero
2526 1900 2752 1972 Tyberii
2787 1918 2800 1966 ;
2831 1900 2925 1956 hic
2942 1900 3145 1971 quiain
3162 1903 3427 1959 exercitu
3460 1906 3636 1959 natus
3659 1904 3792 1973 fuit,

2144 2000 2215 2042 ex
2243 1987 2630 2046 calciamento
2663 1988 2901 2045 militari
2920 1989 3738 2060 Caligulacognominatusest
3779 2010 3796 2060 ;

2143 2090 2466 2147 magnoque
2497 2079 2692 2134 favore
2724 2079 2868 2135 avias
2920 2095 3041 2136 sua:
3084 2081 3348 2137 Antonia:
3394 2082 3673 2149 nutritus,
3737 2082 3795 2138 in

2143 2166 2367 2235 magnis
2392 2166 2715 2223 habebatur
2740 2167 3062 2225 honoribus
3080 2168 3219 2237 (Jos.
3238 2184 3400 2239 xvm,
3422 2172 3531 2241 13),
3547 2169 3797 2241 adopta-

2143 2260 2354 2325 tusque
2388 2270 2418 2311 a
2449 2255 2694 2325 Tyberio
2730 2255 2784 2310 in
2837 2255 3017 2313 ﬁlium
3067 2272 3198 2313 cum
3246 2258 3491 2328 Tyberio
3540 2259 3640 2313 ﬁlii
3703 2258 3795 2315 sui

2142 2344 2312 2400 Drusi
2358 2342 2576 2414 illium,
2613 2343 2667 2399 in
2701 2343 2831 2400 aula
2872 2345 3264 2415 nutriebatur,
3330 2346 3791 2417 liberalibusque

2143 2431 2467 2503 disciplinis
2525 2432 2784 2504 adprime
2814 2434 3102 2503 eruditus,
3154 2439 3399 2507 prepter
3457 2436 3783 2494 Germanici

2142 2521 2328 2593 patris
2348 2521 2437 2578 sui
2488 2520 2764 2577 virtutem
2800 2535 2829 2576 a
2881 2520 3113 2593 populis
3142 2524 3464 2580 amabatur.
3499 2524 3783 2594 Tyberius

2141 2609 2321 2678 igitur
2344 2624 2473 2665 cum
2502 2609 2615 2678 jam
2649 2610 2719 2665 ad
2741 2615 3101 2666 senectutem
3135 2612 3515 2683 pervenisset,
3561 2612 3785 2686 diispa-

2139 2698 2271 2754 triis
2302 2698 2694 2769 supplicabat,
2715 2703 2775 2754 ut
2801 2699 2853 2753 ei
2874 2699 3100 2769 signum
3122 2700 3492 2756 manifestum
3515 2701 3789 2759 ostende-

2140 2791 2290 2856 rent,
2309 2786 2538 2856 quinam
2560 2791 2695 2857 post
2712 2801 2844 2842 eum
2868 2787 2923 2842 in
2961 2787 3263 2858 imperium
3280 2790 3673 2845 successisset
3693 2789 3784 2861 ‘7',

2142 2874 2421 2930 festinans
2455 2874 2685 2944 quidem
2711 2879 2772 2930 ut
2808 2875 3003 2947 nepoti
3038 2892 3146 2933 suo
3190 2878 3579 2949 principatum
3614 2879 3789 2936 relin~

2139 2963 2485 3034 queret.Cui
2517 2979 2646 3020 cum
2679 2963 2899 3020 dictum
2959 2973 3122 3021 esset
3168 2964 3330 3022 illum
3381 2972 3783 3039 regnaturum,

2140 3053 2236 3123 qui
2270 3053 2538 3123 sequenti
2562 3052 2654 3108 die
2691 3053 2909 3124 primus
2937 3068 3005 3109 ex
3032 3055 3301 3112 omnibus
3342 3056 3410 3111 ad
3426 3071 3555 3114 eum
3593 3059 3790 3113 venis-

448 3122 537 3215 31'
569 3118 952 3215 (H'ER')_A'.D'
987 3124 1072 3215 363
1104 3122 1347 3215 Solaque.
1378 3126 2032 3215 pAl'efectuscobortatur
2060 3109 2108 3173 (ἶ
2139 3109 2249 3210 set,
2286 3109 2443 3197 misit
2483 3141 2552 3197 ad
2604 3109 2834 3212 nepotis
2876 3141 2961 3197 sui
3008 3109 3410 3215 ρεεᾱθέόέυώξ

379 3210 761 3279 Tyberiumut
780 3209 1014 3266 Judmos
1029 3210 1496 3270 deleat.Persius
1524 3216 1843 3275 Volitcrnis
1900 3236 2027 3279 nas-

378 3297 552 3354 citur.

446 3389 533 3440 22.
569 3385 665 3456 (Η.
690 3384 873 3455 m.)A.
896 3386 954 3440 D.
977 3389 1063 3441 37.
1098 3385 1339 3456 Pylatus
1358 3387 1430 3444 ad
1460 3391 1765 3462 Tyberium
1782 3397 2020 3469 scripsit

378 3473 450 3529 de
483 3471 824 3544 passioneet
856 3475 1290 3532 resurrectione
1305 3478 1597 3534 Dominiet
1614 3480 1684 3536 de
1702 3482 2021 3545 virtutibus

378 3560 532 3630 ejus,
565 3576 669 3632 per
695 3574 860 3630 quas,
909 3567 1215 3618 crescente
1261 3562 1643 3635 plurimorum
1688 3570 1818 3641 fide,
1871 3576 2021 3633 Deus

374 3649 739 3706 crederetur.
776 3649 1056 3718 Tyberius
1086 3656 1279 3708 autem
1309 3657 1642 3726 cummagni
1662 3659 1875 3718 favoris
1904 3664 2021 3720 suf-

375 3736 562 3807 fragio
594 3734 796 3793 retulit
837 3736 1206 3809 adsenatum,
1233 3745 1296 3797 ut
1311 3740 1739 3803 ChristusDeus
1778 3748 2021 3810 habere-

372 3827 490 3881 tur.
529 3825 930 3882 Senatusvero
973 3824 1374 3895 indignatione
1404 3838 1751 3907 commotus,
1774 3852 1881 3894 cur
1904 3855 2015 3897 non

373 3911 485 3968 sibi
510 3911 674 3984 prius
705 3913 1028 3970 secundum
1072 3930 1291 3971 morem
1349 3918 1606 3977 delatum
1647 3930 1803 3981 esset
1837 3932 1896 3983 ut
1945 3929 2015 3986 de

368 3999 744 4072 suscipiendo
767 3999 933 4058 cultu
954 4002 1117 4073 prius
1148 4003 1216 4039 ⁸⁸⁷
1241 4005 1366 4077 ipse
1407 4008 1774 4085 decerneret,
1811 4031 2015 4075 conse-

366 4088 685 4145 crationem
739 4089 956 4146 Christi
1004 4094 1298 4151 recusavit
1351 4095 1664 4168 edictoque
1701 4106 2009 4163 constituit

368 4177 846 4234 exterminandos
868 4176 938 4212 ⁸⁸³
967 4193 1103 4236 esse
1137 4182 1288 4237 Urbe
1305 4184 1692 4257 Christianos,
1738 4193 2013 4265 precipue

369 4278 499 4320 cum
521 4264 943 4335 et‘"Sejanus,
992 4268 1290 4337 prefectus
1327 4272 1575 4344 Tyberii,
1621 4264 2011 4349 suscipiendas

368 4351 635 4422 religioni
649 4353 1108 4411 obstinatissime
1121 4359 1574 4419 contradiceret.
1618 4367 1897 4436 Tyberius
1930 4376 2012 4428 ta-

2138 3231 2323 3303 primo
2355 3244 2519 3285 mane
2542 3244 2780 3301 puerum
2796 3228 2867 3285 ad
2902 3244 2962 3285 se
3007 3231 3375 3303 perduceret,
3409 3239 3625 3306 putans
3663 3234 3786 3292 ulla

2136 3332 2199 3375 re
2218 3318 2470 3375 numinis
2506 3332 2783 3390 superare
2809 3319 3179 3376 sententiam.
3217 3323 3473 3394 Cumque
3539 3323 3669 3380 dies
3721 3323 3785 3378 il-

2134 3405 2400 3476 luxisset,
2428 3406 2604 3476 jussit
2632 3407 2907 3479 Evodum,
2944 3416 3007 3466 ut
3038 3409 3302 3481 Quisquis
3327 3411 3465 3468 foris
3502 3416 3665 3469 esset
3701 3414 3786 3468 in-

2132 3494 2511 3565 fantulorum,
2544 3494 2613 3551 ad
2643 3510 2705 3552 se
2764 3498 3035 3568 primitus
3099 3504 3394 3556 evocaret.
3429 3498 3533 3556 Ille
3585 3506 3778 3558 autem

2130 3597 2406 3653 egressus
2439 3584 2635 3641 Gaium
2662 3589 2797 3642 ante
2832 3587 3271 3645 tabernaculum
3321 3589 3543 3661 reperit
3576 3606 3590 3655 ;
3645 3603 3778 3645 nam

2129 3672 2411 3742 Tyberius
2444 3673 2687 3730 necdum
2707 3674 2931 3744 aderat,
2948 3676 3211 3732 ciborum
3228 3677 3779 3749 acceptionetarda-

2129 3762 2243 3816 tus.
2277 3758 2380 3815 Ille
2411 3775 2550 3817 vero
2573 3762 2849 3830 ignorans
2883 3768 3070 3820 totum
3093 3763 3249 3835 quod
3281 3765 3567 3835 agebatur
3609 3766 3772 3837 Veni,

2129 3845 2525 3917 inquit,oocat
2551 3849 2605 3905 te
2650 3851 2852 3920 pater;
2886 3855 2946 3906 et
2987 3851 3317 3908 introduxit
3346 3867 3498 3910 eum.
3560 3852 3776 3911 Videns

2127 3940 2321 3992 autem
2344 3937 2627 4007 Tyberius
2650 3939 2976 4008 majestatis
3013 3956 3285 4013 superna;
3328 3943 3776 4015 potentiam,se—

2125 4029 2235 4080 met
2271 4024 2460 4096 ipsum
2501 4026 3449 4102 culpabat,quodilludaugurium
3485 4033 3776 4105 postulas-

2125 4118 2236 4183 set,
2268 4112 2365 4169 sed
2402 4128 2512 4168 non
2549 4114 2747 4171 valens
2786 4116 2998 4173 divinae
3059 4119 3412 4176 ordiuationi
3464 4121 3771 4191 resistere,

2122 4199 2321 4257 Gaium
2357 4200 2601 4271 benigne
2647 4202 2954 4274 alloquens
3005 4208 3299 4263 commisit
3330 4209 3383 4264 ei
3439 4209 3771 4281 imperium,

2124 4302 2365 4345 monens
2384 4287 2544 4345 illum
2559 4305 2693 4359 erga
2713 4299 2981 4363 nepotem
3010 4295 3319 4365 Tyberium
3334 4296 3594 4354 existere
3613 4300 3775 4354 beni-

2122 4375 2336 4433 volum.
2359 4379 2612 4449 Accepto
2627 4384 2819 4435 autem
2839 4396 3017 4451 regno
3034 4389 3166 4451 post
3183 4384 3771 4456 Tyberium,omnium

368 4452 499 4545 men
531 4440 976 4545 accusatoribus
1007 4441 1224 4499 Christi
1256 4444 1450 4545 edicto
1483 4455 1725 4509 mortem
1776 4459 2011 4515 commi-
2039 4465 2092 4525 D
2122 4468 2254 4521 ante
2279 4480 2341 4521 se
2371 4440 2862 4525 sceleratissimus
2879 4440 3082 4541 fuit,et
3107 4473 3203 4542 qui
3226 4440 3768 4545 :l'yberiidedecora

348 4531 543 4583 .natus
573 4529 687 4597 est,
726 4526 1471 4601 plurimosquesenatorum
1498 4543 1849 4614 proscripsit
1879 4547 2008 4604 etin

366 4618 613 4670 mortem
645 4615 856 4685 coegit.
909 4618 1042 4687 (Jos.
1061 4634 1217 4691 XVIII,
1265 4625 1344 4693 7.)
1403 4626 1643 4696 Pylatus
1671 4637 2008 4692 autemcum

364 4700 423 4757 in
445 4702 643 4760 Iudaea
674 4702 1300 4779 decimumcompleret
1334 4726 1565 4784 annum,
1610 4727 1921 4781 accusatus
1978 4739 2008 4780 a

361 4788 579 4847 Judzeis
610 4789 765 4862 apud
796 4790 1118 4864 Vitellium,
1144 4797 1240 4865 qui
1275 4802 1412 4855 tunc
1445 4801 1623 4870 Syriae
1646 4805 2012 4879 principaba-

364 4882 479 4949 tur,
508 4879 709 4949 jussus
737 4882 829 4936 est
861 4879 931 4914 ⁴⁷⁰
951 4882 1024 4938 ab
1046 4897 1116 4939 eo
1148 4884 1386 4942 Romam
1419 4887 1525 4958 ire,
1570 4896 1631 4947 ut
1674 4893 1728 4949 in
1782 4895 2007 4964 judicio

361 4967 602 5024 casaris
627 4982 687 5025 se
718 4969 792 5024 ab
817 4969 1069 5041 objectis
1099 4980 1380 5044 purgaret
1411 4978 1545 5043 ;sed
1578 4986 1885 5055 antequam
1902 4988 2009 5046 Ro-

365 5065 513 5110 mam
544 5055 791 5128 veniret,
816 5057 1098 5131 Tyberius
1127 5061 1581 5126 rebushumanis
1625 5075 1903 5133 excessit.
1938 5109 2009 5119 —

367 5140 465 5210 (V.
495 5144 729 5215 signa.)
762 5143 974 5203 Eodem
1007 5149 1488 5211 annoAristoboli
1543 5154 1697 5216 ﬁlius
1730 5163 2003 5237 Agrippa.

2122 4557 2478 4625 purgaverit.
2499 4557 2599 4624 (Η.
2634 4560 2737 4629 m.)
2758 4562 2903 4614 Ante
2938 4561 3327 4634 principatum
3354 4564 3568 4635 quippe
3589 4568 3772 4622 omni-

2122 4643 2230 4699 bus
2260 4650 2537 4716 acceptus
2570 4645 2697 4715 fuit,
2717 4647 2769 4702 in
2791 4648 3119 4720 principatu
3137 4665 3272 4708 vero
3297 4652 3433 4708 talis
3447 4654 3669 4725 extitit,
3706 4662 3771 4712 ut

2121 4730 2329 4787 merito
2344 4730 3051 4802 vulgareturatrociorem
3068 4738 3168 4796 illo
3182 4739 3476 4797 dominum
3492 4757 3602 4799 non
3632 4745 3770 4802 fuis-

2119 4831 2200 4873 se.
2220 4819 2437 4906 Namut
2468 4821 2725 4878 breviter
2775 4824 3186 4883 crudelitatem
3240 4828 3365 4898 ejus
3403 4830 3764 4906 depromam,

2116 4905 2479 4965 exclamasse
2495 4908 2681 4967 fertur
2702 4930 2713 4966 :
2736 4912 2983 4970 Utinam
2992 4915 3253 4986 populus
3266 4918 3492 4976 Roman
3502 4934 3571 4977 us
3586 4935 3771 4979 unam

2115 4995 2660 5056 cervicemltaberet
2680 5002 2691 5054 !
2713 5000 3048 5073 Sepeetiam
3075 5004 3594 5067 deconditionibus
3626 5016 3770 5067 tem-

2117 5096 2322 5154 porum
2356 5099 2594 5143 suorum
2629 5094 2998 5163 questusest,
3027 5093 3178 5163 quod
3213 5094 3389 5152 nullis
3418 5096 3768 5157 calamitati-

2118 5170 2226 5228 bus
2260 5172 2514 5244 publicis
2545 5175 2989 5248 insignirentur.
3016 5179 3273 5240 Plurima
3290 5185 3768 5259 tecit,dequibus

1707 5286 1944 5344 VARLE
2009 5291 2408 5353 LECTIONES.

436 5358 1278 5467 ff,‘_€£l1‘i°,,9‘?-_
1417 5394 1546 5467 Cll"!
1590 5387 1673 5466 ‘9‘;-
1708 5383 1777 5417 ⁴⁶⁶
1806 5387 1945 5467 mira
1979 5392 2054 5467 9°_.
2091 5391 2158 5467 Ψ
2192 5394 2228 5451 i.
2270 5412 2322 5466 p.
2352 5398 2448 5453 Et.
2484 5397 2553 5431 ⁴⁶⁸
2585 5399 2708 5456 chr.
2741 5416 2795 5457 u.
2822 5416 2974 5458 csse.
3009 5409 3127 5459 ext.
3160 5406 3256 5461 Et.
3284 5404 3349 5439 ⁸⁶⁹
3370 5406 3531 5465 deest
3564 5409 3656 5464 E1.
3688 5411 3767 5467 In

622 5433 632 5444 .
866 5439 876 5449 .
1178 5445 1189 5456 ·
1240 5450 1244 5454 θ
1424 5432 1546 5436 νη--
1602 5432 1621 5437 ν
1662 5432 1673 5437 -
1806 5432 1945 5442 ...ην
1982 5432 2009 5445 υ
2043 5433 2054 5446 .
2192 5432 2228 5451 ι.
2270 5432 2322 5466 μ.
2352 5432 2448 5453 ιλιι
2585 5432 2708 5456 ιιιιι.
2743 5432 2795 5457 u.
2822 5432 2974 5458 conc.
3009 5432 3127 5459 U.\b.
3160 5432 3256 5461 In].
3284 5432 3345 5439 ‘"
3370 5432 3531 5465 (κϐδι
3564 5432 3656 5464 ιδι-
3688 5432 3765 5467 ιπ

975 5442 1034 5548 et
1051 5443 1279 5548 (agilius
1309 5454 1385 5505 9ο.
1416 5452 1661 5511 nonnisi
1678 5458 1997 5529 precipuas
2018 5461 2297 5525 lectiones
2319 5467 2579 5541 dferam
2627 5471 2696 5505 ⁴⁷⁰
2717 5472 2876 5531 deest
2907 5478 2982 5531 9°.
3011 5473 3328 5548 ‘ucaliguli
3363 5483 3413 5532 5.
3432 5477 3501 5511 ⁴τ²
3600 5480 3765 5540 deest

358 5498 451 5559 9°?
490 5498 558 5532 ⁴⁷³
602 5498 942 5567 succederet
975 5514 1025 5566 4.
1051 5517 1130 5569 0°.
