3992 6054
213 272 337 340 665

1092 273 1532 338 CHRONICA.
1566 307 1644 319 —
1670 267 2149 334 CHRONICON
2193 274 2743 340 UNlVERSALE.

3510 269 3631 337 666

216 410 416 469 nescio
441 424 511 467 an
543 409 749 467 deceat
773 408 1064 467 memoriae
1094 409 1270 480 tradi,
1297 410 1404 467 nisi
1429 408 1496 444 ‘7‘
1549 411 1698 467 forte
1727 401 1949 483 quiarA
1978 428 2132 483 rens,
2199 414 2469 487 Agrippae
2527 411 2839 483 commisit,
2892 410 3080 483 ipsum
3136 423 3277 467 vero
3338 413 3625 484 perpetuo

207 499 375 569 juvat
402 500 473 556 de
495 498 863 572 principibus
876 514 1043 557 nosse
1062 499 1275 570 omnia,
1303 506 1363 555 ut
1390 500 1637 570 improbi
1654 500 1860 557 saltem

214 590 382 646 famae
399 593 557 645 metu
589 589 727 645 talia
747 588 1059 646 declinent.
1096 590 1470 657 (Jonn..De.r.
1492 604 1539 647 ε.
1571 593 1626 645 In
1648 589 1862 661 palatio

214 684 519 734 matronas
547 677 776 734 nobiles
805 678 1039 749 publice
1070 678 1295 734 libidini
1340 678 1608 750 subjecit,
1670 680 1862 735 tribus

217 766 532 823 sororibus
561 766 681 823 suis
712 770 916 838 stupra
942 767 1162 837 intulit,
1186 783 1257 823 ex
1284 776 1394 824 una
1428 783 1625 825 earum
1685 768 1860 824 etiam

214 861 411 911 natam
437 854 614 911 tiliam
648 855 900 926 vitiavit,
928 857 1253 914 Memmium
1278 856 1561 926 Regulum
1592 856 1861 927 coegitut

213 945 523 1015 conjugem
548 958 708 1001 suam
728 944 839 1001 sibi
868 960 1108 1002 uxorem
1127 945 1323 1003 inloco
1344 946 1475 1002 filia:
1499 945 1666 1001 daret
1684 960 1860 1017 seque

218 1038 442 1104 patrem
476 1034 602 1103 ejus
632 1033 855 1090 diceret
886 1039 943 1089 et
969 1034 1353 1092 instrumenta
1401 1034 1754 1091 matrimonii
1797 1038 1859 1092 ut

212 1126 384 1193 pater
413 1122 817 1178 conscriberet
851 1141 866 1190 ;
901 1138 1138 1181 sorores
1158 1138 1316 1193 suas,
1352 1137 1496 1194 quas
1542 1124 1857 1195 stupravit,

211 1209 535 1265 insularum
561 1210 736 1266 exilio
787 1211 1100 1269 damnavit.
1138 1213 1321 1285 (Ηιειι.
1365 1246 1434 1253 -
1463 1213 1540 1268 Η.
1586 1222 1690 1284 θη)
1758 1212 1860 1268 Hic

205 1298 452 1369 primus,
479 1299 807 1356 diademate
830 1300 1127 1372 impositi),
1156 1302 1448 1359 dominum
1493 1317 1554 1358 se
1571 1301 1857 1373 appellari

199 1386 404 1457 jussit,
441 1387 567 1444 etin
589 1388 828 1445 deorum
852 1404 1155 1447 numerum
1201 1406 1263 1446 se
1295 1391 1501 1447 referri
1568 1390 1875 1462 precepit..

216 1476 322 1531 Hic
345 1476 544 1533 statim
580 1481 644 1533 ut
674 1483 805 1549 post
827 1482 1071 1535 mortem
1095 1480 1320 1551 'l‘yberii
1344 1495 1585 1549 regnum
1606 1480 1854 1550 accepit,

208 1564 526 1637 Agrippam
550 1571 937 1635 cognomento
952 1569 1231 1625 Herodem
1256 1584 1286 1625 a
1307 1568 1556 1626 vinculis
1581 1568 1852 1639 absolvit,

208 1653 268 1708 in
302 1653 606 1724 quasillum
630 1656 910 1725 Tyberius
940 1659 1211 1729 conjecit,
1257 1658 1427 1729 eique
1473 1654 1857 1714 tetrarchiam

1978 505 2153 562 exilio
2170 504 2509 575 Lugdunum
2530 504 2832 574 relegavit.
2862 504 3232 574 Cognoscens
3247 504 3440 558 autem
3467 502 3620 573 quod

1978 596 2263 652 Herodias
2277 612 2445 652 soror
2458 600 2619 652 esset
2644 594 2936 665 Agrippae,
2964 592 3146 649 voluit
3171 591 3223 647 ei
3243 595 3459 662 opeset
3473 605 3626 661 quae-

1977 700 2087 756 que
2122 685 2358 757 propria
2382 685 2737 750 concedere;
2770 683 2871 740 sed
2890 682 2987 738 illa
3046 680 3244 737 mariti
3277 692 3453 737 causa
3489 693 3622 737 con-

1974 778 2281 846 tempnens
2302 774 2512 843 omnia,
2550 778 2752 831 secuta
2768 776 2856 829 est
2884 786 3013 827 eum
3042 771 3097 826 in
3117 769 3379 841 exilium,
3425 768 3623 842 ibique

1976 864 2197 935 pariter
2212 864 2632 936 pericrunt(Cf.
2649 864 2716 919 Α.
2746 861 2795 918 Ῑ.
2814 877 2971 933 xvm,
3006 862 3118 932 14.)

2048 953 2147 1023 (Η.
2180 953 2299 1025 m.)
2324 952 2534 1009 Eodem
2566 967 2716 1008 anno
2749 950 2924 1007 Gaius
2954 965 3084 1007 cum
3123 948 3622 1007 adversusomnes

1975 1042 2194 1113 ingenti
2229 1043 2576 1099 crudelitate
2624 1040 2879 1109 saeviret,
2906 1055 2933 1095 a
2967 1039 3252 1096 militibus
3299 1038 3355 1094 in
3400 1037 3620 1110 palatio

1975 1131 2208 1188 occisus
2241 1137 2352 1203 est,
2376 1130 2734 1187 annozetatis
2769 1128 2838 1162 ⁴⁷τ
2869 1134 2959 1193 38,
3013 1128 3173 1198 regni
3221 1130 3453 1199 quarto.
3508 1124 3615 1194 Qui

1975 1224 2286 1291 postquam
2316 1222 2545 1278 occisus
2568 1224 2678 1289 est,
2696 1216 3009 1275 duolibelli
3034 1218 3087 1271 in
3124 1214 3510 1285 secretisejus
3530 1228 3618 1270 re-

1975 1309 2124 1382 perti
2151 1313 2305 1379 sunt,
2327 1325 2573 1381 quorum
2597 1307 2769 1364 alteri
2796 1306 2991 1379 pugio,
3046 1305 3213 1360 alteri
3255 1303 3486 1372 gladius
3510 1316 3617 1374 pro

1974 1399 2139 1469 signo
2172 1398 2420 1455 nominis
2440 1397 2933 1469 ascriptumerat;
2969 1396 3138 1451 ambo
3162 1392 3617 1449 lectissimorum

1972 1488 2229 1544 virorum
2262 1485 2832 1557 utriusqueordinis,
2881 1482 3159 1539 senatorii
3219 1479 3492 1536 videlicet
3562 1482 3622 1535 et

1971 1576 2299 1647 equestris,
2334 1577 2564 1631 nomina
2596 1580 2656 1631 et
2688 1580 2856 1631 notas
2885 1572 3285 1639 continebant,
3319 1568 3417 1639 qui
3449 1567 3618 1623 morti

1972 1665 2455 1723 destinatierant.
2474 1668 2711 1721 Inventa
2729 1669 2817 1720 est
2848 1668 3051 1719 etarca
3088 1661 3291 1730 ingens
3318 1658 3612 1713 variorum

207 1741 461 1815 Philippi
482 1744 631 1815 patri
673 1745 784 1815 sui,
822 1746 1050 1816 quijam
1102 1748 1458 1817 decesserat,
1489 1747 1856 1817 tradidit,re-
1886 1761 1938 1821 Β
1969 1768 2344 1823 venenorum,
2382 1753 2595 1824 quibus
2637 1768 2767 1808 mox
2822 1749 3062 1807 Claudio
3112 1761 3330 1804 caesare
3372 1744 3616 1814 jubente

201 1832 907 1903 gemqueappellavit,cui
923 1840 980 1890 et
996 1841 1197 1907 postea
1216 1837 1593 1894 tetrarchiam
1610 1837 1854 1894 Herodis

206 1920 408 1991 patrui
439 1921 530 1978 sui
564 1922 1024 1994 adjecit(Cf.Jos.
1061 1927 1099 1981 Ι.
1130 1928 1373 1983 L—Eus
1390 1928 1466 1982 Η.
1502 1926 1852 1998 ε.ιι,4).18ιθ

202 2010 297 2063 est
318 2008 416 2078 qui
438 2008 491 2064 in
524 2011 758 2067 actibus
781 2013 1181 2083 apostolorum
1225 2015 1375 2086 (cap.
1402 2016 1527 2088 xm)
1588 2012 1850 2070 Herodes

204 2096 566 2169 appellatur,
589 2100 755 2170 quiet
777 2103 1050 2158 Jacobum
1072 2104 1289 2160 occidit
1319 2110 1379 2160 et
1400 2107 1636 2160 Petrum
1654 2104 1706 2158 in
1727 2116 1849 2158 caro

204 2199 404 2242 cerem
440 2186 618 2258 misit,
644 2194 921 2261 etpostea
954 2193 1245 2262 abangelo
1278 2208 1608 2265 percussus,
1643 2192 1850 2251 vermi-

205 2274 317 2331 bus
345 2276 1013 2350 scaturiensexspiravit
1040 2283 1239 2352 ;eujus
1264 2282 1364 2337 filii
1386 2284 1615 2340 fuerunt
1651 2285 1850 2356 Agrip-

204 2376 277 2433 pa
298 2378 422 2431 rex,
458 2366 795 2435 :equivocus
828 2368 972 2439 ejus,
999 2374 1056 2425 et
1084 2371 1379 2441 Beronice,
1405 2387 1573 2428 soror
1588 2373 1850 2443 ejus.Re-

203 2450 616 2519 gnavitautem
650 2456 816 2511 annis
847 2463 898 2526 7,
927 2459 1290 2531 moriturque
1306 2476 1453 2515 anno
1470 2461 1655 2517 tercio
1685 2461 1850 2518 Clau-

204 2538 286 2593 dii
323 2539 428 2608 (Cf.
464 2542 591 2598 Eus.
630 2559 689 2613 ιι,
727 2549 853 2617 10.).
882 2546 1184 2620 Philippus
1221 2564 1381 2620 vero,
1408 2554 1651 2621 patruus
1699 2552 1845 2621 ejus,

202 2633 474 2686 mortuus
512 2637 603 2687 est
635 2649 784 2689 anno
819 2640 889 2691 22
924 2638 1151 2707 Tyberii
1213 2653 1421 2709 regens
1460 2639 1849 2696 Traconitidis

201 2720 267 2771 et
288 2715 358 2750 ⁸⁷⁸
390 2718 774 2779 Gaulanitidis
806 2725 1096 2794 regionem
1122 2728 1289 2785 annis
1318 2732 1403 2785 32.

280 2808 330 2860 2.
369 2809 518 2864 A.D.
569 2813 653 2867 40.
690 2814 787 2883 qui
820 2819 908 2870 est
951 2816 1070 2872 Gaii
1130 2818 1439 2887 secundus,
1486 2817 1691 2883 Judaei,
1751 2817 1847 2888 qui

198 2894 318 2964 jam
351 2900 492 2954 tunc
524 2900 596 2955 ob
630 2902 959 2972 passionem
990 2904 1204 2961 Christi
1241 2907 1466 2963 meritis
1503 2905 1850 2977 ubiquecla-

205 2983 384 3042 dibus
398 2988 867 3063 exagitabantur,
887 2995 1035 3064 apud
1055 2993 1461 3051 Alexandriam
1478 3001 1682 3051 exorta
1700 2996 1848 3066 sedi-

1968 1843 2260 1912 dimersis,
2298 1842 2474 1899 maria
2523 1842 2733 1897 infecta
2795 1838 3137 1904 traduntur,
3166 1849 3273 1891 non
3321 1833 3446 1890 sine
3501 1844 3617 1886 ma-

1966 1947 2080 2002 gno
2113 1933 2360 2004 piscium
2412 1931 2624 2000 exicio,
2674 1944 2823 2000 quos
2857 1930 3135 1983 caecatos
3176 1938 3279 1997 per
3340 1919 3617 1994 proxima

1968 2019 2139 2078 litora
2174 2021 2392 2092 passim
2424 2024 2607 2077 aestus
2641 2018 2833 2090 ejecit.

1963 2122 2086 2168 Anni
2121 2120 2329 2168 Claudii.

2074 2122 2083 2131 .
2179 2133 2203 2166 a

2036 2120 2550 2271 ?;9'?Lrt‘l.dl-'-—Illzn.)
2577 2201 2738 2254 Anno
2760 2188 3610 2257 Dominicaeincarnationise3,

1964 2290 2036 2346 ab
2058 2291 2213 2346 Urbe
2246 2293 2440 2346 autem
2481 2287 2714 2344 condita
2736 2289 2859 2342 793.
2880 2283 3176 2349 Claudius,
3228 2280 3299 2336 ab
3347 2280 3611 2347 Augusto

1965 2382 2232 2449 quartus,
2252 2378 2553 2449 imperium
2571 2377 2819 2447 adeptus
2837 2378 2949 2443 est,
2968 2370 3347 2442 regnavitque
3362 2380 3493 2422 ann.
3520 2368 3602 2421 13.

1965 2481 2191 2524 menses
2214 2473 2265 2537 8,
2293 2468 2417 2524 dies
2438 2471 2524 2523 28.
2546 2467 2645 2535 (Η.
2662 2467 2766 2537 m.)
2801 2465 2903 2521 Hic
2926 2464 3036 2520 fuit
3075 2464 3321 2534 patruus
3361 2454 3481 2512 Gaii
3508 2453 3608 2510 Ca-

1961 2557 2182 2628 ligulae,
2221 2556 2376 2612 filius
2406 2557 2575 2612 Drusi
2606 2554 2853 2627 privigni
2877 2550 3140 2623 Augusti,
3184 2546 3279 2619 qui
3329 2544 3608 2617 apudMo-

1961 2646 2218 2716 gontiam
2251 2646 2899 2713 habetmonumentum,
2943 2641 3112 2712 cujus
3151 2650 3333 2710 nepos
3366 2637 3491 2691 erat
3508 2632 3609 2689 Ca-

1963 2735 2161 2805 ligula.
2199 2736 2338 2805 Iste,
2373 2748 2503 2792 cum
2529 2737 2767 2791 senatus
2802 2731 3128 2787 censuisset
3188 2740 3372 2798 genus
3421 2724 3608 2779 Caesa-

1963 2838 2089 2880 rum
2113 2823 2512 2894 exterminari,
2549 2820 2793 2879 deformi
2817 2818 3043 2875 latebra
3092 2816 3275 2873 latere
3308 2815 3600 2886 repertus,

1964 2913 2096 2985 quia
2130 2928 2338 2970 vecors
2359 2916 2508 2982 erat,
2537 2909 2882 2967 mitissimus
2898 2906 3205 2965 videbatur
3227 2898 3625 2975 imprudenti-.

1963 3005 2092 3073 bus,
2120 3003 2319 3074 sicque
2351 3006 2604 3074 raptusa
2643 2998 2948 3068 militibus,
3002 2996 3320 3066 imperator
3362 2989 3606 3047 effectus

202 3070 385 3177 “099’
411 3078 700 3177 PEQWSW
723 3082 1051 3177 ξυηίοίθάθι
1085 3088 1259 3153 atque
1278 3084 1509 3155 ΡυΙείθΧ
1531 3086 1674 3141 urbe
1707 3101 1846 3156 :PI'O
1883 3116 1930 3177 α
1961 3070 2087 3163 est,
2112 3070 2571 3163 annitentef219)
2595 3084 2984 3160 Agrippa,qui
3017 3088 3158 3141 tunc
3184 3084 3334 3138 forte
3367 3081 3604 3177 Romam

202 3163 421 3232 quibus
453 3166 652 3237 Phylo,
688 3169 779 3224 vir
809 3185 948 3226 sane
981 3172 1242 3243 apprime
1282 3173 1571 3244 eruditus,
1594 3175 1849 3231 secunda

200 3251 332 3308 vice
364 3254 597 3311 Romam
626 3257 906 3325 veniens;
940 3270 998 3316 et.
1023 3261 1174 3331 apud
1228 3262 1426 3317 Gaium
1443 3262 1847 3332 interpellans,

202 3338 382 3396 nichil
416 3343 682 3413 profecit,
708 3345 806 3401 sed
835 3347 908 3403 ibi
935 3364 1299 3406 commorans
1351 3350 1570 3407 dicitur
1603 3352 1852 3407 cumPe-

201 3434 300 3485 tro
323 3432 592 3501 apostolo
623 3432 859 3493 locutus
894 3437 1073 3495 fuisse
1096 3438 1337 3511 ejusque
1388 3440 1706 3496 amicieiam
1757 3440 1853 3497 ha-

203 3517 408 3575 buisse
443 3520 545 3587 (Cf.
576 3523 705 3579 Eus.
742 3540 799 3591 ιι,
837 3529 913 3591 5).

278 3607 512 3679 3.(01ιν.
562 3612 748 3682 W.)A.
780 3616 837 3668 D.
872 3617 956 3670 41.
985 3616 1226 3686 Pylatus
1282 3619 1482 3676 multis
1510 3618 1854 3677 calamitati-

203 3696 317 3752 bus
346 3711 377 3752 a
410 3698 548 3755 Gaio
578 3701 919 3773 obpressus,
953 3719 1014 3760 se
1050 3705 1237 3777 ipsum
1271 3706 1584 3763 interfecit.

279 3787 331 3839 4.
349 3787 411 3843 Α.
440 3787 501 3842 D.
520 3790 605 3843 42.
626 3789 885 3847 Matheus
904 3793 1271 3861 evangelium
1290 3796 1527 3867 scripsit
1545 3797 1847 3854 Hebraice.

204 3873 809 3948 llerodestetrarcha,
846 3880 941 3949 qui
971 3881 1027 3936 in
1053 3883 1335 3939 Johannis
1380 3884 1650 3955 baptista)
1712 3901 1850 3943 nece

203 3966 412 4019 auctor
429 3965 699 4022 extititet
724 3968 977 4039 passioni
1010 3971 1228 4025 Domini
1257 3972 1544 4042 interfuit,
1572 3973 1726 4029 filius
1744 3976 1849 4031 He-

204 4049 370 4107 rodis
403 4052 730 4125 Magni,sub
755 4072 866 4126 quo
890 4061 1062 4114 natus
1087 4063 1173 4115 est
1202 4060 1469 4117 Christus
1498 4062 1842 4134 (Itaque).

204 4139 445 4195 Romam
476 4142 654 4213 venit,
692 4149 937 4213 cogente
961 4147 1288 4204 Herodiade
1324 4164 1504 4205 uxore
1530 4165 1653 4221 sua,
1675 4168 1704 4221 q
1719 4167 1845 4207 nam

204 4228 451 4285 abstulit
487 4230 650 4287 fratri
683 4247 788 4289 suo
805 4233 942 4304 (Jos.
962 4235 1047 4291 De
1077 4236 1128 4303 ὂ,
1161 4238 1305 4311 .Ῑ.ηιι,
1338 4240 1414 4310 8).
1448 4238 1585 4304 Qum
1618 4255 1747 4295 cum
1769 4242 1849 4296 vi-

203 4315 375 4372 deret
409 4318 719 4390 Agrippam
746 4322 984 4378 fratrcm
1005 4339 1172 4381 suum
1200 4327 1382 4381 aGaio
1402 4341 1590 4396 regem
1607 4329 1844 4397 factum,

203 4404 730 4479 exprobarecoepit
768 4410 977 4466 Herodi
1038 4413 1384 4484 socordiam,
1440 4415 1570 4485 quia
1626 4432 1729 4486 per
1793 4418 1846 4474 id

206 4492 365 4563 quod
394 4493 644 4551 noluerit
669 4497 739 4553 ad
774 4514 1053 4555 caesarem
1075 4502 1345 4573 navigare
1378 4507 1609 4559 careret
1648 4506 1845 4575 majori

206 4579 447 4637 honore.
486 4584 619 4640 Nam
643 4601 773 4641 cum
793 4587 1100 4659 Agrippam
1153 4605 1224 4645 ex
1255 4591 1485 4661 privato
1519 4610 1711 4665 regem
1777 4600 1851 4651 fe-

207 4668 360 4725 cisse
384 4684 493 4726 non
525 4676 685 4729 esset
716 4672 954 4747 dubium
979 4678 1115 4748 quin
1147 4693 1276 4735 eum
1306 4695 1377 4735 ex
1427 4686 1716 4741 tetrareha
1759 4702 1851 4757 pa-

208 4758 256 4815 ri
288 4757 508 4816 honore
556 4762 929 4832 proveheret.
983 4766 1081 4822 llis
1127 4769 1418 4825 adductus
1471 4775 1852 4831 llerodesRo-

213 4860 361 4903 mani
396 4849 966 4921 venitsubsequcntc
990 4854 1058 4887 ⁸⁷⁸
1074 4870 1200 4912 eum
1231 4862 1287 4913 et
1311 4866 1626 4917 accusante
1650 4864 1852 4935 Agrip-

211 4950 306 5008 pa,
350 4936 469 4992 filio
495 4938 694 4995 fratris
715 4940 801 4995 sui
828 4941 1170 4999 Aristoboli.
1209 4947 1383 5002 Gaius
1422 4951 1639 5005 eumdc
1667 4952 1852 5006 avari-

207 5025 299 5081 cia
316 5024 696 5083 vehementer
738 5027 1079 5101 increpavit,
1102 5031 1659 5103 eiquetetrarebiam
1697 5041 1852 5095 aufe-

1963 3185 2202 3238 venerat
2232 3183 2286 3236 et
2320 3196 2348 3236 a
2378 3183 2583 3237 senatu
2614 3176 2668 3233 in
2720 3174 3028 3233 consilium
3087 3174 3334 3228 vocatus
3393 3168 3602 3232 fuerat,

1964 3271 2115 3329 unde
2147 3275 2205 3326 et
2241 3269 2418 3326 ﬁlium
2452 3267 2578 3338 ejus
2615 3266 2926 3338 Agrippam
2958 3265 3161 3335 postea
3220 3274 3411 3327 regem
3444 3255 3601 3312 fecit.

1966 3359 2065 3429 (Η.
2103 3361 2203 3431 m.)
2236 3357 2336 3414 llic
2368 3356 2577 3425 ventri,
2604 3356 2757 3425 vino,
2808 3352 3034 3409 libidini
3076 3350 3241 3406 foedae
3299 3345 3603 3416 obediens,

1963 3464 2171 3506 vecors
2186 3452 2243 3504 et
2270 3462 2449 3519 prope
2466 3446 2646 3502 hebes
2663 3459 2726 3500 ac
2752 3442 3016 3515 pavidus,
3035 3440 3379 3495 libertorum
3397 3438 3453 3491 et
3473 3449 3607 3491 con-

1961 3538 2119 3609 jugis
2149 3536 2490 3607 subjacebat
2510 3533 2772 3605 imperiis
2797 3532 2993 3597 (Onos.
3014 3545 3111 3598 vn,
3131 3533 3182 3597 6,
3216 3543 3262 3582 s.
3288 3527 3440 3583 ΒευΑ
3462 3539 3499 3591 ι,
3527 3525 3603 3595 3);

1967 3628 2210 3698 cupiens
2257 3629 2446 3683 tamen
2500 3622 2699 3680 utilem
2749 3636 2811 3677 se
2873 3619 3121 3691 publicae
3165 3616 3247 3672 rei
3298 3610 3606 3672 ostendere

1968 3715 2307 3787 principem,
2334 3713 2655 3769 exercitum
2672 3710 2847 3766 movit
2874 3709 2929 3764 in
2947 3706 3323 3774 Britanniam,
3348 3708 3608 3760 transve-

1966 3803 2280 3874 ctusquein
2316 3802 2579 3870 insulam,
2606 3815 2774 3871 quam
2801 3812 2969 3854 nemo
3003 3801 3136 3852 ante
3164 3793 3379 3851 Iulium
3422 3793 3610 3847 Caesa-

1965 3907 2082 3949 rem
2118 3905 2220 3946 nec
2240 3893 2512 3960 posteum
2538 3904 2715 3944 ausus
2737 3888 2841 3944 fuit
2866 3886 3049 3953 adire,
3069 3885 3218 3939 intra
3245 3895 3464 3953 paucos
3483 3879 3608 3936 dies

1964 3982 2090 4037 sine
2130 3978 2331 4050 prmlio
2362 3977 2715 4047 etsanguine
2747 3975 3054 4047 plurimum
3088 3973 3215 4042 ejus
3271 3975 3494 4042 partem
3549 3966 3605 4022 in

1962 4067 2316 4127 deditionem
2343 4066 2570 4136 accepit
2599 4082 2623 4131 ,·
2654 4062 2951 4119 Orchadas
2973 4062 3147 4117 etiam
3197 4058 3417 4115 insulas
3451 4056 3607 4113 ultra

1963 4156 2315 4214 Britanniam
2329 4156 2586 4211 Romano
2604 4151 2846 4222 imperio
2865 4149 3099 4219 adjecit,
3136 4163 3204 4204 ac
3219 4150 3388 4203 sexto
3409 4157 3607 4201 mense

1960 4262 2031 4303 ex
2060 4261 2173 4316 quo
2195 4244 2501 4315 profectus
2523 4246 2617 4299 est
2638 4243 2874 4297 Romam
2906 4237 3100 4293 rediit.
3129 4237 3341 4306 (HIER.)
3359 4235 3451 4289 Sic
3465 4247 3605 4303 ergo

1962 4336 2031 4392 de
2050 4332 2344 4390 Britannis
2374 4329 2779 4403 triumphavit,
2839 4326 3135 4397 filiumque
3175 4340 3344 4382 suum
3382 4324 3608 4379 Britan-

1965 4425 2154 4480 nicum
2176 4421 2427 4478 vocavit.
2446 4420 2547 4487 (Η.
2571 4419 2683 4490 m.)
2706 4420 2864 4475 Uxor
2895 4431 3033 4472 vero
3050 4413 3273 4471 Claudii
3299 4410 3603 4469 Messalina

1961 4511 2031 4545 ⁸⁷⁸
2056 4511 2240 4582 primo
2276 4506 2795 4580 passimadulteris
2815 4505 3093 4562 utebatur
3130 4521 3144 4571 ;
3183 4519 3255 4558 ex
3302 4516 3417 4572 quo
3451 4501 3605 4557 facto

1965 4601 2162 4673 plures
2196 4600 2351 4654 metu
2375 4596 2750 4653 abstinebant
2788 4598 2848 4651 et
2896 4592 3141 4650 extincti
3178 4594 3337 4662 sunt,
3398 4588 3607 4646 dehinc

1964 4687 2224 4744 atrocius
2255 4700 2523 4754 accensa,
2558 4683 2878 4740 nobiliores
2901 4696 3160 4753 quasque
3192 4676 3607 4752 nuptasetvir—

1962 4777 2128 4846 gines
2145 4780 2474 4832 scortorum
2492 4772 2660 4829 modo
2675 4786 2870 4828 secum
2884 4766 3606 4843 proposuerat,coactique

1965 4871 2101 4921 sunt
2133 4879 2322 4921 mares
2340 4868 2402 4920 ut
2426 4863 2720 4919 adessent.
2767 4859 2931 4927 Quod
2955 4859 3002 4915 si
3045 4857 3325 4929 quistalia
3363 4856 3607 4910 horrue-

1964 4956 2074 5021 rat,
2099 4950 2349 5007 conficto
2366 4949 2605 5005 crimine
2627 4948 2679 5003 in
2713 4946 2925 5004 cum‘“
2946 4957 3289 5015 omnemque
3333 4940 3605 4996 familiam

1963 5040 2032 5074 ⁴⁶⁰
2053 5040 2180 5109 ejus
2227 5039 2582 5097 sevicbatur.
2623 5039 2707 5095 Ita
2747 5035 2814 5069 ⁸⁸¹
2848 5034 3043 5091 liberti
3082 5033 3207 5103 ejus
3252 5032 3606 5104 potestatem

1582 5208 1817 5264 VARIIE
1860 5211 2258 5266 LECTIONES.

379 5319 640 5409 ᾴείεςιιὲο,
701 5322 1109 5409 ‘3‘Mdegsth90.
1166 5326 1260 5409 ‘7:
1279 5329 1379 5409 sed
1420 5345 1465 5387 s.
1526 5363 1595 5372 —
1638 5333 1804 5402 gaius
1861 5336 1954 5390 El.
2015 5335 2083 5369 ‘77
2116 5351 2145 5392 a
2197 5349 2319 5392 suae
2368 5338 2444 5390 9°.
2496 5332 2564 5367 ⁸⁷⁸
2613 5330 2881 5409 messalia
2937 5336 2986 5388 5.
3070 5336 3148 5388 9°.
3218 5328 3286 5364 ⁸⁷⁸
3314 5331 3466 5388 conf.
3552 5329 3608 5387 in

207 5405 340 5448 eum
372 5408 422 5447 c.
460 5396 510 5447 5.
534 5391 603 5426 ⁴⁸ο
624 5394 680 5449 in
712 5395 748 5450 f.
783 5399 860 5452 9ο.
894 5395 962 5430 ⁴⁸¹
992 5398 1195 5470 Itaque
1220 5400 1313 5455 Ei.

1794 5504 1995 5560 ΝΟΤιΕ
2009 5548 2023 5562 .

283 5588 436 5662 (219)
474 5590 604 5648 [1ωο
631 5592 830 5649 nescio
851 5593 1272 5653 undcbauscrit
1307 5596 1701 5658 Ekkebardus.
