3992 6054
134 242 262 309 673

1024 251 1463 316 CHRONICA.
1497 287 1572 298 -
1603 251 2081 316 CHRONICON
2128 255 2672 320 UNIVERSALE.

3439 271 3558 340 674

136 381 401 473 pervixit
436 381 515 438 ita
548 380 822 452 Caligulae
851 385 1122 442 avunculi
1159 386 1249 442 sui
1281 386 1532 457 vestigia
1562 389 1801 443 secutus
1831 387 1887 446 A
1916 386 2000 442 ait
2032 388 2108 459 (υ.
2142 392 2380 460 supra);
2414 395 2472 445 et
2504 391 2639 460 quia
2671 391 2845 448 Linus
2872 394 2988 463 jam
3021 401 3296 473 excessit,
3335 405 3559 465 Cletum

135 475 258 538 est,
294 471 470 527 immo
498 485 922 542 supergressus
955 479 1064 544 est,
1092 478 1152 530 ut
1185 479 1359 546 turpe
1394 475 1467 532 sit
1503 475 1698 533 dicere
1732 475 1802 530 ad

1919 476 1972 529 in
2005 475 2195 532 locum
2227 477 2353 547 ejus
2384 480 2745 549 subrogavit,
2783 483 2877 551 qui
2913 488 2969 538 et
3000 484 3122 555 ipse
3155 491 3320 547 annis
3355 498 3421 549 12
3451 512 3561 554 aec-

136 564 422 629 quantam
455 559 875 630 malignitatem
902 563 1254 632 pervenerit.
1291 564 1391 632 (Η.
1411 579 1487 620 m.
1515 569 1573 620 et
1597 564 1675 619 Η.
1703 563 1802 635 R.)
1917 561 2154 620 clesiam
2191 566 2372 631 rexit;
2406 569 2614 624 Petrus
2636 568 2703 601 ⁵⁰⁷
2724 584 2863 625 vero
2888 573 3269 641 predicationi
3304 580 3564 641 deservi-

135 644 463 740 Plurimam
495 652 833 740 senatorum
858 654 1094 740 partem
1126 650 1438 740 interfecit,
1471 655 1804 740 equestrem
1914 654 2016 706 vit.
2056 651 2220 722 (σήν.
2268 653 2374 724 W.)
2415 656 2724 726 Hueusque
2756 656 2967 714 librum
2998 666 3233 720 actuum
3266 671 3564 740 apostolo.

137 733 413 792 ordinem
445 750 591 807 pene
625 736 918 806 destituit,
949 738 1118 794 bonis
1150 739 1420 796 omnibus
1451 740 1640 798 hostis
1672 739 1801 796 fuit.

139 824 512 883 Libidinibus
542 839 720 896 porro
755 826 940 882 tantis
970 828 1227 897 agitatus
1249 832 1360 897 est,
1388 833 1450 884 ut
1473 843 1543 885 ne
1568 842 1596 883 a
1619 832 1805 884 matre

137 915 381 986 quidem
408 913 494 972 vel
519 929 720 970 sorore
751 913 943 971 ullave
973 917 1500 985 consanguinitatis
1535 930 1807 974 reveren-

135 1003 222 1059 tia
258 1003 555 1060 referatur
579 1003 951 1071 abstinuissc,
979 1005 1164 1061 virum
1191 1005 1245 1060 in
1273 1019 1512 1062 uxorem
1542 1005 1797 1075 duxerit,

132 1093 266 1166 ipse
291 1093 542 1149 amictus
564 1092 906 1149 nubentium
925 1093 1214 1162 virginum
1239 1095 1455 1165 specie,
1477 1100 1799 1151 convocato

133 1187 352 1238 senatu
387 1181 456 1237 ad
494 1178 890 1253 placitandum
935 1180 1006 1236 de
1042 1180 1269 1238 ratione
1307 1182 1484 1253 dotis,
1535 1182 1797 1254 ipsisque

130 1269 380 1341 nuptias
401 1269 856 1339 celebrantibus,
891 1269 1042 1341 pelle
1073 1275 1413 1342 coopertus,
1451 1271 1571 1327 fere
1602 1284 1631 1326 a
1665 1270 1792 1327 viro

131 1364 198 1415 ut
221 1373 377 1415 uxor
401 1358 612 1415 ductus
640 1357 735 1413 sit.
771 1357 1091 1415 Parricidia
1121 1358 1302 1416 multa
1334 1359 1646 1429 commisit,
1680 1374 1795 1415 ma-

131 1453 246 1518 tre,
284 1448 488 1517 fratre,
515 1459 736 1516 sorore,
764 1461 945 1503 uxore
977 1447 1310 1518 ceterisque
1338 1446 1792 1517 consanguineis

129 1535 486 1592 interfectis.
514 1535 726 1592 Urbem
749 1535 986 1592 Romam
1008 1549 1114 1608 per
1136 1550 1239 1592 sex
1261 1536 1385 1592 dies
1406 1541 1462 1593 et
1488 1540 1688 1592 noctes
1710 1535 1793 1592 in-

126 1625 353 1694 cendit,
383 1629 444 1681 ut
470 1623 640 1695 quale
664 1629 823 1681 esset
844 1623 1174 1681 incendium
1205 1625 1386 1696 Trojaa
1415 1623 1676 1692 videret;
1709 1625 1792 1696 ip-

128 1727 316 1784 seque
340 1717 506 1770 stans
530 1712 586 1768 in
613 1711 892 1769 altissima
919 1712 1068 1769 turri
1091 1711 1377 1783 laetusque
1402 1716 1789 1785 prospectans

133 1800 418 1870 flammas,
441 1799 666 1869 tragico
685 1797 926 1856 indutus
943 1798 1167 1870 habitu,
1192 1798 1449 1856 Illiadem
1466 1799 1788 1870 tragediam

130 1889 406 1945 canebat.
436 1888 496 1943 In
522 1902 584 1944 re
608 1886 845 1944 militari
876 1887 1055 1943 nichil
1077 1888 1309 1946 omnino
1335 1903 1532 1959 ausus,
1569 1888 1794 1946 Britan-

129 1977 290 2035 niam
323 1990 465 2048 pene
494 1976 709 2032 amisit.
748 1976 924 2033 Auxit
957 1976 1166 2033 molem
1201 1977 1521 2034 facinorum
1550 1976 1679 2047 ejus
1709 1981 1796 2033 te.

132 2066 380 2122 meritas
412 2063 735 2136 impietatis
759 2063 816 2120 in
840 2065 1039 2121 Deum.
1075 2064 1304 2124 Primus
1337 2065 1490 2122 enim
1524 2079 1797 2137 persecu-

129 2153 356 2210 tionem
407 2154 463 2210 in
517 2151 880 2210 Christianos
938 2153 1116 2210 movit
1179 2168 1284 2225 per
1330 2168 1498 2209 omne
1546 2167 1789 2225 regnum

132 2256 327 2311 suum,
361 2242 666 2314 ipsumque
696 2255 900 2297 nomen
930 2241 1259 2313 exstirpare
1285 2241 1550 2314 cupiens,
1585 2241 1796 2314 princi-

128 2343 239 2402 pes
279 2327 677 2401 apostolorum
723 2330 961 2387 Petrum
994 2332 1054 2385 et
1085 2328 1327 2388 Paulum
1371 2328 1608 2386 occidit.
1662 2330 1794 2401 Ipse

127 2419 554 2490 Vespasianum
601 2432 730 2475 cum
781 2416 903 2474 ﬁlio
956 2432 1060 2475 suo
1111 2419 1237 2474 Tito
1271 2418 1342 2474 ad
1375 2417 1794 2476 destruendam

127 2507 570 2565 Hierosolimam
593 2506 771 2562 misit.
807 2507 965 2563 Inter
988 2507 1112 2564 haec
1135 2505 1311 2563 Galba
1334 2506 1638 2579 llyspaniaa
1663 2521 1796 2578 pre-

128 2604 228 2653 tor
265 2599 321 2652 et
355 2595 528 2652 Gaius
553 2593 742 2652 Julius
769 2594 1075 2666 imperium
1108 2595 1467 2666 corripuere.
1507 2596 1660 2652 Nero
1691 2609 1792 2652 au-

128 2690 274 2756 tem,
299 2683 566 2741 omnibus
584 2683 958 2753 execrabilis,
994 2684 1183 2742 hostis
1208 2698 1238 2740 a
1266 2688 1471 2742 senatu
1497 2683 1799 2756 judicatus

130 2778 258 2842 est;
302 2771 600 2831 decretum
633 2770 701 2806 ¹⁵⁰⁰
729 2777 840 2842 est,
877 2778 960 2844 ut,
997 2772 1157 2830 furca
1191 2771 1349 2830 collo
1396 2773 1524 2845 ejus
1557 2773 1794 2859 inserta,

130 2861 326 2922 nudus
353 2875 456 2935 per
489 2861 785 2934 publicum
822 2862 1162 2933 duceretur,
1198 2865 1257 2919 et
1288 2862 1477 2931 virgis
1511 2877 1695 2933 usque
1729 2863 1801 2918 ad

134 2955 379 3009 mortem
426 2965 634 3021 caesus,
669 2949 738 3006 de
770 2965 913 3008 saxo
945 2950 1424 3022 precipitaretur.
1481 2950 1646 3018 Quod
1699 2949 1801 3008 ille

132 3040 380 3098 audiens
407 3039 696 3110 simulque
724 3039 1040 3095 adventum
1073 3038 1266 3096 Galbae
1289 3039 1682 3112 comperiens,
1718 3040 1803 3118 fu_

133 3128 285 3200 gite
311 3126 556 3200 palatio,
600 3125 912 3197 noctisque
952 3127 1142 3184 medio
1182 3128 1335 3182 Urbe
1381 3141 1656 3197 egressus
1688 3131 1778 3184 est

137 3216 336 3276 Secuti
359 3220 495 3274 sunt
514 3219 708 3273 autem
731 3229 862 3272 eum
881 3214 1076 3272 Phaon
1095 3219 1155 3272 et
1172 3215 1549 3286 Epafroditus
1569 3219 1630 3272 et
1651 3203 1801 3273 Neil.

138 3310 238 3364 tus
258 3309 318 3362 et
337 3303 523 3377 spado
553 3304 839 3375 Nesporo,
888 3318 1058 3375 quem
1092 3303 1383 3374 quondam
1412 3307 1710 3362 exsectum
1740 3303 1799 3360 in

138 3391 444 3451 mulierem
468 3393 718 3449 formare
737 3396 1150 3464 temptaverat.
1183 3394 1441 3464 Cumque
1462 3392 1719 3450 venisset
1740 3391 1796 3448 in

141 3481 544 3540 suburbanum
577 3481 776 3539 liberti
807 3481 918 3551 sui,
955 3481 1108 3552 quod
1139 3486 1231 3538 est
1259 3481 1412 3538 inter
1435 3480 1712 3538 Salariam
1737 3483 1796 3538 et

141 3572 561 3630 Numentanam
609 3569 759 3625 viam
800 3567 874 3625 ad
920 3572 1191 3641 quartum
1237 3570 1409 3627 Urbis
1459 3568 1791 3638 miliarium,

143 3660 266 3717 ictu
285 3657 464 3730 gladii
488 3672 548 3714 se
570 3662 881 3730 percutere
902 3657 1107 3728 voluit,
1136 3659 1240 3714 sed
1268 3658 1600 3730 trepidante
1623 3669 1794 3715 manu

144 3749 252 3806 hoc
275 3746 558 3821 perficere
580 3760 695 3802 non
719 3745 928 3818 potuit.
959 3747 1179 3804 Etcum
1209 3746 1429 3803 nullum
1454 3745 1740 3802 inveniret
1764 3758 1794 3800 a

146 3852 261 3909 quo
286 3835 579 3906 feriretur,
601 3833 953 3891 exclamavit
970 3834 1172 3890 dicens
1191 3854 1202 3889 :
1219 3834 1397 3892 Itane
1414 3846 1519 3892 nec
1538 3835 1797 3892 amicmn

144 3938 254 3984 nec
272 3923 583 3982 inimicum
604 3921 822 3981 habere
829 3936 1093 3995 possum.
1119 3925 1282 3993 (Aun.
1307 3922 1567 3995 VICTOR.)
1585 3921 1796 3977 Videns

148 4014 260 4072 hoc
277 4014 536 4085 Nesporo
554 4011 780 4084 adjuvit
797 4026 1025 4070 manum
1042 4014 1388 4069 trementem
1407 4027 1422 4077 ;
1439 4014 1500 4066 et
1519 4010 1599 4064 ita
1621 4009 1795 4081 periit

149 4117 301 4161 anno
321 4103 458 4159 vitae
479 4117 603 4161 suae
625 4105 741 4173 31°,
768 4101 994 4175 imperii
1019 4103 1131 4172 16°,
1159 4101 1358 4172 sicque
1381 4099 1569 4158 omnis
1601 4101 1794 4169 Augu-

151 4191 229 4249 sti
259 4190 474 4248 familia
497 4190 553 4246 in
577 4205 645 4247 eo
670 4196 1014 4262 consumpta
1046 4194 1154 4248 est.
1192 4191 1290 4262 (Η.
1314 4191 1418 4261 m.)
1450 4189 1632 4261 Hujus
1654 4192 1800 4244 tem-

151 4280 394 4355 poribus
411 4280 605 4338 Roma
623 4278 918 4352 pollebant
937 4280 1154 4337 Seneca
1173 4279 1435 4349 tragicus
1449 4283 1506 4334 et
1523 4275 1794 4350 phyloso-

1916 752 2042 794 rum
2085 739 2266 796 Lucas
2303 742 2577 812 perduxit
2609 745 2988 814 evangelista.

1987 831 2035 882 3.
2076 833 2157 882 13.
2195 827 2403 900 (Ηιειι.)
2440 833 2500 885 Α.
2536 832 2596 886 D.
2635 837 2720 888 69.
2753 835 2977 892 Probus
3005 838 3257 898 Beritius
3283 846 3563 905 eruditis-

1914 915 2096 974 simus
2125 919 2482 986 gramaticus
2506 919 2736 976 claruit.

1985 1007 2034 1059 4.
2074 1009 2156 1062 14.
2191 1009 2255 1061 Α.
2292 1008 2356 1063 D.
2379 1011 2465 1066 60.
2494 1009 2713 1066 Statius
2735 1011 3010 1071 Sursulus
3033 1022 3203 1086 poeta
3229 1020 3556 1081 Colosensis

1912 1093 2166 1152 celebris
2195 1095 2324 1152 fuit.

2071 1187 2151 1274 1-6.
2189 1187 2254 1239 A.
2285 1185 2347 1240 D.
2383 1189 2469 1243 61.
2517 1188 2888 1246 Terremotus
2946 1192 3140 1252 Romae
3194 1200 3251 1252 et
3306 1199 3557 1274 eclypsis

1909 1269 2053 1326 solis
2085 1271 2236 1328 facta
2267 1277 2378 1329 est.

1978 1362 2028 1414 6.
2072 1361 2152 1414 16.
2187 1359 2354 1431 (ΟΙιν.
2402 1361 2511 1432 W.)
2543 1364 2606 1419 A.
2630 1364 2691 1419 D.
2719 1368 2805 1421 62.
2832 1367 3000 1424 Festo
3023 1372 3285 1429 succedit
3310 1374 3553 1437 Albinus

1906 1445 1961 1500 in
1996 1447 2300 1518 presidatu
2331 1448 2569 1508 Iudaeae.

1974 1539 2152 1626 7._17.
2197 1537 2412 1626 (Ηιειι.)
2451 1541 2514 1594 Α.
2547 1539 2609 1594 D.
2645 1544 2730 1596 63.
2769 1543 3043 1615 Iacobus,
3088 1547 3268 1605 frater
3307 1551 3551 1626 Domini,

1905 1618 2200 1712 lapidatur
2239 1639 2270 1682 a
2307 1625 2545 1699 Iudaeis,
2588 1632 2647 1684 et
2685 1630 2925 1700 Symeon
2953 1630 3051 1703 5°“,
3087 1634 3266 1692 frater
3305 1640 3452 1712 ejus,
3498 1618 3554 1698 in

1821 1742 1875 1801 B
1906 1709 2098 1768 locum
2129 1712 2255 1801 ejus
2283 1715 2684 1801 constituitur.

1977 1802 2027 1855 8.
2065 1805 2149 1858 18.
2185 1800 2352 1872 (0hr.
2398 1804 2506 1874 W.)
2554 1805 2620 1860 A.
2654 1805 2717 1859 D.
2764 1808 2850 1862 64.
2909 1808 3134 1866 Marcus
3191 1815 3552 1884 evangelista

1907 1902 2115 1959 passus
2143 1895 2233 1948 est
2278 1890 2664 1950 Alexandriae.
3647 1885 3662 1896 ’

1976 1981 2028 2034 9.
2065 1981 2147 2034 19.
2185 1982 2246 2034 A.
2283 1980 2344 2034 D.
2377 1983 2464 2037 65.
2501 1979 2712 2052 (Ηιειι.)
2755 1983 2994 2041 Persius
3026 1988 3271 2047 moritur
3301 2005 3450 2050 anno
3481 2009 3554 2052 aa-

1906 2064 2048 2122 tatis
2076 2063 2144 2098 ⁵⁰⁰
2175 2069 2287 2121 29°.
2322 2069 2470 2124 Ante
2502 2083 2754 2125 mensam
2796 2071 3041 2129 Neronis
3072 2074 3286 2135 fulmen
3315 2082 3548 2138 cecidit.

1982 2156 2062 2209 10.
2096 2157 2182 2210 20.
2219 2156 2280 2210 A.
2328 2157 2388 2210 D.
2433 2159 2520 2212 66.
2567 2160 2799 2214 Anneus
2843 2160 3106 2219 Lucanus
3155 2167 3552 2227 Cordubensis

1907 2246 2077 2312 poeta
2105 2241 2161 2298 in
2194 2242 2502 2300 Pisoniana
2534 2244 2938 2313 conjuratione
2969 2249 3389 2326 deprehensus,
3425 2257 3556 2314 bra-

1905 2328 2098 2385 chium
2129 2329 2201 2386 ad
2242 2333 2526 2390 secandas
2555 2347 2730 2389 venas
2767 2336 3016 2405 prebuit.

1977 2421 2061 2474 11.
2095 2421 2182 2474 21.
2219 2420 2282 2474 A.
2316 2419 2378 2473 D.
2416 2423 2500 2476 67.
2547 2421 2695 2476 Nero
2739 2421 2996 2479 incendit
3026 2425 3260 2483 Romam
3294 2430 3365 2485 ad
3397 2431 3553 2488 simi-

1906 2503 2212 2562 litudinem
2242 2506 2445 2576 Trojae.

1980 2597 2062 2650 12.
2097 2597 2183 2651 22.
2219 2597 2283 2653 A.
2318 2596 2380 2651 D.
2416 2599 2502 2653 68.
2562 2599 2796 2654 Anneus
2853 2597 3070 2656 Seneca
3130 2602 3548 2680 Cordubensis,

1906 2686 2236 2754 praeceptor
2268 2683 2510 2740 Neronis
2541 2687 2598 2739 et
2632 2689 2879 2756 patruus
2910 2686 3142 2760 Lucani,
3169 2689 3374 2759 jussus
3395 2708 3423 2749 a
3448 2696 3555 2751 Ne-

1909 2783 2048 2826 rone
2093 2783 2278 2840 genus
2331 2772 2534 2828 mortis
2582 2771 2817 2843 eligere,
2862 2773 3139 2833 incisione
3187 2793 3464 2839 venarum
3495 2785 3552 2840 et

1910 2856 2124 2916 haustu
2172 2859 2377 2915 veneni
2409 2861 2656 2916 interiit.
2692 2861 2868 2932 Cujus
2901 2862 3084 2920 frater
3111 2867 3316 2926 Junius
3347 2869 3551 2943 Gallio,

1910 2947 2182 3016 egregius
2207 2947 2582 3019 declamator,
2606 2950 2840 3021 propria
2860 2965 2922 3007 se
2945 2965 3117 3010 manu
3139 2953 3208 2988 “°
3228 2956 3555 3029 interfecit;

1913 3033 2092 3089 frater
2123 3049 2262 3090 vero
2296 3033 2531 3092 illorum
2563 3037 2771 3094 Lucius
2804 3040 3036 3098 Anneus
3067 3041 3245 3100 Melas
3274 3045 3423 3102 bona
3453 3045 3554 3103 lilii

1912 3122 2002 3179 sui
2034 3123 2245 3179 Lucani
2278 3137 2307 3179 a
2346 3125 2572 3180 Nerone
2604 3127 2946 3196 promeruit.

1982 3214 2067 3266 13.
2102 3214 2187 3268 23.
2233 3212 2394 3284 (01w.
2451 3213 2529 3270 W.
2562 3244 2632 3254 —-
2663 3214 2742 3270 Cf.
2784 3217 2909 3272 [οε.
2952 3218 3039 3273 De
3069 3217 3121 3274 ὸ.
3152 3222 3210 3276 J.
3244 3224 3352 3296 ιιι.)
3386 3227 3449 3281 Α.
3485 3229 3552 3286 D.

1908 3300 1994 3354 69.
2040 3299 2428 3370 Vespasianus
2462 3302 2579 3358 dux
2607 3303 2903 3360 exercitus
2948 3305 3254 3366 adversum
3297 3311 3548 3386 Judmos,

1909 3386 2005 3456 qui
2041 3387 2227 3444 Gessii
2260 3388 2432 3460 Flori,
2467 3391 2832 3448 successoris
2860 3391 3074 3460 Albini,
3101 3397 3409 3456 avariciam
3441 3416 3552 3459 non

1908 3473 2186 3546 ferentes,
2219 3476 2600 3548 rebellabant,
2633 3492 2662 3533 a
2693 3480 2919 3535 Nerone
2951 3483 3182 3555 missus,
3215 3486 3371 3543 inter
3399 3496 3557 3548 cete-

1905 3576 2000 3618 ras
2031 3562 2291 3620 urbesIm
2313 3567 2639 3637 Jotapatam
2662 3568 2942 3625 munitam
2974 3571 3268 3629 civitatem
3291 3577 3467 3647 cepit,
3495 3579 3553 3635 in

1906 3664 2018 3721 qua
2040 3656 2100 3706 et
2119 3651 2439 3723 Josippum,
2474 3654 2572 3724 qui
2594 3655 2976 3727 etJosephus,
3010 3657 3214 3716 ducem
3239 3663 3377 3718 belli
3398 3679 3557 3723 com-

1903 3737 2233 3827 prehendit.
2268 3738 2374 3806 Qui
2397 3755 2526 3796 cum
2549 3741 2992 3802 interficiendus
3024 3751 3182 3803 esset
3203 3763 3232 3806 a
3257 3749 3550 3827 Romanis,

1905 3825 2162 3898 predixit
2213 3827 2568 3900 Vespasiano
2619 3832 2771 3900 quod
2813 3832 2939 3903 ipse
2970 3834 3289 3906 imperator
3320 3825 3554 3902 futurus

1904 3918 2084 3980 esset,
2137 3915 2337 3986 sicque
2386 3917 2563 3974 vitam
2598 3920 2955 3990 'promeruit.
3008 3925 3112 3981 Hic
3159 3930 3250 3983 est
3297 3932 3554 4002 scriptor

1906 4003 2354 4073 Antiquitatum.

1981 4111 2062 4166 14.
2094 4111 2181 4166 24.
2217 4112 2280 4165 A.
2316 4111 2377 4165 D.
2411 4111 2499 4167 70.
2534 4112 2748 4170 Petrus
2786 4115 3114 4190 apostolus,
3147 4127 3388 4191 peracto
3420 4140 3555 4197 pre-

1907 4196 2214 4255 dicationis
2237 4212 2356 4255 διιεθ
2379 4204 2661 4272 tempore,
2695 4201 2907 4260 iterum
2937 4205 3176 4264 veniens
3205 4196 3440 4269 Romam
3463 4213 3553 4288 ⁵³³,

1907 4285 2181 4344 defuncto
2211 4285 2373 4344 Cleto
2405 4286 2695 4361 discipulo
2732 4305 2856 4362 suo,
2892 4291 3174 4351 Clementi
3208 4285 3550 4359 kathedram

149 4367 635 4442 phus,Musonius
657 4373 718 4424 et
737 4366 1088 4426 Plutarchus
1111 4363 1795 4454 phylosophi,1uvenal_i8
1823 4445 1868 4454 _
1905 4375 2216 4433 Romanam
2248 4376 2560 4449 commisit,
2594 4377 2738 4436 dans
2758 4380 2810 4436 ei
2833 4380 3076 4454 suisque
3105 4390 3552 4449 successoribus

151 4461 215 4552 et
243 4456 486 4552 Persius
515 4455 774 4552 SftyljiCi.
818 4457 1082 4516 Lucanus
1123 4469 1373 4527 quoque:
1409 4453 1565 4512 ﬁlius
1593 4451 1794 4511 "al-Pis
1823 4445 1877 4508 Ῑ)
1907 4467 2258 4537 potestatem
2291 4464 2506 4536 ligandi
2532 4445 2591 4523 et
2615 4467 2898 4542 solvendi,
2933 4445 3086 4530 sicut
3120 4473 3243 4546 ipse
3271 4445 3551 4552 accepit;

153 4544 405 4616 Seneca,
437 4549 496 4602 et
526 4545 767 4603 Statius.

215 4651 340 4702 Anni

155 4732 376 4782 Neronis.

226 4834 274 4886 1.
311 4833 394 4887 11.
431 4826 598 4899 (0hr.
652 4828 760 4902 W.)
791 4828 984 4886 Primo
1016 4833 1209 4886 autem
1241 4828 1486 4887 Neronis
1519 4843 1666 4886 anno
1697 4828 1797 4885 Fe-
1833 4837 1854 4851 ‘

158 4921 287 4975 stus
318 4918 608 4976 successit
636 4915 812 4976 Felici
842 4916 1085 4990 presidi.

226 5011 278 5063 2.
315 5009 400 5063 12.
437 5004 648 5080 (Ηιεει.)
681 5007 746 5065 A.
787 5007 852 5064 D.
896 5009 982 5063 58.
1035 5005 1247 5065 Paulus
1293 5003 1596 5078 apostolus
1643 5003 1798 5078 apud

161 5093 414 5164 Festum,
431 5097 705 5167 presente
724 5093 978 5167 Agrippa
998 5107 1153 5164 rege,
1171 5092 1470 5166 religionis
1487 5107 1608 5153 suae
1625 5092 1800 5152 ratio-

161 5197 289 5242 nem
336 5195 657 5256 exponens,
699 5183 772 5240 ab
810 5182 1014 5242 eodem
1065 5182 1236 5241 Festo
1284 5181 1516 5240 vinctus
1561 5182 1799 5240 Romam

164 5271 434 5343 mittitur,
475 5271 574 5332 ubi
603 5278 667 5333 et
691 5271 906 5333 Petrus
942 5283 1282 5343 occurrens,
1322 5269 1566 5332 Paulum
1594 5284 1800 5328 conve-

1906 4553 2167 4624 Domino,
2219 4554 2542 4628 eodemque
2579 4555 2648 4590 ω
2687 4572 2836 4616 anno
2885 4560 3008 4633 ipse
3051 4562 3265 4622 Petrus
3307 4567 3552 4638 jubente

1906 4643 2133 4700 Nerone
2153 4643 2472 4702 crucifixus
2489 4650 2601 4716 est,
2621 4647 2837 4706 Paulus
2857 4662 2997 4707 vero
3018 4649 3366 4714 decollatus.
3389 4657 3552 4716 Sedit

1908 4737 2101 4790 autem
2154 4731 2418 4790 Clemens
2448 4748 2578 4791 ann.
2616 4739 2702 4807 19,
2755 4751 2984 4796 menses
3015 4745 3066 4809 δ,
3102 4755 3429 4815 passusque
3459 4753 3553 4805 est

1908 4821 2018 4879 sub
2048 4821 2382 4878 Domiciano
2403 4826 2435 4879 9
2457 4822 2566 4878 kal.
2601 4823 2922 4896 Decembr.,
2949 4825 3086 4884 licet
3109 4831 3340 4898 quidam
3373 4831 3550 4901 (Bsnx

1903 4907 2123 4979 Mart,
2156 4925 2211 4982 p.
2243 4911 2369 4982 361)
2409 4911 2766 4968 contendant
2792 4928 2924 4971 eum
2953 4930 3189 4986 passum
3220 4920 3328 4975 sub
3360 4920 3551 4991 Traja-
3663 4912 3668 4918 ⁴

1906 5010 2000 5054 no.
2026 4996 2355 5054 Secundum
2376 4998 2855 5058 aecclesiasticam
2876 5002 3195 5072 hysteriam
3220 5004 3374 5074 (Eus.
3393 5009 3472 5066 H.
3497 5024 3546 5070 θ.

1907 5100 1988 5156 m,
2030 5087 2115 5160 12)
2149 5086 2371 5158 primus
2421 5091 2554 5158 post
2603 5088 2838 5145 Petrum
2882 5089 3058 5146 Linus
3108 5090 3219 5148 hoc
3265 5108 3414 5153 anno
3442 5098 3551 5156 Ro-

1907 5189 2133 5233 manam
2161 5174 2420 5247 suscepit
2442 5175 2766 5234 aecclesiam
2787 5181 2845 5232 et
2865 5190 2974 5249 per
2997 5181 3061 5234 12
3081 5185 3315 5238 rexerat
3345 5197 3545 5247 annos.

1908 5268 2058 5324 Nero
2088 5266 2279 5322 autem
2299 5268 2436 5337 post
2454 5263 2922 5324 interfectionem
2957 5268 3356 5341 apostolorum
3378 5287 3444 5334 se
3463 5276 3553 5352 ip-

1538 5367 1774 5426 VARIIE
1816 5367 2216 5428 LECTIONES.

234 5464 302 5500 ⁸⁰⁶
331 5465 749 5540 decretumque
777 5466 823 5522 E
849 5471 900 5523 1.
945 5463 1045 5540 ff"
1075 5468 1282 5536 petrus
1301 5495 1367 5506 —
1383 5463 1707 5540 deservivit
1737 5467 1808 5540 in
1836 5473 1906 5525 10
1917 5465 2136 5540 geth
2145 5532 2157 5540 I
2163 5475 2297 5540 esse
2338 5458 2638 5540 videam,
2671 5459 2890 5540 gl‘qsgmf
2916 5467 2998 5519 11.
3033 5539 3036 5540 ν
3076 5463 3147 5499 ’θ’
3173 5480 3369 5540 symon
3401 5473 3437 5528 4
3463 5474 3542 5536 9°.

171 5541 254 5596 10.
292 5541 378 5597 11.
458 5531 528 5572 ⁸⁰⁹
556 5551 610 5595 a.
640 5529 762 5597 suae
790 5540 868 5595 9°.
944 5534 1014 5572 ἰο
1044 5529 1117 5593 ui.
1155 5548 1220 5594 se
1244 5540 1302 5594 δ.
1382 5533 1451 5572 ⁸³⁸
1481 5536 1889 5609 desstfolitm
1915 5538 1961 5597 E
1990 5542 2042 5596 1.
2116 5532 2185 5570 ⁸⁸³
2213 5546 2433 5593 romam
2461 5545 2518 5591 v.
2547 5529 2632 5589 δέ
2675 5529 2745 5566 ⁸⁸³
2772 5531 2988 5594 Eodem
3017 5539 3095 5622 9°.
3205 5529 3226 5540 '
3529 5529 3544 5572 3'
