3986 6048
460 249 581 314 675

1608 244 2089 310 EKKEHARDI
2137 240 2689 310 URAUGIENSIS

3753 244 3877 310 6‘76

458 400 585 443 sum
615 384 913 441 interfecit
943 383 1149 440 ordine
1179 398 1355 455 supra
1385 382 1606 454 scripto
1628 380 1714 451 ⁸¹⁴,
1742 382 1883 438 utin
1910 381 2111 437 Roma-
2139 382 2193 441 A
2228 381 2372 436 titus
2390 384 2477 436 est
2505 379 2768 451 imperio,
2801 378 3015 435 familia
3047 378 3331 435 honorata
3359 380 3542 450 magis
3570 394 3745 451 quam
3779 397 3882 438 no-

461 488 532 529 na
564 473 783 543 legitur
813 472 1095 544 bystoria,
1140 487 1269 527 cum
1302 469 1535 541 quidam
1568 470 1829 526 scribant
1859 469 2018 524 illum
2054 469 2107 524 in

462 561 613 620 silva
662 567 955 618 errantem
984 575 1013 615 a
1047 559 1201 631 lupis
1244 574 1375 615 esse
1422 560 1782 614 devoratum.
1820 558 1984 625 (Aen.
2021 556 2113 614 Vl-

462 653 653 724 cron.)
688 652 851 706 Hunc
874 652 1067 705 Persa)
1091 649 1145 704 in
1170 653 1393 703 tantum
1419 648 1771 713 dilexerunt,
1801 652 1864 702 ut
1887 646 2113 716 legatos

467 740 770 796 mitterent
801 739 1058 807 Romam,
1086 735 1327 792 multum
1362 739 1654 805 rogantes,
1682 739 1739 791 ut
1766 735 2113 790 concedere-

462 832 563 885 tur
585 828 704 885 illis
725 826 960 883 licentia
994 826 1312 881 fabricandi
1335 825 1388 879 ei
1412 823 1807 895 sepulchrum.
1844 824 2111 879 Ceterum

467 931 670 974 omnes
697 916 825 973 aliae
861 913 1168 985 provincia:
1192 918 1248 968 et
1271 917 1392 969 tota
1422 914 1598 968 Roma
1624 912 1693 967 de
1714 911 1955 968 interitu
1984 911 2112 980 ejus

464 1006 637 1061 nimis
671 1004 1100 1071 exultaverunt,
1129 1002 1182 1057 in
1211 1005 1433 1058 tantum
1465 1008 1526 1058 ut
1557 1016 1757 1056 omnes
1782 999 1977 1056 vestiti
2010 998 2113 1069 pil-

464 1093 574 1150 leis
608 1091 1141 1159 manumissionum,
1184 1090 1339 1160 quod
1379 1094 1515 1145 tunc
1552 1096 1678 1145 enat
1710 1090 1938 1159 signum
1971 1087 2113 1143 libe-

465 1181 734 1252 rationis,
766 1180 929 1251 quasi
955 1179 1026 1234 ab
1049 1179 1226 1249 impio
1257 1178 1489 1234 domino
1520 1177 1773 1247 liberati,
1804 1176 2111 1232 victoriam

462 1270 853 1326 celebrarent.
871 1300 936 1308 —
953 1266 1164 1339 (HIER.)
1195 1266 1453 1335 Ignatius
1476 1265 1797 1321 Antiochiae
1821 1263 2114 1320 secundus

465 1357 775 1414 ordinatur
794 1355 1129 1428 episcopus,
1152 1369 1282 1410 eum
1306 1368 1437 1410 eum
1462 1353 1814 1425 processerit
1837 1351 2109 1409 Evodius.

544 1455 711 1503 Galba.

533 1537 622 1590 25.
660 1532 761 1602 (Η.
793 1534 898 1603 m.)
935 1533 1097 1586 Anno
1130 1529 1441 1587 Dominicae
1472 1528 1891 1586 incarnationis
1919 1532 2007 1597 7t,
2041 1528 2114 1583 ab

465 1624 619 1682 Urbe
652 1635 791 1678 vero
820 1619 1055 1677 condita
1079 1624 1201 1688 821,
1228 1618 1425 1688 Galba,
1460 1616 1880 1687 antiquissimae
1911 1615 2141 1671 nobili-'

2228 468 2327 524 bili
2359 474 2525 524 ortus
2567 467 2660 536 (cf.
2698 469 2869 524 Onos.
2909 469 2945 525 ι.
2981 469 3066 539 Ζ.).
3113 468 3248 523 Nam
3288 474 3456 539 pater
3496 470 3625 540 ejus
3667 470 3883 527 Lucius

2226 555 2497 612 Vitellius
2530 572 2638 612 non
2668 557 2975 613 admodum
3008 556 3167 612 clare
3198 562 3369 614 natus
3395 563 3505 626 est,
3534 564 3657 614 tres
3684 564 3881 614 tamen

2224 644 2555 701 ordinarios
2602 648 2865 714 gesserat
2916 645 3281 702 consulatus.
3327 646 3428 717 (Η.
3463 648 3534 702 R.
3570 650 3627 701 et
3657 648 3740 702 Η.
3772 652 3881 717 an.)

2226 734 2328 790 Hic
2358 750 2487 791 cum
2523 734 2706 791 multo
2736 734 3022 790 dedecore
3054 735 3381 806 imperavit,
3435 735 3613 791 multa
3666 737 3881 791 sevitia

2222 823 2555 895 ceterisque
2580 824 2738 879 vitiis
2762 823 3055 893 notabilis,
3079 823 3324 879 maxime
3347 824 3605 894 ingluvie
3625 828 3688 880 et
3711 839 3882 880 vora-

2224 912 2425 982 citate,
2462 911 2675 984 quippe
2703 912 2801 983 qui
2832 912 2902 967 de
2935 912 3028 967 die
3057 916 3268 982 quarto
3294 912 3389 967 vel
3421 912 3626 982 quinto
3650 927 3796 984 sepe
3815 912 3882 946 δι’

2227 1002 2413 1057 fertur
2458 1000 2751 1071 epulatus.
2802 1001 3111 1056 Notissima
3160 1005 3324 1056 certe
3371 1015 3535 1057 coena
3578 1004 3879 1058 memoria:

2225 1088 2494 1144 mandata
2513 1092 2621 1158 cst,
2645 1104 2812 1159 quam
2831 1090 2882 1144 ei
2907 1088 3194 1159 Vitellius,
3220 1090 3400 1145 frater
3417 1090 3565 1160 ejus,
3583 1090 3876 1159 exhibuit,

2226 1179 2281 1234 in
2314 1193 2426 1248 qua
2459 1192 2637 1249 super
2666 1182 2900 1236 ceteros
2927 1183 3194 1249 sumptus
3215 1178 3331 1234 duo
3354 1179 3509 1234 milia
3533 1178 3791 1249 piscium
3820 1184 3877 1234 et

2225 1271 2447 1339 septem
2474 1265 2629 1322 milia
2654 1266 3029 1322 avicellorum
3052 1264 3120 1300 ⁸¹⁹
3144 1266 3411 1338 apposita
3444 1272 3600 1322 sunt.
3637 1267 3879 1322 [nterim

2226 1355 2613 1426 Vespasianus
2630 1354 3068 1411 Hierosolimam
3087 1354 3383 1425 obsidens,
3409 1354 3607 1412 audita
3632 1356 3881 1412 Neronis

2227 1448 2434 1513 morte,
2459 1458 2490 1498 a
2515 1442 2800 1498 militibus
2831 1442 3150 1513 imperator
3177 1447 3414 1499 creatus
3443 1448 3556 1499 est.
3592 1443 3765 1510 Quod
3788 1458 3882 1499 au-

2227 1530 2394 1587 diens
2423 1529 2713 1599 Vitellius,
2750 1531 3045 1600 Sabinum,
3082 1532 3321 1588 fratrem
3350 1531 3718 1603 Vespasiani,
3751 1548 3878 1589 cum

2228 1616 2429 1675 multis
2460 1617 2592 1674 aliis
2621 1619 2674 1673 in
2710 1618 2995 1690 Capitolio
3030 1619 3267 1676 incenso
3298 1620 3616 1676 interfecit.
3650 1620 3819 1676 Unde
3847 1635 3877 1676 a

464 1710 610 1766 tatis
651 1712 910 1777 senator,
955 1708 1027 1762 de
1068 1706 1455 1777 Sulpiciorum
1493 1719 1707 1776 genere
1749 1704 2110 1798 progenitus,
2141 1736 2199 1798 B
2230 1707 2514 1764 militibus
2543 1707 2880 1798 Vespasiani
2904 1709 3012 1798 sub
3034 1707 3409 1798 murisUrbis
3440 1707 3642 1798 habito
3674 1707 3880 1781 pralio

463 1814 594 1856 cum
620 1796 1113 1871 septuagesimum
1135 1795 1382 1850 tercium
1404 1798 1640 1864 gereret
1662 1793 1854 1850 aetatis
1879 1807 2111 1861 annum,

465 1887 538 1943 ab
562 1886 849 1959 llyspanis
868 1890 929 1940 et
947 1882 1125 1940 Gallis
1144 1884 1389 1952 electus,
1412 1897 1543 1938 mox
1567 1884 1638 1938 ab
1662 1882 1932 1939 universo
1952 1895 2117 1937 exer-

463 1975 587 2033 citu
612 1974 867 2030 libenter
888 1973 1205 2043 imperator
1229 1974 1533 2042 acceptus,
1558 1970 1756 2026 statim
1781 1974 1843 2025 ut
1868 1970 2115 2025 Neronis

466 2067 710 2120 mortem
735 2060 979 2130 audivit,
1004 2061 1239 2115 Romam
1271 2059 1449 2128 venit,
1488 2062 1808 2128 sextusque
1831 2058 1903 2112 ab
1926 2060 2118 2126 Augu-

466 2155 557 2210 sto
581 2150 881 2207 mensibus
902 2152 936 2203 7
960 2147 1244 2218 regnavit.
1280 2147 1462 2217 llujus
1481 2146 1707 2217 privata
1730 2145 1849 2201 vita
1871 2144 2117 2215 insignis

467 2241 575 2299 fuit
599 2238 951 2296 militaribus
975 2242 1035 2293 et
1057 2235 1331 2292 civilibus
1352 2237 1557 2299 rebus;
1590 2248 1728 2304 sepe
1754 2233 1858 2289 fuit
1882 2232 2117 2298 consul;

469 2343 613 2401 sepe
634 2325 972 2400 proconsul,
997 2340 1134 2396 sepe
1158 2324 1275 2380 dux
1295 2324 1348 2379 in
1367 2322 1734 2393 gravissimis
1757 2321 1952 2390 bellis,
1974 2320 2120 2377 mili-

469 2422 587 2474 tem
621 2431 789 2473 suum
812 2415 892 2470 ita
917 2413 1287 2470 severissime
1316 2416 1596 2480 tractans,
1632 2415 1715 2480 ut,
1750 2410 2015 2480 ingresso
2047 2423 2117 2465 eo

468 2506 527 2563 in
558 2509 772 2574 castra,
807 2503 1106 2559 diceretur
1149 2501 1347 2557 statim
1388 2501 1459 2555 ab
1498 2498 1686 2555 altero
1718 2497 1790 2554 ad
1820 2497 2069 2555 alterum
2103 2516 2116 2555 :

465 2594 645 2654 Disce
670 2592 962 2660 militare,
994 2589 1189 2647 Galba
1215 2587 1395 2658 venit,
1426 2602 1545 2644 710%
1581 2585 1905 2645 Getulicus.
1940 2587 2121 2658 Impe-

470 2682 622 2741 rium
654 2695 796 2738 vero
829 2678 1097 2750 adeptus,
1131 2692 1259 2733 cum
1291 2676 1561 2733 avariciaa
1588 2676 1730 2731 vitio
1753 2675 2118 2745 segnitiaque

470 2783 674 2829 omnes
694 2766 1043 2836 offenderet,
1063 2766 1331 2822 Pisonem
1351 2763 1637 2835 quendam
1656 2762 1904 2818 nobilem
1926 2762 2121 2820 adole-

470 2861 733 2917 scentem
757 2856 815 2912 in
840 2853 1021 2912 tilium
1045 2866 1403 2923 regnumque
1426 2851 1757 2923 adoptavit;
1784 2852 1909 2924 ipse
1926 2854 2119 2910 autem

469 2959 669 3004 mense
687 2944 938 3017 septimo
957 2943 1014 2999 in
1032 2940 1225 2998 medio
1243 2941 1517 2998 Romanae
1540 2939 1701 2997 urbis
1723 2940 1848 2996 foro
1870 2938 2122 2998 decolla-

470 3039 569 3094 tus
609 3038 721 3105 est,
766 3032 995 3090 insidiis
1033 3029 1332 3101 cujusdam
1372 3028 1664 3099 Otthonis,
1699 3029 1795 3100 qui
1829 3033 1961 3101 post
1988 3043 2117 3085 eum

471 3123 725 3198 arripuit
776 3135 1019 3193 regnum
1068 3120 1163 3191 (cf.
1196 3121 1370 3177 Onos.
1405 3133 1504 3190 vn,
1534 3122 1567 3175 8
1596 3118 1676 3175 Η.
1709 3119 1833 3191 723.).

539 3224 704 3274 Ottho.

480 3280 487 3291 ⁸
544 3303 757 3360 Lucius
809 3299 1009 3369 Ottho,
1059 3298 1272 3357 occisis
1325 3297 1505 3354 Galba
1534 3301 1595 3354 et
1625 3296 1856 3366 Pisone,
1908 3295 2119 3354 invasit

473 3389 783 3464 imperium
825 3389 1234 3456 Romanorum,
1275 3390 1440 3443 ortus
1472 3400 1545 3441 ex
1575 3385 1750 3457 opido
1793 3385 2122 3457 Ferentino,

475 3483 742 3537 materno
770 3490 985 3547 genere
1018 3474 1271 3531 nobilior
1300 3489 1469 3544 quam
1500 3478 1767 3545 paterno,
1801 3478 2012 3531 neutro
2044 3480 2126 3532 ta-

476 3580 605 3626 men
635 3566 922 3633 obscuro;
952 3563 1008 3618 in
1036 3562 1265 3634 privata
1286 3563 1407 3618 vita
1430 3561 1644 3633 mollis,
1676 3562 2039 3634 maximeque
2066 3562 2126 3620 in

476 3654 873 3714 adolescentia
900 3651 1090 3724 turpis
1111 3657 1171 3708 et
1191 3650 1517 3708 NeronisIm
1532 3649 1854 3722 familiaris,
1876 3651 1934 3708 in
1953 3651 2130 3722 impe-

475 3745 565 3802 rio
581 3758 723 3802 vero
741 3741 1153 3799 documentum
1171 3739 1262 3796 sui
1281 3753 1395 3797 non
1414 3739 1602 3811 potuit
1627 3738 1959 3797 ostendere.
1988 3739 2127 3797 Nam

475 3847 608 3891 cum
630 3831 859 3888 hisdem
882 3828 1248 3901 temporibus
1268 3828 1481 3899 quibus
1499 3827 1676 3884 Ottho
1696 3828 1933 3885 Galbam
1949 3826 2019 3863 “‘
2035 3843 2132 3886 oc.

476 3925 723 3995 ciderat,
745 3924 921 3980 etiam
939 3922 1208 3979 Vitellius
1226 3936 1258 3978 a
1276 3921 1632 3979 Germanicis
1653 3921 2013 3981 exercitibus
2031 3922 2134 3978 im-

478 4017 719 4089 perator
736 4012 928 4070 factus
949 4014 1126 4082 esset,
1150 4009 1364 4067 bellum
1389 4013 1592 4067 contra
1614 4009 1911 4067 Vitellium
1936 4024 2134 4069 susce-

477 4109 601 4177 pto,
636 4102 830 4160 tribus
859 4099 1086 4157 levibus
1127 4098 1349 4172 praeliis
1392 4098 1571 4157 Ottho
1599 4097 1667 4132 “7
1693 4099 1885 4156 victor
1911 4098 2131 4185 extitit,

476 4208 593 4252 uno
624 4191 777 4265 apud
799 4188 996 4262 Alpes,
1024 4187 1138 4245 alio
1160 4187 1317 4246 circa
1338 4186 1718 4258 Placentiam,
1751 4187 1937 4245 tercio
1968 4187 2132 4245 circa

474 4296 667 4356 locum
691 4294 860 4351 quem
886 4278 1158 4335 Castores
1184 4281 1429 4344 vocant;
1463 4280 1676 4348 quarto
1698 4291 1829 4333 cum
1854 4276 2011 4347 apud
2032 4276 2135 4332 Be-

476 4371 728 4439 zriacum
755 4369 813 4425 in
844 4366 1013 4425 Italia
1042 4365 1235 4422 victus
1263 4368 1426 4422 esset
1456 4363 1571 4421 levi
1605 4365 1828 4437 praelia,
1865 4364 2132 4435 ingentes

2151 3091 2201 3156 C

2228 1802 2563 1867 superatus,
2587 1811 2717 1852 cum
2743 1795 2799 1850 in
2822 1795 3109 1866 quandam
3132 1794 3402 1853 cellulam
3433 1797 3654 1868 palatio
3690 1798 3882 1868 proxi-

2230 1897 2377 1939 mam
2427 1898 2491 1939 se
2539 1884 2951 1955 eontrusisset,
3008 1884 3260 1955 turpiter
3318 1885 3451 1941 inde
3512 1891 3879 1956 protractus,

2227 1971 2442 2027 vinctis
2488 1977 2627 2042 post
2673 1976 2903 2041 tergum
2955 1973 3241 2041 manibus,
3283 1973 3626 2043 resupinato
3659 1974 3880 2043 capite,

2226 2059 2422 2128 gladio
2454 2060 2528 2116 ad
2560 2063 2816 2117 mentum
2847 2060 3174 2131 subposita,
3205 2074 3311 2132 per
3343 2061 3530 2117 forum
3555 2061 3629 2117 ad
3652 2069 3887 2134 speeta-

2228 2147 2422 2204 culum
2458 2146 2616 2218 vulgi
2647 2148 2911 2215 ducitur;
2952 2148 3268 2219 multisque
3302 2148 3528 2206 firmum
3560 2154 3619 2206 et
3651 2165 3882 2207 omnum

2228 2235 2286 2291 in
2321 2235 2523 2292 faciem
2543 2235 2672 2305 ejus
2695 2236 3086 2307 mittentibus,
3119 2237 3358 2293 minutis
3380 2238 3598 2294 ictibus
3619 2240 3885 2295 excarni-

2232 2324 2456 2396 ficatus,
2491 2339 2640 2382 unco
2664 2325 2794 2380 inde
2815 2325 3073 2381 trahitur
3095 2329 3153 2381 et
3178 2326 3232 2380 in
3253 2326 3517 2396 Tyberim
3547 2328 3879 2397 projicitur,
3978 2324 3986 2333 “

2228 2426 2377 2469 anno
2431 2413 2625 2469 {etatis
2655 2419 2769 2477 57°,
2808 2413 3031 2485 imperii
3080 2418 3272 2470 autem
3323 2429 3518 2471 mense
3547 2419 3630 2472 8°.
3668 2414 3880 2486 (Ηῐειι.)

2230 2501 2296 2556 Hi
2329 2505 2453 2558 tres
2485 2509 2618 2572 post
2650 2502 2929 2557 Neronem
2972 2508 3292 2573 rapuerunt
3335 2503 3666 2574 imperium,
3704 2504 3878 2560 Galba

2231 2589 2287 2644 in
2319 2590 2629 2662 llyspania,
2665 2604 2780 2661 quo
2815 2590 3030 2648 missus
3058 2597 3186 2648 erat
3216 2606 3347 2647 eum
3379 2593 3668 2662 exercitu,
3705 2593 3880 2648 Ottho

2228 2679 2442 2749 Roma,
2469 2677 2737 2736 Vitellius
2758 2679 2817 2735 in
2840 2679 3162 2751 Germania,
3189 2687 3703 2751 regnaveruntque
3732 2696 3879 2737 anno

2229 2779 2345 2824 uno
2375 2771 2432 2823 et
2468 2767 2765 2825 mensibus
2795 2782 2915 2825 sex.
2949 2799 3020 2809 —
3049 2768 3369 2826 Antiochiae
3400 2769 3700 2827 secundus
3727 2770 3880 2825 ordi-

2230 2861 2404 2912 natur
2433 2856 2748 2928 episcopus
2777 2857 3057 2927 Ignatius.

2229 2955 2355 3003 Anni
2388 2952 2679 3017 Vespasiani.

2304 3036 2468 3090 Anno
2487 3034 2798 3092 Dominicae
2823 3035 3243 3094 incarnationis
3264 3042 3353 3107 72,
3372 3039 3444 3094 ab
3466 3037 3621 3096 Urbe
3643 3040 3882 3097 condita

2231 3125 2355 3179 822.
2388 3122 2781 3195 Vespasianus
2805 3125 2860 3180 in
2882 3124 3138 3182 Iudaeam
3160 3140 3191 3182 a
3216 3127 3437 3184 Nerone
3459 3142 3591 3185 cum
3612 3130 3888 3187 exercitu

2232 3211 2469 3281 missus,
2499 3217 2799 3284 comperta
2823 3219 3008 3270 morte
3030 3214 3294 3286 Neronis,
3320 3215 3390 3271 ab
3411 3217 3677 3273 exercitu
3707 3218 3884 3289 impe

2233 3304 2397 3359 rator
2427 3299 2706 3367 efficitur;
2751 3302 3113 3374 dimissoque
3139 3304 3266 3360 Tito
3303 3304 3421 3360 filio
3456 3319 3564 3362 suo
3596 3305 3652 3361 in
3683 3306 3889 3364 Iudaea

2238 3389 2307 3445 ab
2324 3389 2703 3448 obsidendam
2723 3390 3186 3463 Hierosolimam,
3204 3394 3327 3465 ipse
3348 3408 3453 3465 per
3473 3392 3887 3452 Alexandriam

2237 3478 2537 3551 profectus
2567 3484 2658 3536 est
2686 3480 2943 3550 Romam,
2978 3481 3097 3551 ubi,
3133 3487 3376 3553 accepto
3410 3482 3677 3553 imperio,
3710 3486 3891 3557 septi-

2238 3581 2366 3624 mus
2414 3567 2564 3639 (220)
2612 3569 2684 3624 ab
2733 3571 3016 3639 Augusto,
3050 3570 3313 3639 regnavit
3347 3570 3515 3627 annis
3544 3572 3607 3635 9;
3637 3572 3888 3631 obscure

2239 3654 2473 3726 quidem
2499 3660 2672 3712 natus
2706 3657 2806 3725 (Η.
2830 3671 2906 3713 m.
2933 3662 2989 3714 et
3013 3659 3093 3714 Η.
3119 3658 3242 3728 8.),
3275 3658 3377 3716 sed
3406 3658 3491 3714 vir
3511 3658 3758 3717 militari
3775 3662 3890 3718 vir-

2238 3748 2368 3801 tute
2399 3744 2714 3816 precipuus
2735 3751 2793 3800 et
2819 3743 3057 3817 optimis
3076 3745 3522 3817 comparandus,
3549 3752 3762 3819 utpote
3792 3752 3885 3821 qui

2240 3846 2273 3888 a
2309 3832 2548 3890 Claudio
2578 3832 2795 3891 missus
2826 3833 2882 3889 in
2915 3835 3298 3905 Germaniam,
3337 3835 3546 3893 deinde
3576 3837 3633 3893 in
3663 3837 3887 3896 Britan-

2241 3922 2392 3979 niam
2413 3919 2501 3991 ⁸²⁰,
2528 3921 2729 3979 tricies
2757 3926 2817 3978 et
2852 3922 2941 3978 bis
2962 3937 3093 3980 cum
3123 3923 3292 3980 hoste
3322 3924 3582 3981 conﬂixit
3616 3926 3888 3984 multum-

2243 4024 2353 4082 que
2380 4011 2638 4069 Romano
2670 4010 2920 4083 imperio
2952 4010 3180 4080 adjecit.
3215 4012 3397 4069 Hicin
3420 4013 3665 4085 imperio
3697 4015 3889 4073 mode-

2244 4104 2368 4156 rate
2396 4112 2461 4156 se
2490 4097 2689 4169 gessit.
2723 4100 2881 4156 Inter
2908 4104 3105 4157 cetera
3132 4114 3381 4174 namque
3411 4101 3561 4159 bona
3592 4103 3744 4160 hanc
3762 4118 3890 4175 gra-

2244 4188 2382 4244 tiam
2414 4186 2638 4258 habuit,
2673 4192 2735 4245 ut
2768 4188 3111 4246 inimicicias
3143 4190 3199 4245 in
3229 4191 3408 4247 corde
3438 4206 3552 4249 non
3583 4192 3887 4261 retineret,

2246 4277 2303 4333 in
2324 4280 2551 4334 tantum
2575 4280 2637 4333 ut
2661 4275 2837 4334 ﬁliam
2860 4278 3110 4350 predicti
3140 4278 3359 4336 Vitellii
3384 4280 3598 4337 inimici
3622 4282 3740 4352 sui,
3773 4297 3894 4339 mu-

2248 4364 2346 4422 ltis
2374 4364 2632 4422 dotatam
2674 4365 2917 4439 divitiis,
2960 4367 3327 4426 nobilissimo
3366 4368 3632 4427 traderet
3658 4372 3891 4428 marito.

474 4462 672 4516 tamen
701 4455 902 4527 copias
934 4453 1155 4511 habens
1177 4452 1250 4509 ad
1272 4450 1507 4524 bellum,
1534 4457 1741 4526 sponte
1773 4456 1958 4510 semet
1979 4452 2133 4512 occi-
2158 4446 2215 4512 D
2244 4452 2348 4511 Hic
2375 4467 2507 4512 cum
2531 4453 2602 4511 ab
2623 4455 2824 4513 amicis
2853 4462 3190 4515 moneretur
3209 4456 3278 4490 ⁸²¹
3302 4462 3364 4515 ut
3387 4462 3622 4516 caveret
3655 4474 3720 4517 se
3741 4475 3776 4517 a
3796 4462 3899 4519 Ta-

476 4546 584 4619 dit,
610 4548 705 4602 38°
726 4541 919 4601 aetatis
949 4555 1098 4601 anno
1129 4544 1448 4613 transacto,
1471 4544 1568 4599 95°
1589 4541 1815 4615 imperii
1837 4540 1950 4613 die,
1975 4541 2132 4600 scili-

475 4638 573 4695 cet
604 4646 803 4693 mense
833 4635 914 4690 4ο.
952 4629 1056 4688 Hic
1087 4629 1344 4703 prepriis
1383 4629 1670 4690 militibus
1706 4634 1826 4687 tam
1864 4629 2129 4688 amabilis

475 4725 608 4797 fuit,
643 4728 712 4784 ut
740 4721 1026 4796 plerique,
1073 4722 1205 4778 viso
1249 4719 1377 4791 ejus
1426 4734 1674 4793 corpore
1725 4724 1974 4791 mortuo,
2008 4718 2130 4779 suis

474 4814 745 4875 manibus
777 4809 1109 4869 interirent.

544 4912 790 4964 Vitellius.

544 4991 843 5064 Vitellius,
866 4990 1105 5049 Romam
1127 4987 1319 5049 victor
1340 4988 1659 5064 ingressus,
1676 4991 1735 5050 vi
1749 4992 2005 5050 Romano
2029 5006 2127 5065 po-

2244 4543 2422 4600 metio
2475 4543 2881 4616 Pomposiano,
2908 4544 2979 4602 de
3004 4560 3119 4616 quo
3142 4560 3332 4604 sermo
3362 4547 3718 4618 vulgabatur
3742 4550 3897 4620 quod

2244 4636 2594 4703 regnaturus
2611 4637 2791 4705 esset,
2813 4633 3115 4691 consulem
3140 4633 3302 4691 illum
3328 4636 3484 4707 fecit,
3506 4635 3778 4697 alludens
3794 4638 3901 4708 tali

2241 4720 2451 4777 cavillo
2486 4740 2498 4776 :
2535 4719 2782 4787 Quando
2817 4735 3068 4793 regnum
3094 4724 3396 4794 acceperit
3421 4725 3595 4794 ,talis
3626 4724 3903 4799 beneﬁcii

2237 4820 2450 4867 memor
2476 4809 2609 4867 erit.
2640 4808 2872 4867 Talibus
2903 4824 3039 4882 sepe
3067 4810 3266 4867 verbis
3290 4810 3658 4882 jocularibus
3689 4815 3908 4873 amico-

2237 4911 2366 4957 rum
2398 4898 2514 4956 iras
2545 4898 2819 4970 placavit.
2876 4899 3132 4971 Cumque
3179 4900 3418 4958 Romam
3457 4902 3756 4960 incendiis
3783 4908 3911 4963 rui-
3984 4918 3986 4927 '

2237 4986 2445 5062 nisque
2464 4986 2771 5047 veteribus
2794 4986 3139 5045 destitutam
3164 4994 3488 5063 repararet,
3512 5005 3583 5048 ac
3603 4991 3791 5050 multa
3810 5008 3912 5053 re-

1862 5108 2101 5165 VARIE
2148 5104 2543 5165 LECTIONES.

543 5214 692 5289 Fuga.
728 5214 892 5289 dicto
922 5216 1117 5289 {5,90,
1166 5212 1237 5250 ω
1266 5211 1716 5289 Neronisjon'.
1758 5213 1960 5289 neroni
2008 5217 2087 5272 9°.
2138 5214 2340 5289 neroni
2388 5211 2467 5289 υτ
2494 5211 2614 5289 _“‘
2641 5215 2872 5289 galbam
2919 5211 3089 5277 Ottho
3136 5223 3187 5276 3.
3267 5217 3337 5255 “7
3367 5218 3509 5278 etho
3558 5219 3729 5281 codd.
3762 5220 3828 5281 λ.
3871 5225 3908 5283 ι.

475 5286 555 5327 ⁸η
584 5287 755 5348 deest
770 5291 850 5345 9°.
926 5284 997 5321 ’δ’
1025 5285 1221 5345 avium
1248 5287 1329 5345 1b.
1367 5292 1451 5345 ﬂ.
1527 5285 1600 5323 ⁸³⁰
1628 5285 2005 5345 brittbauiam
2035 5290 2086 5342 ὅ.
2166 5285 2237 5321 ιιι
2256 5287 2471 5361 pergit
2491 5287 2539 5345 Ε
2567 5292 2616 5345 1.

542 5481 795 5559 (milia
824 5481 920 5545 his
945 5482 1210 5544 numeris
1237 5480 1616 5543 Ekkebardus
1642 5480 1930 5555 deinceps
1959 5391 2371 5555 Hiegfnlvﬁum
2400 5480 2696 5557 sequitur,
2722 5495 2798 5541 ex
2830 5496 2947 5556 quo
2980 5482 3156 5543 etiam
3191 5483 3354 5559 regni
3384 5498 3573 5546 annos
3590 5490 3654 5545 et
3678 5501 3890 5550 mense

472 5550 766 5620 enotavit.
