3992 6054
201 214 324 280 6⁸7⁸7

1076 218 1509 286 CHRONICA.
1560 257 1630 271 —-
1656 221 2135 289 CHRONICON
2179 223 2736 295 UNIVERSALE.

3497 241 3615 303 6'18

198 368 319 423 gno
351 355 608 412 Romano
639 350 942 426 adjiciens,
976 368 1106 413 cum
1138 354 1265 412 Tito
1297 354 1420 414 ﬂlio
1450 354 1520 414 de
1552 358 1849 430 superatis
1880 360 1936 420 A
1967 357 2222 426 Quadam
2272 363 2470 436 itaque
2519 364 2614 421 die
2646 364 2780 421 dum
2801 363 2869 398 ⁵³⁷
2898 366 3315 427 recordaretur
3343 387 3397 428 in
3444 389 3609 432 coena

194 441 422 500 Iudaeis
443 444 857 515 triumpharet,
876 444 1222 517 cunctisque
1247 445 1511 503 amabilis
1534 447 1847 503 existeret:

200 532 487 602 proﬂuvio
514 534 739 590 ventris
800 534 1011 603 fessus,
1047 535 1104 590 in
1136 535 1271 590 villa
1303 536 1541 607 propria
1571 536 1728 592 circa
1756 535 1852 591 Sa-

196 621 372 679 binos
402 621 649 691 interiit,
681 637 831 680 anno
861 624 1055 682 aetatis
1081 622 1148 656 ⁶²²
1174 627 1264 680 79.

267 714 357 768 26.
391 716 442 767 1.
476 710 641 781 (0hr.
708 712 965 770 W.—H.
1014 716 1118 785 m.)
1153 714 1332 786 Cujus
1354 728 1503 772 anno
1549 714 1735 786 primo
1767 713 1852 769 Ti-

193 801 316 870 tus,
353 799 506 857 ﬂlius
532 800 678 872 ejus,
705 802 939 858 Iudaeos
978 802 1353 859 inenarrabili
1385 804 1531 859 fame
1562 801 1848 859 cruciavit

193 888 494 961 obsessos,
511 905 780 962 premens
791 907 891 949 eos
905 891 1155 949 diversis
1169 892 1400 949 bellicis
1417 890 1844 949 instrumentis.

265 981 316 1034 2.
345 981 508 1035 Anno
559 980 865 1037 dominicas
895 980 1316 1039 incarnationis
1360 985 1447 1037 73.
1486 978 1848 1037 Hierusalem

190 1079 225 1121 a
256 1067 384 1122 Tito
414 1067 663 1141 capitur,
706 1084 818 1126 non
852 1069 979 1126 sine
1009 1071 1193 1128 multo
1250 1086 1485 1128 suorum
1540 1068 1843 1139 sanguine,

1964 447 2118 515 quod
2141 463 2205 504 ea
2229 449 2322 506 die
2354 451 2497 507 nulli
2546 453 2853 524 quicquam
2887 456 3267 526 prestitisset,
3292 459 3437 515 dixit
3470 464 3615 521 assi-

1963 534 2239 595 dentibus
2263 558 2275 592 :
2298 540 2512 605 Amici.
2546 542 2719 598 hodie
2752 543 2905 600 diem
2921 544 3189 615 perdidi.
3227 549 3389 603 Anno
3420 555 3613 609 autem

1960 626 2287 683 :etatissuze
2308 631 2402 683 420
2424 628 2566 684 obiit
2594 630 2648 684 in
2674 631 2871 686 eadem
2892 631 3026 688 villa
3052 649 3163 703 qua
3189 639 3248 691 ct
3271 641 3440 708 pater
3461 640 3617 710 ejus.

1960 714 2174 771 Tantus
2203 731 2342 773 vero
2372 717 2642 789 planctus
2677 719 2783 777 fuit
2816 721 2869 776 in
2906 722 3048 777 urbe
3081 723 3259 781 Roma
3292 741 3398 797 pro
3422 734 3609 785 morte

1959 801 2105 875 ejus,
2145 808 2308 877 quasi
2341 810 2583 880 orphani
2620 809 3094 882 relinquerentur
3126 829 3155 869 a
3189 820 3375 886 patre.

2032 901 2081 950 1.
2116 897 2326 971 (HN-3R.)
2373 899 2563 955 Primo
2597 900 2776 970 igitur
2811 901 3037 973 imperii
3092 904 3180 960 sui
3213 919 3362 962 anno
3391 909 3610 980 amphi-

1959 982 2251 1043 theatrum
2306 988 2500 1045 Romae
2557 988 2890 1059 aedificavit,
2926 990 2982 1045 in
3014 990 3182 1061 cujus
3239 993 3608 1054 dedicatione

1956 1075 1986 1125 5
2020 1072 2174 1128 milia
2210 1075 2460 1132 ferarum
2492 1075 2562 1108 ⁵³⁸
2593 1077 2838 1134 occidit.

188 1156 594 1228 subversaque
623 1158 886 1228 civitate,
930 1162 1035 1216 600
1057 1158 1639 1219 miliamJudaeorum
1669 1158 1837 1213 inter-

2029 1161 2125 1233 (H.
2154 1163 2259 1234 Μ.)
2293 1166 2354 1220 Α.
2391 1166 2454 1221 D.
2488 1169 2575 1222 82.
2634 1166 3021 1239 Repentinum
3055 1166 3383 1227 incendium
3411 1172 3608 1231 Romae

190 1243 354 1315 fecit,
389 1250 452 1300 ut
474 1244 772 1303 Cornelius
792 1252 853 1303 et
895 1248 1209 1305 Suetonius
1238 1248 1518 1305 referunt.
1553 1246 1845 1317 Iosephus
1956 1264 2059 1321 per
2089 1251 2348 1309 triduum
2384 1254 2508 1310 fuit.
2563 1255 2893 1312 Secundum
2914 1256 2981 1289 ⁶²⁹
3003 1256 3478 1317 aacclesiasticam
3512 1262 3612 1335 hy-

187 1347 352 1424 vero,
376 1336 472 1406 qui
504 1340 560 1392 et
591 1336 886 1409 Josippus,
922 1352 1073 1394 unus
1103 1352 1175 1394 ex
1221 1336 1455 1407 Iudaeis,
1488 1336 1584 1407 qui
1617 1336 1669 1391 ei
1706 1339 1844 1424 tunc
1955 1339 2196 1395 storiam
2230 1341 2382 1411 (Ens.
2430 1344 2508 1399 H.
2561 1359 2608 1400 α.
2670 1361 2751 1415 ιιι,
2787 1350 2872 1415 12,
2940 1348 3044 1419 14),
3110 1347 3389 1405 defuncto
3445 1350 3605 1424 Lino,

188 1421 350 1479 bello
376 1425 612 1496 prefuit,
664 1425 872 1482 scribit
895 1426 1172 1485 undecies
1203 1430 1449 1485 centena
1509 1424 1664 1480 milia
1697 1422 1843 1480 fame
1953 1428 2270 1486 Anacletus
2301 1431 2608 1488 ordinatur
2652 1447 2819 1505 papa,
2855 1434 3125 1506 seditque
3157 1450 3341 1493 annos
3376 1441 3470 1506 12;
3506 1421 3606 1497 sed

189 1511 423 1582 perisse
468 1518 527 1570 et
550 1513 765 1585 gladio,
798 1519 858 1571 et
892 1520 1127 1575 centum
1162 1514 1318 1572 milia
1350 1514 1711 1587 captivorum
1741 1527 1845 1584 pu-
1953 1514 2051 1571 alii
2083 1516 2192 1574 hoc
2223 1524 2437 1588 negant
2470 1520 2556 1575 “0.

188 1598 344 1656 blice
372 1602 721 1659 venundata.
761 1603 974 1677 (HIER.)
1007 1606 1081 1660 Ut
1101 1610 1297 1662 autem
1331 1608 1491 1661 tanta
1525 1600 1841 1659 multitudo
2025 1607 2190 1662 Anno
2210 1607 2517 1664 Dominicaa
2542 1608 2960 1665 incarnationis
2981 1612 3067 1681 83,
3091 1611 3162 1666 ab
3187 1613 3339 1669 Urbe
3372 1614 3606 1673 condita

184 1688 586 1749 Hierosolimis
614 1693 998 1765 reperiretur,
1042 1708 1276 1751 causam
1309 1693 1627 1750 azimorum
1659 1690 1841 1747 fuisse
1870 1725 1926 1787 B
1952 1694 2075 1763 833,
2104 1694 2495 1765 Domicianus,
2574 1697 2910 1768 Vespasiani
2948 1702 3008 1754 et
3066 1700 3372 1758 Domitillae
3432 1702 3605 1775 filius,

187 1779 396 1849 refert,
421 1780 496 1837 ob
520 1795 648 1852 quae
662 1796 736 1838 ex
755 1782 1097 1853 omnigente
1116 1782 1449 1840 Iudaeorum
1469 1781 1541 1838 ad
1562 1778 1841 1851 templum
1870 1778 1920 1787 "
1956 1781 2139 1838 frater
2158 1783 2264 1839 Titi
2275 1783 2493 1855 junior,
2516 1800 2705 1841 nonus
2727 1787 2799 1841 ab
2825 1788 3114 1858 Augusto,
3140 1803 3384 1858 regnare
3403 1792 3604 1864 coepit,

183 1868 571 1942 conﬂuentes,
602 1872 745 1928 urbe
784 1871 948 1943 quasi
971 1885 1213 1929 carcere
1235 1877 1371 1929 sunt
1394 1870 1627 1927 inclusi.
1664 1869 1845 1940 Opor-
1956 1873 2013 1924 et
2047 1871 2213 1927 annis
2243 1876 2307 1927 15
2338 1886 2405 1929 ac
2437 1873 2734 1930 mensibus
2767 1888 2868 1931 sex
2900 1875 3181 1945 regnavit.
3220 1875 3319 1946 (H.
3353 1880 3457 1950 θη.)
3490 1881 3608 1936 Iste

182 1956 301 2049 tuit
323 1958 477 2014 enim
500 1962 563 2015 ut
595 1958 819 2016 hisdem
846 1959 1058 2018 diebus
1083 1960 1316 2032 paschae
1348 1958 1843 2049 interficerentur,
1959 1958 2204 2029 primum
2239 1960 2403 2016 tinxit
2435 1977 2499 2017 se
2532 1962 2970 2019 misericordem
3004 1970 3064 2019 et
3096 1965 3424 2023 modestum
3453 1982 3605 2039 esse,

181 2042 242 2100 in
256 2042 551 2117 mquibus
572 2047 933 2105 Salvatorem
957 2049 1406 2117 interfecerunt,
1429 2046 1735 2118 Colligitur
1749 2042 1848 2100 au;
1958 2049 2344 2119 moxTyberio
2367 2051 2762 2120 autCaligulae
2793 2051 2882 2107 vel
2916 2052 3129 2109 Neroni
3160 2053 3405 2110 similior
3436 2071 3606 2128 quam

178 2135 301 2191 tem
322 2149 492 2192 omne
537 2140 773 2208 tempus
808 2137 863 2194 in
898 2138 1217 2195 secundum
1257 2152 1469 2195 annum
1504 2130 1843 2208 Vespasiani
1957 2136 2110 2205 patri
2143 2141 2241 2192 aut
2260 2138 2449 2209 fratri,
2485 2139 2555 2195 ad
2590 2140 2780 2196 omnia
2808 2140 3063 2197 vitorum
3093 2157 3308 2211 genera
3338 2159 3607 2216 progres-

178 2226 241 2279 et
268 2224 708 2282 subversionem
758 2226 1283 2285 Hierosolimorum
1311 2225 1683 2285 novissimam
1716 2239 1747 2280 a
1778 2227 1844 2280 15
1956 2240 2056 2283 sus
2101 2232 2212 2297 est,
2246 2228 2300 2283 in
2355 2233 2580 2285 tantum
2617 2234 2677 2285 ut
2710 2244 2816 2300 pro
2865 2229 3192 2287 sceleribus
3223 2233 3492 2291 omnibus
3522 2243 3609 2292 se-

180 2326 334 2370 anno
356 2314 583 2384 Tyberii
614 2315 856 2372 czesaris
878 2320 939 2373 et
958 2318 1029 2373 ab
1051 2317 1296 2374 exordio
1330 2314 1686 2386 evangelicae
1715 2326 1843 2384 pre-
1866 2330 1871 2331 ί
1955 2315 2144 2370 eundo
2168 2315 2531 2372 Christianos
2546 2322 3023 2389 persequeretur,
3042 2320 3267 2390 primus
3285 2325 3419 2392 post
3433 2323 3609 2379 Nero-

181 2400 494 2460 dicationis
541 2403 673 2460 anni
707 2406 793 2475 42,
848 2418 880 2460 a
909 2392 1253 2477 captivitate
1311 2410 1506 2462 autem
1566 2417 1736 2475 quam
1770 2402 1841 2457 ab
1954 2418 2113 2471 nem;
2137 2405 2238 2475 (Η.
2262 2407 2439 2478 m.)in
2464 2421 2575 2477 qua
2602 2408 3013 2478 persecutione
3033 2410 3349 2467 Iohannem
3372 2416 3607 2483 aposto-

181 2489 473 2547 Antiocho
496 2492 655 2563 passi
680 2499 821 2549 sunt
858 2493 1044 2551 Judai
1067 2494 1200 2550 anni
1235 2494 1493 2562 ducenti,
1519 2508 1549 2549 a
1582 2490 1841 2549 secundo
1953 2488 2069 2548 lum
2099 2496 2157 2549 et
2190 2492 2607 2564 evangelistam
2638 2496 2713 2550 ob
2743 2496 3202 2567 predicationem
3230 2498 3394 2554 verbi
3425 2498 3605 2556 divini

180 2592 334 2635 anno
359 2579 535 2651 Darii,
595 2596 710 2652 quo
771 2582 1243 2639 readiﬂcabatur
1300 2581 1600 2654 templum,
1637 2583 1775 2647 590;
1807 2594 1837 2636 a
1950 2578 2008 2637 in
2037 2580 2313 2639 Pathmos
2344 2582 2592 2640 insulam
2626 2583 2931 2656 relegavit,
2961 2590 3019 2641 et
3061 2585 3313 2643 Flaviam
3344 2585 3604 2643 Domitil-

179 2668 370 2741 prima
427 2683 565 2728 vero
613 2669 684 2706 ⁴²⁸
729 2671 1119 2730 aedificatione
1173 2673 1282 2731 sub
1336 2672 1643 2729 Salomone
1702 2669 1835 2727 anni

179 2760 340 2815 1102.

250 2851 302 2904 3.
338 2849 402 2904 A.
431 2849 495 2906 Ι).
528 2851 617 2905 74.
677 2849 1069 2924 Vespasianus
1121 2849 1468 2923 Capitolium
1523 2849 1702 2922 coepit
1748 2863 1836 2905 re-

176 2933 490 2994 sdiﬂcare.

250 3026 303 3081 4.
336 3027 400 3081 A.
434 3025 500 3081 D.
533 3028 621 3097 7:5,
658 3025 879 3084 Seditio
910 3027 968 3084 in
1005 3026 1357 3085 Alexandria
1386 3031 1515 3084 orta
1538 3031 1650 3083 est.

251 3117 303 3170 5.
336 3116 401 3171 Α.
434 3115 497 3171 D.
533 3118 621 3172 76.
667 3114 948 3174 Colossus
975 3121 1211 3175 erectus
1241 3121 1352 3188 cst,
1389 3116 1612 3173 habens
1638 3113 1835 3171 altitu-

177 3202 374 3261 dinem
406 3204 619 3277 pedum
647 3210 885 3264 centum
913 3209 971 3263 et
998 3211 1244 3279 septem.

258 3297 312 3350 6.
345 3293 513 3366 (01w.
552 3296 662 3369 W.)
684 3298 751 3353 A.
781 3298 845 3353 D.
879 3299 967 3353 77.
998 3298 1287 3369 Iosephus
1309 3293 1837 3368 hystoriographus

185 3382 421 3442 claruit.

257 3477 309 3532 7.
346 3473 556 3545 (Ηιειι.)
589 3476 655 3532 Α.
693 3477 752 3533 0.
785 3479 873 3533 78.
932 3477 1073 3533 Tres
1128 3474 1402 3534 civitates
1463 3472 1618 3547 Cipri
1681 3477 1838 3529 terre

184 3568 351 3621 motu
378 3570 751 3622 corruerunt.

253 3657 308 3710 8.
340 3655 403 3710 Α.
436 3653 500 3710 D.
529 3657 616 3709 79.
652 3653 991 3710 Pestilentia
1024 3656 1220 3710 Romae
1254 3657 1414 3710 tanta
1439 3654 1589 3709 facta
1623 3653 1736 3722 est,
1772 3655 1835 3707 ut

182 3742 338 3800 intra
367 3757 484 3799 non
514 3741 731 3799 multos
758 3741 885 3799 dies
916 3743 1115 3810 decem
1155 3744 1334 3799 ferme
1354 3740 1511 3798 milia
1544 3739 1837 3796 hominum

183 3834 572 3902 morerentur,

253 3922 307 3976 9.
340 3922 407 3977 A.
437 3921 501 3976 D.
535 3922 629 3978 80.
670 3919 1058 3993 Vespasianus
1093 3918 1378 3992 proﬂuvio
1405 3917 1629 3975 ventris
1688 3932 1838 3974 mor-

184 4014 328 4068 tuus
359 4014 472 4067 est.

276 4107 403 4157 Anni
434 4107 547 4161 Titi.

257 4189 359 4260 (H.
384 4188 461 4246 Β.
484 4191 545 4243 et
564 4186 642 4243 H.
662 4185 767 4258 θη.)
794 4188 956 4242 Anno
977 4184 1290 4242 Dominicae
1305 4181 1728 4240 incarnationis
1744 4181 1833 4254 81,

182 4277 258 4335 ab
282 4278 433 4335 Urbe
451 4275 686 4335 condita
725 4278 849 4347 831,
880 4274 1064 4346 Titus,
1098 4272 1435 4346 Vespasiani
1464 4276 1522 4329 et
1573 4272 1834 4329 Domitil-

182 4365 256 4423 lae
285 4365 461 4437 illius,
494 4369 734 4423 octavus
763 4365 836 4421 ab
867 4364 1152 4434 Augusto,
1186 4362 1493 4434 imperium
1543 4361 1827 4433 suscepit,

1949 2666 2082 2742 lam,
2119 2668 2293 2727 filiam
2326 2672 2544 2729 sororis
2568 2672 2748 2728 Flavii
2780 2672 3113 2744 Clementis,
3150 2674 3206 2730 in
3252 2675 3598 2733 Pontianam

1946 2755 2015 2791 ³³¹
2036 2757 2282 2816 insulam
2301 2776 2432 2817 cum
2455 2760 2655 2818 multis
2685 2761 2814 2818 aliis
2832 2761 3118 2834 exiliavit,
3141 2761 3474 2834 multosque
3504 2780 3604 2821 no-

1948 2846 2096 2904 biles
2123 2863 2194 2903 ex
2218 2849 2489 2906 Romanis
2512 2850 2762 2906 necavit.
2787 2850 2891 2906 Hic
2919 2850 3214 2906 dominum
3248 2866 3315 2907 ac
3342 2851 3514 2909 deum
3538 2866 3601 2909 se

1947 2936 2229 3008 appellari
2261 2938 2554 3011 scribique
2594 2939 2787 3011 jussit,
2823 2938 3159 3011 nullamque
3218 2939 3330 2996 nisi
3363 2955 3602 2999 auream

1945 3024 2037 3083 vel
2071 3030 2403 3096 argenteam
2436 3031 2688 3084 statuam
2716 3027 2828 3084 sibi
2859 3027 2915 3083 in
2938 3026 3158 3099 palatio
3175 3029 3356 3085 statui
3389 3030 3604 3101 permi-

1946 3115 2041 3171 sit.
2068 3116 2129 3171 In
2170 3119 2390 3172 tantam
2438 3131 2577 3173 vero
2626 3115 2840 3172 mentis
2874 3116 3181 3186 segnitiem
3213 3116 3471 3188 devenit,
3510 3122 3594 3190 ut,

1948 3203 2186 3260 remotis
2208 3203 2493 3274 omnibus,
2517 3203 2678 3261 solus
2709 3205 2763 3259 in
2798 3204 3014 3277 palatio
3044 3218 3375 3263 muscarum
3408 3220 3603 3279 perse-

1949 3297 2231 3365 queretur
2254 3294 2497 3363 agmina.
2517 3294 2696 3359 Quem
2712 3308 2843 3350 cum
2859 3292 3091 3364 quidam
3112 3298 3603 3366 percunctaretur

1950 3397 2020 3439 an
2050 3382 2263 3453 aliquis
2293 3386 2449 3439 esset
2481 3382 2535 3438 in
2570 3381 2808 3454 palatio,
2845 3382 3148 3454 respondit
3183 3401 3195 3437 :
3255 3384 3347 3443 Ne
3396 3396 3605 3443 musca

1949 3472 2207 3545 quidem.
2247 3474 2503 3543 Cumque
2552 3471 2795 3529 odiosus
2825 3476 2980 3528 esset
3014 3470 3302 3541 omnibus,
3337 3472 3604 3543 conjura-

1948 3560 2108 3617 tione
2140 3574 2376 3617 suorum
2431 3560 2780 3618 interfectus
2809 3564 2901 3617 est
2932 3561 2988 3616 in
3022 3560 3258 3631 palatio,
3296 3562 3513 3619 asscita
3545 3561 3603 3619 in

1949 3648 2257 3707 consilium
2282 3665 2462 3708 uxore
2483 3664 2586 3708 sua
2603 3649 2860 3707 Domicia
2880 3650 2954 3706 ob
2979 3664 3231 3707 amorem
3254 3649 3481 3706 Paridis
3502 3650 3605 3708 hv-

1950 3738 2211 3810 strionis,
2234 3754 2384 3795 anno
2415 3739 2551 3795 vitae
2573 3753 2693 3795 suae
2741 3742 2857 3794 350.
2891 3739 3085 3796 Funus
3113 3741 3239 3810 ejus
3271 3754 3373 3811 per
3401 3739 3605 3812 vispil-

1950 3826 2278 3884 lionescum
2302 3827 2522 3898 ingenti
2546 3827 2832 3883 dedecore
2857 3831 3230 3897 exportatum
3252 3832 3311 3884 et
3335 3827 3604 3898 ignobili-

1950 3921 2043 3971 ter
2068 3920 2157 3971 est
2187 3916 2501 3986 sepultum,
2535 3919 2891 3985 senatusque
2922 3929 3132 3972 nomen
3164 3915 3292 3985 ejus
3317 3915 3604 3974 abraden-

1950 4004 2085 4061 dum
2108 4002 2175 4038 ⁵³³
2196 4002 2481 4074 decrevit,
2506 4018 2576 4059 ne
2596 4002 2724 4073 quis
2745 4018 2875 4059 eum
2905 4003 3317 4076 imperatorem
3343 4005 3600 4061 nomina-

1950 4096 2059 4149 ret.
2086 4093 2190 4149 IIic
2221 4092 2275 4146 in
2300 4096 2427 4149 arte
2458 4090 2776 4161 sagittandi
2808 4095 2924 4147 tam
2957 4091 3168 4148 doctus
3190 4092 3321 4164 fuit,
3352 4096 3417 4150 ut
3448 4093 3604 4150 inter

1946 4195 2236 4254 expansos
2269 4179 2487 4251 digitos
2517 4177 2768 4236 hominis
2815 4194 2846 4237 a
2879 4178 3051 4250 longe
3080 4180 3293 4238 stantis
3320 4180 3598 4253 sagittam

1944 4271 2396 4327 transmitteret.

2021 4365 2068 4417 1.
2103 4359 2315 4433 (HIER.)
2346 4358 2450 4416 Hic
2477 4357 2665 4431 primo
2687 4371 2835 4415 anno
2855 4374 2961 4417 suo
2984 4358 3289 4417 eunuchos
3313 4356 3440 4418 ﬂeri
3465 4375 3595 4435 pro-

181 4460 244 4511 et
272 4454 506 4513 duobus
528 4454 694 4511 annis
719 4453 1064 4525 duobusque
1095 4452 1393 4509 mensibus
1415 4449 1700 4521 regnavit.
1727 4450 1831 4506 Hic
1859 4442 1913 4504 D
1944 4450 2157 4508 hibuit.

182 4545 359 4604 etiam
386 4544 782 4617 Vespasianus
811 4557 884 4599 ex
914 4542 1146 4599 nomine
1173 4542 1357 4614 patris
1380 4541 1575 4599 dictus
1604 4544 1716 4611 est,
1740 4539 1832 4596 vir

184 4635 243 4693 in
264 4639 516 4706 utraque
537 4633 754 4704 lingua,
780 4631 1006 4689 scilicet
1032 4631 1214 4688 Greca
1233 4634 1292 4687 et
1316 4630 1535 4702 Latina,
1565 4628 1831 4686 disertis-

183 4723 383 4795 simus,
420 4721 930 4791 bellicosissimus,
983 4719 1513 4790 moderatissimus,
1549 4719 1832 4776 omnium-

184 4827 295 4885 que
315 4826 532 4883 genere
553 4811 839 4869 virtutum
854 4809 1162 4880 mirabilis,
1184 4809 1328 4866 adeo
1351 4813 1413 4866 ut
1431 4811 1608 4865 Amor
1638 4813 1699 4864 et
1729 4810 1831 4864 De-

183 4900 325 4959 litiae
340 4901 577 4974 generis
614 4899 847 4957 humani
881 4898 1203 4956 diceretur.
1230 4900 1429 4955 Tantoe
1458 4912 1599 4956 vero
1620 4896 1688 4930 ⁵²⁶
1718 4897 1829 4955 lar-

180 4992 384 5064 gitatis
410 4993 561 5062 erat,
592 4995 656 5048 ut
689 4989 835 5047 nulli
869 5005 901 5047 a
933 5003 993 5048 se
1025 4989 1246 5061 petenti
1275 4993 1537 5060 negaret.
1567 4990 1830 5061 Dumque

181 5080 713 5155 reprehenderetur
734 5081 808 5138 ab
833 5080 1035 5138 amicis
1052 5093 1157 5137 cur
1186 5080 1297 5136 hoc
1328 5079 1566 5150 faceret,
1590 5091 1833 5150 respon-

182 5171 268 5231 dit
299 5169 524 5230 nullum
582 5170 799 5229 debere
846 5170 920 5228 ab
951 5169 1306 5243 imperatore
1360 5166 1590 5225 tristem
1645 5168 1828 5226 exire.

2012 4545 2063 4597 2.
2090 4537 2256 4612 (σΙιγ.
2304 4538 2412 4611 W.)
2443 4541 2507 4595 A.
2541 4539 2605 4594 D.
2637 4540 2725 4595 84.
2776 4538 2939 4596 Titus
2966 4537 3209 4596 decreto
3241 4543 3485 4600 senatus
3514 4540 3603 4599 in.

1941 4635 2033 4689 ter
2066 4629 2207 4687 deos
2238 4632 2569 4701 reputatur.

2011 4724 2062 4775 3.
2098 4718 2310 4791 (Ηιειι.)
2342 4720 2409 4774 Α.
2442 4719 2504 4773 D.
2536 4720 2623 4773 85.
2658 4716 3032 4776 Domicianus
3054 4716 3341 4791 plurimos
3369 4722 3573 4776 senato

1941 4823 2067 4866 rum
2101 4808 2157 4862 in
2192 4807 2432 4863 exilium
2463 4806 2643 4861 mittit
2678 4805 2765 4862 ⁸³³.

2013 4901 2064 4955 4.
2102 4896 2267 4967 (0hr.
2317 4896 2425 4968 W.)
2460 4898 2522 4952 A.
2558 4897 2621 4951 D.
2653 4898 2739 4951 86.
2776 4894 3033 4951 Anianus
3051 4894 3279 4966 primus
3299 4898 3434 4967 post
3456 4894 3599 4951 Mar-

1943 5002 2076 5048 cum
2108 4984 2499 5055 Alexandriae,
2534 4983 2846 5057 episcopus
2863 4982 3031 5053 obiit,
3053 4986 3180 5054 post
3205 4986 3274 5040 22
3295 4982 3600 5056 episcopa-

1943 5083 2043 5137 tus
2072 5077 2164 5135 sui
2198 5089 2429 5132 annum.
2468 5073 2569 5131 Cui
2601 5072 2828 5131 Abilius
2858 5070 3151 5129 secundus
3176 5072 3487 5129 successit.

2013 5170 2064 5223 5.
2102 5165 2315 5238 (Iliam)
2344 5164 2410 5221 A.
2441 5164 2503 5220 D.
2536 5164 2621 5220 87.
2682 5160 3033 5229 Quintianus
3060 5157 3148 5235 f"
3178 5174 3254 5218 ex
3307 5160 3598 5235 Hyspania

1530 5303 1769 5361 VARIE
1825 5300 2228 5363 LECTIONES.

246 5404 317 5446 ⁸³³
348 5423 398 5466 a.
435 5419 539 5467 sue
561 5406 640 5464 9°.
673 5404 914 5463 LXVIII!
942 5404 1040 5462 E1.
1123 5401 1192 5437 ⁸²⁸
1217 5402 1383 5461 deost
1404 5405 1483 5459 9°.
1568 5400 1637 5435 ⁵³⁸
1663 5401 1831 5462 deest
1851 5408 1903 5461 5.
1988 5400 2056 5436 ⁶²⁶
2077 5404 2271 5459 autem
2295 5401 2345 5454 5.
2388 5466 2391 5467 ν
2431 5393 2500 5429 ⁸²⁶
2528 5394 2690 5454 deest
2714 5398 2791 5467 9°.

2880 5390 2950 5426 ⁸³⁷
2978 5391 3115 5450 dum
3132 5390 3310 5448 —die
3337 5389 3408 5449 in
3432 5402 3593 5448 mar-

170 5481 319 5555 ριπι
345 5459 410 5537 δά
435 5459 913 5555 “innima:
943 5459 2082 5555 βθοιιέιάιίέιλ-ρθεεηίξάὲεᾶὼιι
2130 5470 2199 5553 ιις
2221 5474 2281 5555 9?
2305 5459 3593 5555 add-.3.9999833295939199991919“,

180 5533 372 5628 quiet
402 5533 803 5613 Anacletus.
824 5546 894 5584 ⁸⁸³
922 5533 1264 5623 ροιιιίωιιδ.
1350 5543 1419 5583 ⁵³³
1448 5533 1844 5607 adridendum
1867 5533 1957 5608 ⁷5.”
2014 5543 2083 5582 ⁸³³
2110 5541 2273 5603 misit
2304 5543 2356 5599 5.
2442 5537 2511 5575 ⁶³⁴
2536 5538 2625 5600 ita
2641 5551 2757 5614 pro
2788 5533 3175 5611 quintilianus
3204 5533 3454 5599 codices.
