3992 6054
381 238 502 303 679

1543 198 2024 293 EKKEHARDI
2068 229 2625 294 URAUGIENSIS

3670 233 3795 297 680

381 376 859 449 Caiagurritanus
909 370 1129 441 primus
1160 364 1355 425 Roma
1388 362 1676 438 publicam
1711 365 1925 422 scolam
1957 362 2026 397 ⁸³⁸
2058 365 2111 424 Α
2141 378 2214 419 ex
2247 364 2457 419 familia
2489 365 2724 435 antiqua
2780 365 2962 435 magis
2996 379 3165 438 quam
3216 366 3394 437 clara,
3428 381 3556 424 cum
3586 372 3787 423 tamen

380 472 582 531 habuit
608 471 666 524 et
701 462 974 521 salarium
1011 474 1041 515 e
1072 460 1212 516 ﬁsco
1246 457 1491 528 accepit.

436 556 500 617 ’6.
537 562 599 616 A.
635 559 697 613 D.
730 557 815 609 88.
852 548 1217 607 Domicianus
1267 544 1707 602 mathematicos
1737 546 1792 597 et
1827 541 2028 614 phylo-

379 651 595 722 sophos
620 645 775 702 Urbe
811 639 1054 714 pepulit.

445 721 498 795 '7.
535 739 597 792 A.
633 736 696 790 D.
730 735 817 788 89.
856 728 1189 796 Anacletus,
1225 725 1437 782 tertius
1467 739 1495 779 a
1521 725 1715 794 Petro,
1743 721 2024 779 Clementi

376 825 686 893 successit,
735 821 1063 887 sedensque
1096 830 1225 871 ann.
1266 814 1348 883 12,
1413 827 1640 869 menses
1674 817 1757 879 10,
1819 825 2029 882 passus

377 920 465 972 est
502 915 612 971 sub
640 910 943 980 Trajano.6
972 907 1091 963 Kal.
1124 905 1248 961 Mai.

447 1008 498 1061 8.
535 1005 745 1076 (Ηιειι.)
787 1004 842 1056 Α.
879 1002 942 1055 1).
975 1001 1061 1055 90.
1120 994 1491 1052 Domicianus
1526 991 1710 1046 forum
1750 992 1811 1044 et
1844 986 2023 1043 multa

378 1091 622 1147 adificia
657 1090 814 1147 fecit.

441 1184 492 1236 9.
526 1176 693 1251 (0hr.
741 1175 848 1247 W.)
881 1177 942 1230 A.
979 1175 1040 1228 D.
1095 1176 1180 1228 91.
1213 1169 1447 1226 Heresis
1478 1164 1771 1222 Menandri
1796 1168 1851 1219 et
1885 1162 2025 1218 alio-

378 1284 503 1327 rum
536 1266 849 1323 multorum
882 1262 1167 1319 exoritur.

445 1362 528 1415 10.
568 1359 631 1413 A.
667 1356 728 1410 D.
756 1356 841 1409 92.
878 1351 1250 1407 Domicianus
1280 1346 1349 1402 de
1382 1344 1552 1400 Dacis
1580 1347 1641 1397 et
1664 1339 2022 1396 Germanicis

370 1447 547 1503 trium
558 1442 774 1516 phavit.

446 1540 527 1591 11.
565 1536 628 1589 A.
662 1534 725 1588 D.
761 1535 847 1589 93.
884 1530 1254 1587 Domicianus
1312 1522 1625 1597 prohibuit
1661 1519 1808 1574 vites
1840 1517 1893 1572 in
1931 1533 2024 1574 ur-

374 1624 547 1680 bibus
577 1622 691 1678 seri
720 1618 806 1677 ⁸⁸⁸.

449 1717 531 1770 12.
564 1713 752 1784 Hmn.)
790 1715 849 1766 A.
885 1712 946 1766 D.
978 1711 1066 1765 94.
1128 1704 1497 1763 Domicianus
1557 1699 2018 1773 persecutionem
2050 1725 2104 1785 B

373 1802 685 1859 secundam
719 1801 773 1855 in
834 1798 1219 1866 Christianos,
1272 1794 1491 1866 primus
1525 1795 1654 1862 post
1712 1791 2021 1863 Neronem,

368 1890 566 1947 movit.
600 1890 772 1946 Juxta
794 1887 862 1921 ⁸³⁷
902 1883 1378 1943 acclcsiasticam
1419 1879 1736 1951 hysteriam
1762 1878 1913 1947 (Eus.
1953 1876 2015 1930 11.

367 1994 415 2037 e.
453 1981 641 2048 "1,15,
671 1978 786 2049 34.)
821 1976 876 2030 in
911 1977 1055 2031 urbe
1088 1975 1263 2029 Roma
1300 1968 1635 2036 Anacletus,
1674 1971 1739 2021 1'2
1771 1965 1938 2021 annis
1965 1964 2020 2018 in

368 2068 713 2140 episcopatu
746 2064 987 2133 exactis,
1024 2058 1336 2118 sacerdotii
1371 2058 1565 2114 sedem
1595 2052 1872 2111 Clementi
1905 2056 2021 2107 tra-

370 2155 538 2224 didit,
574 2169 743 2227 quam
777 2153 874 2208 ille
904 2155 936 2206 9
967 2150 1132 2207 annis
1165 2147 1374 2204 tenuit.

445 2248 527 2300 13.
562 2244 775 2315 (Hii-3R.)
812 2244 874 2298 A.
911 2243 973 2297 D.
1017 2244 1103 2295 95.
1158 2236 1525 2294 Domicianus
1585 2231 1801 2288 multos
1858 2230 2021 2285 nobi-

366 2333 507 2390 lium
541 2329 814 2404 perdidit.

438 2423 521 2478 14.
559 2419 731 2492 (Vita
758 2419 825 2476 ις’.
854 2416 1050 2486 Dion.)
1086 2418 1149 2471 A.
1182 2414 1243 2469 D.
1276 2415 1363 2467 96.
1425 2407 1719 2465 Dionisius
1779 2405 2020 2475 Ariopa-

362 2510 504 2583 gita,
551 2508 772 2581 primus
797 2502 1234 2561 Atheniensium
1267 2500 1582 2572 episcopus
1609 2511 1638 2552 a
1671 2494 1851 2551 Paulo
1884 2508 2019 2583 apo-

364 2581 518 2655 stolo
531 2596 909 2663 constitutus,
925 2593 1027 2650 sed
1053 2597 1257 2663 postea
1276 2591 1331 2644 in
1348 2588 1562 2643 Gallias
1582 2585 1919 2657 predicator
1934 2581 2019 2638 di-

365 2691 588 2756 rectus,
622 2682 776 2756 apud
808 2681 1096 2738 Parisium
1126 2677 1451 2735 decollatus
1484 2681 1572 2732 est
1609 2689 1739 2730 eum
1773 2672 2015 2729 Rustico

363 2778 425 2831 et
454 2771 812 2840 Eleutherio,
849 2770 956 2825 sub
996 2766 1250 2823 Sisinnio
1304 2765 1586 2836 prefceto,
1643 2777 1793 2819 anno
1825 2776 1853 2817 a
1887 2775 2017 2831 pas-

369 2861 533 2919 sione
561 2858 786 2916 Domini
815 2858 911 2913 64.

439 2955 521 3008 15.
556 2947 766 3022 (Ηιειι.)
800 2948 863 3003 Α.
898 2948 960 3002 1).
993 2948 1086 3001 97.
1117 2942 1308 3000 Flavia
1340 2938 1631 2998 Domitilla
1661 2938 1716 2995 in
1768 2936 2016 2994 insulam

364 3039 708 3098 Pontianam
739 3036 980 3095 exiliata
1007 3038 1116 3090 est.

438 3131 521 3185 16.
558 3125 726 3197 (0hr.
775 3124 881 3196 W.)
914 3124 977 3180 A.
1014 3123 1076 3178 D.
1112 3124 1198 3177 98.
1236 3118 1604 3176 Domicianus
1635 3130 1664 3173 a
1690 3115 1815 3173 suis
1842 3114 2020 3169 inter-

364 3217 557 3275 fectus
585 3219 695 3272 est.

437 3316 740 3463 ram.)
777 3393 935 3445 Anno
984 3386 1297 3443 Dominica
1345 3380 1765 3439 incarnationis
1795 3383 1884 3451 99,
1920 3383 2021 3437 [Tr-

369 3481 459 3539 bis
491 3494 631 3537 vero
664 3476 1014 3535 '“eondita
1065 3477 1189 3544 849,
1249 3474 1434 3528 Nerva
1495 3470 1792 3539 Cocceius,
1844 3469 2017 3540 opido

362 3564 671 3628 Narniensi
702 3568 960 3638 genitus,
988 3563 1192 3620 media
1216 3560 1567 3630 nobilitatis,
1593 3559 1904 3615 admodum
1930 3573 2020 3615 se-

363 3673 497 3730 nex,
532 3657 794 3714 decimus
850 3655 921 3709 ab
954 3655 1237 3722 Augusto,
1274 3648 1536 3720 suscepit
1570 3648 1896 3719 imperium,
1932 3662 2020 3703 re-

363 3745 683 3820 gnavitque
712 3758 863 3801 anno
888 3757 1021 3810 uno,
1043 3753 1267 3796 menses
1291 3744 1564 3809 quatuor,
1588 3736 1711 3792 dies
1733 3741 1885 3793 octo.
1915 3736 2017 3795 Hic

364 3835 423 3892 in
451 3834 679 3907 privata
696 3832 813 3888 vita
830 3831 1166 3886 moderatus
1178 3833 1237 3883 et
1252 3831 1300 3884 st
1312 3825 1608 3895 renuus,in
1626 3825 1866 3895 imperio
1879 3826 2017 3880 civi-

363 3922 645 3981 lissimum
678 3936 741 3977 se
773 3925 832 3977 et
861 3918 1257 3990 aquissimum
1292 3914 1545 3987 prebuit.
1573 3912 1777 3983 (Hice)
1806 3914 1907 3970 Hic
1942 3930 2016 3971 ex

361 4011 605 4070 decreto
637 4016 876 4067 senatus
919 4005 1234 4063 constituit
1284 4003 1514 4059 irritum
1548 4002 1672 4058 fieri
1733 4003 2013 4074 quicquid

355 4100 727 4158 Domicianus
762 4097 885 4154 ﬁeri
915 4095 1115 4166 jussit,
1149 4098 1209 4150 et
1241 4092 1437 4149 edicto
1460 4106 1564 4149 suo
1586 4091 1789 4148 exules
1814 4107 2014 4149 omnes

354 4189 677 4249 revocavit.
707 4188 806 4258 (Η.
858 4190 962 4258 m.)
994 4185 1153 4241 Unde
1200 4187 1259 4240 et
1291 4186 1530 4240 sanctus
1559 4182 1851 4238 Iohannes
1883 4198 2018 4255 apo.

356 4279 548 4337 stolus
577 4279 648 4335 ab
680 4275 857 4333 exilio
884 4275 1175 4346 Ephesum
1206 4272 1462 4341 rediens,
1488 4272 1547 4327 et
1570 4270 1896 4327 acclesiam
1915 4273 2015 4329 he-

353 4367 587 4425 resibus
613 4366 906 4421 turbatam
930 4361 1253 4431 inveniens,
1291 4360 1528 4416 hortatu
1561 4359 1807 4415 fratrum
1838 4373 2011 4417 evan-

2052 3080 2100 3143 C

2142 459 2308 523 pater
2337 453 2464 521 ejus
2496 454 2697 509 consul
2720 460 2900 515 esset.
2924 456 3077 526 apud
3104 456 3499 527 Agrippinam,
3528 454 3783 512 nobilem

2140 540 2335 598 Callia
2358 542 2677 612 civitatem,
2701 543 3019 613 imperator
3045 544 3234 600 factus
3247 551 3355 615 est,
3376 544 3779 615 regnavitque,

2140 631 2477 687 undecimus
2498 631 2569 687 ab
2593 636 2631 687 Α
2644 639 2874 703 ugusto,
2903 632 3067 688 annis
3094 636 3180 704 19,
3224 648 3449 690 menses
3466 637 3519 705 6,
3543 633 3671 689 dies
3697 638 3780 688 15.

2138 719 2239 774 Hic
2264 734 2382 774 rem
2410 719 2789 791 publicamita
2815 720 3243 778 administravit
3262 728 3320 778 ut
3342 724 3613 779 omnibus
3628 722 3787 794 prin-

2138 808 2367 879 cipibus
2400 809 2606 864 merito
2648 817 3092 881 proponeretur.
3156 813 3293 867 Nam
3326 827 3456 869 cum
3518 812 3633 867 duo
3664 811 3783 866 sint

2140 912 2265 967 qua
2284 898 2355 953 ab
2377 899 2630 967 egregiis
2666 899 3027 970 principibus
3057 904 3411 970 expetantur
3439 900 3529 970 ⁸⁸³,
3566 900 3785 956 sancti-

2138 991 2231 1041 tas
2254 987 2428 1056 domi,
2463 988 2518 1042 in
2552 988 2730 1042 armis
2766 988 3064 1058 fortitudo,
3101 989 3415 1059 utrobique
3444 989 3778 1059 prudentia,

2140 1078 2336 1131 tantus
2365 1076 2417 1130 in
2451 1091 2521 1131 eo
2564 1077 2938 1133 maximarum
2992 1092 3184 1133 rerum
3216 1078 3402 1134 fuerat
3463 1077 3688 1148 medus,
3720 1084 3784 1133 ut

2137 1164 2303 1233 quasi
2328 1169 2787 1235 temperamento
2829 1165 3075 1235 quodam
3102 1166 3350 1222 virtutes
3367 1166 3671 1222 miscuisse
3703 1166 3785 1222 vi-

2136 1250 2394 1323 deretur,
2430 1254 2539 1309 nisi
2576 1254 2728 1324 quod
2763 1254 2894 1309 cibo
2923 1254 3171 1325 vinoque
3218 1254 3513 1326 paululum
3548 1255 3783 1311 deditus

2134 1346 2280 1398 erat.
2311 1344 2550 1400 Laboris
2583 1345 2813 1416 patiens
2835 1345 2962 1415 fuit,
2983 1345 3524 1415 justiciajurisque
3546 1344 3778 1401 humani

2133 1436 2193 1487 et
2215 1430 2390 1488 divini
2428 1437 2543 1488 tam
2592 1440 2862 1505 repertor
2886 1434 3014 1490 novi
3061 1449 3228 1504 quam
3265 1438 3526 1490 veterum
3555 1438 3777 1497 custos.

2135 1521 2295 1590 (Aen.
2334 1522 2423 1591 V.)
2472 1522 2647 1579 Multa
2675 1523 2931 1579 Romano
2963 1522 3204 1594 imperio
3234 1522 3565 1593 adjiciebat,
3601 1523 3780 1579 multa

2135 1610 2409 1665 beneﬁcia
2429 1626 2531 1682 per
2550 1616 2736 1667 totum
2758 1613 2957 1668 orbem
2976 1613 3305 1683 quibusque
3322 1613 3623 1684 prestabat
3642 1630 3657 1680 ;
3674 1612 3781 1668 fuit

2134 1699 2283 1754 enim
2312 1698 2629 1756 bellicosus
2661 1704 2716 1755 et
2752 1700 2806 1755 in
2839 1701 3107 1756 omnibus
3140 1700 3307 1757 bonis
3336 1699 3651 1758 studiosus.
3676 1701 3779 1773 (H.

2133 1789 2236 1859 φη.)
2260 1789 2420 1844 Hune
2443 1803 2571 1845 cum
2605 1788 2775 1844 amici
2811 1788 3139 1860 culparent,
3175 1789 3327 1860 quod
3359 1788 3594 1845 nimium
3627 1804 3784 1845 com-

2124 1877 2326 1954 pinnis
2359 1882 2520 1933 esset
2542 1893 2680 1947 erga
2700 1892 2922 1948 omnes,
2950 1878 3259 1948 respondit
3285 1896 3296 1931 :
3338 1878 3665 1949 Imperator
3694 1878 3784 1935 ta-

2135 1967 2213 2023 tis
2228 1980 2348 2023 esse
2366 1966 2536 2023 debet
2554 1981 2699 2038 erga
2718 1967 3026 2037 subjectos,
3044 1967 3254 2039 quales
3284 1981 3428 2038 erga
3444 1981 3507 2025 se
3526 1968 3783 2038 impera-

2134 2056 2285 2113 tores
2296 2069 2419 2113 esse
2429 2056 2656 2126 aptaret
2667 2058 2791 2127 ipse
2793 2056 3092 2128 privatus.
3111 2056 3155 2111 11
3163 2056 3215 2126 uj
3225 2072 3291 2112 us
3313 2070 3453 2126 ergo
3467 2056 3778 2128 imperium

2132 2146 2487 2200 credebatur
2506 2144 2787 2201 divinitus
2805 2144 3003 2201 datum
3037 2145 3090 2200 in
3125 2144 3444 2202 remedium
3483 2146 3696 2218 perditi
3720 2153 3781 2201 et

2131 2233 2413 2304 prostrati
2460 2238 2703 2290 senatus
2748 2234 3006 2303 Romani,
3044 2248 3148 2305 pro
3181 2248 3249 2290 eo
3284 2233 3438 2304 quod
3499 2234 3780 2305 pleraque

2131 2322 2430 2391 magnifica
2466 2322 2608 2378 illud
2642 2321 3123 2401 dequnciaverint
3163 2320 3249 2392 ⁵⁸³,
3302 2322 3354 2377 in
3388 2321 3599 2392 quibus
3632 2322 3780 2378 illud

2133 2412 2494 2482 precipuum,
2530 2411 2684 2482 quod
2728 2412 2927 2468 cornix
2960 2428 2991 2469 e
3025 2411 3256 2482 fastigio
3280 2410 3547 2483 Capitolii
3586 2412 3780 2467 Attico

2128 2515 2393 2557 sermone
2438 2501 2748 2557 clamavit:
2782 2502 2967 2558 Icelos.
3008 2502 3109 2557 llic
3145 2506 3339 2573 postea
3374 2501 3658 2573 deceptus
3688 2518 3780 2558 er-

2129 2604 2281 2659 rore,
2312 2604 2441 2646 cum
2473 2590 2937 2661 persecutionem
2971 2590 3210 2646 terciam
3238 2594 3494 2646 moveret
3528 2591 3582 2644 in
3617 2590 3778 2645 Chri-

2129 2678 2374 2749 stianos,
2409 2684 2468 2734 et
2494 2679 2717 2736 Plinius
2752 2678 3072 2750 Secundus,
3109 2680 3206 2750 qui
3238 2678 3391 2734 inter
3425 2680 3774 2748 ceterosju-

2126 2767 2308 2837 dices,
2341 2771 2401 2823 ut
2424 2766 2814 2825 Tertullianus
2839 2768 3035 2837 refert,
3065 2772 3402 2839 persecutor
3432 2767 3604 2824 datus
3624 2772 3775 2837 erat,

2126 2856 2178 2912 ei
2204 2860 2569 2926 suggereret,
2592 2870 2693 2912 eos
2716 2857 2979 2913 homines
3004 2856 3179 2912 nichil
3204 2860 3393 2911 morte
3413 2856 3647 2925 dignum
3677 2871 3775 2926 ge-

2129 2959 2278 3015 rere,
2314 2946 2420 3000 nisi
2451 2944 2605 3015 quod
2641 2944 2752 3001 diis
2795 2960 2908 3002 non
2941 2944 3325 3015 immolarent,
3386 2951 3444 3000 et
3479 2944 3772 3001 Christum

2128 3033 2311 3089 veluti
2342 3035 2539 3103 Deum,
2575 3038 2708 3090 ante
2767 3033 2954 3090 lucem
2986 3036 3315 3103 surgentes,
3376 3031 3705 3102 laudarent,
3742 3047 3774 3090 a

2131 3122 2298 3179 malis
2321 3137 2459 3178 vero
2484 3122 2754 3179 omnibus
2772 3123 3161 3179 abstinerent:
3183 3122 3493 3194 rescripsit
3514 3120 3778 3191 eiTraja-

2132 3228 2238 3269 nus
2270 3212 2631 3269 Christianos
2689 3227 2792 3283 pro
2826 3210 2936 3267 fide
2988 3210 3322 3267 nullatenus
3354 3209 3772 3280 inquirendos;

2131 3302 2326 3372 sicque
2359 3302 2692 3372 persiecutio
2748 3301 2948 3357 sedata
2979 3303 3087 3356 est.
3124 3300 3307 3370 Igitur
3335 3298 3613 3369 Trajanus
3646 3304 3777 3370 post

2132 3391 2422 3459 ingentem
2445 3389 2688 3459 gloriam
2717 3389 2869 3445 bello
2894 3387 3161 3459 domique
3185 3388 3470 3459 quesitam
3489 3387 3776 3444 ePerside

2132 3478 2382 3549 rediens,
2417 3477 2569 3550 apud
2605 3477 2925 3534 Seleuciam
2961 3476 3212 3533 Ysauria
3246 3475 3528 3548 proﬂuvio
3550 3476 3777 3533 ventris

2129 3568 2457 3624 exstinctus
2506 3571 2616 3637 est,
2654 3582 2803 3623 anno
2847 3567 2983 3622 vita
3016 3581 3134 3623 sua
3165 3568 3282 3635 63°,
3317 3579 3510 3622 mense
3558 3564 3769 3636 primo.

2130 3655 2221 3711 die
2254 3657 2330 3723 4ο,
2367 3669 2564 3711 mense
2582 3654 2648 3688 ⁵⁸⁸
2698 3670 2837 3711 vero
2865 3659 2927 3708 7°
2957 3654 3089 3709 anni
3145 3653 3408 3710 vicesimi
3459 3653 3621 3725 regni
3655 3654 3769 3711 sui.

2129 3744 2303 3814 Cujus
2351 3744 2546 3801 exusti
2576 3743 2842 3816 corporis
2870 3757 3099 3799 eineres
3127 3742 3182 3796 in
3220 3756 3359 3798 urna
3391 3756 3568 3798 aurea
3600 3740 3769 3798 relati

2127 3835 2380 3904 Romani,
2418 3834 2637 3890 humati
2672 3837 2803 3889 sunt
2838 3832 2893 3887 in
2937 3833 3062 3888 foro
3111 3830 3334 3902 Trajani
3383 3830 3493 3887 sub
3523 3832 3649 3902 ejus
3675 3846 3773 3887 co-

2128 3922 2341 3993 lumna,
2359 3922 2526 3993 cujus
2542 3920 2792 3979 altitudo
2819 3922 2918 3976 140
2934 3920 3319 3992 pedesliabet,
3349 3922 3406 3974 et
3427 3919 3614 3988 imago
3635 3920 3771 3976 sub-

2129 4013 2320 4084 posita
2351 4016 2460 4082 est,
2495 4009 2975 4081 triumphantium
3001 4023 3159 4064 more
3190 4008 3440 4078 invecta,
3474 4012 3679 4063 senatu
3708 4011 3765 4063 et

2127 4102 2389 4157 exercitu
2425 4104 2724 4172 preeunte,
2776 4098 3051 4169 solusque
3083 4098 3337 4155 omnium
3369 4096 3523 4153 intra
3554 4097 3765 4153 Urbem

2126 4189 2396 4262 sepultus
2428 4193 2538 4245 est.
2568 4188 2749 4258 Hujus
2782 4187 3072 4244 memoria
3104 4191 3330 4243 tantum
3359 4184 3614 4242 delatum
3646 4191 3763 4255 est,

2125 4284 2186 4336 ut
2221 4294 2406 4350 usque
2440 4278 2510 4334 ad
2562 4282 2817 4334 nostram
2864 4280 3096 4333 atatem
3126 4290 3239 4332 non
3274 4274 3445 4330 aliter
3470 4274 3528 4331 in
3559 4277 3763 4331 senatu

2125 4367 2489 4439 principibus
2547 4366 2969 4423 acclamaretur
3016 4363 3123 4421 nisi
3156 4361 3451 4421 :Felieior
3475 4361 3763 4434 Augusto,

349 4454 566 4526 gelium
594 4452 856 4525 scripsit,
893 4465 1006 4521 quo
1040 4449 1209 4506 fidem
1243 4452 1460 4504 rectam
1494 4447 1859 4505 confirmavit
1888 4448 2001 4517 (Cf.

2133 4438 2327 4515 mlier
2357 4456 2620 4528 Trajano
2648 4454 2743 4526 (cf.
2776 4454 2855 4512 Η.
2889 4455 3010 4527 13.).

348 4545 504 4601 Bnns
554 4542 743 4613 Cum).
778 4541 965 4597 Nerva
998 4552 1158 4608 vero,
1193 4537 1473 4608 adoptato
1502 4536 1559 4592 in
1599 4551 1840 4607 regnum
1870 4538 2002 4593 Tra-

341 4631 710 4704 jano,morbo
723 4630 1031 4687 confectus
1044 4626 1416 4698 obiit,mense
1432 4626 1636 4697 quinto
1649 4626 1783 4682 anni
1797 4640 2001 4684 secun-

349 4722 407 4779 di
426 4720 654 4795 imperii
678 4720 789 4791 sui,
820 4718 1015 4776 atatis
1037 4715 1105 4751 ⁶³⁹
1132 4731 1282 4774 anno
1311 4720 1399 4772 72.
1437 4716 1541 4786 (Cf.
1581 4716 1772 4787 HIER.)

418 4821 562 4870 Anni.
594 4818 787 4881 Trajani
811 4815 897 4871 κο.

420 4906 523 4979 (Η.
545 4909 651 4979 m.)
675 4908 837 4964 Anno
875 4903 1186 4961 Dominica
1222 4901 1641 4959 incarnationis
1660 4901 1999 4969 centesimo,

346 4998 524 5056 Urbis
555 5012 695 5054 vero
725 4994 795 5030 ⁵η
822 4994 1074 5053 condita
1104 4996 1227 5050 850.
1262 4991 1467 5063 Ulpius
1507 4991 1786 5063 Trajanus
1817 4993 2002 5050 Crini-

350 5090 469 5157 tus,
499 5100 573 5144 ex
603 5085 747 5143 urbe
789 5083 1104 5143 Tudertina
1131 5080 1388 5154 genitus,
1422 5092 1639 5152 genere
1669 5081 1991 5155 Hyspanus.

2190 4552 2238 4603 1.
2276 4546 2442 4619 (σὴν.
2483 4546 2589 4615 W.)
2614 4545 2794 4615 Hujus
2832 4557 2982 4599 anno
3006 4542 3189 4616 primo
3209 4542 3501 4599 Iohannes
3530 4547 3763 4612 aposto-

2117 4637 2208 4693 lus
2237 4641 2295 4693 et
2317 4632 2677 4703 evangelista
2700 4632 2865 4704 apud-
2885 4631 3170 4703 Ephesum
3200 4628 3575 4699 obdormivit,
3612 4643 3763 4685 anno

2115 4740 2145 4782 a
2179 4724 2451 4797 passione
2508 4721 2730 4778 Domini
2788 4725 2903 4792 68°,
2963 4719 3096 4777 vita
3125 4734 3244 4777 sua
3300 4721 3417 4775 99°.
3449 4716 3762 4789 -(Hisn.)

2114 4812 2480 4870 Alexandria
2513 4811 2729 4867 tercius
2756 4808 3061 4867 ordinatur
3087 4808 3401 4882 episGOpus
3425 4806 3632 4876 Cerdo,
3663 4805 3762 4877 qui

2114 4901 2266 4959 sedit
2299 4900 2375 4957 ibi
2409 4900 2576 4955 annis
2609 4903 2693 4955 11.

2180 4995 2233 5046 2.
2269 4993 2334 5047 A.
2370 4991 2431 5045 D.
2469 4994 2589 5046 101.
2623 4988 2809 5045 Nerva
2831 4987 3003 5059 jussu
3032 4989 3274 5043 senatus
3306 4985 3461 5041 inter
3489 4984 3640 5041 Deos
3670 4995 3763 5039 re-

2113 5081 2300 5137 fertur
2326 5076 2413 5133 ⁸⁸⁸.

1704 5269 1942 5330 ῩΑΒΙᾹΞ
2000 5267 2401 5329 LECTIONES.

420 5411 681 5473 “'deeet
703 5416 781 5471 9°.
869 5412 1197 5472 '“fieri9c.
1262 5413 1317 5471 in
1373 5429 1429 5472 ιι.
1488 5429 1543 5471 ν.

346 5483 418 5559 ff?
446 5485 592 5547 Hae
617 5486 738 5559 giee.
770 5485 937 5559 godd.
1023 5484 1092 5559 ’ξι
1120 5486 1287 5545 deest
1308 5490 1361 5542 δ.
1398 5484 1512 5559 λ’⁴²
1537 5488 1926 5559 expectantur
1952 5485 2069 5542 E1:
2133 5483 2202 5559 "_'
2226 5481 2763 5559 prononeiaverunt
2782 5482 2832 5535 ὅ.

1596 5426 1643 5470 8.
1677 5417 1727 5469 5.
1812 5411 1882 5447 ⁸³⁷
1905 5411 2370 5471 Juxta—tenuit
2419 5407 2639 5469 demt
2680 5407 2777 5465 E1.
2855 5404 2924 5441 ⁸³⁸
2953 5404 3118 5465 deest
3141 5405 3237 5464 E1.
3322 5402 3392 5439 ⁸³⁹
3422 5418 3473 5461 a.
3536 5413 3644 5459 sue
3670 5402 3757 5458 9c.

2927 5475 2997 5512 ⁴⁸⁴
3026 5491 3225 5536 mense
3239 5507 3305 5520 —
3320 5476 3412 5535 sui
3439 5472 3658 5534 ἀσηπί
3673 5475 3754 5529 9°.

346 5554 418 5596 '“
442 5558 522 5623 9°.
551 5553 691 5622 add.
723 5576 740 5617 :
771 5555 1145 5619 Passionales
1171 5557 1547 5618 consentiunt
1570 5552 1876 5629 léronimo,
1909 5559 1942 5614 3
1974 5569 2124 5616 anno
2153 5552 2381 5628 Trajani
2416 5552 2776 5614 Clementem
2808 5563 3061 5626 passum.
