3992 6054
233 221 348 290 681

1110 218 1552 286 CHRONICA.
1585 255 1662 267 —
1693 213 2175 284 CHRONICON
2219 214 2749 286 UNIVERSALE

3519 233 3638 299 682

307 361 358 414 4,
395 357 560 428 (σήν,
606 357 710 428 W.)
748 360 809 412 Α.
843 359 906 419 D.
943 361 1062 414 103.
1098 355 1398 413 Evaristus
1451 369 1594 426 papa
1627 358 1876 424 quartus
1907 351 1965 414 A
1994 350 2222 410 luntate
2253 354 2381 424 ejus
2417 355 2606 412 factus
2649 362 2742 414 est
2788 357 3126 432 imperator,
3163 378 3400 435 operam
3444 372 3635 428 tamen

236 447 568 517 ordinatur,
606 447 933 516 sedensque
962 446 1126 502 annis
1157 440 1208 514 8,
1235 443 1458 516 patitur
1479 444 1588 500 sub
1615 442 1878 514 Trajano,

235 541 288 594 6.
327 535 448 592 Kal.
485 535 848 592 Novembris.

310 631 361 681 5.
397 627 460 681 A.
495 625 558 680 D.
594 627 716 681 104.
750 622 1030 694 Traianus
1064 622 1280 680 multos
1325 623 1580 679 Romano
1629 619 1888 693 subjecit

239 713 506 787 imperio.

313 810 366 860 7.
401 807 464 859 A.
498 805 560 858 Ι).
597 806 717 859 106.
753 801 1031 873 Trajanus
1065 801 1134 858 de
1167 799 1337 858 Dacis
1373 804 1428 857 et
1463 797 1654 870 Scytis
1687 798 1890 856 trium-

242 892 465 966 phavit.

314 985 367 1037 8.
405 979 611 1054 (Iliam)
667 982 730 1034 A.
776 981 990 1036 11.107.
1035 980 1372 1034 Tcrrcmotu
1422 979 1672 1050 quatuor
1714 975 1891 1032 urbes

247 1069 399 1126 Asiae
428 1068 725 1126 subversze
760 1072 918 1124 sunt.

323 1163 408 1215 10.
443 1160 506 1214 A.
541 1159 604 1212 D.
641 1161 760 1213 109.
791 1155 1068 1226 Trajanus
1109 1155 1576 1227 persecutionem
1625 1155 1891 1224 quartam

248 1247 320 1282 ⁵⁸⁸
350 1249 529 1304 movit
561 1247 616 1302 in
649 1245 1030 1315 christianos,
1054 1245 1108 1300 in
1133 1259 1242 1316 qua
1267 1253 1531 1316 Symeon,
1559 1241 1712 1300 ﬁlius
1735 1241 1896 1298 Cleo-

248 1337 402 1408 phae,
440 1335 535 1406 qui
570 1335 625 1390 in
657 1333 1057 1390 llierosolimis
1105 1333 1508 1404 episcopatum
1541 1331 1729 1388 tenuit
1763 1333 1895 1402 post

247 1425 550 1494 Jacobum,
577 1423 968 1491 cruciﬁgitur,
993 1437 1122 1478 eum
1145 1427 1300 1478 esset
1327 1435 1606 1478 annorum
1630 1424 1762 1484 120;
1793 1433 1898 1490 pro

253 1528 368 1584 quo
395 1514 596 1568 Justus
641 1511 964 1567 ordinatur.
998 1510 1164 1582 (0hr.
1211 1509 1317 1580 W.)
1366 1509 1624 1580 lgnatius
1667 1521 1897 1579 quoque

252 1599 546 1658 secundus
595 1599 917 1656 Antiochiae
963 1599 1273 1670 episcopus
1319 1599 1554 1654 Romam
1585 1596 1894 1666 adductus,

257 1691 465 1748 bestiis
493 1689 777 1755 traditur;
799 1703 906 1761 pro
931 1703 1044 1759 quo
1070 1688 1290 1746 tercius
1308 1690 1492 1744 llcros
1514 1685 1898 1744 constituitur

256 1781 492 1852 (illam).

329 1875 414 1924 11.
453 1870 516 1924 A.
551 1871 614 1924 D.
648 1873 769 1924 110.
801 1867 1025 1924 Plinius
1052 1867 1360 1924 Secundus
1397 1865 1595 1923 clarus
1626 1864 1896 1934 habetur,

255 1963 314 2015 et
347 1974 455 2030 pro
481 1956 818 2014 christianis
845 1956 982 2026 agit.

331 2049 413 2104 12.
443 2049 506 2102 A.
533 2047 594 2102 Ι).
623 2050 744 2100 111.
772 2044 1100 2102 Alexander
1131 2044 1369 2116 quintus
1398 2044 1670 2098 Romanae
1703 2039 1903 2098 accele-

256 2136 358 2193 siae
389 2151 534 2208 papa
566 2134 894 2205 ordinatur,
919 2133 1245 2204 sedensque
1269 2133 1435 2190 annis
1460 2137 1544 2198 10,
1569 2147 1699 2188 eum
1724 2131 1904 2186 Even-

255 2226 340 2283 tio
371 2229 431 2282 et
461 2223 750 2280 Theodolo
782 2223 1006 2296 patitur
1037 2229 1068 2279 5
1098 2224 1288 2278 Nonas
1316 2222 1419 2278 Mai
1464 2222 1574 2278 sub
1623 2219 1900 2290 Adriano,

256 2314 405 2372 duce
439 2313 752 2370 Aureliano
785 2311 880 2382 (cf.
919 2311 1060 2370 0hr.
1100 2310 1229 2382 W.).
1253 2310 1512 2376 Quartus
1537 2306 1905 2364 Alexandriae

259 2403 570 2461 ordinatur
593 2402 908 2475 episcopus
930 2401 1159 2457 nomine
1182 2398 1432 2472 Primus,
1450 2397 1721 2468 seditque
1739 2395 1908 2452 annis

263 2496 330 2548 12
357 2492 591 2564 (Hii-2m).

337 2584 422 2637 14.
457 2583 524 2636 A.
556 2581 620 2637 D.
661 2583 778 2636 113.
808 2580 949 2636 Tres
993 2578 1268 2636 civitates
1298 2575 1537 2634 Calatiae
1584 2577 1908 2632 terremotu

263 2674 640 2728 corruerunt.

343 2765 425 2817 15.
460 2761 522 2815 A.
560 2760 620 2816 D.
681 2761 806 2814 114.
857 2755 1260 2814 Ilierosolimac
1306 2759 1552 2827 quartus
1595 2753 1910 2826 episcOpus

261 2849 574 2906 ordinatur
597 2847 878 2918 Zacbeus,
905 2851 1034 2919 post
1062 2860 1229 2917 quem
1253 2845 1459 2902 Tobias
1483 2843 1746 2916 quintus,
1773 2843 1911 2898 Ben-

255 2937 439 3008 jamin
473 2939 696 3004 sextus,
719 2936 1011 2992 Iohannes
1044 2935 1354 3006 septimus,
1377 2931 1620 2990 Matbias
1639 2935 1907 3001 octavus,

1996 440 2170 498 dante
2193 442 2442 515 Plotina,
2461 460 2639 501 uxore
2660 447 2905 517 Trajani.
2925 450 3085 506 Unde
3108 455 3164 507 et
3185 452 3386 520 gloria:
3409 457 3638 528 'l‘rajani

1997 529 2284 602 invidens,
2318 537 2440 588 tres
2485 535 2816 604 provincias
2866 536 3126 610 reliquit,
3171 555 3317 611 quas
3359 544 3638 614 Trajanns

1997 619 2231 690 adjecit,
2258 622 2608 694 Armeniam,
2625 625 2916 694 Assyriam
2941 629 2998 682 et
3021 626 3516 700 Mesopotamiam.
3539 635 3638 692 llic

1999 708 2436 766 cruditissunns
2468 717 2525 766 et
2560 711 3009 772 facundissimus
3057 717 3169 773 fuit
3199 719 3382 777 Greco
3415 721 3641 781 Latino-

2003 812 2112 868 que
2143 811 2432 870 sermone,
2468 803 2676 857 acutus
2725 801 2894 860 nimis
2943 805 3014 861 ad
3063 805 3541 879 interrogandum
3581 819 3642 870 et

2003 886 2494 959 respondendum,
2529 890 2792 948 ordinata
2831 895 3194 965 respondens
3226 899 3534 972 ordinatis,
3557 901 3645 972 jo-

2002 974 2399 1048 cosajocosis,
2428 977 2708 1035 maledica
2742 979 3060 1054 maledicis,
3089 987 3439 1044 cantilenam
3463 993 3645 1048 canti-

2003 1063 2172 1136 lenis,
2191 1065 2323 1122 ﬁcta
2340 1065 2512 1137 ﬁctis,
2541 1067 2619 1123 ita
2649 1073 2710 1124 ut
2737 1072 3186 1140 premeditatum
3213 1077 3490 1135 crederes
3513 1095 3643 1137 eum

2003 1159 2208 1210 contra
2243 1155 2451 1212 omnia.
2473 1157 2532 1211 in
2558 1157 2828 1215 omnibus
2849 1161 3000 1217 enim
3023 1164 3209 1220 omnia
3244 1166 3438 1223 studia
3477 1169 3646 1227 Athe-

2006 1241 2288 1301 niensium
2319 1249 2558 1303 secutus
2586 1251 2694 1317 est,
2731 1247 2784 1304 in
2820 1248 3131 1324 loquendo,
3169 1255 3222 1310 in
3265 1259 3551 1330 canendo,
3588 1260 3644 1317 in

2009 1331 2327 1422 psallendo,
2356 1334 2410 1422 in
2447 1335 2744 1393 medicina)
2776 1343 2959 1396 artem
2993 1341 3294 1416 discendo,
3322 1347 3378 1402 in
3402 1349 3644 1422 musica,

2009 1419 2064 1474 in
2095 1421 2438 1488 geometria.
2465 1422 2628 1492 (Auu.
2655 1424 2737 1496 v.)
2761 1426 2901 1482 Item
2928 1428 3216 1498 pictorum
3247 1439 3303 1488 et
3339 1419 3647 1504 ﬁgulorum

2011 1509 2313 1568 scientiam
2333 1511 2554 1582 habuit,
2573 1516 2630 1567 et
2647 1515 2836 1571 omnia
2861 1515 2982 1573 haec
3009 1520 3263 1588 perfecte
3286 1523 3486 1580 didicit
3513 1528 3652 1584 alia-

2012 1613 2123 1668 que
2153 1599 2354 1668 multa,
2379 1599 2458 1654 ita
2493 1605 2552 1656 ut
2589 1617 2718 1658 rara
2751 1608 2910 1660 esset
2941 1621 3036 1662 res
3061 1606 3144 1662 illi
3168 1625 3278 1667 non
3301 1621 3566 1687 experta,
3590 1624 3650 1672 et

1928 1713 1982 1772 Β
2013 1701 2190 1758 super
2221 1702 2393 1758 quam
2426 1689 2583 1745 credi
2619 1693 2892 1762 possit“
2914 1695 3038 1752 llch
3061 1695 3116 1751 in
3141 1701 3413 1758 memoria
3441 1705 3654 1760 retine-

2016 1775 2134 1843 bat,
2168 1774 2316 1846 loca,
2350 1791 2468 1845 res,
2505 1793 2735 1850 causas,
2772 1781 3007 1853 milites,
3043 1789 3098 1840 et
3150 1801 3254 1842 eos
3303 1804 3448 1859 quos
3494 1807 3656 1848 num-

2014 1878 2185 1934 quam
2215 1864 2452 1922 videbat
2483 1869 2739 1940 propriis
2770 1871 3102 1929 nominibus
3133 1876 3485 1947 appellabat.
3524 1881 3654 1938 Fuit

2013 1952 2182 2010 bomo
2209 1954 2406 2011 varius
2434 1960 2493 2012 et
2522 1955 2591 1989 ⁸⁸⁰
2621 1957 2928 2030 multiplex
2958 1976 3021 2018 ac
3055 1963 3452 2039 multiformis,
3481 1969 3654 2026 dissi-

2012 2041 2267 2098 mulator
2299 2041 2356 2099 in
2386 2044 2536 2101 bono
2567 2049 2627 2102 et
2659 2046 2808 2104 malo
2840 2047 2937 2116 “1;
2959 2055 3018 2106 et
3051 2056 3113 2108 ut
3149 2057 3359 2112 bonum
3383 2072 3444 2113 se
3463 2062 3658 2114 osten-

2015 2129 2350 2200 deret,vitia
2366 2147 2493 2202 quae
2509 2132 2758 2190 habebat
2773 2136 2986 2194 callide
3001 2140 3652 2218 abscondebat.(H.m.)

2014 2218 2115 2274 Hie
2138 2233 2241 2290 per
2263 2218 2642 2292 Quadratum,
2665 2225 3063 2294 apostolorum
3085 2229 3457 2304 discipulum,
3475 2239 3535 2290 ct
3559 2249 3660 2305 per

2016 2306 2332 2364 Aristidem
2381 2309 2820 2383 Atheniensem,
2853 2314 3041 2372 virum
3093 2317 3206 2374 ﬁdo
3255 2320 3661 2393 sapientiaque

2017 2394 2272 2467 plenum,
2298 2400 2358 2452 et
2381 2410 2484 2468 per
2517 2399 2794 2458 Serenum
2820 2402 3091 2460 Granium
3119 2405 3374 2474 legatum
3399 2408 3567 2466 libris
3590 2411 3662 2468 de

2017 2483 2339 2541 christiana
2372 2485 2658 2556 religione
2691 2491 3036 2561 compositis
3085 2493 3432 2569 instructus,
3467 2499 3662 2557 mitior

2019 2572 2358 2630 christianis
2389 2574 2658 2635 efﬁcitur.
2695 2579 2880 2649 (Jonn.
2909 2597 2981 2637 nu
3000 2595 3204 2640 r.s.——
3225 2586 3303 2641 Η.
3323 2589 3428 2659 m.)
3450 2588 3664 2647 Multos
3741 2580 3756 2594 ’

2022 2660 2252 2718 labores
2283 2663 2561 2720 sustinuit
2593 2667 2794 2723 orbem
2822 2668 3161 2728 circuiendo
3189 2677 3248 2729 et
3279 2675 3458 2732 multa
3503 2691 3668 2748 repa-

2023 2749 2224 2821 rando,
2256 2751 2664 2810 Alexandriam
2696 2760 2753 2811 et
2787 2757 3228 2817 Ilierosolimam
3265 2762 3482 2820 dudum
3530 2765 3667 2822 sub-

2022 2851 2224 2894 versas
2256 2841 2632 2913 restauravit,
2665 2843 2905 2901 Judaeos
2927 2846 3118 2904 denuo
3161 2848 3414 2907 rebelles
3465 2851 3668 2909 ultima

2023 2927 2183 2983 czede
2230 2927 2582 3000 perdomuit,
2618 2930 2810 2988 ablata
2845 2933 2929 2990 eis
2961 2933 3197 2992 licentia
3228 2939 3668 2998 llierosolimam

267 3025 574 3098 Philippus
608 3040 816 3094 nonus,
852 3025 1066 3081 Seneca
1119 3023 1394 3093 decimus,
1424 3023 1627 3078 Justus
1677 3019 1912 3078 undeci-
1943 3065 1992 3128 Ο
2025 3015 3087 3090 introeundi,quamipseinmeliorem
3105 3030 3322 3083 statum
3347 3027 3402 3083 in
3425 3028 3667 3100 eoloco,

454 3113 522 3128 ιισι
605 3115 624 3128 π
725 3115 735 3124 -
815 3113 828 3128 ι
934 3115 946 3128 ι
1030 3114 1040 3124 ο
1259 3111 1458 3128 hm.-,--
1529 3109 1886 3128 4,_-J__2_--___
2026 3105 2121 3128 ..ιά
2153 3105 2426 3128 n-.--:.._--
2459 3106 2526 3128 κῃ
2563 3113 2717 3128 ---ι,.-
2767 3125 2829 3128 ΛΑ
2863 3115 2922 3128 ,1,
3189 3115 3239 3128 In
3477 3122 3485 3128 .

266 3130 396 3173 mus
454 3113 542 3184 “7,
604 3115 736 3170 Levi
797 3113 1197 3184 duodecimus,
1258 3111 1468 3168 Eﬁ‘rem
1529 3109 1908 3178 tredecimus,

261 3205 434 3260 Joses
464 3202 558 3259 vel
585 3202 800 3274 Josepli
831 3202 1090 3260 decimus
1123 3206 1392 3272 quartus,
1422 3199 1601 3256 Judas
1629 3197 1908 3266 decimus,

268 3291 529 3362 quintus.
557 3291 624 3348 Hi
659 3290 988 3362 quindecim
1019 3290 1092 3345 ab
1123 3288 1408 3361 apostolis
1440 3301 1626 3358 usque
1657 3285 1728 3342 ad
1759 3300 1916 3342 ever-

267 3379 490 3439 sionem
535 3382 594 3436 et
647 3378 1134 3436 restaurationem
1185 3375 1565 3446 Hierusalem,
1602 3390 1729 3446 quae
1781 3374 1916 3432 sub-

269 3468 527 3526 Adriano
557 3469 708 3526 facta
731 3473 840 3540 est,
865 3482 938 3524 ex
959 3466 1405 3524 circumcisione
1421 3465 1768 3537 prefuerunt
1789 3462 1918 3518 Hie-

251 3556 570 3614 rosolimis
601 3572 632 3614 a
667 3557 935 3628 passione
967 3554 1188 3612 Domini
1231 3569 1338 3626 per
1385 3569 1568 3611 annos
1619 3553 1738 3610 fere
1786 3565 1919 3608 cen-

271 3651 396 3704 tum
427 3649 488 3703 et
517 3661 638 3704 sex.

347 3734 433 3792 16.
471 3739 533 3792 A.
567 3737 632 3792 D.
669 3739 786 3790 115.
817 3734 1095 3806 Trajanus
1127 3732 1453 3790 Armeniam
1497 3735 1556 3788 et
1602 3731 1822 3802 Syriam
1853 3743 1920 3786 ac

275 3820 750 3895 Mesopotamiam
783 3821 922 3878 fecit
965 3818 1316 3893 provincias.

352 3913 435 3967 18.
471 3913 536 3967 A.
561 3911 604 3966 D
656 3915 775 3966 117.
801 3909 1147 3968 Salaminam
1181 3909 1352 3980 Cypri
1385 3909 1588 3966 urbem
1621 3906 1924 3964 subverte-

277 4004 418 4058 runt
467 3988 673 4056 Judaei.

351 4088 436 4144 19.
471 4089 538 4145 A.
570 4087 632 4142 D.
673 4091 795 4145 118.
829 4087 1112 4158 Trajanus
1144 4085 1429 4158 profluvio
1477 4083 1704 4140 ventris
1754 4081 1927 4137 mori-

279 4185 398 4235 tur.
423 4177 526 4232 His
549 4177 911 4248 temporibus
933 4175 1088 4248 apud
1114 4175 1306 4231 Asiam
1327 4175 1634 4245 supererat
1658 4171 1846 4228 adhuc
1867 4175 1927 4225 et

279 4266 530 4323 ﬂorebat
553 4279 626 4322 ex
643 4264 1047 4337 apostolorum
1066 4262 1371 4334 discipulis
1392 4261 1735 4332 Policarpus
1757 4257 1930 4314 Smir-

280 4369 526 4414 neorum
549 4353 832 4414 aecclesiaa
846 4351 1476 4426 episcopus,etPapias
1489 4350 1762 4407 similiter
1775 4345 1929 4419 apud

283 4441 638 4517 Hierapolim
669 4442 1063 4500 sacerdotium
1095 4455 1324 4512 gerens.

285 4533 433 4591 Anni
467 4531 726 4590 Adriani.

2026 3105 2123 3161 ubi
2151 3105 2429 3162 Dominus
2459 3106 2526 3138 ⁸⁵³
2557 3113 2722 3164 extra
2766 3115 2992 3181 portam
3041 3115 3360 3172 cruciﬁxus
3407 3122 3514 3188 est,
3553 3131 3675 3173 res-

2024 3194 2279 3249 tauravit
2313 3198 2373 3250 et
2405 3195 2628 3252 Ileliam
2664 3197 2734 3254 de
2767 3215 2870 3255 suo
2909 3201 3140 3257 nomine
3193 3205 3440 3261 vocavit.
3482 3207 3673 3277 (Bson:

2028 3282 2194 3353 Cua.)
2218 3282 2376 3338 Obiit
2402 3283 2470 3316 ⁸⁵³
2494 3284 2550 3340 ἱη
2583 3288 2889 3359 Campania
2920 3291 3072 3360 apud
3108 3291 3274 3348 Baias
3306 3295 3509 3350 morbo
3541 3296 3674 3351 sub-

2025 3375 2297 3443 cutaneo,
2327 3387 2476 3430 anno
2510 3374 2708 3431 aetatis
2745 3392 2864 3434 suae
2909 3377 3024 3449 62°,
3057 3379 3284 3452 imperii
3329 3386 3450 3453 21°,
3482 3399 3676 3440 mense

2028 3459 2273 3526 decimo.

2103 3554 2150 3604 1.
2188 3547 2352 3619 (σήν.
2396 3550 2504 3621 W.)
2533 3551 2726 3608 Prima
2777 3568 2927 3610 anno
2973 3571 3080 3613 suo
3133 3558 3540 3616 Alexandriam
3576 3575 3678 3632 pu-

2033 3637 2202 3695 blicis
2227 3637 2301 3703 ,δδι
2333 3641 2686 3697 restauravit
2722 3643 3019 3714 impensis.

2101 3731 2153 3784 2.
2191 3727 2401 3799 (HIER.)
2455 3730 2516 3784 A.
2555 3729 2618 3783 D.
2655 3735 2775 3787 120.
2813 3732 3058 3790 Senatus
3102 3735 3252 3792 inter
3309 3737 3450 3794 deos
3501 3737 3681 3794 refert

2031 3815 2354 3885 Traianum.

2105 3909 2156 3959 3.
2192 3904 2358 3974 (σΙιγ.
2410 3905 2516 3976 W.)
2548 3907 2610 3962 A.
2646 3908 2708 3962 Ι).
2745 3912 2864 3964 121.
2899 3909 3227 3968 Alexander
3277 3929 3424 3986 papa
3472 3929 3683 3986 passus

2035 3997 2146 4050 est.
2181 3993 2281 4051 Cui
2314 3994 2637 4051 succedens
2668 3997 2868 4053 Sixtus
2901 4015 3045 4070 papa
3079 4005 3302 4073 sextus,
3330 4005 3480 4060 sedit
3513 4003 3683 4060 annis

2036 4086 2090 4151 9,
2123 4082 2464 4153 patiturque
2495 4085 2603 4139 sub
2637 4085 2908 4154 Adriano,
2942 4093 2975 4144 8
3007 4089 3140 4145 ldus
3173 4091 3410 4161 Aprilis.

2111 4173 2160 4226 4.
2197 4169 2410 4241 (Ηιεῐι.)
2441 4173 2508 4226 A.
2539 4173 2603 4226 D.
2641 4176 2767 4230 122.
2804 4175 3006 4232 Justus
3035 4178 3405 4236 Alexandriae
3445 4180 3685 4250 quintus

2041 4259 2368 4316 ordinatur.

2113 4351 2164 4405 8.
2201 4349 2264 4404 A.
2299 4350 2362 4404 D.
2392 4353 2513 4404 126.
2542 4350 2886 4408 Saturnidcs
2916 4357 2974 4408 ct
3006 4353 3103 4409 alii
3137 4354 3252 4412 duo
3281 4355 3532 4413 heresim
3557 4369 3694 4414 con-

1960 4423 2016 4484 D
2047 4437 2344 4495 diderunt.

2122 4531 2206 4583 10.
2241 4526 2406 4597 (Chr.
2457 4529 2806 4602 W.—llnan.)
2844 4533 2905 4586 A.
2939 4531 3000 4587 D.
3039 4536 3158 4592 128.
3187 4533 3535 4605 Quadratus,
3563 4549 3698 4608 apo-

361 4623 462 4696 (Η.
494 4622 597 4696 m.)
629 4623 792 4680 Anno
823 4619 1126 4680 dominicae
1159 4617 1579 4676 incarnationis
1611 4620 1728 4674 119.
1763 4615 1938 4672 Urbis
2049 4615 2299 4674 telorum
2325 4616 2672 4689 discipulus,
2699 4623 2758 4674 et
2779 4619 3066 4679 Aristides
3090 4624 3461 4682 Atheniensis
3485 4629 3688 4681 noster

285 4711 541 4770 conditas
561 4715 685 4770 870.
703 4710 902 4768 Helius
923 4708 1233 4780 Adrianus,
1259 4721 1476 4778 genere
1503 4705 1938 4778 Italicus,ﬁlius
2049 4703 2451 4776 phylosophns
2495 4705 2678 4764 libros
2710 4707 2781 4764 de
2817 4709 2926 4764 ﬁde
2969 4716 3444 4783 composuerunt.

289 4799 528 4858 Adriani
560 4801 658 4874 qui
693 4801 803 4858 fuit
833 4797 1225 4857 consobrinus
1265 4795 1516 4868 Traiani,
1550 4795 1622 4853 dc
1655 4795 1829 4851 Adria
1861 4793 1941 4850 ci-

289 4889 476 4946 vitate
497 4889 620 4962 agri
634 4889 854 4963 Piceni,
874 4888 1026 4948 unde
1047 4891 1108 4947 et
1129 4902 1288 4946 mare
1311 4884 1674 4944 Adriaticum
1701 4884 1937 4955 dicitur,

291 4978 678 5037 duodecimus
706 4978 778 5036 ab
805 4979 1086 5051 Augusto,
1107 4978 1426 5050 imperator
1443 4975 1716 5045 efﬁcitur,
1741 4988 1945 5044 regna-

289 5067 497 5139 vitque
527 5068 694 5126 annis
738 5071 827 5126 21.
859 5068 967 5125 Hic
1015 5066 1151 5124 licet
1203 5071 1362 5124 esset
1413 5064 1569 5122 ﬁlius
1610 5062 1944 5121 consobrini

289 5156 542 5232 Traiani,
566 5157 752 5219 noluit
773 5163 962 5218 tamen
985 5170 1118 5216 eum
1138 5153 1207 5190 ⁸⁸⁸
1226 5155 1530 5229 adoptare.
1557 5153 1666 5212 Sed
1698 5152 1820 5210 sine
1849 5167 1950 5210 vo-

2128 4798 2209 4850 12.
2243 4793 2410 4863 (Ultr.
2452 4795 2559 4866 W.)
2594 4797 2655 4850 A.
2693 4797 2752 4850 D.
2797 4803 2912 4854 130.
2947 4799 3374 4871 Thelesphorus
3424 4815 3568 4872 papa
3602 4802 3694 4856 τηε

2053 4882 2378 4954 ordinatur,
2397 4882 2729 4956 sedensque
2756 4887 2923 4942 annis
2947 4891 3032 4958 10,
3049 4887 3273 4958 patitur
3295 4890 3401 4944 sub
3422 4888 3699 4963 Adriano,

2054 4975 2246 5030 Nonas
2275 4971 2522 5028 Januar.
2572 4971 2762 5041 (Βεωε
2792 4975 2994 5048 MART.)
3029 4975 3134 5032 Hic
3162 4975 3470 5032 constituit
3501 4975 3704 5033 missas

2060 5064 2115 5119 in
2147 5065 2350 5119 saneta
2381 5061 2696 5120 Dominica:
2725 5061 2793 5097 ⁵⁵⁸
2820 5063 3148 5121 nativitatis
3178 5067 3350 5122 nocte
3395 5064 3702 5136 celebrari,

2059 5157 2118 5209 et
2149 5156 2414 5224 tempore
2463 5150 2739 5208 sacriﬁcii
2789 5151 2982 5210 Gloria
3039 5151 3094 5209 in
3128 5152 3400 5211 excelsis
3459 5155 3702 5212 cantari.

1644 5324 1882 5381 VARle
1947 5321 2348 5380 LECTIONES.

367 5457 708 5540 Ff‘_tgrciam
738 5465 796 5518 9c
833 5459 901 5540 {‘7
933 5461 1062 5540 l_._n.
1093 5455 1482 5540 desuntgcj‘f
1503 5455 1739 5540 deestac
1769 5456 1838 5540 “.9
1861 5459 2058 5540 posset
2085 5455 2134 5512 4.
2163 5457 2358 5527 potest
2384 5455 2433 5508 5.
2461 5449 2530 5485 ⁸⁶⁰
2559 5466 2623 5509 ac
2647 5456 2695 5508 b‘.
2723 5451 2788 5486 5“
2822 5453 2876 5510 in
2907 5469 2978 5511 m.
3007 5455 3102 5513 Ε1.
3130 5455 3196 5491 ⁵⁸³
3230 5457 3325 5516 ubi
3359 5473 3408 5516 c.
3445 5463 3537 5516 est
3569 5459 3624 5516 d.
3655 5474 3711 5517 e.

298 5550 352 5609 p.
379 5537 430 5591 5.
452 5531 522 5568 ⁸⁵³
552 5538 808 5593 o.autem
839 5535 916 5591 9ο.
950 5531 1018 5565 ⁶⁵⁴
1050 5529 1280 5604 publice
1311 5531 1370 5584 9c
1398 5527 1465 5562 ⁵⁵⁸
1495 5545 1542 5584 s.
1579 5531 1750 5586 nocte
1789 5527 1875 5588 de'
1911 5543 1964 5585 n.
1999 5533 2048 5584 5.

623 5635 888 5700 ΡΑπῐοῐ..
923 5632 1136 5698 CLIV.
3483 5628 3560 5692 22
