3986 6048
397 251 517 318 683

1566 239 2048 307 EKKEHARDI
2090 232 2643 305 URAUGIENSIS

3686 231 3806 298 684

399 386 614 462 (illam)
664 380 988 442 Antiochiae
1041 384 1130 438 4³³
1163 362 1492 454 ’ρρὶεοορυε
1539 377 1843 439 Cornelius
1891 375 2045 434 ordi-

2232 379 2319 430 11.
2357 377 2420 430 A.
2455 375 2518 431 D.
2555 378 2674 431 150.
2713 370 3058 446 Apollonius
3103 369 3333 428 Stoicus
3383 369 3809 427 Calcedonicus

401 482 594 534 natur.

470 569 556 622 43.
593 561 890 634 (0hr.W.)
925 562 988 616 A.
1028 559 1091 614 D.
1148 563 1268 616 131.
1326 557 1626 631 Nicopolis
1675 560 1736 612 et
1785 557 2043 612 Caesarea

397 658 718 730 terremoty
753 653 1124 710 corruerunt.

473 741 779 813 14.(Ηιεσι.)
815 743 877 796 A.
913 741 976 796 D.
1015 741 1132 794 132.
1166 739 1452 794 Eumenes
1508 733 1872 792 Alexandria:
1920 747 2048 790 sex-

398 837 494 890 tus
525 831 835 888 ordinatus
865 827 954 900 ⁸⁸⁸,
991 827 1144 883 sedit
1175 825 1340 882 annis
1372 829 1454 880 13.

472 926 553 977 19.
591 917 755 990 (Chr.
804 916 912 988 W.)
943 919 1006 972 A.
1042 917 1104 970 D.
1147 919 1264 970 137.
1318 911 1702 969 Hicrosolima
1754 911 1826 968 ab
1881 911 2046 968 Helio

401 1008 656 1064 Adriano
680 1007 1009 1063 restaurata
1034 1008 1094 1060 et
1123 1003 1194 1059 ab
1223 1001 1351 1072 ejus
1379 1001 1611 1056 nomine
1643 999 1804 1056 Helia
1839 1003 2045 1056 vocata

401 1101 508 1154 est.

471 1191 558 1242 ΞΟ.
597 1183 811 1254 (Ηιειι.)
842 1185 906 1238 A.
941 1183 1004 1237 D.
1042 1184 1161 1236 138.
1197 1181 1422 1235 Marcus
1457 1175 1858 1233 llierosolimze
1891 1175 2048 1232 ordi-

401 1280 574 1331 natur
603 1272 919 1345 cpiscopus
969 1269 1190 1342 primus
1239 1283 1310 1322 ex
1359 1265 1657 1336 gentibus,
1703 1281 1830 1321 cum
1874 1268 2044 1320 antea

399 1365 616 1420 fuerint
649 1360 984 1433 quindecim
1017 1373 1088 1413 ex
1111 1355 1580 1414 circumcisione.

471 1456 559 1507 21.
591 1452 756 1506 Joun.
789 1450 879 1505 De
901 1461 958 1503 ν.
989 1447 1076 1518 s.)
1098 1449 1174 1505 Α.
1209 1447 1271 1500 Ι).
1326 1447 1446 1500 139.
1502 1441 1792 1498 Adrianus
1845 1441 2046 1496 morbo

400 1542 762 1597 subcutaneo
787 1536 1054 1592 moritur.
1082 1537 1200 1590 Hoc
1225 1537 1526 1602 regnante,
1546 1531 1750 1600 Aquila
1770 1529 2048 1586 Ponticus

403 1628 738 1700 Seripturas
767 1639 967 1682 sacras
997 1623 1068 1680 de
1098 1623 1324 1678 llcbreo
1357 1619 1656 1676 transtulit
1687 1619 1740 1673 in
1776 1620 2042 1674 Crocum.

406 1717 553 1775 Anni
585 1714 881 1771 Antonini.
1375 1708 1542 1764 ‘Anni
1576 1709 1646 1763 ab
1689 1707 1853 1762 initio
1885 1709 2040 1762 4100.

476 1806 686 1877 (ΗΜ.)
722 1805 883 1859 Anno
915 1782 1218 1856 donniniem
1253 1797 1667 1853 incarnationis
1721 1798 1837 1852 140.
1872 1794 2046 1850 Urbis

401 1895 653 1954 condita:
686 1896 812 1950 891.
842 1889 1170 1948 Antoninus
1203 1887 1440 1944 Fulvius
1474 1885 1766 1954 ltoionius,
1790 1884 1886 1954 qui
1921 1899 2049 1954 pro-

403 1991 534 2058 pter
565 1981 936 2040 clementiam
961 1983 1164 2051 postea
1189 1975 1635 2046 cognominatus
1661 1979 1749 2029 est
1775 1972 1932 2043 Pius,
1957 1986 2052 2040 ge-

403 2088 543 2131 nere
561 2071 628 2105 ⁶⁵⁷
651 2070 834 2140 claro,
861 2067 962 2125 sed
995 2082 1108 2122 non
1133 2065 1438 2122 admodum
1465 2069 1687 2132 vetere,
1715 2061 1934 2117 tercius
1958 2060 2055 2116 de-

404 2163 591 2220 cimus
619 2161 691 2217 ab
723 2161 1008 2228 Augusto,
1033 2154 1280 2211 sortitus
1307 2158 1400 2209 est
1435 2151 1738 2223 imperium
1767 2148 2056 2219 regnavit-

407 2265 520 2324 que
567 2248 732 2306 annis
775 2251 863 2318 22,
899 2259 1128 2301 menses
1153 2247 1296 2298 trcs.
1334 2243 1500 2311 (Acn.
1537 2240 1768 2296 V.-—-H.
1800 2238 1904 2309 φη.)
1938 2239 2056 2292 iste

408 2341 480 2398 ab
514 2337 768 2394 Adriano
797 2335 1111 2408 adoptatus
1141 2335 1229 2388 est
1265 2331 1320 2386 in
1357 2329 1556 2398 tilium,
1590 2327 1758 2398 cujus
1789 2331 1844 2382 et
1877 2341 2057 2396 gener

408 2429 543 2498 fuit,
558 2426 648 2482 vir
671 2423 938 2494 insignis,
962 2426 1023 2476 et
1046 2420 1142 2491 qui
1169 2419 1378 2474 merito
1401 2420 1598 2476 Numae
1622 2415 1904 2488 Pompilio
1926 2429 2059 2470 con-

407 2519 650 2586 feratur,
686 2512 838 2570 sicut
867 2515 926 2567 et
959 2509 1240 2580 Trajanus
1282 2505 1528 2563 Romulo
1578 2509 1864 2575 :equatur.
1901 2503 2055 2558 Vixit

407 2603 630 2676 ingenti
657 2603 968 2658 honestate
999 2597 1286 2668 privatus,
1323 2594 1506 2664 major
1535 2594 1587 2648 in
1623 2593 1886 2664 imperio,
1913 2589 2056 2648 nulli

409 2692 682 2760 acerbus,
715 2687 947 2744 cunctis
991 2684 1300 2754 benignus,
1355 2682 1409 2736 in
1457 2697 1519 2736 re
1565 2680 1804 2736 militari
1853 2678 2057 2748 gloriae

411 2781 770 2847 moderator,
805 2771 1120 2830 defendere
1153 2769 1336 2840 magis
1368 2769 1700 2841 provincias
1742 2782 1913 2838 quam
1944 2781 2060 2823 am-

414 2869 598 2944 pliare
631 2865 900 2934 studens,
927 2861 1087 2918 viros
1117 2873 1317 2930 aequos
1341 2859 1408 2914 ad
1433 2856 1501 2890 ⁸⁵⁸
1523 2855 2056 2914 amministrandam

410 2943 533 3016 rem
567 2955 860 3029 publicam
897 2964 1168 3023 querens.
1193 2949 1258 3004 Et
1292 2963 1421 3004 cum
1457 2947 1657 3002 orbem
1691 2951 1864 3002 terrae
1898 2943 2056 3000 nullo

413 3046 567 3104 bello
598 3059 704 3118 per
735 3055 921 3099 annos
950 3043 1020 3096 22
1061 3037 1414 3096 auctoritate
1465 3034 1588 3091 sola
1640 3033 1878 3104 rexerit,
1914 3033 2059 3089 adeo

411 3135 739 3194 tremebant
771 3145 901 3189 eum
923 3133 980 3186 et
1008 3127 1275 3184 amabant
1297 3125 1494 3182 cuncti
1520 3139 1691 3194 reges
1711 3128 1770 3179 et
1793 3123 2059 3178 nationes

412 3240 480 3282 ac
512 3221 732 3296 populi,
761 3225 826 3278 ut
859 3222 1156 3292 parentem
1188 3215 1311 3272 sive
1343 3219 1652 3286 patronum
1686 3211 1868 3280 magis
1889 3225 2056 3281 quam

413 3313 709 3371 dominum
742 3308 837 3365 vel
863 3307 1274 3379 imperatorem
1297 3317 1425 3360 eum
1453 3304 1816 3373 reputarent,
1834 3315 2062 3356 omnes-

415 3417 528 3476 que
558 3403 614 3457 in
647 3411 864 3456 morem
915 3395 1243 3452 caelestium
1289 3390 1611 3464 propicium
1662 3393 1957 3460 optantes,
1987 3388 2059 3444 de

413 3487 838 3550 controversiis
869 3485 1023 3540 inter
1055 3498 1118 3540 se
1145 3481 1400 3553 judicent
1423 3484 1755 3551 poscerent.
1785 3477 2061 3534 Obiitau-

417 3587 533 3638 tem
564 3593 714 3636 anno
744 3579 880 3634 vitm
913 3588 1032 3630 sum
1063 3578 1150 3628 7'7.

487 3673 538 3724 1.
571 3665 740 3737 (Chr.
788 3662 895 3734 W.)
927 3659 1122 3717 Primo
1156 3656 1329 3727 hujus
1359 3670 1509 3714 anno
1540 3655 1755 3725 Yginus
1785 3669 1932 3726 papa
1965 3669 2059 3711 oc-

414 3756 588 3814 tavbs
619 3751 944 3820 ordinatus,
983 3747 1138 3805 sedit
1165 3747 1330 3802 annis
1378 3748 1430 3816 4,
1465 3743 1832 3814 decessitque
1863 3745 1894 3798 4
1923 3742 2059 3799 Idus

410 3847 645 3902 Januar.
683 3840 874 3911 (Bson:
900 3839 1096 3910 mur.)
1127 3836 1229 3892 llic
1259 3834 1478 3892 clerum
1509 3831 1815 3888 constituit
1847 3835 1908 3888 et
1931 3845 2060 3901 gra-

413 3935 523 3992 dus
563 3928 888 3989 distribuit.

481 4027 534 4078 2.
595 4020 762 4092 (Chr.
809 4018 920 4088 W.)
962 4017 1027 4072 A.
1082 4015 1144 4070 D.
1199 4016 1320 4069 141.
1374 4011 1716 4069 Valentinus
1763 4015 1822 4067 et
1872 4009 2058 4067 Cerdo

415 4109 741 4175 aecclesiam
775 4107 1114 4178 impugnant
1165 4101 1378 4158 heresi.

485 4207 536 4258 3.
571 4198 784 4271 (Ηιειι.)
820 4198 884 4252 A.
918 4196 980 4250 D.
1033 4195 1150 4250 142.
1186 4190 1342 4247 Idem
1399 4187 1794 4246 hcresiarchzc
1823 4188 2058 4244 Romam

414 4308 722 4365 venerunt.

491 4359 780 4463 1._(vl.lnna.)
812 4391 951 4445 A.D.
972 4390 1091 4442 143.
1123 4383 1388 4442 Justinus
1415 4383 1821 4456 phylosophus
1845 4380 2056 4439 librum
2088 4359 2141 4418 D

415 4497 521 4556 pro
549 4479 866 4537 christiana
883 4474 1164 4544 religione
1175 4472 1564 4545 compositum
1584 4471 1874 4528 Antonino
1891 4470 2059 4526 obtu-

415 4571 484 4627 lit
515 4581 762 4638 eumque
794 4562 1127 4622 benivolum
1157 4575 1295 4632 erga
1327 4559 1685 4617 christianos
1719 4558 1876 4614 fecit.

485 4663 536 4714 5.
573 4655 740 4726 (ΟΜ.
789 4652 898 4724 W.)
931 4652 996 4707 A.
1026 4651 1089 4706 D.
1126 4653 1246 4706 144.
1282 4649 1420 4706 Pius
1470 4661 1618 4720 papa
1661 4662 1850 4704 nonus
1904 4643 2061 4702 sedit

416 4748 585 4807 annis
621 4749 722 4811 15;
757 4740 1030 4812 migravit
1058 4739 1126 4773 ⁵⁵⁸⁸
1155 4743 1187 4794 5
1217 4737 1359 4793 Idus
1402 4735 1560 4793 Julii.

485 4840 538 4894 6.
576 4834 790 4907 (Ηιειι.)
830 4833 895 4886 Α.
929 4830 992 4884 D.
1047 4831 1168 4884 145.
1205 4825 1530 4884 Antiochiae
1572 4823 1813 4896 quintus
1843 4820 2062 4880 consti-

407 4927 598 4986 tuitur
627 4922 940 4996 episcopus
967 4919 1174 4976 Heres.

480 5020 533 5072 7.
569 5015 636 5070 A.
669 5013 732 5068 D.
789 5013 910 5067 146.
987 5005 1358 5066 Alexandriae
1407 5004 1692 5079 septimus
1750 5000 2062 5060 ordinatur

411 5105 637 5162 Marcus
666 5116 774 5174 per
800 5099 870 5134 ⁵⁶⁰
897 5113 1082 5156 annos
1115 5101 1199 5154 10.

2075 1748 2130 1808 B

2156 461 2390 519 claruit.

2227 555 2312 606 14.
2353 554 2416 606 A.
2444 553 2504 605 D.
2533 556 2656 607 153.
2685 551 2968 607 Crescens
2993 549 3224 621 quidam
3260 547 3508 620 Cynicus
3537 547 3814 618 phyloso-

2155 640 2305 712 phus
2337 640 2390 694 in
2417 639 2730 710 Justinum,
2781 639 2963 694 nostri
3021 637 3315 706 dogmatis
3360 635 3810 708 phylos0phum,

2157 728 2626 800 persecutionem
2652 728 2850 798 movit,
2879 727 3012 798 quia
3039 725 3200 783 illum
3233 723 3503 796 gulosum
3527 728 3586 778 et
3612 723 3816 796 phylo-

2157 817 2378 889 sophize
2404 816 2898 888 prevaricatorem
2923 829 3058 871 esse
3077 813 3368 884 coarguit,
3397 811 3452 868 in
3478 827 3590 884 qua
3617 827 3816 884 perse-

2157 905 2392 963 cutione
2420 905 2690 962 Justinus
2729 903 2982 974 gloriose
3036 919 3139 976 pro
3187 902 3422 958 Christo
3471 901 3813 971 sanguinem

2158 994 2328 1051 fudit.

2231 1087 2316 1138 15.
2353 1085 2416 1138 Α.
2453 1085 2513 1138 D.
2555 1085 2672 1138 154.
2705 1083 2860 1153 (Eos.
2911 1082 3142 1149 H.e.lv,
3169 1081 3280 1152 13.)
3309 1078 3637 1134 Antoninus
3659 1091 3806 1133 com-

2157 1175 2350 1227 motus
2381 1171 2571 1227 heresi
2607 1169 2964 1239 Crescentis,
3001 1167 3294 1225 universis
3329 1167 3478 1223 Asim
3530 1165 3810 1238 plebibus

2159 1259 2400 1332 scripsit
2432 1259 2736 1332 epistolam
2773 1273 2876 1329 pro
2906 1256 3266 1314 christianis.

2233 1353 2314 1404 10.
2349 1351 2412 1403 A.
2453 1351 2512 1403 Ι).
2573 1353 2683 1402 155.
2739 1347 2951 1418 (Ηιειι.)
3000 1343 3370 1402 Alexandriae
3419 1342 3702 1400 Celadion
3749 1341 3818 1374 ⁸⁵³

2157 1437 2464 1493 ordinatur
2494 1442 2758 1505 octavus,
2794 1436 2889 1507 qui
2935 1435 3084 1492 sedit
3119 1433 3284 1490 annis
3321 1436 3400 1489 14.

2227 1529 2314 1584 20.
2353 1529 2414 1582 A.
2455 1529 2511 1582 ἰ).
2550 1531 2650 1582 159
2680 1526 2846 1596 (0hr.
2894 1527 2976 1584 W.
3010 1557 3079 1565 —
3126 1526 3286 1580 illan.
3320 1556 3388 1565 —
3417 1523 3586 1578 Br:an
3611 1521 3820 1592 Mam.)

2158 1617 2436 1672 Anicetus
2469 1631 2612 1688 papa
2645 1614 2908 1671 decimus
2940 1612 3268 1682 ordinatur,
3315 1611 3410 1682 qui
3445 1611 3598 1666 sedit
3644 1609 3815 1664 annis

2161 1709 2245 1762 10.
2279 1707 2396 1760 Sub
2441 1720 2556 1775 quo
2605 1703 2948 1775 Policarpus
2997 1705 3232 1758 Romam
3286 1700 3542 1771 veniens,
3599 1699 3823 1755 multos

2159 1795 2440 1863 correxit,
2492 1807 2640 1864 quos
2684 1791 2976 1848 Valentini
3029 1794 3086 1846 et
3132 1789 3416 1846 Cerdonis
3466 1803 3640 1844 error
3685 1787 3824 1842 sub-

2159 1884 2358 1940 vertit.
2395 1883 2494 1938 llic
2525 1897 2665 1951 ergo
2694 1881 2973 1937 Anicetus
3017 1878 3354 1949 constituit,
3389 1882 3454 1934 ut
3487 1877 3694 1934 clerus
3725 1892 3824 1932 co-

2160 1985 2306 2027 mam
2341 1986 2448 2026 non
2481 1970 2724 2040 nutriat,
2761 1982 3083 2040 passusque
3114 1971 3203 2024 est
3237 1967 3344 2023 sub
3379 1967 3569 2022 Marco
3614 1970 3678 2022 et
3721 1966 3822 2020 Se-

2162 2074 2302 2116 vero
2333 2063 2398 2114 16
2429 2057 2668 2114 Kalend.
2703 2057 2852 2113 Maii.

2233 2171 2320 2222 21.
2358 2168 2423 2222 A.
2457 2166 2519 2220 l).
2559 2166 2674 2220 160.
2713 2163 2924 2235 (Ηιειι.)
2957 2161 3356 2220 Hierosolimae
3391 2167 3521 2234 post
3567 2162 3823 2217 Marcum

2165 2255 2472 2312 ordinatur
2497 2253 2808 2310 Cassianus
2839 2259 2981 2323 17“,
3017 2251 3228 2308 deinde
3268 2249 3513 2306 Publius
3539 2254 3688 2320 18“,
3717 2250 3826 2304 Ma-

2167 2344 2358 2400 ximus
2404 2347 2550 2413 19‘13,
2579 2340 2846 2398 Julianus
2896 2339 2964 2372 ⁵⁸³
3004 2343 3150 2410 2οιιε,
3187 2339 3440 2396 Gaianas
3485 2341 3635 2408 21113,
3680 2338 3825 2393 Sim-

2169 2431 2410 2488 machus
2440 2435 2586 2501 22“,
2613 2430 2786 2486 Gaius
2819 2432 2966 2498 23“,
2989 2427 3256 2484 Julianus
3274 2429 3418 2496 2438,
3446 2426 3655 2498 Capito
3675 2430 3823 2480 2505.

2239 2524 2325 2577 22.
2360 2524 2403 2576 A
2459 2520 2521 2573 D.
2559 2522 2679 2574 161.
2716 2517 3042 2574 Antoninus
3073 2516 3219 2573 obiit
3257 2515 3410 2587 apud
3445 2514 3686 2571 Dorium
3717 2511 3821 2568 vil-

2169 2607 2282 2664 lam
2314 2623 2494 2664 suam.

2240 2715 2385 2771 Anni
2424 2714 2696 2770 Antonini
2736 2713 2892 2770 Veri.

2239 2821 2340 2892 (H.
2391 2821 2494 2890 m.)
2543 2823 2704 2876 Anno
2751 2819 3051 2876 dominicae
3103 2818 3523 2875 incarnationis
3576 2822 3700 2882 162,
3752 2818 3823 2874 ab

2167 2911 2320 2966 Urbe
2341 2908 2579 2966 condita
2593 2913 2718 2964 913.
2734 2909 2962 2965 Marcus
2985 2906 3256 2964 Aurelius
3271 2907 3826 2976 AntoninusVerus,

2091 2998 2138 3061 C
2171 3001 2293 3054 11115
2325 2999 2396 3054 ab
2431 3001 2696 3067 Augusto
2723 2994 2811 3068 ⁵⁸³,
2845 2996 3150 3068 imperium
3189 2996 3441 3068 adeptus
3469 3001 3586 3066 est,
3618 2995 3679 3051 in
3712 3010 3826 3066 quo

2168 3088 2435 3157 regnavit
2457 3087 2625 3143 annis
2648 3091 2732 3144 19.
2758 3088 2876 3143 Iste
2899 3087 3040 3143 haut
3065 3086 3240 3143 dubie
3265 3085 3670 3143 nobilissimus
3693 3085 3826 3154 fuit,

2171 3177 2383 3249 quippe
2414 3175 2582 3246 cujus
2612 3175 2776 3246 origo
2811 3180 3051 3248 paterna
3085 3190 3116 3230 a
3147 3177 3326 3232 Numa
3365 3173 3676 3246 Pompilio,
3710 3187 3828 3228 ma-

2169 3271 2332 3321 terna
2357 3279 2496 3321 vero
2516 3279 2546 3320 a
2569 3262 2868 3320 Solentino
2889 3279 3025 3334 rege
3049 3263 3361 3336 pendebat.
3379 3263 3614 3336 (Auni-1L.
3631 3262 3828 3331 VICT.)

2169 3354 2273 3410 Hic
2301 3367 2502 3409 omnes
2525 3352 2780 3409 virtutes
2801 3356 2860 3408 et
2881 3353 3120 3409 caeleste
3143 3351 3394 3408 habebat
3417 3350 3741 3421 ingenium,
3767 3355 3826 3405 et

2170 3445 2226 3500 in
2261 3441 2700 3499 calamitatibus
2727 3439 2980 3518 publicis
3003 3441 3194 3499 factus
3213 3445 3301 3499 est
3326 3440 3492 3512 quasi
3521 3439 3824 3510 defensor,

2168 3536 2225 3588 et
2259 3532 2307 3588 si
2330 3532 2388 3586 in
2413 3530 2532 3586 illis
2554 3529 2921 3602 temporibus
2947 3529 3076 3601 ipse
3099 3544 3213 3586 non
3238 3529 3470 3601 fuisset,
3489 3529 3617 3586 sine
3638 3527 3824 3585 dubio

2167 3620 2352 3690 gloria
2384 3621 2634 3676 Romana
2671 3618 2940 3690 perisset.
2969 3619 3068 3690 (H.
3088 3634 3161 3676 φη.
3187 3619 3265 3675 Η.
3301 3620 3402 3692 R.)
3433 3619 3553 3676 iste
3584 3617 3825 3690 propin-

2169 3724 2342 3780 quum
2375 3723 2543 3765 suum
2579 3708 2812 3764 Lucium
2845 3707 3089 3764 Annium
3121 3709 3474 3765 Antoninum
3515 3709 3819 3776 Severum,

2169 3798 2267 3869 qui
2295 3802 2421 3853 erat
2453 3811 2634 3866 gener
2669 3795 2937 3852 Antonini
2971 3795 3078 3867 Pii,
3106 3810 3251 3852 nova
3276 3794 3670 3852 benivolentia
3689 3809 3826 3851 con-

2169 3890 2387 3942 sortem
2418 3885 2646 3956 imperii
2681 3885 2839 3956 fecit,
2875 3890 3114 3955 tumque
3145 3884 3395 3956 primum
3438 3885 3694 3940 Romana
3726 3897 3823 3939 res

2171 3973 2406 4047 publica
2430 3975 2663 4030 duobus
2687 3987 2854 4044 mquo
2872 3971 3326 4044 jureimperium
3342 3972 3827 4029 amministranti-

2171 4065 2280 4120 bus
2306 4063 2522 4135 paruit,
2549 4077 2679 4120 cum
2705 4076 2888 4133 usque
2918 4063 2988 4118 ad
3021 4061 3158 4118 illos
3184 4076 3416 4133 semper
3437 4060 3709 4132 singulos
3726 4063 3826 4118 ha-

2171 4152 2397 4210 buisset
2429 4151 2828 4233 augustos._Hi
2861 4149 3076 4207 bellum
3108 4154 3315 4208 contra
3347 4151 3602 4208 Parthos
3623 4165 3826 4220 gesse-

2171 4245 2327 4313 runt,
2362 4241 2434 4298 ad
2467 4241 2622 4312 quod
2652 4247 2846 4296 tamen
2880 4239 3094 4298 Lucius
3124 4239 3348 4298 Annius
3378 4241 3630 4298 Severus
3660 4255 3826 4312 perr-

2170 4331 2312 4402 exit,
2347 4330 2646 4402 multaque
2676 4333 2736 4386 et
2767 4329 3028 4400 ingentio
3069 4344 3174 4402 per
3220 4345 3285 4388 se
3331 4329 3632 4401 ducesque
3679 4345 3822 4387 suos

2170 4419 2418 4492 peregit,
2454 4419 2804 4490 rediensque
2831 4433 2964 4476 eum
2990 4418 3259 4492 victoria,
3284 4418 3342 4476 in
3373 4417 3612 4476 Venetia
3642 4418 3818 4489 obiit,

2169 4523 2318 4565 anno
2349 4507 2575 4579 imperii
2612 4512 2724 4578 11°,
2760 4507 2961 4578 sicque
2989 4508 3218 4566 Marcus
3243 4507 3574 4566 Antoninus
3603 4507 3820 4566 iterum

2169 4597 2334 4654 solus
2366 4595 2671 4668 imperium
2703 4595 2978 4653 obtinuit.

2245 4710 2290 4760 1.
2327 4703 2514 4776 (Hisn.
2548 4705 2610 4759 et
2637 4703 2718 4760 Η.
2743 4703 2850 4774 m.)
2880 4702 3077 4760 Primo
3105 4703 3279 4775 hujus
3310 4717 3462 4762 anno
3491 4702 3826 4774 Vologcsus

2170 4809 2274 4850 rex
2294 4792 2640 4848 Parthorum
2665 4795 2797 4864 post
2820 4790 3130 4848 victoriam
3151 4793 3378 4864 Trajani
3399 4797 3540 4850 tunc
3569 4791 3830 4864 primum

2169 4879 2488 4951 rebellans,
2507 4879 2734 4937 vicinas
2757 4879 2867 4936 sibi
2889 4880 3176 4938 Romanas
3206 4881 3534 4954 provincias
3565 4883 3835 4956 depopu-

2169 4971 2326 5028 latus
2350 4973 2464 5041 est,
2481 4973 2686 5027 contra
2710 4982 2882 5040 quem
2909 4968 3121 5028 Lucius
3143 4971 3364 5030 Annius
3383 4971 3693 5044 profectus
3709 4978 3830 5029 est.

2239 5083 2293 5136 2.
2326 5077 2537 5150 (Hii-3R.)
2573 5078 2636 5132 A.
2670 5077 2732 5132 D.
2772 5079 2890 5134 163.
2922 5075 3100 5136 Lucio
3131 5077 3338 5136 czesari
3370 5077 3617 5137 Athenis
3649 5078 3838 5138 sacri-

1757 5259 1995 5318 VARl/E
2062 5249 2461 5310 LECTIONES.

479 5397 549 5434 ⁵⁵·
578 5396 884 5453 ordinatur
914 5397 1138 5449 sextus.
1173 5390 1348 5448 sedit.
1383 5395 1432 5444 5.
1453 5391 1672 5460 sextus
1717 5383 2028 5460 orcﬁnatui:
2073 5377 2343 5460 seditque
2377 5379 2476 5460 '10-.
2527 5371 2654 5460 θεά.
2682 5371 2822 5460 sed...
2839 5373 3050 5460 71312:"
3077 5388 3144 5460 ᾖ.
3167 5390 3218 5459 c_.
3251 5390 3300 5460 s_.
3333 5389 3390 5431 u.
3413 5389 3480 5460 Aa.
3513 5389 3575 5460 vi
3605 5373 3843 5460 (ἔρεψα

410 5473 453 5530 Ε
481 5475 532 5526 1.
569 5443 1359 5526 535223's?.‘ééégi’iéizﬂﬁ
1390 5443 1776 5530 migravitque
1805 5456 1847 5512 E
1876 5459 1924 5510 1.
1961 5451 2029 5485 ⁶⁶⁰
2056 5449 2210 5508 sedit
2240 5443 2345 5522 per
2377 5447 2420 5502 Ε
2449 5450 2500 5502 1.
2533 5444 2598 5476 ⁵⁸³
2633 5443 2898 5520 pcladion
2949 5445 3026 5502 1b.
3076 5443 3144 5480 5"
3183 5447 3364 5522 julius
3411 5450 3464 5505 5.
3513 5449 3592 5504 9°.
3636 5444 3834 5518 julius

409 5529 604 5602 Χχιιιι.
646 5535 1002 5601 simmachus
1036 5537 1122 5594 10.
1153 5532 1222 5569 θεῖ’
1254 5532 1325 5592 ab
1355 5545 1408 5590 a.
1438 5529 1654 5591 desunt
1679 5533 1754 5587 9°.
