3992 6054
257 153 392 222 693

1146 151 1595 222 CHRONICA.
1627 187 1708 204 —
1737 149 2214 220 CHRONICON
2259 153 2810 222 UNIVERSALE.

3561 155 3681 224 694

261 292 444 364 rium,
469 289 799 353 interfectis
815 291 941 366 ejus
960 291 1163 351 fraude
1179 290 1488 365 Philippis,
1509 290 1620 350 hoc
1640 295 1727 351 est
1753 298 1919 366 patre
1947 289 2006 352 A
2036 290 2466 366 persecutione,
2520 291 2808 351 Fabianus
2855 305 3004 366 papa
3053 295 3174 351 19ιισ
3223 305 3432 366 passus
3469 298 3582 368 est,
3613 297 3682 353 13

259 387 328 440 et
363 382 505 454 filio,
540 386 598 439 et
631 387 699 440 30
728 383 1022 440 mensibus
1061 382 1329 454 regnavit
1353 380 1442 453 δίο,
1485 381 1542 442 id
1571 387 1661 441 est
1691 383 1920 440 duobus

263 469 440 528 annis
472 475 529 526 et
565 471 825 529 dimidio.
876 471 1089 543 (Ιιιειι.)
1131 470 1374 538 Quidam
1411 475 1603 528 autem
1632 472 1919 542 scribunt,

261 575 403 616 cum
437 575 548 617 uno
581 563 808 618 tantum
840 575 988 616 anno
1020 575 1332 630 regnasse;
1385 559 1489 618 sed
1538 561 1646 618 hoc
1677 560 1922 618 multum

265 648 573 707 discordat
611 647 679 682 “1
721 649 1096 721 passionibus
1136 654 1470 708 sanctorum
1514 651 1610 721 qui
1649 649 1923 721 leguntur

265 739 382 795 sub
411 753 480 796 eo
509 739 663 810 passi
697 738 895 796 fuisse.
933 739 1120 806 (Ione.
1155 740 1234 795 De
1260 753 1312 796 γ.
1337 741 1412 811 8.)
1444 741 1580 796 Nam
1613 754 1742 796 cum
1772 737 1925 808 lcga-

265 831 373 884 tur
404 827 692 885 Fabianus
718 843 867 900 papa
893 827 1008 884 14ιο
1030 827 1119 884 sui
1143 827 1518 902 episc0patus
1549 843 1696 884 anno
1730 827 1924 883 marti-

269 913 423 972 rium
456 916 568 973 sub
590 915 692 973 illo
724 917 1044 990 accepisse,
1068 920 1125 974 et
1152 917 1286 973 huic
1312 917 1638 974 Cornelium
1672 917 1922 973 triennio

269 1003 329 1060 in
380 1004 520 1061 sedc
569 1005 929 1063 successisse
977 1005 1234 1077 itemque
1282 1007 1391 1062 sub
1439 1006 1640 1062 eodem
1688 1020 1922 1078 passum

270 1092 477 1164 fuisse,
521 1093 744 1151 Sixtum
785 1109 1017 1166 quoque
1049 1099 1110 1152 et
1141 1095 1512 1152 Laurentium
1543 1098 1601 1150 ot
1633 1095 1922 1168 Ypolitum

274 1179 548 1252 aliosque
578 1181 976 1255 quamplures,
1012 1187 1172 1239 stare
1205 1198 1314 1240 non
1347 1188 1559 1254 potest,
1597 1189 1655 1236 ut
1691 1187 1779 1241 tot
1810 1182 1922 1239 sibi

270 1269 331 1324 in
355 1271 610 1326 Romana
633 1271 772 1327 sede
795 1271 1181 1328 succedentes
1201 1287 1314 1328 uno
1339 1287 1487 1328 anno
1515 1272 1918 1342 trucidaverit,

267 1357 522 1415 maxime
552 1375 682 1416 cum
718 1359 1040 1430 Cornelius,
1081 1365 1143 1416 ut
1174 1359 1594 1418 aecelesxastica
1625 1360 1795 1418 docet
1827 1360 1922 1431 hy-

267 1446 455 1503 storia
491 1449 646 1518 (Eos.
683 1449 764 1504 Η.
796 1463 842 1504 e.
881 1463 976 1516 νη,
1013 1450 1090 1520 3,)
1124 1448 1375 1505 triennio
1407 1449 1606 1506 sedem
1642 1449 1917 1507 tenuerit.

268 1535 436 1591 Unde
459 1535 610 1592 etde
635 1535 892 1607 ipsorum
917 1551 1146 1608 quoque
1176 1537 1516 1609 pontificum
1549 1538 1921 1595 successione

2033 380 2155 438 Kal.
2185 382 2350 438 Febr.
2381 383 2482 440 Cui
2508 383 2811 440 Cornelius
2831 381 3140 440 vicesimus
3162 382 3501 454 succedens,
3529 383 3682 442 sedit

2033 485 2244 528 annum
2265 467 2412 530 “’et
2437 487 2666 530 menses
2698 476 2924 545 septcm
2949 476 3007 529 et
3033 473 3158 528 dies
3189 471 3431 544 aliquot,
3463 473 3600 530 licet
3624 473 3680 530 in

2033 559 2451 618 :ecclesiastica
2483 561 2742 632 hysteria
2773 561 2892 630 (vn,
2925 565 2978 618 3.
3011 563 3092 619 Cf.
3127 576 3202 632 vr,
3236 565 3328 633 29)
3359 561 3589 632 legatur
3614 594 3684 606 —

2033 647 2080 704 si
2105 653 2296 706 tamen
2326 649 2469 706 vitio
2501 649 2855 722 scriptorum
2890 649 3039 706 liber
3069 649 3430 722 depravatus
3452 665 3564 707 non
3589 654 3684 708 est

2032 768 2100 778 -——
2132 738 2321 795 tribus
2349 738 2516 795 annis
2546 739 2742 795 sedem
2786 737 3066 810 tenuisse,
3111 737 3265 810 quod
3297 739 3509 796 rationi
3543 744 3685 798 tem-

2037 841 2238 898 porum
2280 827 2435 882 Dccii
2479 841 2590 883 non
2629 827 2865 884 videtur
2904 827 3218 884 convenire
3259 826 3353 896 (cf.
3391 829 3584 900 IIII-211.,
3614 859 3685 869 --

2033 916 2162 970 Eus.
2199 915 2275 970 Η.
2312 929 2356 970 e.
2395 929 2466 970 vr.
2499 913 2574 986 9).
2613 914 2944 971 Alexander
2985 914 3534 974 Hierosolimitanus
3563 917 3684 990 epi-

2034 1019 2267 1075 s00pus,
2292 1003 2547 1062 Narcissi
2571 1017 2898 1074 successor,
2924 1019 3161 1060 cursum
3186 1005 3398 1062 bonum
3417 1021 3685 1064 censum-

2033 1091 2232 1162 mavit,
2266 1092 2362 1149 cui
2394 1092 2736 1150 Azabbanes
2764 1093 3076 1150 successit.
3112 1093 3510 1151 Antiochenus
3543 1109 3686 1165 quo-

2033 1195 2144 1251 que
2165 1181 2362 1252 prcsul
2384 1180 2692 1252 aequaliter
2711 1179 3040 1238 Alexandro
3061 1180 3390 1253 decertans,
3412 1181 3466 1254 ip
3487 1181 3685 1240 vincu-

2033 1268 2104 1325 lis
2130 1269 2392 1338 moritur,
2430 1273 2562 1340 post
2597 1283 2764 1341 quem
2793 1269 3082 1327 Fabianus
3119 1274 3242 1327 13“
3271 1269 3678 1328 constituitur.

2101 1361 2150 1414 2.
2197 1358 2262 1414 Α.
2306 1359 2367 1413 D.
2411 1362 2532 1414 255.
2577 1357 2880 1416 Cornelius
2921 1372 3068 1430 papa
3095 1362 3222 1416 2οω
3255 1373 3462 1432 passus
3493 1363 3583 1416 est
3620 1363 3684 1416 18

2032 1445 2154 1502 Kal.
2188 1447 2493 1514 Octobris;
2527 1447 2619 1504 cui
2645 1447 2968 1505 succedens
2999 1449 3216 1520 Syxtus
3247 1463 3393 1521 papa
3418 1451 3566 1521 21W,
3595 1461 3685 1506 se-

2033 1534 2116 1591 dit
2159 1549 2386 1592 menses
2424 1539 2506 1592 10.

268 1623 506 1694 questio
535 1623 785 1680 animum
811 1624 1006 1696 pulsat
1031 1625 1343 1696 quomodo,
1369 1625 1540 1682 Decio
1564 1641 1803 1696 regnum
1829 1626 1920 1682 vel
1949 1649 2004 1710 Β
2101 1622 2153 1679 3.
2191 1625 2253 1679 Α.
2291 1626 2352 1680 Ι).
2383 1628 2507 1680 256.
2545 1626 2756 1698 Syxtus
2789 1639 2936 1698 papa
2966 1640 3174 1698 passus
3201 1628 3291 1682 est
3313 1625 3505 1683 8Idus
3535 1627 3678 1697 Aug.

269 1726 387 1768 uno
416 1711 507 1768 vel
541 1711 770 1769 duobus
793 1717 853 1769 et
875 1712 1114 1770 dimidio
1147 1729 1296 1771 anno
1331 1717 1582 1771 tenente.
1619 1715 1922 1772 Cornelius

264 1800 676 1872 episcopatum
698 1802 1014 1858 Romanum
1043 1801 1233 1859 tribus
1252 1804 1416 1874 juxta
1442 1803 1920 1861 aecclesiasticam

267 1888 592 1960 hysteriam
639 1891 805 1947 annis
853 1890 1130 1961 tenuerit,
1183 1892 1350 1962 eique
1397 1892 1610 1949 Lucius
1655 1907 1756 1964 per
1785 1899 1920 1949 octo

267 1991 523 2050 menses,
553 1979 882 2050 Stephanus
914 1994 1052 2036 vero
1079 1995 1180 2051 per
1205 1979 1520 2052 biennium,
1557 1981 1767 2038 dehinc
1799 1981 1922 2037 Six-

272 2069 368 2122 tus
399 2080 504 2138 per
536 2066 800 2124 undecim
841 2081 1044 2139 annos,
1077 2069 1210 2124 exin
1245 2069 1539 2126 Dionisius
1581 2084 1684 2140 per
1714 2083 1918 2126 novem

267 2169 456 2212 annos
488 2155 860 2227 successerit,
891 2171 1021 2213 cum
1046 2172 1148 2229 per
1171 2172 1396 2214 omnem
1429 2157 1756 2214 secclesiam
1785 2158 1920 2214 Cor-

269 2241 462 2298 nclius
479 2247 534 2299 et
557 2243 776 2313 Sixtus,
792 2245 960 2316 cujus
977 2245 1258 2302 diaconus
1277 2251 1403 2302 erat
1425 2245 1792 2316 Laurentius,
1811 2247 1920 2303 sub

268 2331 442 2388 Decio
475 2332 626 2403 passi
659 2333 1056 2406 predicentur,
1093 2335 1302 2392 Lucius
1329 2350 1468 2392 vero
1499 2339 1560 2391 ct
1590 2335 1918 2408 Stephanus

273 2421 385 2475 sub
411 2419 714 2477 Valeriano
733 2427 792 2478 et
816 2421 1076 2478 Gallieno
1100 2422 1446 2479 martirizati
1469 2423 1759 2493 legantur.
1797 2423 1919 2490 Qua

271 2509 344 2564 de
374 2523 437 2564 re
469 2507 674 2578 conjici
711 2513 925 2582 potest,
960 2511 1402 2568 successionum
1433 2511 1590 2568 vices
1615 2511 1755 2568 vitio
1779 2511 1920 2568 scri-

272 2599 501 2668 ptorum
534 2611 638 2668 pro
668 2597 1050 2655 similitudine
1089 2599 1382 2656 nominum
1424 2602 1676 2656 mutatas
1706 2600 1915 2667 fuisse;

269 2685 684 2742 auctoritatem
710 2701 848 2744 vero
869 2686 1176 2744 catholicae
1204 2688 1488 2745 {ecclesiae
1513 2687 1583 2744 ad
1608 2704 1715 2746 nos
1735 2703 1918 2760 usque

271 2773 577 2844 perlatam,
611 2774 912 2846 probabile
933 2779 1044 2846 est,
1073 2775 1425 2848 sequendam
1450 2791 1596 2834 esse.
1625 2777 1735 2834 Sed
1759 2782 1820 2834 ut
1847 2777 1917 2833 ad

270 2863 575 2934 superiora
627 2863 954 2933 redeamus,
989 2864 1089 2934 (Η.
1123 2867 1227 2936 m.)
1261 2865 1473 2924 Decius
1523 2865 1702 2922 filium
1750 2881 1916 2923 suum

271 2950 505 3008 Decium
536 2965 813 3018 emsareui
844 2952 998 3024 fecit,
1023 2957 1084 3008 et
1110 2955 1579 3025 persecutionem
1613 2955 1916 3026 septimam

269 3045 404 3110 post
435 3040 716 3096 Neronem
739 3039 795 3096 in
816 3039 1169 3098 christianos
1202 3042 1398 3113 movit,
1431 3042 1793 3100 occasionem
1825 3059 1919 3100 su-

271 3141 434 3184 mens
477 3125 674 3184 odium
721 3127 1122 3200 Philipporum
1173 3145 1318 3202 quos
1362 3130 1681 3202 interfecit,
1717 3130 1773 3186 in
1806 3145 1914 3202 qua

274 3216 686 3287 persecutione
719 3216 885 3274 multi
917 3223 1254 3274 sanctorum
1279 3218 1434 3290 passi
1457 3222 1610 3274 sunt.
1643 3219 1822 3282 lﬂlER.
1849 3248 1919 3260 -υ

269 3303 665 3376 H.m.)l-lujus
683 3305 1045 3376 temporibus
1063 3321 1192 3362 cum
1217 3305 1448 3378 plurimi
1472 3306 1639 3363 Gothi
1659 3307 1916 3363 Histrum

271 3391 507 3448 fluvium
541 3397 994 3464 transmeantcs,
1027 3395 1416 3452 Romanorum
1447 3394 1716 3451 civitates
1747 3395 1920 3466 deva-

265 3483 512 3550 starent,
547 3480 756 3538 Decius
783 3497 912 3538 cum
948 3482 1066 3538 lilio
1099 3498 1204 3539 suo
1232 3482 1365 3539 illos
1395 3483 1549 3539 bello
1581 3497 1912 3554 aggressus,

267 3572 336 3624 30
367 3567 521 3625 milia
545 3583 618 3625 ex
639 3569 723 3626 eis
745 3570 985 3642 occidit,
1020 3571 1090 3626 dc
1119 3571 1243 3628 suis
1265 3585 1498 3642 quoque
1533 3571 1748 3628 multos
1781 3571 1917 3628 ami-

271 3655 366 3712 sit.
389 3656 570 3713 Filius
589 3657 763 3714 etiam
781 3657 907 3728 ejus
925 3659 1273 3716 interfectus
1295 3663 1407 3730 est,
1436 3659 1680 3731 ipseque
1701 3660 1757 3715 in
1781 3675 1917 3716 con-

273 3744 428 3801 fusas
477 3746 682 3802 turbas
729 3746 945 3817 gurgiti
985 3748 1284 3818 cujusdam
1317 3747 1544 3818 paludis
1576 3749 1916 3804 submersus

269 3836 377 3904 est,
413 3832 492 3888 ita
518 3839 582 3890 ut
603 3848 709 3890 nec
739 3834 989 3891 cadaver
1018 3834 1147 3904 ejus
1179 3835 1428 3890 inveniri
1460 3835 1740 3906 potuerit,
1769 3850 1918 3891 anno

271 3919 496 3992 imperii
529 3922 618 3978 sui
651 3922 854 3994 tercio,
886 3923 1020 3981 vitae
1054 3923 1556 3994 quinquagesimo.
1594 3925 1726 3980 Haec
1749 3921 1916 3992 juxta

271 4008 610 4080 hysteriam,
637 4010 694 4066 in
720 4011 1048 4083 passionum
1082 4027 1222 4068 vero
1257 4011 1408 4068 libro
1440 4010 1722 4082 scriptum
1757 4026 1919 4082 repe-

272 4097 441 4167 ritur,
468 4098 620 4169 quod
644 4099 956 4156 interfecto
989 4101 1168 4171 Syxto
1198 4114 1343 4172 papa
1365 4104 1424 4155 et
1446 4100 1574 4171 ejus
1598 4098 1920 4156 arcbiadia-

269 4199 414 4241 cono
456 4186 766 4243 Laurentio
803 4187 1072 4260 aliisque,
1117 4203 1183 4243 ac
1222 4187 1430 4243 deinde
1474 4187 1704 4258 Ypolito
1747 4187 1920 4244 socii-

273 4288 414 4346 sque
444 4274 591 4346 ejus,
615 4281 682 4332 27
707 4276 800 4333 die
824 4281 958 4348 poSt
983 4277 1306 4348 passionem
1339 4281 1678 4332 sanctorum
1709 4277 1920 4332 Decius

2032 1727 2161 1769 cum
2205 1711 2355 1770 aliis.
2401 1713 2559 1771 Passi
2606 1718 2741 1770 sunt
2782 1715 2893 1770 hoc
2935 1729 3084 1770 anno
3115 1713 3538 1771 Polochronius
3565 1715 3685 1786 epi-

2031 1815 2246 1874 se0pus
2275 1816 2406 1858 cum
2440 1801 2663 1872 multis,
2697 1801 2951 1858 Abdo°18
2973 1807 3031 1860 et
3056 1804 3298 1873 Sennes,
3333 1801 3688 1874 Olimpiadcs

2030 1893 2088 1945 ct
2111 1890 2408 1961 Maximus,
2446 1890 2792 1948 Laurentius
2817 1895 2948 1962 post
2972 1891 3233 1962 Syxtum,
3263 1888 3530 1962 Ypolitus
3551 1906 3683 1948 cum

2031 1977 2204 2034 sociis
2245 1978 2386 2044 suis,
2432 1977 2651 2050 aliique
2695 1978 3070 2051 quamplures
3111 1979 3207 2050 (cf.
3239 1978 3453 2052 Mart.)
3493 1977 3682 2035 Dioni-

2030 2067 2152 2123 sius
2175 2080 2318 2138 papa
2341 2071 2469 2122 22‘“
2491 2071 2624 2138 post
2649 2069 2888 2138 S'yxtum
2909 2067 3233 2140 ordinatus,
3259 2068 3412 2125 sedit
3433 2067 3599 2125 annis
3613 2066 3682 2100 “‘

2029 2154 2278 2225 duobus,
2311 2170 2542 2212 menses
2572 2161 2624 2212 5.

2031 2245 2174 2300 Anni
2211 2244 2354 2301 Galli
2397 2249 2455 2302 et
2487 2243 2805 2302 Volusiani.

2103 2332 2203 2402 (Η.
2236 2335 2340 2406 m.)
2389 2335 2552 2390 Anno
2601 2333 2904 2390 dominicae
2957 2331 3382 2390 incarnationis
3426 2335 3550 2401 257,
3605 2334 3678 2390 ab

2029 2423 2184 2480 Urbe
2213 2423 2448 2478 condita
2481 2422 2788 2480 millesimo
2817 2427 2869 2479 8.
2905 2421 3098 2478 Virius
3137 2421 3334 2479 Gallus
3365 2421 3672 2492 Hostilius,

2027 2515 2155 2567 26ιιε
2182 2512 2254 2567 ab
2287 2512 2568 2582 Augusto,
2605 2511 2923 2582 imperator
2940 2511 3012 2567 ab
3034 2510 3298 2568 exercitu
3327 2514 3566 2568 creatur
3587 2509 3676 2580 “‘,

2029 2605 2088 2657 et
2119 2615 2249 2656 cum
2280 2599 2598 2656 Volusiano
2641 2599 2760 2654 filio
2801 2615 2906 2657 suo
2939 2598 3208 2670 regnavit
3233 2599 3398 2656 annis
3427 2598 3677 2669 duobus,

2029 2702 2258 2744 menses
2291 2692 2340 2744 4.
2378 2687 2600 2759 (Br-nm)
2634 2687 2817 2758 Hujus
2852 2687 3080 2760 imperii
3111 2687 3406 2745 Dionisius
3436 2687 3682 2744 Alexan-

2029 2777 2232 2834 drinus
2251 2777 2562 2850 episcopus
2583 2777 2840 2834 meminit
2860 2777 2938 2833 ita
2962 2795 2974 2832 :
2999 2795 3028 2828 ς(
3045 2779 3205 2852 At_ne
3226 2775 3422 2834 Gallus
3444 2775 3678 2846 quidem

2029 2867 2240 2923 malum
2280 2867 2435 2923 Decii
2479 2872 2580 2923 aut
2616 2865 2816 2924 videre
2859 2865 3053 2938 potuit
3084 2869 3184 2921 aut
3219 2878 3448 2933 cavere,
3483 2863 3586 2920 sed
3619 2863 3676 2920 in

2026 2955 2272 3012 eundem
2302 2955 2553 3026 lapidem
2584 2953 2921 3011 offensionis
2952 2953 3300 3024 impingens,
3337 2956 3574 3008 sanctos
3595 2951 3677 3008 vi-

2027 3058 2126 3100 ros
2161 3048 2510 3115 persecutus
2543 3047 2650 3100 est.
2685 3063 2714 3096 ››
2751 3043 2916 3115 (Ann.
2951 3042 3132 3113 Vror.)
3173 3041 3273 3097 His
3316 3039 3679 3112 temporibus

2027 3131 2368 3188 Emilianus
2389 3131 2620 3202 quidam
2641 3130 2696 3186 in
2717 3130 2912 3186 Moesia
2940 3129 3259 3200 imperator
3279 3126 3542 3185 elevatus
3563 3131 3673 3196 est,

2025 3226 2232 3277 contra
2265 3235 2436 3291 quem
2466 3219 2650 3290 ambo,
2687 3222 2855 3291 pater
2883 3217 3112 3275 scilicet
3141 3216 3210 3251 ⁶¹⁶
3242 3232 3307 3275 ac
3339 3215 3513 3286 filius,
3548 3229 3678 3287 pcr-

2025 3312 2252 3380 gentes,
2271 3309 2344 3364 ab
2362 3308 2628 3365 exercitu
2648 3323 2754 3364 suo
2777 3306 3068 3363 interfecti
3089 3309 3244 3377 sunt,
3270 3309 3436 3377 pater
3454 3304 3676 3360 habens

2027 3411 2210 3453 annos
2230 3396 2364 3454 vitae
2388 3398 2474 3466 47,
2505 3395 2840 3452 .Emilianus
2865 3399 3058 3451 autem
3075 3391 3163 3464 σιτ,
3189 3395 3421 3450 Maurus
3441 3405 3672 3463 genere,

2028 3491 2159 3558 post
2193 3499 2422 3542 menses
2455 3491 2706 3556 quatuor
2735 3484 2964 3541 occisus
2993 3487 3102 3540 est.

2100 3579 2148 3629 1.
2186 3573 2412 3646 (Βευλ.)
2445 3573 2640 3628 Primo
2662 3571 2731 3606 ⁸1⁸
2753 3587 2902 3629 anno
2935 3570 3097 3642 regni
3131 3569 3274 3626 Galli
3299 3573 3357 3628 et
3379 3567 3677 3626 Volusiani

2028 3661 2312 3732 Origenes
2360 3659 2674 3732 presbiter,
2729 3675 2878 3717 anno
2929 3659 3124 3717 aetatis
3173 3673 3294 3716 suae
3325 3663 3394 3715 70
3425 3657 3678 3714 nondum

2029 3748 2289 3820 impleto,
2319 3750 2566 3805 moritur
2590 3752 2648 3805 et
2674 3748 2729 3804 in
2751 3750 2896 3819 Tyro
2919 3747 3227 3820 sepelitur,
3254 3745 3351 3818 qui
3376 3746 3431 3804 in
3451 3749 3677 3802 tantum

2025 3835 2266 3893 sedulus
2301 3837 2407 3892 fuit
2439 3836 2756 3907 scribendi,
2785 3842 2850 3893 ut
2874 3836 3246 3894 Hicronimus
3279 3835 3527 3906 quodam
3550 3833 3680 3892 loco

2029 3922 2204 3991 dicat,
2229 3922 2484 3993 quinque
2505 3921 2658 3978 milia
2678 3921 2966 3979 librorum
2985 3921 3112 3992 ejus
3129 3935 3192 3978 se
3211 3919 3442 3991 legisse.
3466 3921 3678 3991 (Πιεῐι.)

2030 4009 2348 4066 Antiochia
2370 4009 2755 4066 constituitur
2772 4009 3175 4066 Demetrianus
3197 4008 3510 4080 episcopus
3537 4011 3677 4064 14‘“.

2097 4103 2148 4154 2.
2187 4101 2248 4154 Α.
2287 4099 2346 4153 D.
2382 4100 2504 4153 258.
2557 4097 2756 4154 Gallus
2799 4102 2858 4152 et
2903 4097 3256 4154 Volusianus
3306 4095 3676 4152 occiduntur.

2031 4185 2320 4242 Dionisius
2372 4200 2518 4258 papa
2567 4190 2695 4240 22ιι³
2742 4185 3011 4256 migravit
3061 4183 3130 4218 “9
3167 4183 3350 4241 6Kal.
3401 4185 3526 4239 Jan.
3579 4181 3682 4238 Hic

2035 4275 2378 4347 presbiteris
2395 4275 2692 4332 2ecclesias
2711 4273 3010 4331 distribuit
3026 4277 3083 4330 et
3102 4272 3440 4347 parrochias
3459 4270 3678 4328 divisit.

272 4367 330 4419 et
361 4362 702 4420 Valerianus
743 4366 1038 4436 prefectus
1080 4365 1354 4422 sedentes
1389 4365 1445 4421 in
1479 4380 1743 4435 carruca,
1789 4368 2002 4428 cum'D
2033 4364 2224 4432 (Bene
2262 4362 2474 4434 Mart.)

279 4454 601 4508 tractarent
633 4453 822 4509 adhuc
852 4451 923 4509 de
955 4467 1097 4509 nece
1131 4457 1486 4520 sanctorum,
1520 4451 1802 4508 demoniis
1831 4467 1922 4508 ar-

275 4539 423 4611 repti
457 4543 614 4610 sunt,
649 4546 708 4596 et
740 4540 797 4596 in
828 4541 1127 4613 presentia
1170 4541 1327 4596 Decii
1358 4540 1702 4596 Valerianus
1733 4540 1924 4612 exspi-

272 4627 510 4698 raverit,
565 4629 778 4686 Decius
828 4643 968 4686 vero
1019 4629 1250 4686 rediens
1284 4629 1338 4684 in
1374 4628 1674 4700 palatium,
1727 4629 1922 4685 triduo

272 4722 515 4773 vexatus
545 4716 644 4788 sit,
673 4721 730 4774 et
767 4717 820 4772 in
850 4723 1172 4789 conspectu
1203 4717 1532 4789 Triphonize
1569 4717 1769 4774 uxoris
1800 4732 1920 4774 suae

272 4803 608 4860 exalaverit.
642 4804 904 4871 Qualiter
934 4810 1124 4862 autem
1156 4821 1332 4876 super
1367 4805 1457 4861 bis
1487 4805 1708 4862 veritas
1737 4820 1798 4862 se
1829 4805 1922 4861 ha-

274 4892 426 4962 beat,
464 4892 518 4948 in
550 4893 907 4965 scriptorum
943 4894 1166 4950 ratione
1193 4893 1493 4951 consistat.

347 4985 393 5036 1.
423 4980 590 5050 (0hr.
629 4984 733 5055 W.)
752 4982 945 5040 Primo
969 4981 1124 5038 Decii
1145 4997 1293 5038 anno
1317 4981 1464 5038 facta
1490 4982 1544 5037 in
1566 4981 1922 5038 christianos

2033 4451 2180 4508 Anni
2212 4450 2500 4508 Valeriani
2532 4455 2588 4507 ct
2633 4449 2894 4508 Gallieni.

2104 4541 2204 4611 (II.
2234 4540 2338 4610 φη.)
2372 4541 2534 4596 Anno
2565 4539 2870 4596 dominicae
2905 4537 3327 4596 incarnationis
3353 4542 3479 4607 250,
3508 4536 3683 4593 Urbis

2032 4641 2171 4682 vero
2211 4625 2461 4682 conditae
2510 4625 2816 4682 millesimo
2860 4630 2944 4680 10.
2993 4624 3267 4682 Lucinius
3313 4622 3680 4690 Valerianus,

2030 4721 2416 4785 cognomento
2446 4714 2740 4784 Colchius,
2779 4715 2830 4770 in
2867 4715 3031 4770 Retia
3055 4718 3115 4770 et
3139 4712 3346 4769 Norico
3377 4725 3574 4781 agens,
3611 4711 3683 4765 ab

2031 4803 2296 4859 exercitu
2337 4802 2655 4874 imperator
2685 4809 2942 4874 creatus,
2980 4817 3112 4858 mox
3142 4804 3428 4871 angustus
3463 4804 3550 4854 est
3586 4813 3684 4869 ap-

2034 4891 2302 4964 pellatus,
2329 4897 2455 4947 27ιι³
2478 4891 2550 4946 ab
2575 4892 2870 4960 Augusto;
2893 4893 3088 4946 Romae
3111 4903 3251 4944 vero
3275 4886 3572 4944 Gallienus
3591 4885 3680 4956 "°,

2034 4979 2187 5037 ﬁlius
2207 4979 2337 5050 ejus
2357 4978 2447 5050 ω,
2477 4993 2506 5034 a
2528 4982 2734 5035 senatu
2765 4992 2951 5036 caesar
2983 4974 3317 5048 appellatus
3342 4977 3456 5046 est,
3482 4988 3686 5045 regna-

1636 5148 1872 5203 VARHE
1914 5147 2312 5203 LECTIONES.

337 5311 408 5345 ⁶²⁰
439 5313 602 5372 deest
627 5318 708 5370 10.
743 5319 826 5372 11.
913 5315 981 5349 ⁸η
1011 5315 1176 5373 deest
1200 5316 1298 5372 E1.
1384 5315 1452 5348 ⁸η
1483 5330 1536 5371 a.
1593 5329 1767 5370 unum

271 5397 306 5440 α
330 5383 855 5457 νεῑίᾳειὶιςγνθσεᾴἰι.
935 5385 1004 5420 ⁸³⁵
1035 5391 1272 5444 creatus
1304 5403 1435 5445 cum
1465 5391 1514 5442 5.
1593 5385 1661 5418 ⁶¹⁰
1692 5401 1738 5441 s.
1776 5400 1828 5457 p.
1865 5389 1915 5442 5.

276 5468 408 5512 num
441 5460 490 5512 5.
570 5456 640 5489 ⁶²⁰
664 5455 932 5530 galienus
963 5464 1012 5514 5.
1047 5473 1292 5532 smper.
1376 5457 1611 5516 "‘deest
1638 5459 1733 5513 E1.

1937 5312 2006 5346 "3
2035 5313 2224 5370 abden
2281 5317 2355 5369 9°.
2395 5317 2478 5368 11.
2557 5310 2624 5343 '1‘
2659 5325 2841 5367 annos
2877 5311 2976 5365 [103
3033 5311 3130 5366 El.
3185 5310 3296 5413 ί(κὶ
3333 5309 3427 5368 ita
3461 5309 3684 5390 saepius

2007 5384 2075 5413 817
2105 5384 2260 5413 ᾹΑηιιΙ
2291 5386 2361 5413 ΠΙ
2474 5381 2542 5413 618
2574 5384 2614 5413 ῐ)
2675 5387 2864 5413 ιιιιΙΛινι
2901 5395 2927 5413 n
2988 5382 3055 5413 ΠΙ
3162 5379 3184 5413 θ
3211 5379 3234 5413 9
3270 5396 3318 5413 nn
3393 5379 3458 5413 ml
3497 5381 3684 5413 ,Ιηισηι-

2007 5384 2075 5418 ⁶¹⁷
2101 5384 2260 5442 deest
2291 5386 2386 5440 Et.

2474 5381 2542 5416 ⁶¹⁸
2574 5384 2634 5438 Ρ.
2674 5387 2866 5438 autem
2901 5395 2951 5436 a.
2988 5382 3082 5436 El.
3162 5379 3234 5414 ⁸η
3267 5396 3348 5436 in.
3392 5379 3461 5436 ad
3497 5379 3685 5436 domi-
