3986 6048
283 272 401 339 695

1446 283 1928 350 EKKEHARDI
1978 282 2287 347 URAUGI
2302 285 2530 349 ‘NSIS

3583 281 3713 346 696

285 419 614 487 veruntquc
637 416 807 475 simul
831 418 998 478 annis
1020 434 1143 492 sex,
1172 421 1468 481 Gallienus
1490 437 1629 480 vero
1654 421 1815 479 solus
1842 436 1933 493 po-
1963 420 2019 481 A
2054 420 2364 478 Ysz‘neneus
2397 421 2729 479 ordinatur.“
2770 419 3136 476 Alexandrize
3168 420 3558 479 constituitur
3587 420 3724 493 epi-

288 510 412 561 stea
446 505 769 580 "’novcm,
822 510 919 580 qui
968 510 1181 567 faciunt
1235 527 1415 567 annos
1464 518 1544 568 15.
1595 511 1938 567 Valerianus

289 594 485 666 itaque
506 598 719 654 nobilis
743 599 971 670 quidem
991 605 1114 657 erat
1133 602 1345 670 genere
1364 601 1456 669 "3,
1474 600 1725 657 stolidus
1748 605 1935 655 tamen

287 690 343 739 et
378 683 445 717 ⁸³³
476 686 633 743 iners
673 688 937 757 multum,
983 702 1086 746 nec
1128 689 1197 744 ad
1236 690 1488 760 aliquem
1522 705 1686 746 usum
1723 688 1935 761 publici

292 773 463 828 oflicii
497 776 743 831 consilio
773 792 872 832 seu
903 778 1086 847 gestis
1115 778 1603 834 accommodatus.
1640 776 1938 833 Gallienus

291 866 487 918 autem
521 865 766 936 primum
792 866 1043 923 feliciter
1065 868 1350 939 regnavit,
1378 872 1581 939 postea
1605 882 1743 924 vero
1764 866 1832 899 ⁶²¹
1856 866 1939 923 lu-

290 952 526 1009 xuriose
550 954 767 1023 vivens,
792 955 1096 1025 imperium
1124 957 1240 1012 fere
1264 956 1661 1013 adnichilavit.
1685 956 1940 1013 Valeria-

292 1054 401 1096 nus
424 1040 602 1109 igitur
626 1042 803 1099 filium
828 1059 993 1100 suum
1019 1044 1341 1101 Gallienum
1364 1046 1496 1101 fecit
1520 1050 1854 1115 augustum,
1879 1048 1936 1099 et

296 1129 625 1185 Cornelium
678 1131 1067 1203 Valerianum,
1122 1133 1365 1189 Gallieni
1412 1133 1613 1204 lilium,
1660 1146 1937 1190 czesarem

292 1219 619 1275 constituit.
676 1223 800 1276 Mox
852 1226 1048 1278 autem
1084 1228 1143 1279 ut
1176 1238 1418 1293 regnare
1465 1224 1640 1295 empit
1689 1222 1939 1279 Licinius

295 1305 658 1378 Valerianus,
717 1320 1180 1381 persecutionem
1224 1327 1251 1367 a
1295 1314 1522 1369 Nerone
1571 1317 1832 1367 octavam
1885 1310 1940 1365 in

293 1395 647 1453 christianos
668 1400 963 1466 exercuit;
992 1406 1193 1471 postea
1216 1400 1269 1456 in
1292 1400 1701 1471 Mesopotamia
1727 1398 1941 1455 bellum

292 1497 524 1555 gerens,
564 1502 593 1541 a
630 1488 845 1559 Sapore
875 1491 1185 1545 Persarum
1219 1504 1354 1558 rege
1385 1489 1452 1521 ⁶²⁴
1479 1493 1688 1560 captus
1721 1487 1945 1543 lumini-

297 1575 519 1646 busque
549 1576 827 1647 privatus,
855 1579 1173 1635 miserabili
1198 1580 1485 1635 servitute
1510 1579 1585 1634 ibi
1612 1577 1939 1634 consenuit.

297 1662 463 1730 (Chr.
516 1666 621 1737 W.)
667 1668 804 1721 Nam
835 1667 1107 1737 quamdiu
1150 1667 1405 1737 vivebat,
1442 1683 1674 1738 semper
1704 1666 1944 1722 acclinis

2048 524 2263 580 scopus
2286 512 2409 564 14‘“
2437 509 2731 574 Maximus.

2120 603 2202 653 13.
2240 600 2303 653 Α.
2337 601 2397 653 Ι).
2435 603 2557 655 271.
2594 598 2917 656 Antiochia)
2960 597 3266 656 ordinatur
3297 599 3555 656 Domnus
3589 600 3719 672 epi-

2048 701 2263 757 scopus
2302 686 2371 720 ⁸³¹
2415 692 2555 743 16η.

2122 778 2202 831 15.
2240 775 2407 843 (0hr.
2459 776 2565 848 W.)
2599 779 2660 832 A.
2695 778 2757 831 Ι).
2793 779 2917 831 273.
2952 774 3241 832 Dionisius
3270 790 3419 847 papa
3451 778 3585 831 26‘“
3618 791 3718 833 or-

2047 862 2302 935 dinatus,
2346 863 2498 921 sedit
2529 864 2695 922 annis
2726 869 2776 920 9.
2814 863 3109 921 Gallienus
3139 863 3447 921 Mediolani
3481 863 3715 921 interﬁ-

2047 952 2219 1009 citur.

2050 1042 2193 1098 Anni
2229 1043 2471 1101 Claudii.

2120 1130 2235 1201 (W.
2259 1134 2451 1204 misc.)
2486 1134 2645 1189 Anno
2677 1132 2981 1188 dominica:
3008 1131 3432 1189 incarnationis
3454 1134 3582 1188 274.
3612 1133 3716 1190 Ur-

2052 1222 2140 1278 bis
2189 1221 2437 1277 conditze
2487 1220 2794 1277 millesimo
2844 1225 2931 1277 25.
2986 1220 3149 1290 (Aun.
3203 1221 3357 1276 VICT.
3397 1252 3447 1260 —
3488 1223 3713 1291 H.171.)

2051 1310 2348 1378 Claudius,
2390 1325 2558 1381 quem
2605 1309 2771 1366 multi
2802 1310 3000 1366 dicunt
3034 1325 3064 1366 a
3098 1310 3389 1365 Gordiano
3418 1315 3711 1381 creatum,

2051 1402 2179 1453 28“
2220 1400 2291 1452 ab
2332 1400 2610 1468 Augusto,
2646 1414 2675 1455 a
2710 1397 2993 1455 militibus
3025 1398 3271 1468 electus,
3306 1413 3335 1454 a
3369 1403 3584 1456 senatu
3619 1414 3715 1456 au-

2052 1491 2263 1555 gustus
2282 1486 2633 1557 appellatus,
2659 1487 2924 1556 regnavit
2941 1502 3153 1544 annum
3174 1502 3369 1555 unum,
3397 1502 3636 1544 menses
3657 1491 3710 1558 9,

2056 1574 2144 1629 vir
2168 1588 2380 1645 parcus
2400 1579 2458 1628 et
2483 1575 2784 1631 modestus
2805 1578 2864 1629 et
2889 1574 3030 1645 justi
3055 1580 3231 1631 tenax
3255 1588 3319 1629 ac
3348 1574 3431 1631 rei
3454 1573 3715 1646 publica:

2060 1663 2322 1719 idoneus.
2350 1663 2453 1719 [lic
2477 1662 2719 1718 Gallieni
2747 1662 3050 1719 morientis
3074 1663 3364 1720 sententia
3388 1663 3721 1735 imperator

295 1751 471 1822 humi,
517 1768 709 1823 regem
746 1756 796 1810 in
832 1772 1041 1825 equum
1085 1772 1464 1813 asecnsurum
1499 1757 1674 1812 derso
1717 1754 1947 1811 attolle-
1978 1780 2029 1838 Β
2060 1751 2403 1820 designatus
2428 1757 2537 1822 est,
2567 1751 2637 1808 ad
2662 1766 2833 1823 quem
2863 1750 3043 1809 Ticini
3075 1752 3334 1824 positum
3365 1752 3717 1809 vestimenta

300 1842 415 1896 bat.
451 1842 673 1915 (bene)
700 1846 859 1899 Unde
882 1844 950 1877 ⁶²⁵
974 1845 1269 1901 Gallienus
1293 1852 1407 1901 tam
1433 1847 1591 1901 claro
1616 1845 1711 1899 Dei
1729 1844 1947 1915 judicio

299 1930 568 2000 territus,
612 1947 810 2001 pacem
855 1934 1076 1989 nostris
1108 1934 1301 1997 dedit;
1344 1934 1418 1988 ob
1453 1934 1722 1989 meritum
1756 1939 1945 1988 tamen

299 2018 389 2073 vel
424 2020 675 2089 proprim
702 2020 963 2077 libidinis
987 2022 1078 2077 vel
1099 2028 1356 2092 paterna)
1386 2022 1765 2077 thcomaebize
1790 2022 1951 2078 innu-

303 2122 481 2177 mera,
520 2109 784 2165 barbaris
814 2111 1280 2180 assurgentibus,
1308 2111 1545 2165 Romani
1582 2111 1742 2180 regni
1777 2110 1952 2165 detri-

303 2200 494 2251 menta
548 2197 849 2253 sustinuit.
906 2200 1007 2266 (II.
1050 2202 1155 2269 m.)
1208 2198 1292 2254 Ad
1344 2199 1602 2255 ultimum
1655 2200 1951 2271 profectus

307 2284 588 2340 adversus
618 2286 930 2342 Aureolum
955 2287 1160 2343 ducem
1184 2303 1375 2358 suum,
1399 2288 1495 2360 qui
1522 2287 1841 2344 Mediolano
1867 2302 1954 2343 re-

300 2388 481 2443 gnare
510 2374 579 2414 σ²⁶
608 2378 935 2446 temptavit,
968 2376 1408 2447 comprehendit
1441 2376 1600 2432 illum
1632 2376 1781 2447 apud
1816 2392 1953 2448 pon-

303 2466 419 2517 tem
473 2463 567 2533 qui
619 2478 688 2519 ex
738 2465 966 2520 nomine
1015 2464 1140 2533 ejus
1191 2464 1478 2521 Aureolus
1508 2464 1859 2536 appellatur,
1894 2470 1953 2520 et

306 2550 688 2608 Mediolanum
714 2553 944 2608 obsedit
966 2571 980 2620 ;
1006 2553 1106 2608 sed
1132 2568 1262 2609 cum
1287 2554 1360 2608 ibi
1383 2554 1681 2610 luxuriose
1704 2553 1950 2623 viveret,

306 2640 556 2696 artificio
580 2641 839 2709 ejusdem
866 2642 1097 2698 Aureoli
1120 2657 1149 2696 a
1170 2642 1289 2697 suis
1310 2642 1783 2711 interfectusest,
1806 2657 1953 2697 anno

306 2727 501 2783 aetatis
523 2728 589 2760 ⁶²⁷
614 2734 681 2784 50
714 2730 807 2798 (cf.
843 2732 1014 2785 Ouos.
1043 2746 1139 2800 vn,
1164 2734 1274 2801 22).
1313 2732 1426 2786 Ilac
1459 2737 1649 2787 autem
1687 2745 1955 2801 persecu-

308 2816 488 2885 tione,
517 2833 643 2887 quzc
668 2820 774 2873 sub
798 2824 964 2889 patre
990 2834 1095 2875 suo
1116 2821 1263 2875 facta
1290 2825 1404 2889 est,
1430 2818 1607 2888 aliqui
1633 2818 1798 2890 (0hr.
1850 2819 1953 2890 W.)

313 2918 518 2974 passos
543 2918 671 2962 esse
696 2907 1042 2962 confirmant
1066 2907 1415 2969 Cornelium,
1442 2907 1696 2976 Lucium,
1719 2907 1957 2978 Stepha-

310 3006 445 3048 num
478 2993 545 3026 ⁶²⁸
577 3001 635 3049 et
668 2995 890 3051 Sixtum
928 2998 1211 3053 llomauos
1246 2997 1571 3068 pontifices,
1605 3012 1733 3052 cum
1765 3001 1956 3052 tamen

311 3081 616 3139 Cornelius
638 3088 695 3139 et
722 3084 935 3155 Sixtus,
975 3089 1033 3141 ut
1066 3100 1239 3157 supra
1275 3085 1493 3141 dictum
1527 3088 1634 3155 est,
1664 3085 1718 3140 in
1745 3084 1960 3156 passio-

311 3184 445 3226 num
480 3172 646 3229 libris
670 3174 779 3229 sub
806 3174 977 3229 Decio
1010 3174 1170 3245 passi
1205 3173 1493 3243 lcgantur.

390 3265 433 3315 1.
472 3259 636 3330 ((Πιγ.
685 3262 787 3333 W.)
818 3262 1009 3318 Primo
1062 3262 1223 3332 regni
1256 3262 1343 3318 sui
1377 3277 1525 3318 anno
1574 3262 1827 3319 Licinius
1857 3263 1964 3319 Va-

315 3346 572 3406 lerianus
591 3352 1061 3421 persecutionem
1082 3352 1132 3406 in
1155 3351 1507 3408 christianos
1526 3352 1721 3407 movit.
1754 3351 1962 3408 Lucius

316 3452 462 3509 papa
482 3443 608 3494 23“!
629 3439 955 3508 ordinatur,
973 3440 1303 3509 sedensque
1324 3454 1550 3495 menses
1570 3446 1723 3508 octo,
1744 3441 1965 3511 patitur

316 3529 349 3582 4
380 3528 521 3582 Non.
556 3529 718 3583 Mart.
776 3528 874 3584 Cui
925 3527 1247 3584 succedens
1278 3528 1604 3598 Stephanus
1631 3532 1776 3598 25‘”,
1813 3529 1963 3585 sedit

317 3615 485 3670 annis
516 3615 764 3687 duobus,
792 3618 1129 3688 patiturque
1161 3619 1193 3671 4
1221 3617 1411 3672 Nonas
1444 3616 1712 3687 Augusti.

392 3706 440 3759 4.
479 3705 541 3760 Α.
578 3706 639 3761 Ι».
672 3709 794 3761 262.
849 3705 1047 3762 Sixtus
1094 3720 1240 3777 papa
1280 3710 1407 3761 25“
1447 3705 1770 3777 ordinatus,
1814 3707 1964 3763 sedit

320 3793 488 3848 annis
524 3799 605 3862 11,
640 3794 1195 3865 patiturqueSldus
1217 3794 1460 3864 Augusti
1489 3793 1578 3849 6”.
1615 3794 1833 3868 (ΒευΑ.)
1868 3796 1968 3867 Cy-

322 3880 562 3952 prianus
585 3883 1023 3953 Kartaginensis
1046 3882 1377 3955 episcopus,
1400 3882 1608 3940 doctor
1629 3883 1964 3955 precipuus,

322 3970 492 4040 cujus
521 3971 862 4028 doctissima
903 3977 1137 4029 exstant
1169 3971 1471 4044 opuscula,
1508 3972 1772 4030 martirio
1805 3988 1970 4030 coro-

323 4063 514 4131 natur,
551 4066 617 4117 18
650 4061 887 4118 Kalend.
930 4061 1221 4118 Octobris.

396 4154 445 4205 5.
482 4152 545 4205 A.
581 4153 643 4206 Ι).
676 4155 797 4207 263.
842 4150 1178 4207 'lheodorus
1215 4154 1597 4221 cognomento
1637 4150 1968 4221 Gregorius,

326 4237 496 4309 cujus
526 4253 703 4311 supra
737 4240 813 4309 (a.
837 4243 962 4312 242)
996 4239 1348 4297 mentionem
1382 4238 1643 4309 fecimus,
1675 4241 1973 4297 Neocaesa-

329 4327 428 4384 riaa
451 4327 521 4360 ⁶³⁰
541 4329 709 4384 Ponti
740 4329 1069 4400 episcopus,
1100 4342 1303 4398 magna
1332 4326 1614 4386 virtutum
1645 4327 1832 4398 gloria
1860 4328 1975 4386 cla-

331 4416 468 4485 ruit,
505 4417 601 4486 qui
626 4422 683 4472 et
706 4421 973 4487 stagnum
1008 4416 1297 4488 quoddam
1329 4416 1601 4488 precibus
1631 4416 1969 4489 exsiccavit,

331 4506 388 4558 et
410 4509 681 4573 montem,
710 4510 770 4561 ut
794 4505 1079 4561 azcelcsiae
1102 4504 1268 4560 locus
1291 4504 1604 4574 sufﬁceret,
1630 4505 1829 4561 movit.

404 4595 455 4647 6.
490 4591 701 4664 (HIER.)
736 4595 799 4648 A.
828 4595 887 4648 D.
913 4597 1035 4649 264.
1072 4592 1394 4650 Antiochia:
1422 4592 1729 4650 ordinatur
1757 4595 1977 4666 episco-

335 4696 444 4751 pus
476 4684 599 4735 15ιι³
632 4681 844 4738 Paulus
867 4681 1339 4738 Samosathenus.

405 4775 457 4825 7.
496 4768 662 4840 (C’lzr.
704 4770 808 4842 W.)
842 4772 906 4827 A.
939 4772 1000 4826 Ι).
1032 4774 1153 4827 265.
1187 4770 1528 4828 Valerianus
1550 4784 1580 4826 a
1604 4771 1818 4845 Sapore
1845 4775 1980 4831 Per-

336 4872 529 4915 sarum
561 4873 697 4931 regc
736 4860 984 4932 capitur.

408 4956 457 5007 8.
490 4951 556 5007 A.
590 4952 653 5006 D.
688 4953 809 5006 266.
843 4948 1136 5007 Gallienus
1185 4963 1323 5006 casu
1374 4947 1558 5022 patris
1607 4950 1980 5022 perterritus,

340 5054 536 5110 pacem
568 5038 906 5096 christianis
936 5038 1056 5094 dat.

415 5129 495 5181 12.
533 5128 745 5200 (ιιιειι.)
776 5129 840 5184 Α.
872 5128 936 5185 D.
968 5130 1089 5185 270.
1122 5125 1640 5186 Hicrosolimorum
1669 5128 1983 5200 episcopus

2061 1839 2279 1910 regalia
2311 1839 2408 1897 ille
2437 1840 2671 1897 direxit.
2708 1840 2831 1910 Hic,
2868 1840 3179 1897 interfecto
3214 1856 3244 1896 a
3275 1841 3401 1898 suis
3431 1842 3721 1909 Aureolo,

2063 1929 2353 2000 recipiens
2387 1929 2669 1999 legiones,
2707 1930 2926 1986 Gothos
2954 1930 3069 2001 jam
3104 1944 3207 2002 per
3240 1934 3303 1987 15
3335 1945 3517 1987 annos
3546 1930 3722 1987 llliri-

2062 2033 2191 2073 cum
2221 2018 2730 2088 Macedoniamque
2755 2022 3051 2076 vastantes
3074 2018 3293 2089 ingenti
3318 2018 3525 2090 praelio
3547 2019 3717 2089 vicit,

2062 2105 2271 2161 deinde
2314 2106 2597 2164 adversus
2626 2110 2696 2163 30
2725 2106 2880 2162 milia
2914 2106 3364 2165 Alemannorum
3407 2106 3549 2165 haut
3591 2122 3723 2180 pro-

2061 2194 2154 2250 cul
2181 2209 2208 2249 a
2233 2194 2361 2251 lacu
2388 2197 2612 2252 Benaco
2644 2195 2942 2266 dimicans,
2970 2200 3190 2253 tantam
3215 2210 3419 2252 eorum
3453 2196 3726 2253 multitu-

2063 2297 2191 2337 ncm
2218 2283 2387 2353 fudit,
2415 2289 2478 2339 ut
2503 2284 2595 2339 vix
2620 2283 2855 2342 dimidia
2891 2299 3025 2355 pars
3059 2289 3406 2342 remaneret.
3443 2284 3554 2352 Qui
3586 2298 3720 2341 cum

2064 2372 2217 2426 intra
2249 2372 2542 2429 biennium
2574 2374 2773 2429 morbo
2808 2372 3093 2443 interiret,
3128 2377 3293 2430 tanto
3315 2388 3447 2430 eum
3474 2377 3721 2429 senatus

2064 2459 2363 2516 decoravit
2396 2461 2635 2531 honore,
2664 2468 2723 2519 ut
2750 2461 2918 2519 divus
2945 2461 3362 2534 appellaretur,
3390 2462 3531 2518 etin
3557 2461 3723 2518 curia

2064 2548 2289 2620 clipeus
2337 2563 2568 2617 aureus,
2603 2550 2655 2605 in
2694 2548 2978 2622 Capitolio
3029 2565 3166 2607 vero
3218 2564 3393 2607 aurea
3429 2554 3629 2607 statua
3663 2550 3719 2607 ei

2066 2639 2401 2704 poneretur.
2459 2636 2633 2706 Cujus
2688 2637 2869 2691 frater
2927 2635 3341 2706 Quintilianus,
3392 2637 3483 2692 vir
3534 2636 3723 2693 unica:

2066 2721 2482 2780 moderationis
2506 2729 2564 2779 et
2587 2724 2891 2781 civilitatis
2915 2724 3187 2795 solusque
3222 2724 3386 2781 fratri
3420 2726 3723 2796 preferen-

2067 2811 2194 2882 dus,
2222 2827 2250 2868 a
2275 2812 2560 2869 militibus
2589 2812 2836 2885 electus,
2861 2816 2917 2869 et
2943 2828 3227 2870 consensu
3263 2819 3505 2870 senatus
3534 2828 3719 2884 augu-

2067 2905 2195 2958 stus
2227 2901 2555 2973 appellatus
2575 2900 2662 2972 ⁸³³,
2702 2907 2764 2958 17
2790 2902 3013 2974 imperii
3047 2902 3141 2959 die
3173 2901 3452 2973 Aquileia:
3480 2902 3720 2961 occisus

2067 2994 2177 3046 est.

2142 3083 2193 3135 2.
2229 3081 2451 3150 (ΒΕΒΑ.)
2485 3082 2548 3135 Α.
2585 3081 2647 3135 D.
2682 3084 2803 3137 275.
2856 3079 3072 3137 Paulus
3122 3079 3575 3138 Samosathenus
3604 3084 3723 3138 An-

2073 3169 2304 3226 tiochia)
2329 3169 2639 3241 episcopus
2661 3182 2690 3223 a
2718 3168 2915 3226 multis
2937 3169 3232 3241 episcopis
3261 3170 3558 3226 hereticus
3582 3184 3724 3227 esse

2071 3258 2459 3327 convincitur,
2505 3258 2907 3328 dogmatizans
2944 3257 3237 3314 Christum
3271 3259 3595 3316 communis
3624 3274 3727 3315 na-

2076 3353 2219 3405 turae
2243 3347 2529 3403 hominem
2562 3351 2789 3403 tantum
2821 3347 3031 3413 fuisse;
3069 3346 3354 3404 adversus
3384 3362 3553 3419 quem
3586 3348 3727 3403 Mal-

2072 3436 2263 3506 chion,
2299 3434 2729 3492 disertissimus
2770 3436 3145 3493 Antiochenaa
3187 3438 3479 3509 presbiter
3516 3438 3728 3493 :eccle-

2075 3524 2195 3595 sia),
2223 3530 2425 3596 utpote
2450 3524 2504 3580 in
2527 3525 2727 3580 eadem
2749 3524 3014 3582 {ecclesia
3041 3526 3390 3583 rethoricam
3414 3527 3724 3597 docuerat,

2075 3613 2497 3685 accipientibus
2562 3614 2811 3670 notariis
2879 3613 3237 3687 disputabat,
3300 3615 3395 3686 qui
3454 3613 3730 3685 dialogus

2076 3718 2262 3774 usque
2305 3702 2472 3757 hodie
2512 3706 2727 3759 exstat.
2764 3702 2975 3773 ("ll-1R.)
3010 3704 3247 3775 Dejecto
3290 3714 3483 3760 autem
3514 3703 3725 3773 Paulo,

2080 3796 2202 3848 16ιιι
2242 3790 2563 3848 Antiochiae
2601 3790 2668 3823 ⁸³³
2704 3792 3059 3862 subrogatur
3092 3794 3346 3851 Domnus
3383 3792 3724 3866 episcopus.

2078 3882 2224 3938 Anni
2256 3880 2570 3938 Aureliani.

2152 3971 2250 4039 (H.
2275 3972 2379 4043 mi.)
2414 3972 2576 4027 Anno
2610 3968 2915 4027 dominicae
2946 3968 3369 4029 incarnationis
3389 3974 3514 4042 276,
3539 3984 3571 4028 a
3593 3986 3735 4030 con-

2080 4057 2201 4115 dita
2226 4059 2379 4115 Urbe
2404 4058 2715 4115 millesimo
2737 4062 2825 4115 27.
2862 4059 3230 4131 Aurelianus,
3256 4065 3424 4133 patre
3448 4060 3735 4118 mediocri

2079 4152 2158 4220 et,
2196 4151 2255 4205 ut
2291 4147 2508 4217 dicunt,
2545 4147 2764 4205 Aurelii
2804 4149 3097 4206 senatoris
3125 4150 3331 4207 colono
3362 4150 3734 4222 progenitus,

2080 4243 2209 4295 29‘“
2232 4238 2303 4294 ab
2327 4239 2613 4309 Augusto,
2650 4238 2967 4309 imperator
2997 4238 3243 4310 electus,
3281 4240 3540 4311 regnavit
3566 4240 3741 4297 annis

2085 4330 2137 4397 5,
2161 4340 2391 4383 menses
2408 4329 2459 4396 6,
2485 4326 2576 4381 vir
2598 4326 2654 4382 in
2680 4325 2832 4382 bello
2859 4333 3088 4398 potens,
3115 4328 3218 4384 sed
3243 4327 3415 4384 animi
3440 4327 3739 4385 immodici

2085 4418 2143 4471 et
2177 4415 2248 4472 ad
2278 4414 2690 4472 crudelitatem
2733 4415 3162 4487 propensioris,
3198 4416 3277 4473 ita
3312 4421 3372 4474 ut
3406 4432 3515 4473 non
3545 4417 3743 4474 solum

2002 4492 2057 4555 D
2089 4504 2314 4563 nobiles
2351 4504 2548 4577 plures
2577 4504 2898 4575 damnaret,
2931 4505 3032 4563 sed
3065 4504 3238 4561 etiam
3272 4506 3492 4563 sororis
3523 4520 3643 4563 sua:
3679 4506 3745 4562 ﬁ-

2088 4595 2227 4653 lium
2258 4598 2513 4651 necaret.
2551 4593 2882 4665 Disciplina).
2916 4599 3105 4650 tamen
3135 4593 3406 4651 militaris
3428 4599 3488 4651 et
3512 4609 3744 4651 morum

2089 4681 2507 4741 dissolutorum
2534 4697 2736 4753 magna
2756 4685 2883 4738 erat
2900 4697 2970 4739 ex
2988 4681 3054 4715 ⁸³⁸
3075 4686 3243 4754 parte
3265 4688 3587 4754 corrector,
3614 4683 3739 4754 qui-

2090 4788 2200 4846 que
2235 4771 2454 4829 Gothos
2487 4771 2890 4829 strenuissime
2924 4770 3084 4842 vicit,
3127 4771 3265 4829 haut
3299 4771 3600 4829 dissimilis
3630 4773 3747 4829 Ma-

2089 4877 2202 4933 gno
2225 4861 2555 4918 Alexandro
2575 4875 2675 4917 seu
2696 4860 2910 4917 Caesari
2932 4860 3232 4917 dictatori.
3258 4862 3398 4917 Nam
3420 4862 3743 4919 Romanum

2094 4951 2397 5023 imperium
2436 4949 2687 5006 triennio
2720 4950 2791 5006 ab
2824 4949 3190 5007 invasoribus
3224 4950 3571 5022 receptavit,
3607 4965 3745 5007 cum

2095 5038 2422 5096 Alexander
2453 5039 2618 5095 annis
2639 5037 2706 5071 ⁸³⁵
2736 5043 2802 5094 12
2825 5052 2926 5110 per
2957 5038 3225 5109 ingentes
3258 5038 3535 5095 victorias
3558 5039 3633 5095 ad
3658 5040 3749 5093 ln-

2097 5128 2247 5184 diam
2291 5128 2647 5199 pervenerit,
2681 5131 2739 5183 et
2773 5126 2941 5184 Caius
2981 5128 3176 5185 Caesar
3215 5126 3496 5186 decennio
3529 5126 3753 5183 Gallias

1712 5303 1947 5359 VARle
1991 5302 2385 5360 LECTIONES.

414 5444 483 5479 ⁸η
516 5460 569 5515 p.
607 5444 764 5502 solus
796 5450 845 5500 5.
920 5445 988 5481 ⁶²³

344 5524 524 5586 atque
555 5519 603 5569 5.

341 5593 433 5646 est
458 5590 533 5642 9°.

1040 5459 1094 5516 g.
1130 5450 1256 5502 erat
1288 5451 1336 5502 5.
1424 5445 1491 5479 ⁶²⁴
1525 5444 1689 5503 deest
1740 5448 1814 5499 9ο.

624 5585 692 5621 ⁸³³
721 5589 1030 5648 antiocene
1059 5589 1322 5648 ecclesiae
1358 5593 1406 5644 5.

1902 5444 1969 5477 625
2003 5460 2034 5477 η
2091 5450 2145 5477 nt
2180 5460 2215 5477 ιν
2273 5450 2301 5477 ιε

704 5460 764 5502 us
796 5450 845 5500 5.
920 5450 988 5481 ⁸³³
1040 5459 1094 5516 g.
1130 5450 1256 5502 erat
1288 5451 1336 5502 5.
1424 5450 1491 5479 ⁰²⁸
1525 5450 1689 5503 deest
1740 5450 1814 5499 9ο.
1902 5450 1969 5477 στδ
2003 5460 2057 5501 u.
2090 5450 2149 5500 et
2179 5460 2231 5514 g.
2271 5450 2320 5502 5.
2400 5450 2468 5477 ⁶²σ
2511 5461 2538 5501 a

704 5516 772 5552 ’³³
800 5521 850 5572 8.
889 5517 965 5574 id.
1002 5533 1053 5575 a.
1088 5516 1299 5575 desunt
1339 5517 1433 5574 Ε1.
1466 5518 1627 5590 quod
1650 5518 1927 5588 imnarg.
1960 5517 2220 5573 notatur.
2305 5514 2375 5549 ⁶³⁰
2402 5529 2538 5585 gnec

721 5589 1030 5648 antiocene
1059 5589 1322 5648 ecclesiae
1358 5593 1406 5644 5.
1492 5589 1559 5623 ⁸³⁸
1591 5588 1754 5646 deest
1777 5589 1880 5644 Ε1.
1945 5586 2013 5621 ⁸³⁸
2045 5602 2148 5661 per
2181 5600 2361 5644 annos
2391 5591 2450 5643 5.
2480 5590 2538 5641 9°

1869 5630 1880 5643 .
1945 5605 2013 5621 ""
2046 5605 2148 5644 DCI‘
2181 5605 2361 5644 8111108
2391 5605 2450 5643 ὓ.
2480 5605 2555 5644 9°.

2400 5442 2468 5477 om
2511 5443 2674 5502 deest
2717 5448 2792 5499 9ο,
2875 5442 2943 5477 ⁶²⁷
2974 5458 3025 5499 a.
3086 5457 3209 5502 suze
3242 5448 3317 5500 9°.
3390 5442 3460 5477 ⁸³⁸
3510 5442 3545 5500 1.
3576 5450 3639 5502 et
3668 5452 3752 5503 st.

2305 5514 2375 5549 ⁶³⁰
2402 5515 2797 5585 gneocesarize
2827 5521 2875 5573 5.
2962 5515 3029 5549 ⁸³⁸
3061 5531 3111 5573 e.
3149 5516 3324 5573 XVIus
3351 5515 3412 5572 D.
3450 5521 3500 5572 5.
3593 5514 3663 5549 °”
3697 5533 3754 5574 a.

2895 5726 2921 5740 Ὢ
