  <div class='ocr_page' id='page_1' title='image "/cluster/home/n/w/nwhite01/storage/ocr_20150623/154/hvd.32044054760129/354.png"; bbox 0 0 3986 6048; ppageno 0'>
   <div class='ocr_carea' id='block_1_1' title="bbox 148 254 285 321">
    <p class='ocr_par' dir='ltr' id='par_1_1' title="bbox 148 254 285 321">
     <span class='ocr_line' id='line_1_1' title="bbox 148 254 285 321; baseline 0 -1"><span class='ocrx_word' id='word_1_1' title='bbox 148 254 285 321; x_wconf 79' lang='lat'><strong>697</strong></span> 
     </span>
    </p>
   </div>
   <div class='ocr_carea' id='block_1_2' title="bbox 1045 255 2695 325">
    <p class='ocr_par' dir='ltr' id='par_1_2' title="bbox 1045 255 2695 325">
     <span class='ocr_line' id='line_1_2' title="bbox 1045 255 2695 325; baseline -0.005 -1"><span class='ocrx_word' id='word_1_2' title='bbox 1045 260 1483 325; x_wconf 80' lang='lat' dir='ltr'>CHRONICA.</span> <span class='ocrx_word' id='word_1_3' title='bbox 1519 294 1592 307; x_wconf 91' lang='lat'>--</span> <span class='ocrx_word' id='word_1_4' title='bbox 1626 255 2104 322; x_wconf 86' lang='lat' dir='ltr'>CHRONICON</span> <span class='ocrx_word' id='word_1_5' title='bbox 2147 255 2695 321; x_wconf 59' lang='lat' dir='ltr'>UNIVEBSALE.</span> 
     </span>
    </p>
   </div>
   <div class='ocr_carea' id='block_1_3' title="bbox 3443 250 3563 314">
    <p class='ocr_par' dir='ltr' id='par_1_3' title="bbox 3443 250 3563 314">
     <span class='ocr_line' id='line_1_3' title="bbox 3443 250 3563 314; baseline 0.008 -1"><span class='ocrx_word' id='word_1_6' title='bbox 3443 250 3563 314; x_wconf 86' lang='lat'>698</span> 
     </span>
    </p>
   </div>
   <div class='ocr_carea' id='block_1_4' title="bbox 150 386 3562 472">
    <p class='ocr_par' dir='ltr' id='par_1_4' title="bbox 150 386 3562 472">
     <span class='ocr_line' id='line_1_4' title="bbox 150 386 3562 472; baseline -0.002 -19"><span class='ocrx_word' id='word_1_7' title='bbox 150 395 1015 469; x_wconf 84' lang='lat' dir='ltr'>superaverit,adversuscives</span> <span class='ocrx_word' id='word_1_8' title='bbox 1037 398 1418 471; x_wconf 84' lang='lat' dir='ltr'>quadriennio</span> <span class='ocrx_word' id='word_1_9' title='bbox 1436 397 1803 472; x_wconf 86' lang='lat' dir='ltr'>pugnaverit.</span> <span class='ocrx_word' id='word_1_10' title='bbox 1837 392 1893 455; x_wconf 88' lang='lat' dir='ltr'>A</span> <span class='ocrx_word' id='word_1_11' title='bbox 1922 397 2022 451; x_wconf 87' lang='lat' dir='ltr'>tur</span> <span class='ocrx_word' id='word_1_12' title='bbox 2052 391 2297 466; x_wconf 90' lang='lat' dir='ltr'>impleri,</span> <span class='ocrx_word' id='word_1_13' title='bbox 2331 409 2402 451; x_wconf 78' lang='lat' dir='ltr'>ex</span> <span class='ocrx_word' id='word_1_14' title='bbox 2442 407 2555 465; x_wconf 88' lang='lat' dir='ltr'>quo</span> <span class='ocrx_word' id='word_1_15' title='bbox 2600 391 2801 449; x_wconf 88' lang='lat' dir='ltr'>insana</span> <span class='ocrx_word' id='word_1_16' title='bbox 2860 387 3283 447; x_wconf 88' lang='lat' dir='ltr'>Manicheorum</span> <span class='ocrx_word' id='word_1_17' title='bbox 3334 386 3562 447; x_wconf 83' lang='lat' dir='ltr'>heresis</span> 
     </span>
    </p>
   </div>
   <div class='ocr_carea' id='block_1_5' title="bbox 152 484 1809 560">
    <p class='ocr_par' dir='ltr' id='par_1_5' title="bbox 152 484 1809 560">
     <span class='ocr_line' id='line_1_5' title="bbox 152 484 1809 560; baseline 0.001 -20"><span class='ocrx_word' id='word_1_18' title='bbox 152 484 261 541; x_wconf 77' lang='lat' dir='ltr'>Hic</span> <span class='ocrx_word' id='word_1_19' title='bbox 282 486 508 557; x_wconf 90' lang='lat' dir='ltr'>primus</span> <span class='ocrx_word' id='word_1_20' title='bbox 553 487 706 559; x_wconf 87' lang='lat' dir='ltr'>apud</span> <span class='ocrx_word' id='word_1_21' title='bbox 739 489 1025 544; x_wconf 83' lang='lat' dir='ltr'>Romanos</span> <span class='ocrx_word' id='word_1_22' title='bbox 1069 488 1331 545; x_wconf 81' lang='lat' dir='ltr'>diadema</span> <span class='ocrx_word' id='word_1_23' title='bbox 1362 488 1539 560; x_wconf 79' lang='lat' dir='ltr'>capiti</span> <span class='ocrx_word' id='word_1_24' title='bbox 1570 502 1675 544; x_wconf 91' lang='lat' dir='ltr'>suo</span> <span class='ocrx_word' id='word_1_25' title='bbox 1707 487 1809 542; x_wconf 91' lang='lat' dir='ltr'>im-</span> 
     </span>
    </p>
   </div>
   <div class='ocr_carea' id='block_1_6' title="bbox 154 574 1806 647">
    <p class='ocr_par' dir='ltr' id='par_1_6' title="bbox 154 574 1806 647">
     <span class='ocr_line' id='line_1_6' title="bbox 154 574 1806 647; baseline 0.001 -18"><span class='ocrx_word' id='word_1_26' title='bbox 154 574 359 645; x_wconf 77' lang='lat' dir='ltr'>posuit</span> <span class='ocrx_word' id='word_1_27' title='bbox 392 576 449 629; x_wconf 88' lang='lat' dir='ltr'>et</span> <span class='ocrx_word' id='word_1_28' title='bbox 482 579 677 631; x_wconf 89' lang='lat' dir='ltr'>vestes</span> <span class='ocrx_word' id='word_1_29' title='bbox 710 590 852 632; x_wconf 91' lang='lat' dir='ltr'>auro</span> <span class='ocrx_word' id='word_1_30' title='bbox 883 576 1242 647; x_wconf 86' lang='lat' dir='ltr'>gemmisque</span> <span class='ocrx_word' id='word_1_31' title='bbox 1271 580 1580 632; x_wconf 79' lang='lat' dir='ltr'>contextas</span> <span class='ocrx_word' id='word_1_32' title='bbox 1612 575 1667 630; x_wconf 91' lang='lat' dir='ltr'>in</span> <span class='ocrx_word' id='word_1_33' title='bbox 1699 590 1806 631; x_wconf 91' lang='lat' dir='ltr'>usu</span> 
     </span>
    </p>
   </div>
   <div class='ocr_carea' id='block_1_7' title="bbox 151 662 1806 735">
    <p class='ocr_par' dir='ltr' id='par_1_7' title="bbox 151 662 1806 735">
     <span class='ocr_line' id='line_1_7' title="bbox 151 662 1806 735; baseline 0.001 -19"><span class='ocrx_word' id='word_1_34' title='bbox 151 662 385 733; x_wconf 80' lang='lat' dir='ltr'>habuit,</span> <span class='ocrx_word' id='word_1_35' title='bbox 414 663 568 733; x_wconf 91' lang='lat' dir='ltr'>quod</span> <span class='ocrx_word' id='word_1_36' title='bbox 589 668 756 720; x_wconf 90' lang='lat' dir='ltr'>antea</span> <span class='ocrx_word' id='word_1_37' title='bbox 797 665 1072 721; x_wconf 82' lang='lat' dir='ltr'>Romanis</span> <span class='ocrx_word' id='word_1_38' title='bbox 1097 664 1409 735; x_wconf 81' lang='lat' dir='ltr'>majoribus</span> <span class='ocrx_word' id='word_1_39' title='bbox 1451 662 1806 733; x_wconf 86' lang='lat' dir='ltr'>incognitum</span> 
     </span>
    </p>
   </div>
   <div class='ocr_carea' id='block_1_8' title="bbox 156 744 1804 825">
    <p class='ocr_par' dir='ltr' id='par_1_8' title="bbox 156 744 1804 825">
     <span class='ocr_line' id='line_1_8' title="bbox 156 744 1804 825; baseline 0.001 -19"><span class='ocrx_word' id='word_1_40' title='bbox 156 752 293 821; x_wconf 88' lang='lat' dir='ltr'>fuit,</span> <span class='ocrx_word' id='word_1_41' title='bbox 322 751 575 823; x_wconf 78' lang='lat' dir='ltr'>porciuae</span> <span class='ocrx_word' id='word_1_42' title='bbox 606 768 834 824; x_wconf 86' lang='lat' dir='ltr'>quoque</span> <span class='ocrx_word' id='word_1_43' title='bbox 863 754 1057 810; x_wconf 91' lang='lat' dir='ltr'>carnis</span> <span class='ocrx_word' id='word_1_44' title='bbox 1083 744 1248 810; x_wconf 85' lang='lat' dir='ltr'>usum</span> <span class='ocrx_word' id='word_1_45' title='bbox 1283 753 1499 825; x_wconf 88' lang='lat' dir='ltr'>populo</span> <span class='ocrx_word' id='word_1_46' title='bbox 1532 752 1804 809; x_wconf 88' lang='lat' dir='ltr'>instituit.</span> 
     </span>
    </p>
   </div>
   <div class='ocr_carea' id='block_1_9' title="bbox 154 840 1808 915">
    <p class='ocr_par' dir='ltr' id='par_1_9' title="bbox 154 840 1808 915">
     <span class='ocr_line' id='line_1_9' title="bbox 154 840 1808 915; baseline 0.001 -21"><span class='ocrx_word' id='word_1_47' title='bbox 154 840 268 895; x_wconf 82' lang='lat' dir='ltr'>llic</span> <span class='ocrx_word' id='word_1_48' title='bbox 299 855 430 896; x_wconf 90' lang='lat' dir='ltr'>cum</span> <span class='ocrx_word' id='word_1_49' title='bbox 473 842 941 911; x_wconf 83' lang='lat' dir='ltr'>persecutionem</span> <span class='ocrx_word' id='word_1_50' title='bbox 992 858 1198 900; x_wconf 90' lang='lat' dir='ltr'>nonam</span> <span class='ocrx_word' id='word_1_51' title='bbox 1256 847 1386 915; x_wconf 90' lang='lat' dir='ltr'>post</span> <span class='ocrx_word' id='word_1_52' title='bbox 1436 844 1720 898; x_wconf 81' lang='lat' dir='ltr'>Neronem</span> <span class='ocrx_word' id='word_1_53' title='bbox 1753 841 1808 896; x_wconf 91' lang='lat' dir='ltr'>in</span> 
     </span>
    </p>
   </div>
   <div class='ocr_carea' id='block_1_10' title="bbox 158 928 1809 1003">
    <p class='ocr_par' dir='ltr' id='par_1_10' title="bbox 158 928 1809 1003">
     <span class='ocr_line' id='line_1_10' title="bbox 158 928 1809 1003; baseline 0.001 -18"><span class='ocrx_word' id='word_1_54' title='bbox 158 928 533 986; x_wconf 87' lang='lat' dir='ltr'>Christianos</span> <span class='ocrx_word' id='word_1_55' title='bbox 564 931 845 988; x_wconf 84' lang='lat' dir='ltr'>movisset</span> <span class='ocrx_word' id='word_1_56' title='bbox 877 930 965 1003; x_wconf 73' lang='grc'>⁸³⁸,</span> <span class='ocrx_word' id='word_1_57' title='bbox 1000 932 1211 990; x_wconf 83' lang='lat' dir='ltr'>fulmen</span> <span class='ocrx_word' id='word_1_58' title='bbox 1244 937 1378 988; x_wconf 84' lang='lat' dir='ltr'>ante</span> <span class='ocrx_word' id='word_1_59' title='bbox 1411 930 1571 987; x_wconf 78' lang='lat' dir='ltr'>illum</span> <span class='ocrx_word' id='word_1_60' title='bbox 1604 945 1809 1001; x_wconf 90' lang='lat' dir='ltr'>magno</span> 
     </span>
    </p>
   </div>
   <div class='ocr_carea' id='block_1_11' title="bbox 152 1016 1813 1092">
    <p class='ocr_par' dir='ltr' id='par_1_11' title="bbox 152 1016 1813 1092">
     <span class='ocr_line' id='line_1_11' title="bbox 152 1016 1813 1092; baseline 0.001 -19"><span class='ocrx_word' id='word_1_61' title='bbox 152 1016 674 1076; x_wconf 88' lang='lat' dir='ltr'>circumstantium</span> <span class='ocrx_word' id='word_1_62' title='bbox 707 1035 921 1092; x_wconf 88' lang='lat' dir='ltr'>pavore</span> <span class='ocrx_word' id='word_1_63' title='bbox 954 1021 1090 1092; x_wconf 89' lang='lat' dir='ltr'>ruit,</span> <span class='ocrx_word' id='word_1_64' title='bbox 1125 1036 1192 1077; x_wconf 89' lang='lat' dir='ltr'>ac</span> <span class='ocrx_word' id='word_1_65' title='bbox 1224 1036 1337 1077; x_wconf 91' lang='lat' dir='ltr'>non</span> <span class='ocrx_word' id='word_1_66' title='bbox 1370 1019 1553 1077; x_wconf 89' lang='lat' dir='ltr'>multo</span> <span class='ocrx_word' id='word_1_67' title='bbox 1576 1024 1707 1091; x_wconf 91' lang='lat' dir='ltr'>post</span> <span class='ocrx_word' id='word_1_68' title='bbox 1732 1019 1813 1074; x_wconf 90' lang='lat' dir='ltr'>in-</span> 
     </span>
    </p>
   </div>
   <div class='ocr_carea' id='block_1_12' title="bbox 152 1108 1811 1182">
    <p class='ocr_par' dir='ltr' id='par_1_12' title="bbox 152 1108 1811 1182">
     <span class='ocr_line' id='line_1_12' title="bbox 152 1108 1811 1182; baseline 0.003 -21"><span class='ocrx_word' id='word_1_69' title='bbox 152 1111 258 1162; x_wconf 87' lang='lat' dir='ltr'>ter</span> <span class='ocrx_word' id='word_1_70' title='bbox 291 1108 856 1182; x_wconf 84' lang='lat' dir='ltr'>Constantinopolim</span> <span class='ocrx_word' id='word_1_71' title='bbox 889 1116 948 1167; x_wconf 91' lang='lat' dir='ltr'>et</span> <span class='ocrx_word' id='word_1_72' title='bbox 978 1111 1304 1168; x_wconf 77' lang='lat' dir='ltr'>Heracliam</span> <span class='ocrx_word' id='word_1_73' title='bbox 1337 1126 1367 1166; x_wconf 91' lang='lat' dir='ltr'>a</span> <span class='ocrx_word' id='word_1_74' title='bbox 1400 1109 1685 1166; x_wconf 87' lang='lat' dir='ltr'>militibus</span> <span class='ocrx_word' id='word_1_75' title='bbox 1716 1124 1811 1165; x_wconf 93' lang='lat' dir='ltr'>oc-</span> 
     </span>
    </p>
   </div>
   <div class='ocr_carea' id='block_1_13' title="bbox 152 1196 454 1253">
    <p class='ocr_par' dir='ltr' id='par_1_13' title="bbox 152 1196 454 1253">
     <span class='ocr_line' id='line_1_13' title="bbox 152 1196 454 1253; baseline 0.007 -3"><span class='ocrx_word' id='word_1_76' title='bbox 152 1196 325 1253; x_wconf 90' lang='lat' dir='ltr'>cisus</span> <span class='ocrx_word' id='word_1_77' title='bbox 346 1202 454 1253; x_wconf 89' lang='lat' dir='ltr'>est.</span> 
     </span>
    </p>
   </div>
   <div class='ocr_carea' id='block_1_14' title="bbox 232 1284 1813 1359">
    <p class='ocr_par' dir='ltr' id='par_1_14' title="bbox 232 1284 1813 1359">
     <span class='ocr_line' id='line_1_14' title="bbox 232 1284 1813 1359; baseline 0.001 -20"><span class='ocrx_word' id='word_1_78' title='bbox 232 1291 291 1340; x_wconf 81' lang='lat'>2.</span> <span class='ocrx_word' id='word_1_79' title='bbox 331 1284 536 1356; x_wconf 72' lang='lat' dir='ltr'>([IIER.)</span> <span class='ocrx_word' id='word_1_80' title='bbox 573 1290 636 1342; x_wconf 90' lang='lat' dir='ltr'>A.</span> <span class='ocrx_word' id='word_1_81' title='bbox 675 1289 735 1342; x_wconf 93' lang='lat' dir='ltr'>D.</span> <span class='ocrx_word' id='word_1_82' title='bbox 767 1290 890 1343; x_wconf 90' lang='lat'>277.</span> <span class='ocrx_word' id='word_1_83' title='bbox 941 1288 1236 1345; x_wconf 74' lang='lat' dir='ltr'>Antiochze</span> <span class='ocrx_word' id='word_1_84' title='bbox 1291 1290 1534 1359; x_wconf 84' lang='lat' dir='ltr'>Tymeus</span> <span class='ocrx_word' id='word_1_85' title='bbox 1584 1286 1813 1342; x_wconf 84' lang='lat' dir='ltr'>ordina-</span> 
     </span>
    </p>
   </div>
   <div class='ocr_carea' id='block_1_15' title="bbox 161 1374 782 1447">
    <p class='ocr_par' dir='ltr' id='par_1_15' title="bbox 161 1374 782 1447">
     <span class='ocr_line' id='line_1_15' title="bbox 161 1374 782 1447; baseline 0.003 -19"><span class='ocrx_word' id='word_1_86' title='bbox 161 1376 270 1429; x_wconf 90' lang='lat' dir='ltr'>tur</span> <span class='ocrx_word' id='word_1_87' title='bbox 301 1374 618 1447; x_wconf 89' lang='lat' dir='ltr'>episcopus</span> <span class='ocrx_word' id='word_1_88' title='bbox 642 1379 782 1431; x_wconf 64' lang='lat'>17118.</span> 
     </span>
    </p>
   </div>
   <div class='ocr_carea' id='block_1_16' title="bbox 234 1464 1812 1535">
    <p class='ocr_par' dir='ltr' id='par_1_16' title="bbox 234 1464 1812 1535">
     <span class='ocr_line' id='line_1_16' title="bbox 234 1464 1812 1535; baseline 0.001 -17"><span class='ocrx_word' id='word_1_89' title='bbox 234 1465 285 1518; x_wconf 78' lang='grc'>4.</span> <span class='ocrx_word' id='word_1_90' title='bbox 324 1465 387 1519; x_wconf 88' lang='lat' dir='ltr'>A.</span> <span class='ocrx_word' id='word_1_91' title='bbox 419 1466 481 1519; x_wconf 92' lang='lat' dir='ltr'>D.</span> <span class='ocrx_word' id='word_1_92' title='bbox 518 1469 639 1521; x_wconf 89' lang='lat'>279.</span> <span class='ocrx_word' id='word_1_93' title='bbox 676 1466 963 1523; x_wconf 85' lang='lat' dir='ltr'>Eusebius</span> <span class='ocrx_word' id='word_1_94' title='bbox 1001 1466 1360 1522; x_wconf 88' lang='lat' dir='ltr'>Laodicenus</span> <span class='ocrx_word' id='word_1_95' title='bbox 1406 1464 1475 1498; x_wconf 74' lang='grc'>⁸³⁷</span> <span class='ocrx_word' id='word_1_96' title='bbox 1505 1464 1812 1535; x_wconf 88' lang='lat' dir='ltr'>episcopus</span> 
     </span>
    </p>
   </div>
   <div class='ocr_carea' id='block_1_17' title="bbox 154 1551 707 1621">
    <p class='ocr_par' dir='ltr' id='par_1_17' title="bbox 154 1551 707 1621">
     <span class='ocr_line' id='line_1_17' title="bbox 154 1551 707 1621; baseline 0.002 -15"><span class='ocrx_word' id='word_1_97' title='bbox 154 1551 411 1621; x_wconf 79' lang='lat' dir='ltr'>insignis</span> <span class='ocrx_word' id='word_1_98' title='bbox 441 1553 707 1610; x_wconf 91' lang='lat' dir='ltr'>habetur.</span> 
     </span>
    </p>
   </div>
   <div class='ocr_carea' id='block_1_18' title="bbox 234 1639 1363 1698">
    <p class='ocr_par' dir='ltr' id='par_1_18' title="bbox 234 1639 1363 1698">
     <span class='ocr_line' id='line_1_18' title="bbox 234 1639 1363 1698; baseline 0 -4"><span class='ocrx_word' id='word_1_99' title='bbox 234 1643 286 1694; x_wconf 80' lang='lat'>5.</span> <span class='ocrx_word' id='word_1_100' title='bbox 324 1641 387 1695; x_wconf 84' lang='lat' dir='ltr'>A.</span> <span class='ocrx_word' id='word_1_101' title='bbox 422 1641 484 1695; x_wconf 93' lang='lat' dir='ltr'>D.</span> <span class='ocrx_word' id='word_1_102' title='bbox 519 1643 642 1697; x_wconf 87' lang='lat'>280.</span> <span class='ocrx_word' id='word_1_103' title='bbox 678 1639 1027 1698; x_wconf 80' lang='lat' dir='ltr'>Aurelianus</span> <span class='ocrx_word' id='word_1_104' title='bbox 1060 1640 1363 1697; x_wconf 79' lang='lat' dir='ltr'>occiditur.</span> 
     </span>
    </p>
   </div>
   <div class='ocr_carea' id='block_1_19' title="bbox 154 1729 596 1787">
    <p class='ocr_par' dir='ltr' id='par_1_19' title="bbox 154 1729 596 1787">
     <span class='ocr_line' id='line_1_19' title="bbox 154 1729 596 1787; baseline 0.002 -2"><span class='ocrx_word' id='word_1_105' title='bbox 154 1729 367 1787; x_wconf 82' lang='lat' dir='ltr'>Annus</span> <span class='ocrx_word' id='word_1_106' title='bbox 396 1730 596 1787; x_wconf 87' lang='lat' dir='ltr'>Taciti.</span> 
     </span>
    </p>
   </div>
   <div class='ocr_carea' id='block_1_20' title="bbox 237 1818 1811 1888">
    <p class='ocr_par' dir='ltr' id='par_1_20' title="bbox 237 1818 1811 1888">
     <span class='ocr_line' id='line_1_20' title="bbox 237 1818 1811 1888; baseline 0 -15"><span class='ocrx_word' id='word_1_107' title='bbox 237 1820 402 1875; x_wconf 84' lang='lat' dir='ltr'>Anno</span> <span class='ocrx_word' id='word_1_108' title='bbox 424 1818 726 1875; x_wconf 74' lang='lat' dir='ltr'>dominicae</span> <span class='ocrx_word' id='word_1_109' title='bbox 746 1818 1296 1888; x_wconf 88' lang='lat' dir='ltr'>incarnationis28t,</span> <span class='ocrx_word' id='word_1_110' title='bbox 1318 1818 1388 1874; x_wconf 89' lang='lat' dir='ltr'>ab</span> <span class='ocrx_word' id='word_1_111' title='bbox 1404 1820 1553 1874; x_wconf 87' lang='lat' dir='ltr'>Urbe</span> <span class='ocrx_word' id='word_1_112' title='bbox 1577 1818 1811 1874; x_wconf 88' lang='lat' dir='ltr'>condita</span> 
     </span>
    </p>
   </div>
   <div class='ocr_carea' id='block_1_21' title="bbox 159 1908 1811 1980">
    <p class='ocr_par' dir='ltr' id='par_1_21' title="bbox 159 1908 1811 1980">
     <span class='ocr_line' id='line_1_21' title="bbox 159 1908 1811 1980; baseline 0 -17"><span class='ocrx_word' id='word_1_113' title='bbox 159 1908 480 1965; x_wconf 86' lang='lat' dir='ltr'>millesimo</span> <span class='ocrx_word' id='word_1_114' title='bbox 513 1911 598 1963; x_wconf 94' lang='lat'>32.</span> <span class='ocrx_word' id='word_1_115' title='bbox 658 1909 909 1977; x_wconf 83' lang='lat' dir='ltr'>Tacitus,</span> <span class='ocrx_word' id='word_1_116' title='bbox 944 1910 1014 1963; x_wconf 89' lang='lat' dir='ltr'>ab</span> <span class='ocrx_word' id='word_1_117' title='bbox 1048 1910 1311 1977; x_wconf 88' lang='lat' dir='ltr'>Augusto</span> <span class='ocrx_word' id='word_1_118' title='bbox 1344 1912 1488 1978; x_wconf 60' lang='grc'>30³³,</span> <span class='ocrx_word' id='word_1_119' title='bbox 1551 1909 1811 1980; x_wconf 83' lang='lat' dir='ltr'>suscepit</span> 
     </span>
    </p>
   </div>
   <div class='ocr_carea' id='block_1_22' title="bbox 152 1995 1812 2068">
    <p class='ocr_par' dir='ltr' id='par_1_22' title="bbox 152 1995 1812 2068">
     <span class='ocr_line' id='line_1_22' title="bbox 152 1995 1812 2068; baseline -0.001 -15"><span class='ocrx_word' id='word_1_120' title='bbox 152 1997 494 2068; x_wconf 89' lang='lat' dir='ltr'>imperium,</span> <span class='ocrx_word' id='word_1_121' title='bbox 528 1996 620 2052; x_wconf 89' lang='lat' dir='ltr'>vir</span> <span class='ocrx_word' id='word_1_122' title='bbox 645 1998 878 2067; x_wconf 80' lang='lat' dir='ltr'>egregie</span> <span class='ocrx_word' id='word_1_123' title='bbox 908 2001 1170 2054; x_wconf 90' lang='lat' dir='ltr'>moratus</span> <span class='ocrx_word' id='word_1_124' title='bbox 1191 1995 1260 2030; x_wconf 79' lang='grc'>⁸³⁸</span> <span class='ocrx_word' id='word_1_125' title='bbox 1290 2000 1347 2053; x_wconf 88' lang='lat' dir='ltr'>et</span> <span class='ocrx_word' id='word_1_126' title='bbox 1396 1996 1468 2052; x_wconf 90' lang='lat' dir='ltr'>ad</span> <span class='ocrx_word' id='word_1_127' title='bbox 1503 1996 1812 2066; x_wconf 87' lang='lat' dir='ltr'>regendam</span> 
     </span>
    </p>
   </div>
   <div class='ocr_carea' id='block_1_23' title="bbox 153 2084 1810 2158">
    <p class='ocr_par' dir='ltr' id='par_1_23' title="bbox 153 2084 1810 2158">
     <span class='ocr_line' id='line_1_23' title="bbox 153 2084 1810 2158; baseline -0.002 -15"><span class='ocrx_word' id='word_1_128' title='bbox 153 2101 287 2143; x_wconf 86' lang='lat' dir='ltr'>rem</span> <span class='ocrx_word' id='word_1_129' title='bbox 312 2085 599 2158; x_wconf 87' lang='lat' dir='ltr'>publicam</span> <span class='ocrx_word' id='word_1_130' title='bbox 620 2085 896 2153; x_wconf 89' lang='lat' dir='ltr'>idoneus;</span> <span class='ocrx_word' id='word_1_131' title='bbox 922 2086 1023 2143; x_wconf 90' lang='lat' dir='ltr'>sed</span> <span class='ocrx_word' id='word_1_132' title='bbox 1057 2086 1233 2143; x_wconf 92' lang='lat' dir='ltr'>nichil</span> <span class='ocrx_word' id='word_1_133' title='bbox 1258 2085 1449 2157; x_wconf 89' lang='lat' dir='ltr'>potuit</span> <span class='ocrx_word' id='word_1_134' title='bbox 1479 2084 1810 2157; x_wconf 85' lang='lat' dir='ltr'>ostendere,</span> 
     </span>
    </p>
   </div>
   <div class='ocr_carea' id='block_1_24' title="bbox 155 2173 1814 2246">
    <p class='ocr_par' dir='ltr' id='par_1_24' title="bbox 155 2173 1814 2246">
     <span class='ocr_line' id='line_1_24' title="bbox 155 2173 1814 2246; baseline -0.001 -15"><span class='ocrx_word' id='word_1_135' title='bbox 155 2174 304 2246; x_wconf 88' lang='lat' dir='ltr'>quia</span> <span class='ocrx_word' id='word_1_136' title='bbox 327 2178 459 2246; x_wconf 90' lang='lat' dir='ltr'>post</span> <span class='ocrx_word' id='word_1_137' title='bbox 483 2188 585 2230; x_wconf 83' lang='lat' dir='ltr'>sex</span> <span class='ocrx_word' id='word_1_138' title='bbox 604 2189 830 2231; x_wconf 90' lang='lat' dir='ltr'>menses</span> <span class='ocrx_word' id='word_1_139' title='bbox 851 2174 1003 2246; x_wconf 90' lang='lat' dir='ltr'>apud</span> <span class='ocrx_word' id='word_1_140' title='bbox 1020 2176 1265 2231; x_wconf 88' lang='lat' dir='ltr'>Pontum</span> <span class='ocrx_word' id='word_1_141' title='bbox 1285 2174 1518 2231; x_wconf 90' lang='lat' dir='ltr'>occisus</span> <span class='ocrx_word' id='word_1_142' title='bbox 1541 2178 1652 2229; x_wconf 89' lang='lat' dir='ltr'>est.</span> <span class='ocrx_word' id='word_1_143' title='bbox 1670 2173 1814 2229; x_wconf 89' lang='lat' dir='ltr'>IIuie</span> 
     </span>
    </p>
   </div>
   <div class='ocr_carea' id='block_1_25' title="bbox 155 2263 1815 2335">
    <p class='ocr_par' dir='ltr' id='par_1_25' title="bbox 155 2263 1815 2335">
     <span class='ocr_line' id='line_1_25' title="bbox 155 2263 1815 2335; baseline -0.002 -14"><span class='ocrx_word' id='word_1_144' title='bbox 155 2263 470 2321; x_wconf 87' lang='lat' dir='ltr'>Florianus</span> <span class='ocrx_word' id='word_1_145' title='bbox 494 2264 799 2335; x_wconf 89' lang='lat' dir='ltr'>successit,</span> <span class='ocrx_word' id='word_1_146' title='bbox 827 2264 929 2320; x_wconf 90' lang='lat' dir='ltr'>sed</span> <span class='ocrx_word' id='word_1_147' title='bbox 952 2279 1057 2320; x_wconf 90' lang='lat' dir='ltr'>nec</span> <span class='ocrx_word' id='word_1_148' title='bbox 1080 2264 1172 2320; x_wconf 89' lang='lat' dir='ltr'>hic</span> <span class='ocrx_word' id='word_1_149' title='bbox 1197 2263 1415 2334; x_wconf 90' lang='lat' dir='ltr'>aliquid</span> <span class='ocrx_word' id='word_1_150' title='bbox 1442 2263 1677 2333; x_wconf 86' lang='lat' dir='ltr'>dignum</span> <span class='ocrx_word' id='word_1_151' title='bbox 1702 2276 1815 2319; x_wconf 90' lang='lat' dir='ltr'>me-</span> 
     </span>
    </p>
   </div>
   <div class='ocr_carea' id='block_1_26' title="bbox 155 2350 1816 2424">
    <p class='ocr_par' dir='ltr' id='par_1_26' title="bbox 155 2350 1816 2424">
     <span class='ocr_line' id='line_1_26' title="bbox 155 2350 1816 2424; baseline -0.004 -14"><span class='ocrx_word' id='word_1_152' title='bbox 155 2353 350 2410; x_wconf 86' lang='lat' dir='ltr'>moria</span> <span class='ocrx_word' id='word_1_153' title='bbox 374 2353 513 2423; x_wconf 90' lang='lat' dir='ltr'>egit,</span> <span class='ocrx_word' id='word_1_154' title='bbox 540 2353 671 2424; x_wconf 90' lang='lat' dir='ltr'>quia</span> <span class='ocrx_word' id='word_1_155' title='bbox 705 2354 934 2409; x_wconf 87' lang='lat' dir='ltr'>duobus</span> <span class='ocrx_word' id='word_1_156' title='bbox 986 2358 1207 2409; x_wconf 90' lang='lat' dir='ltr'>tantum</span> <span class='ocrx_word' id='word_1_157' title='bbox 1230 2351 1297 2385; x_wconf 83' lang='grc'>⁶³⁹</span> <span class='ocrx_word' id='word_1_158' title='bbox 1320 2352 1616 2407; x_wconf 88' lang='lat' dir='ltr'>mensibus</span> <span class='ocrx_word' id='word_1_159' title='bbox 1646 2354 1706 2406; x_wconf 87' lang='lat' dir='ltr'>et</span> <span class='ocrx_word' id='word_1_160' title='bbox 1736 2350 1816 2407; x_wconf 89' lang='lat' dir='ltr'>vi-</span> 
     </span>
    </p>
   </div>
   <div class='ocr_carea' id='block_1_27' title="bbox 155 2441 1815 2514">
    <p class='ocr_par' dir='ltr' id='par_1_27' title="bbox 155 2441 1815 2514">
     <span class='ocr_line' id='line_1_27' title="bbox 155 2441 1815 2514; baseline -0.001 -17"><span class='ocrx_word' id='word_1_161' title='bbox 155 2442 315 2513; x_wconf 87' lang='lat' dir='ltr'>ginti</span> <span class='ocrx_word' id='word_1_162' title='bbox 340 2442 546 2499; x_wconf 88' lang='lat' dir='ltr'>diebus</span> <span class='ocrx_word' id='word_1_163' title='bbox 571 2442 625 2497; x_wconf 92' lang='lat' dir='ltr'>in</span> <span class='ocrx_word' id='word_1_164' title='bbox 662 2442 903 2514; x_wconf 91' lang='lat' dir='ltr'>imperio</span> <span class='ocrx_word' id='word_1_165' title='bbox 933 2442 1094 2497; x_wconf 78' lang='lat' dir='ltr'>vixit.</span> <span class='ocrx_word' id='word_1_166' title='bbox 1124 2444 1258 2497; x_wconf 89' lang='lat' dir='ltr'>Nam</span> <span class='ocrx_word' id='word_1_167' title='bbox 1284 2441 1416 2497; x_wconf 90' lang='lat' dir='ltr'>dum</span> <span class='ocrx_word' id='word_1_168' title='bbox 1443 2455 1644 2510; x_wconf 87' lang='lat' dir='ltr'>magna</span> <span class='ocrx_word' id='word_1_169' title='bbox 1682 2455 1815 2511; x_wconf 86' lang='lat' dir='ltr'>pars</span> 
     </span>
    </p>
   </div>
   <div class='ocr_carea' id='block_1_28' title="bbox 159 2529 1818 2603">
    <p class='ocr_par' dir='ltr' id='par_1_28' title="bbox 159 2529 1818 2603">
     <span class='ocr_line' id='line_1_28' title="bbox 159 2529 1818 2603; baseline -0.003 -15"><span class='ocrx_word' id='word_1_170' title='bbox 159 2530 468 2588; x_wconf 77' lang='lat' dir='ltr'>exercitus</span> <span class='ocrx_word' id='word_1_171' title='bbox 490 2530 733 2601; x_wconf 87' lang='lat' dir='ltr'>eligeret</span> <span class='ocrx_word' id='word_1_172' title='bbox 763 2531 1055 2603; x_wconf 89' lang='lat' dir='ltr'>Equitium</span> <span class='ocrx_word' id='word_1_173' title='bbox 1106 2532 1377 2600; x_wconf 86' lang='lat' dir='ltr'>Probum,</span> <span class='ocrx_word' id='word_1_174' title='bbox 1414 2529 1636 2585; x_wconf 64' lang='lat' dir='ltr'>militia:</span> <span class='ocrx_word' id='word_1_175' title='bbox 1670 2529 1818 2601; x_wconf 86' lang='lat' dir='ltr'>peri-</span> 
     </span>
    </p>
   </div>
   <div class='ocr_carea' id='block_1_29' title="bbox 156 2618 1815 2692">
    <p class='ocr_par' dir='ltr' id='par_1_29' title="bbox 156 2618 1815 2692">
     <span class='ocr_line' id='line_1_29' title="bbox 156 2618 1815 2692; baseline -0.002 -16"><span class='ocrx_word' id='word_1_176' title='bbox 156 2627 317 2690; x_wconf 85' lang='lat' dir='ltr'>tum,</span> <span class='ocrx_word' id='word_1_177' title='bbox 366 2620 568 2676; x_wconf 84' lang='lat' dir='ltr'>Florus</span> <span class='ocrx_word' id='word_1_178' title='bbox 608 2620 677 2652; x_wconf 77' lang='lat'>“°</span> <span class='ocrx_word' id='word_1_179' title='bbox 725 2620 891 2691; x_wconf 90' lang='lat' dir='ltr'>quasi</span> <span class='ocrx_word' id='word_1_180' title='bbox 926 2635 1028 2692; x_wconf 91' lang='lat' dir='ltr'>per</span> <span class='ocrx_word' id='word_1_181' title='bbox 1059 2620 1256 2676; x_wconf 91' lang='lat' dir='ltr'>ludum</span> <span class='ocrx_word' id='word_1_182' title='bbox 1292 2619 1478 2674; x_wconf 92' lang='lat' dir='ltr'>tenuit</span> <span class='ocrx_word' id='word_1_183' title='bbox 1513 2618 1815 2690; x_wconf 89' lang='lat' dir='ltr'>imperium</span> 
     </span>
    </p>
   </div>
   <div class='ocr_carea' id='block_1_30' title="bbox 162 2708 1818 2779">
    <p class='ocr_par' dir='ltr' id='par_1_30' title="bbox 162 2708 1818 2779">
     <span class='ocr_line' id='line_1_30' title="bbox 162 2708 1818 2779; baseline -0.002 -15"><span class='ocrx_word' id='word_1_184' title='bbox 162 2708 383 2765; x_wconf 86' lang='lat' dir='ltr'>diebus</span> <span class='ocrx_word' id='word_1_185' title='bbox 415 2712 481 2764; x_wconf 80' lang='lat'>50</span> <span class='ocrx_word' id='word_1_186' title='bbox 510 2708 597 2779; x_wconf 66' lang='lat'>“1,</span> <span class='ocrx_word' id='word_1_187' title='bbox 655 2709 862 2766; x_wconf 89' lang='lat' dir='ltr'>deinde</span> <span class='ocrx_word' id='word_1_188' title='bbox 896 2709 1127 2766; x_wconf 86' lang='lat' dir='ltr'>sibimet</span> <span class='ocrx_word' id='word_1_189' title='bbox 1164 2722 1339 2766; x_wconf 89' lang='lat' dir='ltr'>venas</span> <span class='ocrx_word' id='word_1_190' title='bbox 1373 2708 1654 2777; x_wconf 90' lang='lat' dir='ltr'>incidens,</span> <span class='ocrx_word' id='word_1_191' title='bbox 1688 2721 1818 2762; x_wconf 91' lang='lat' dir='ltr'>san-</span> 
     </span>
    </p>
   </div>
   <div class='ocr_carea' id='block_1_31' title="bbox 155 2797 1815 2869">
    <p class='ocr_par' dir='ltr' id='par_1_31' title="bbox 155 2797 1815 2869">
     <span class='ocr_line' id='line_1_31' title="bbox 155 2797 1815 2869; baseline -0.001 -15"><span class='ocrx_word' id='word_1_192' title='bbox 155 2798 344 2868; x_wconf 85' lang='lat' dir='ltr'>guine</span> <span class='ocrx_word' id='word_1_193' title='bbox 376 2797 599 2854; x_wconf 86' lang='lat' dir='ltr'>interiit</span> <span class='ocrx_word' id='word_1_194' title='bbox 630 2798 816 2855; x_wconf 77' lang='lat' dir='ltr'>effuso</span> <span class='ocrx_word' id='word_1_195' title='bbox 848 2798 941 2869; x_wconf 86' lang='lat' dir='ltr'>(cf.</span> <span class='ocrx_word' id='word_1_196' title='bbox 970 2800 1048 2855; x_wconf 88' lang='grc' dir='ltr'>Η.</span> <span class='ocrx_word' id='word_1_197' title='bbox 1073 2814 1175 2869; x_wconf 70' lang='lat'>772.,</span> <span class='ocrx_word' id='word_1_198' title='bbox 1202 2800 1385 2869; x_wconf 65' lang='lat' dir='ltr'>illum,</span> <span class='ocrx_word' id='word_1_199' title='bbox 1410 2799 1572 2853; x_wconf 84' lang='lat' dir='ltr'>Joun.</span> <span class='ocrx_word' id='word_1_200' title='bbox 1594 2798 1744 2854; x_wconf 69' lang='lat' dir='ltr'>Der.</span> <span class='ocrx_word' id='word_1_201' title='bbox 1766 2810 1815 2853; x_wconf 84' lang='lat' dir='ltr'>s.</span> 
     </span>
    </p>
   </div>
   <div class='ocr_carea' id='block_1_32' title="bbox 158 2887 495 2959">
    <p class='ocr_par' dir='ltr' id='par_1_32' title="bbox 158 2887 495 2959">
     <span class='ocr_line' id='line_1_32' title="bbox 158 2887 495 2959; baseline 0 -16"><span class='ocrx_word' id='word_1_202' title='bbox 158 2892 229 2943; x_wconf 88' lang='lat' dir='ltr'>et</span> <span class='ocrx_word' id='word_1_203' title='bbox 259 2887 338 2942; x_wconf 98' lang='grc' dir='ltr'>Η.</span> <span class='ocrx_word' id='word_1_204' title='bbox 373 2888 495 2959; x_wconf 69' lang='grc' dir='ltr'>Ῑί.).</span> 
     </span>
    </p>
   </div>
   <div class='ocr_carea' id='block_1_33' title="bbox 160 2975 541 3032">
    <p class='ocr_par' dir='ltr' id='par_1_33' title="bbox 160 2975 541 3032">
     <span class='ocr_line' id='line_1_33' title="bbox 160 2975 541 3032; baseline -0.003 0"><span class='ocrx_word' id='word_1_205' title='bbox 160 2975 319 3032; x_wconf 77' lang='lat' dir='ltr'>Anni</span> <span class='ocrx_word' id='word_1_206' title='bbox 349 2975 541 3031; x_wconf 85' lang='lat' dir='ltr'>Probi.</span> 
     </span>
    </p>
   </div>
   <div class='ocr_carea' id='block_1_34' title="bbox 244 3063 1820 3137">
    <p class='ocr_par' dir='ltr' id='par_1_34' title="bbox 244 3063 1820 3137">
     <span class='ocr_line' id='line_1_34' title="bbox 244 3063 1820 3137; baseline -0.001 -17"><span class='ocrx_word' id='word_1_207' title='bbox 244 3063 346 3135; x_wconf 84' lang='lat' dir='ltr'>(H.</span> <span class='ocrx_word' id='word_1_208' title='bbox 379 3064 484 3137; x_wconf 83' lang='lat' dir='ltr'>m.)</span> <span class='ocrx_word' id='word_1_209' title='bbox 509 3068 672 3120; x_wconf 89' lang='lat' dir='ltr'>Auno</span> <span class='ocrx_word' id='word_1_210' title='bbox 716 3065 1019 3121; x_wconf 73' lang='lat' dir='ltr'>dominica.-</span> <span class='ocrx_word' id='word_1_211' title='bbox 1052 3063 1467 3121; x_wconf 84' lang='lat' dir='ltr'>incarnationis</span> <span class='ocrx_word' id='word_1_212' title='bbox 1490 3067 1613 3120; x_wconf 89' lang='lat'>282.</span> <span class='ocrx_word' id='word_1_213' title='bbox 1648 3064 1820 3120; x_wconf 89' lang='lat' dir='ltr'>Urbis</span> 
     </span>
    </p>
   </div>
   <div class='ocr_carea' id='block_1_35' title="bbox 159 3152 1822 3231">
    <p class='ocr_par' dir='ltr' id='par_1_35' title="bbox 159 3152 1822 3231">
     <span class='ocr_line' id='line_1_35' title="bbox 159 3152 1822 3231; baseline -0.002 -19"><span class='ocrx_word' id='word_1_214' title='bbox 159 3154 426 3212; x_wconf 63' lang='lat' dir='ltr'>conditae</span> <span class='ocrx_word' id='word_1_215' title='bbox 450 3152 755 3209; x_wconf 86' lang='lat' dir='ltr'>millesimo</span> <span class='ocrx_word' id='word_1_216' title='bbox 778 3158 864 3209; x_wconf 91' lang='lat'>33.</span> <span class='ocrx_word' id='word_1_217' title='bbox 890 3155 1140 3223; x_wconf 85' lang='lat' dir='ltr'>Probus,</span> <span class='ocrx_word' id='word_1_218' title='bbox 1172 3154 1242 3209; x_wconf 91' lang='lat' dir='ltr'>ab</span> <span class='ocrx_word' id='word_1_219' title='bbox 1268 3155 1531 3223; x_wconf 85' lang='lat' dir='ltr'>Augusto</span> <span class='ocrx_word' id='word_1_220' title='bbox 1554 3158 1699 3231; x_wconf 44' lang='lat'>31‘1/3,</span> <span class='ocrx_word' id='word_1_221' title='bbox 1723 3154 1822 3209; x_wconf 82' lang='lat' dir='ltr'>im—</span> 
     </span>
    </p>
   </div>
   <div class='ocr_carea' id='block_1_36' title="bbox 166 3242 1816 3316">
    <p class='ocr_par' dir='ltr' id='par_1_36' title="bbox 166 3242 1816 3316">
     <span class='ocr_line' id='line_1_36' title="bbox 166 3242 1816 3316; baseline -0.002 -17"><span class='ocrx_word' id='word_1_222' title='bbox 166 3243 398 3316; x_wconf 89' lang='lat' dir='ltr'>perium</span> <span class='ocrx_word' id='word_1_223' title='bbox 424 3242 692 3314; x_wconf 89' lang='lat' dir='ltr'>adeptus,</span> <span class='ocrx_word' id='word_1_224' title='bbox 723 3244 983 3313; x_wconf 80' lang='lat' dir='ltr'>regnavit</span> <span class='ocrx_word' id='word_1_225' title='bbox 1022 3243 1188 3299; x_wconf 90' lang='lat' dir='ltr'>annis</span> <span class='ocrx_word' id='word_1_226' title='bbox 1220 3246 1270 3313; x_wconf 84' lang='lat'>6,</span> <span class='ocrx_word' id='word_1_227' title='bbox 1308 3258 1537 3299; x_wconf 88' lang='lat' dir='ltr'>menses</span> <span class='ocrx_word' id='word_1_228' title='bbox 1567 3246 1615 3298; x_wconf 82' lang='grc'>4.</span> <span class='ocrx_word' id='word_1_229' title='bbox 1653 3243 1816 3313; x_wconf 81' lang='lat' dir='ltr'>(Anu.</span> 
     </span>
    </p>
   </div>
   <div class='ocr_carea' id='block_1_37' title="bbox 163 3332 1822 3404">
    <p class='ocr_par' dir='ltr' id='par_1_37' title="bbox 163 3332 1822 3404">
     <span class='ocr_line' id='line_1_37' title="bbox 163 3332 1822 3404; baseline 0.001 -17"><span class='ocrx_word' id='word_1_230' title='bbox 163 3333 357 3403; x_wconf 75' lang='lat' dir='ltr'>Vter.)</span> <span class='ocrx_word' id='word_1_231' title='bbox 384 3333 501 3387; x_wconf 88' lang='lat' dir='ltr'>Iste</span> <span class='ocrx_word' id='word_1_232' title='bbox 535 3337 698 3404; x_wconf 81' lang='lat' dir='ltr'>patre</span> <span class='ocrx_word' id='word_1_233' title='bbox 723 3332 957 3401; x_wconf 83' lang='lat' dir='ltr'>genitus</span> <span class='ocrx_word' id='word_1_234' title='bbox 982 3332 1222 3400; x_wconf 88' lang='lat' dir='ltr'>rustico,</span> <span class='ocrx_word' id='word_1_235' title='bbox 1263 3334 1563 3388; x_wconf 86' lang='lat' dir='ltr'>hortorum</span> <span class='ocrx_word' id='word_1_236' title='bbox 1595 3332 1822 3388; x_wconf 88' lang='lat' dir='ltr'>cultore</span> 
     </span>
    </p>
   </div>
   <div class='ocr_carea' id='block_1_38' title="bbox 165 3420 1821 3491">
    <p class='ocr_par' dir='ltr' id='par_1_38' title="bbox 165 3420 1821 3491">
     <span class='ocr_line' id='line_1_38' title="bbox 165 3420 1821 3491; baseline -0.001 -13"><span class='ocrx_word' id='word_1_237' title='bbox 165 3420 622 3491; x_wconf 86' lang='lat' dir='ltr'>studiosissimo,</span> <span class='ocrx_word' id='word_1_238' title='bbox 670 3421 899 3477; x_wconf 89' lang='lat' dir='ltr'>nomine</span> <span class='ocrx_word' id='word_1_239' title='bbox 930 3421 1230 3491; x_wconf 89' lang='lat' dir='ltr'>Dalmatio,</span> <span class='ocrx_word' id='word_1_240' title='bbox 1264 3420 1449 3491; x_wconf 81' lang='lat' dir='ltr'>gloria</span> <span class='ocrx_word' id='word_1_241' title='bbox 1481 3421 1715 3476; x_wconf 85' lang='lat' dir='ltr'>militari</span> <span class='ocrx_word' id='word_1_242' title='bbox 1752 3422 1821 3476; x_wconf 91' lang='lat' dir='ltr'>ad</span> 
     </span>
    </p>
   </div>
   <div class='ocr_carea' id='block_1_39' title="bbox 167 3509 1826 3582">
    <p class='ocr_par' dir='ltr' id='par_1_39' title="bbox 167 3509 1826 3582">
     <span class='ocr_line' id='line_1_39' title="bbox 167 3509 1826 3582; baseline -0.001 -15"><span class='ocrx_word' id='word_1_243' title='bbox 167 3509 758 3567; x_wconf 84' lang='lat' dir='ltr'>amministrationem</span> <span class='ocrx_word' id='word_1_244' title='bbox 794 3509 1079 3580; x_wconf 84' lang='lat' dir='ltr'>publicam</span> <span class='ocrx_word' id='word_1_245' title='bbox 1114 3510 1362 3566; x_wconf 86' lang='lat' dir='ltr'>accessit</span> <span class='ocrx_word' id='word_1_246' title='bbox 1390 3528 1402 3576; x_wconf 93' lang='lat'><strong>;</strong></span> <span class='ocrx_word' id='word_1_247' title='bbox 1431 3509 1530 3579; x_wconf 81' lang='grc' dir='ltr'>(Η.</span> <span class='ocrx_word' id='word_1_248' title='bbox 1564 3516 1666 3582; x_wconf 81' lang='lat' dir='ltr'>m.)</span> <span class='ocrx_word' id='word_1_249' title='bbox 1700 3510 1826 3565; x_wconf 85' lang='lat' dir='ltr'>Cal-</span> 
     </span>
    </p>
   </div>
   <div class='ocr_carea' id='block_1_40' title="bbox 169 3598 1826 3671">
    <p class='ocr_par' dir='ltr' id='par_1_40' title="bbox 169 3598 1826 3671">
     <span class='ocr_line' id='line_1_40' title="bbox 169 3598 1826 3671; baseline 0.001 -17"><span class='ocrx_word' id='word_1_250' title='bbox 169 3598 289 3655; x_wconf 88' lang='lat' dir='ltr'>lias</span> <span class='ocrx_word' id='word_1_251' title='bbox 320 3615 348 3655; x_wconf 88' lang='lat' dir='ltr'>a</span> <span class='ocrx_word' id='word_1_252' title='bbox 380 3599 644 3662; x_wconf 85' lang='lat' dir='ltr'>barbaris</span> <span class='ocrx_word' id='word_1_253' title='bbox 679 3604 998 3670; x_wconf 90' lang='lat' dir='ltr'>occupatas</span> <span class='ocrx_word' id='word_1_254' title='bbox 1030 3599 1246 3669; x_wconf 75' lang='lat' dir='ltr'>ingenti</span> <span class='ocrx_word' id='word_1_255' title='bbox 1281 3600 1613 3671; x_wconf 59' lang='lat' dir='ltr'>praeliorum</span> <span class='ocrx_word' id='word_1_256' title='bbox 1649 3602 1826 3656; x_wconf 66' lang='lat' dir='ltr'>felici-</span> 
     </span>
    </p>
   </div>
   <div class='ocr_carea' id='block_1_41' title="bbox 170 3687 1828 3760">
    <p class='ocr_par' dir='ltr' id='par_1_41' title="bbox 170 3687 1828 3760">
     <span class='ocr_line' id='line_1_41' title="bbox 170 3687 1828 3760; baseline 0.002 -17"><span class='ocrx_word' id='word_1_257' title='bbox 170 3691 305 3743; x_wconf 83' lang='lat' dir='ltr'>tate</span> <span class='ocrx_word' id='word_1_258' title='bbox 325 3687 601 3758; x_wconf 90' lang='lat' dir='ltr'>restituit,</span> <span class='ocrx_word' id='word_1_259' title='bbox 628 3687 718 3743; x_wconf 87' lang='lat' dir='ltr'>vir</span> <span class='ocrx_word' id='word_1_260' title='bbox 741 3703 895 3755; x_wconf 89' lang='lat' dir='ltr'>acer,</span> <span class='ocrx_word' id='word_1_261' title='bbox 920 3693 1197 3745; x_wconf 88' lang='lat' dir='ltr'>strenuus</span> <span class='ocrx_word' id='word_1_262' title='bbox 1217 3694 1276 3743; x_wconf 90' lang='lat' dir='ltr'>et</span> <span class='ocrx_word' id='word_1_263' title='bbox 1293 3689 1505 3759; x_wconf 88' lang='lat' dir='ltr'>justus,</span> <span class='ocrx_word' id='word_1_264' title='bbox 1535 3690 1710 3747; x_wconf 81' lang='lat' dir='ltr'>multa</span> <span class='ocrx_word' id='word_1_265' title='bbox 1732 3706 1828 3760; x_wconf 89' lang='lat' dir='ltr'>ge-</span> 
     </span>
    </p>
   </div>
   <div class='ocr_carea' id='block_1_42' title="bbox 170 3775 1827 3847">
    <p class='ocr_par' dir='ltr' id='par_1_42' title="bbox 170 3775 1827 3847">
     <span class='ocr_line' id='line_1_42' title="bbox 170 3775 1827 3847; baseline 0.002 -15"><span class='ocrx_word' id='word_1_266' title='bbox 170 3791 319 3832; x_wconf 86' lang='lat' dir='ltr'>rens</span> <span class='ocrx_word' id='word_1_267' title='bbox 352 3775 522 3846; x_wconf 89' lang='lat' dir='ltr'>bella,</span> <span class='ocrx_word' id='word_1_268' title='bbox 558 3783 616 3831; x_wconf 91' lang='lat' dir='ltr'>et</span> <span class='ocrx_word' id='word_1_269' title='bbox 647 3776 743 3847; x_wconf 88' lang='lat' dir='ltr'>qui</span> <span class='ocrx_word' id='word_1_270' title='bbox 797 3775 1165 3833; x_wconf 83' lang='lat' dir='ltr'>Aurelianum</span> <span class='ocrx_word' id='word_1_271' title='bbox 1218 3778 1402 3847; x_wconf 80' lang='lat' dir='ltr'>gloria</span> <span class='ocrx_word' id='word_1_272' title='bbox 1465 3779 1700 3835; x_wconf 86' lang='lat' dir='ltr'>militari</span> <span class='ocrx_word' id='word_1_273' title='bbox 1736 3796 1827 3836; x_wconf 93' lang='lat' dir='ltr'>co-</span> 
     </span>
    </p>
   </div>
   <div class='ocr_carea' id='block_1_43' title="bbox 82 3865 1828 3938">
    <p class='ocr_par' dir='ltr' id='par_1_43' title="bbox 82 3865 1828 3938">
     <span class='ocr_line' id='line_1_43' title="bbox 82 3865 1828 3938; baseline 0.003 -16"><span class='ocrx_word' id='word_1_274' title='bbox 82 3868 92 3880; x_wconf 86' lang='lat'><strong>‘</strong></span> <span class='ocrx_word' id='word_1_275' title='bbox 173 3871 445 3937; x_wconf 70' lang='lat' dir='ltr'>aequaret</span> <span class='ocrx_word' id='word_1_276' title='bbox 470 3869 530 3921; x_wconf 91' lang='lat' dir='ltr'>et</span> <span class='ocrx_word' id='word_1_277' title='bbox 553 3879 773 3921; x_wconf 90' lang='lat' dir='ltr'>morum</span> <span class='ocrx_word' id='word_1_278' title='bbox 805 3865 1088 3923; x_wconf 87' lang='lat' dir='ltr'>civilitate</span> <span class='ocrx_word' id='word_1_279' title='bbox 1112 3872 1438 3938; x_wconf 87' lang='lat' dir='ltr'>superaret.</span> <span class='ocrx_word' id='word_1_280' title='bbox 1476 3869 1828 3927; x_wconf 89' lang='lat' dir='ltr'>Interfectus</span> 
     </span>
    </p>
   </div>
   <div class='ocr_carea' id='block_1_44' title="bbox 175 3954 1827 4029">
    <p class='ocr_par' dir='ltr' id='par_1_44' title="bbox 175 3954 1827 4029">
     <span class='ocr_line' id='line_1_44' title="bbox 175 3954 1827 4029; baseline 0.001 -19"><span class='ocrx_word' id='word_1_281' title='bbox 175 3959 272 4010; x_wconf 65' lang='lat' dir='ltr'>est</span> <span class='ocrx_word' id='word_1_282' title='bbox 311 3959 502 4011; x_wconf 89' lang='lat' dir='ltr'>autem</span> <span class='ocrx_word' id='word_1_283' title='bbox 537 3955 688 4027; x_wconf 90' lang='lat' dir='ltr'>apud</span> <span class='ocrx_word' id='word_1_284' title='bbox 730 3954 998 4010; x_wconf 88' lang='lat' dir='ltr'>Sirmium</span> <span class='ocrx_word' id='word_1_285' title='bbox 1032 3955 1270 4011; x_wconf 88' lang='lat' dir='ltr'>militari</span> <span class='ocrx_word' id='word_1_286' title='bbox 1302 3956 1577 4013; x_wconf 89' lang='lat' dir='ltr'>tumultu.</span> <span class='ocrx_word' id='word_1_287' title='bbox 1616 3957 1827 4029; x_wconf 74' lang='grc' dir='ltr'>(Πιεῐι.)</span> 
     </span>
    </p>
   </div>
   <div class='ocr_carea' id='block_1_45' title="bbox 177 4043 1827 4115">
    <p class='ocr_par' dir='ltr' id='par_1_45' title="bbox 177 4043 1827 4115">
     <span class='ocr_line' id='line_1_45' title="bbox 177 4043 1827 4115; baseline 0.002 -16"><span class='ocrx_word' id='word_1_288' title='bbox 177 4044 288 4099; x_wconf 83' lang='lat' dir='ltr'>His</span> <span class='ocrx_word' id='word_1_289' title='bbox 317 4044 688 4115; x_wconf 85' lang='lat' dir='ltr'>temporibus</span> <span class='ocrx_word' id='word_1_290' title='bbox 726 4043 1088 4113; x_wconf 81' lang='lat' dir='ltr'>Anatholius,</span> <span class='ocrx_word' id='word_1_291' title='bbox 1124 4044 1351 4100; x_wconf 89' lang='lat' dir='ltr'>natione</span> <span class='ocrx_word' id='word_1_292' title='bbox 1387 4044 1827 4115; x_wconf 83' lang='lat' dir='ltr'>Alexandrinus,</span> 
     </span>
    </p>
   </div>
   <div class='ocr_carea' id='block_1_46' title="bbox 176 4126 1834 4207">
    <p class='ocr_par' dir='ltr' id='par_1_46' title="bbox 176 4126 1834 4207">
     <span class='ocr_line' id='line_1_46' title="bbox 176 4126 1834 4207; baseline 0.001 -18"><span class='ocrx_word' id='word_1_293' title='bbox 176 4132 468 4189; x_wconf 75' lang='lat' dir='ltr'>Laodicia:</span> <span class='ocrx_word' id='word_1_294' title='bbox 488 4132 664 4203; x_wconf 65' lang='lat' dir='ltr'>Syria)</span> <span class='ocrx_word' id='word_1_295' title='bbox 696 4133 1024 4204; x_wconf 76' lang='lat' dir='ltr'>epiSCOpus,</span> <span class='ocrx_word' id='word_1_296' title='bbox 1062 4126 1551 4205; x_wconf 75' lang='lat' dir='ltr'>pbylosophorum</span> <span class='ocrx_word' id='word_1_297' title='bbox 1576 4134 1834 4207; x_wconf 86' lang='lat' dir='ltr'>discipli-</span> 
     </span>
    </p>
   </div>
   <div class='ocr_carea' id='block_1_47' title="bbox 178 4220 1830 4296">
    <p class='ocr_par' dir='ltr' id='par_1_47' title="bbox 178 4220 1830 4296">
     <span class='ocr_line' id='line_1_47' title="bbox 178 4220 1830 4296; baseline 0.002 -19"><span class='ocrx_word' id='word_1_298' title='bbox 178 4221 275 4277; x_wconf 87' lang='lat' dir='ltr'>nis</span> <span class='ocrx_word' id='word_1_299' title='bbox 305 4221 592 4292; x_wconf 89' lang='lat' dir='ltr'>eruditus,</span> <span class='ocrx_word' id='word_1_300' title='bbox 624 4220 875 4293; x_wconf 93' lang='lat' dir='ltr'>plurimo</span> <span class='ocrx_word' id='word_1_301' title='bbox 923 4236 1190 4277; x_wconf 89' lang='lat' dir='ltr'>sermone</span> <span class='ocrx_word' id='word_1_302' title='bbox 1222 4222 1595 4289; x_wconf 88' lang='lat' dir='ltr'>celebratur;</span> <span class='ocrx_word' id='word_1_303' title='bbox 1628 4222 1830 4296; x_wconf 61' lang='lat' dir='ltr'>(Bena)</span> 
     </span>
    </p>
   </div>
   <div class='ocr_carea' id='block_1_48' title="bbox 176 4310 1829 4384">
    <p class='ocr_par' dir='ltr' id='par_1_48' title="bbox 176 4310 1829 4384">
     <span class='ocr_line' id='line_1_48' title="bbox 176 4310 1829 4384; baseline 0.001 -16"><span class='ocrx_word' id='word_1_304' title='bbox 176 4310 357 4379; x_wconf 89' lang='lat' dir='ltr'>cujus</span> <span class='ocrx_word' id='word_1_305' title='bbox 380 4310 957 4381; x_wconf 74' lang='lat' dir='ltr'>ingenii-magnitudo</span> <span class='ocrx_word' id='word_1_306' title='bbox 981 4310 1052 4367; x_wconf 90' lang='lat' dir='ltr'>de</span> <span class='ocrx_word' id='word_1_307' title='bbox 1073 4311 1225 4368; x_wconf 81' lang='lat' dir='ltr'>libro</span> <span class='ocrx_word' id='word_1_308' title='bbox 1241 4326 1409 4382; x_wconf 90' lang='lat' dir='ltr'>quem</span> <span class='ocrx_word' id='word_1_309' title='bbox 1425 4328 1599 4383; x_wconf 91' lang='lat' dir='ltr'>super</span> <span class='ocrx_word' id='word_1_310' title='bbox 1617 4314 1829 4384; x_wconf 88' lang='lat' dir='ltr'>pascha</span> 
     </span>
    </p>
   </div>
   <div class='ocr_carea' id='block_1_49' title="bbox 179 4398 1831 4469">
    <p class='ocr_par' dir='ltr' id='par_1_49' title="bbox 179 4398 1831 4469">
     <span class='ocr_line' id='line_1_49' title="bbox 179 4398 1831 4469; baseline 0.002 -14"><span class='ocrx_word' id='word_1_311' title='bbox 179 4398 521 4469; x_wconf 90' lang='lat' dir='ltr'>composuit</span> <span class='ocrx_word' id='word_1_312' title='bbox 539 4404 599 4455; x_wconf 92' lang='lat' dir='ltr'>et</span> <span class='ocrx_word' id='word_1_313' title='bbox 620 4400 821 4456; x_wconf 88' lang='lat' dir='ltr'>decem</span> <span class='ocrx_word' id='word_1_314' title='bbox 841 4399 909 4433; x_wconf 74' lang='grc'>⁶⁴²</span> <span class='ocrx_word' id='word_1_315' title='bbox 928 4400 1493 4458; x_wconf 71' lang='lat' dir='ltr'>librisaritbmetica:</span> <span class='ocrx_word' id='word_1_316' title='bbox 1510 4402 1831 4460; x_wconf 89' lang='lat' dir='ltr'>institutio-</span> 
     </span>
    </p>
   </div>
   <div class='ocr_carea' id='block_1_50' title="bbox 181 4487 1330 4560">
    <p class='ocr_par' dir='ltr' id='par_1_50' title="bbox 181 4487 1330 4560">
     <span class='ocr_line' id='line_1_50' title="bbox 181 4487 1330 4560; baseline 0.002 -16"><span class='ocrx_word' id='word_1_317' title='bbox 181 4488 280 4544; x_wconf 90' lang='lat' dir='ltr'>nis</span> <span class='ocrx_word' id='word_1_318' title='bbox 312 4487 679 4558; x_wconf 86' lang='lat' dir='ltr'>apertissime</span> <span class='ocrx_word' id='word_1_319' title='bbox 709 4488 777 4521; x_wconf 74' lang='lat'>“3</span> <span class='ocrx_word' id='word_1_320' title='bbox 808 4492 999 4560; x_wconf 87' lang='lat' dir='ltr'>potest</span> <span class='ocrx_word' id='word_1_321' title='bbox 1033 4489 1330 4559; x_wconf 90' lang='lat' dir='ltr'>cognosci.</span> 
     </span>
    </p>
   </div>
   <div class='ocr_carea' id='block_1_51' title="bbox 261 4575 1826 4650">
    <p class='ocr_par' dir='ltr' id='par_1_51' title="bbox 261 4575 1826 4650">
     <span class='ocr_line' id='line_1_51' title="bbox 261 4575 1826 4650; baseline 0.004 -20"><span class='ocrx_word' id='word_1_322' title='bbox 261 4582 314 4631; x_wconf 80' lang='grc'>1.</span> <span class='ocrx_word' id='word_1_323' title='bbox 350 4575 540 4631; x_wconf 86' lang='lat' dir='ltr'>Primo</span> <span class='ocrx_word' id='word_1_324' title='bbox 559 4577 730 4633; x_wconf 87' lang='lat' dir='ltr'>Probi</span> <span class='ocrx_word' id='word_1_325' title='bbox 751 4576 818 4609; x_wconf 65' lang='lat'>5“</span> <span class='ocrx_word' id='word_1_326' title='bbox 841 4592 990 4634; x_wconf 90' lang='lat' dir='ltr'>anno</span> <span class='ocrx_word' id='word_1_327' title='bbox 1014 4578 1171 4633; x_wconf 84' lang='lat' dir='ltr'>Felix</span> <span class='ocrx_word' id='word_1_328' title='bbox 1197 4583 1481 4649; x_wconf 54' lang='lat' dir='ltr'>papa27u~1</span> <span class='ocrx_word' id='word_1_329' title='bbox 1503 4578 1826 4650; x_wconf 87' lang='lat' dir='ltr'>ordinatus,</span> 
     </span>
    </p>
   </div>
   <div class='ocr_carea' id='block_1_52' title="bbox 187 4663 1834 4736">
    <p class='ocr_par' dir='ltr' id='par_1_52' title="bbox 187 4663 1834 4736">
     <span class='ocr_line' id='line_1_52' title="bbox 187 4663 1834 4736; baseline 0.001 -14"><span class='ocrx_word' id='word_1_330' title='bbox 187 4663 346 4722; x_wconf 88' lang='lat' dir='ltr'>sedit</span> <span class='ocrx_word' id='word_1_331' title='bbox 378 4664 543 4720; x_wconf 89' lang='lat' dir='ltr'>annis</span> <span class='ocrx_word' id='word_1_332' title='bbox 564 4669 616 4735; x_wconf 79' lang='lat'>5,</span> <span class='ocrx_word' id='word_1_333' title='bbox 640 4666 1011 4736; x_wconf 86' lang='lat' dir='ltr'>decessitque</span> <span class='ocrx_word' id='word_1_334' title='bbox 1036 4671 1066 4722; x_wconf 89' lang='lat'><strong>3</strong></span> <span class='ocrx_word' id='word_1_335' title='bbox 1091 4666 1326 4723; x_wconf 86' lang='lat' dir='ltr'>Kalend.</span> <span class='ocrx_word' id='word_1_336' title='bbox 1356 4667 1528 4724; x_wconf 87' lang='lat' dir='ltr'>Junii.</span> <span class='ocrx_word' id='word_1_337' title='bbox 1566 4670 1666 4725; x_wconf 88' lang='lat' dir='ltr'>llic</span> <span class='ocrx_word' id='word_1_338' title='bbox 1700 4684 1834 4725; x_wconf 88' lang='lat' dir='ltr'>con-</span> 
     </span>
    </p>
   </div>
   <div class='ocr_carea' id='block_1_53' title="bbox 190 4753 1835 4827">
    <p class='ocr_par' dir='ltr' id='par_1_53' title="bbox 190 4753 1835 4827">
     <span class='ocr_line' id='line_1_53' title="bbox 190 4753 1835 4827; baseline 0.003 -18"><span class='ocrx_word' id='word_1_339' title='bbox 190 4753 395 4809; x_wconf 88' lang='lat' dir='ltr'>stituit</span> <span class='ocrx_word' id='word_1_340' title='bbox 427 4753 635 4811; x_wconf 80' lang='lat' dir='ltr'>missas</span> <span class='ocrx_word' id='word_1_341' title='bbox 665 4754 953 4812; x_wconf 86' lang='lat' dir='ltr'>celebrari</span> <span class='ocrx_word' id='word_1_342' title='bbox 986 4769 1160 4827; x_wconf 86' lang='lat' dir='ltr'>super</span> <span class='ocrx_word' id='word_1_343' title='bbox 1189 4757 1496 4813; x_wconf 89' lang='lat' dir='ltr'>memorias</span> <span class='ocrx_word' id='word_1_344' title='bbox 1531 4759 1835 4815; x_wconf 88' lang='lat' dir='ltr'>martirum</span> 
     </span>
    </p>
   </div>
   <div class='ocr_carea' id='block_1_54' title="bbox 186 4842 1021 4917">
    <p class='ocr_par' dir='ltr' id='par_1_54' title="bbox 186 4842 1021 4917">
     <span class='ocr_line' id='line_1_54' title="bbox 186 4842 1021 4917; baseline -0.001 -17"><span class='ocrx_word' id='word_1_345' title='bbox 186 4842 289 4911; x_wconf 88' lang='lat' dir='ltr'>(cf.</span> <span class='ocrx_word' id='word_1_346' title='bbox 327 4842 467 4900; x_wconf 76' lang='grc' dir='ltr'>ΟΙιγ.</span> <span class='ocrx_word' id='word_1_347' title='bbox 515 4844 596 4915; x_wconf 89' lang='lat' dir='ltr'>W,</span> <span class='ocrx_word' id='word_1_348' title='bbox 623 4845 789 4900; x_wconf 51' lang='lat' dir='ltr'>Bene:</span> <span class='ocrx_word' id='word_1_349' title='bbox 816 4843 1021 4917; x_wconf 78' lang='grc' dir='ltr'><em>Μανι).</em></span> 
     </span>
    </p>
   </div>
   <div class='ocr_carea' id='block_1_55' title="bbox 261 4933 1837 5009">
    <p class='ocr_par' dir='ltr' id='par_1_55' title="bbox 261 4933 1837 5009">
     <span class='ocr_line' id='line_1_55' title="bbox 261 4933 1837 5009; baseline 0.003 -20"><span class='ocrx_word' id='word_1_350' title='bbox 261 4938 317 4989; x_wconf 89' lang='grc'>2.</span> <span class='ocrx_word' id='word_1_351' title='bbox 355 4933 507 5003; x_wconf 81' lang='lat' dir='ltr'>(Eus.</span> <span class='ocrx_word' id='word_1_352' title='bbox 544 4933 600 4989; x_wconf 89' lang='grc' dir='ltr'>Ιι.</span> <span class='ocrx_word' id='word_1_353' title='bbox 637 4949 682 4991; x_wconf 75' lang='grc' dir='ltr'>θ.</span> <span class='ocrx_word' id='word_1_354' title='bbox 715 4950 811 5005; x_wconf 86' lang='lat' dir='ltr'>vn,</span> <span class='ocrx_word' id='word_1_355' title='bbox 844 4938 957 5006; x_wconf 89' lang='lat'>27.)</span> <span class='ocrx_word' id='word_1_356' title='bbox 989 4937 1051 4990; x_wconf 89' lang='lat' dir='ltr'>A.</span> <span class='ocrx_word' id='word_1_357' title='bbox 1086 4936 1150 4990; x_wconf 91' lang='grc' dir='ltr'>Ι).</span> <span class='ocrx_word' id='word_1_358' title='bbox 1183 4938 1306 4992; x_wconf 88' lang='grc'>283.</span> <span class='ocrx_word' id='word_1_359' title='bbox 1368 4937 1560 4993; x_wconf 88' lang='lat' dir='ltr'>Manes</span> <span class='ocrx_word' id='word_1_360' title='bbox 1606 4938 1837 5009; x_wconf 87' lang='lat' dir='ltr'>quidam</span> 
     </span>
    </p>
   </div>
   <div class='ocr_carea' id='block_1_56' title="bbox 191 5022 1835 5096">
    <p class='ocr_par' dir='ltr' id='par_1_56' title="bbox 191 5022 1835 5096">
     <span class='ocr_line' id='line_1_56' title="bbox 191 5022 1835 5096; baseline 0.001 -16"><span class='ocrx_word' id='word_1_361' title='bbox 191 5024 397 5081; x_wconf 78' lang='lat' dir='ltr'>extitit</span> <span class='ocrx_word' id='word_1_362' title='bbox 426 5038 641 5095; x_wconf 83' lang='lat' dir='ltr'>genere</span> <span class='ocrx_word' id='word_1_363' title='bbox 670 5022 739 5056; x_wconf 71' lang='grc'>⁸⁸⁵</span> <span class='ocrx_word' id='word_1_364' title='bbox 759 5025 984 5094; x_wconf 84' lang='lat' dir='ltr'>Perses,</span> <span class='ocrx_word' id='word_1_365' title='bbox 1012 5024 1129 5079; x_wconf 89' lang='lat' dir='ltr'>vita</span> <span class='ocrx_word' id='word_1_366' title='bbox 1161 5028 1217 5081; x_wconf 89' lang='lat' dir='ltr'>et</span> <span class='ocrx_word' id='word_1_367' title='bbox 1244 5024 1503 5080; x_wconf 88' lang='lat' dir='ltr'>moribus</span> <span class='ocrx_word' id='word_1_368' title='bbox 1531 5026 1835 5096; x_wconf 88' lang='lat' dir='ltr'>barbarus,</span> 
     </span>
    </p>
   </div>
   <div class='ocr_carea' id='block_1_57' title="bbox 192 5112 1838 5184">
    <p class='ocr_par' dir='ltr' id='par_1_57' title="bbox 192 5112 1838 5184">
     <span class='ocr_line' id='line_1_57' title="bbox 192 5112 1838 5184; baseline 0.001 -15"><span class='ocrx_word' id='word_1_369' title='bbox 192 5118 317 5169; x_wconf 88' lang='lat' dir='ltr'>tam</span> <span class='ocrx_word' id='word_1_370' title='bbox 352 5128 488 5169; x_wconf 89' lang='lat' dir='ltr'>acer</span> <span class='ocrx_word' id='word_1_371' title='bbox 520 5112 773 5184; x_wconf 88' lang='lat' dir='ltr'>ingenio,</span> <span class='ocrx_word' id='word_1_372' title='bbox 820 5117 880 5170; x_wconf 91' lang='lat' dir='ltr'>ut</span> <span class='ocrx_word' id='word_1_373' title='bbox 930 5112 1185 5170; x_wconf 85' lang='lat' dir='ltr'>insanire</span> <span class='ocrx_word' id='word_1_374' title='bbox 1219 5112 1306 5169; x_wconf 85' lang='lat' dir='ltr'>vel</span> <span class='ocrx_word' id='word_1_375' title='bbox 1341 5113 1583 5169; x_wconf 87' lang='lat' dir='ltr'>demone</span> <span class='ocrx_word' id='word_1_376' title='bbox 1616 5114 1838 5171; x_wconf 87' lang='lat' dir='ltr'>videre-</span> 
     </span>
    </p>
   </div>
   <div class='ocr_carea' id='block_1_58' title="bbox 1922 487 2186 541">
    <p class='ocr_par' dir='ltr' id='par_1_58' title="bbox 1922 487 2186 541">
     <span class='ocr_line' id='line_1_58' title="bbox 1922 487 2186 541; baseline -0.011 0"><span class='ocrx_word' id='word_1_377' title='bbox 1922 488 2048 541; x_wconf 89' lang='lat' dir='ltr'>orta</span> <span class='ocrx_word' id='word_1_378' title='bbox 2081 487 2186 541; x_wconf 87' lang='lat' dir='ltr'>est.</span> 
     </span>
    </p>
   </div>
   <div class='ocr_carea' id='block_1_59' title="bbox 1993 564 3565 644">
    <p class='ocr_par' dir='ltr' id='par_1_59' title="bbox 1993 564 3565 644">
     <span class='ocr_line' id='line_1_59' title="bbox 1993 564 3565 644; baseline -0.004 -16"><span class='ocrx_word' id='word_1_379' title='bbox 1993 576 2041 628; x_wconf 85' lang='grc'>4.</span> <span class='ocrx_word' id='word_1_380' title='bbox 2078 573 2289 644; x_wconf 61' lang='lat' dir='ltr'>(liram)</span> <span class='ocrx_word' id='word_1_381' title='bbox 2321 574 2381 627; x_wconf 86' lang='lat' dir='ltr'>A.</span> <span class='ocrx_word' id='word_1_382' title='bbox 2416 575 2478 627; x_wconf 93' lang='lat' dir='ltr'>D.</span> <span class='ocrx_word' id='word_1_383' title='bbox 2510 575 2632 627; x_wconf 75' lang='lat'>285.</span> <span class='ocrx_word' id='word_1_384' title='bbox 2690 567 2940 640; x_wconf 86' lang='lat' dir='ltr'>Cyrillus</span> <span class='ocrx_word' id='word_1_385' title='bbox 2972 571 3098 625; x_wconf 68' lang='lat'>18‘18</span> <span class='ocrx_word' id='word_1_386' title='bbox 3126 564 3445 624; x_wconf 64' lang='lat' dir='ltr'>Antiochiae</span> <span class='ocrx_word' id='word_1_387' title='bbox 3476 580 3565 621; x_wconf 86' lang='lat' dir='ltr'>or-</span> 
     </span>
    </p>
   </div>
   <div class='ocr_carea' id='block_1_60' title="bbox 1922 662 2512 734">
    <p class='ocr_par' dir='ltr' id='par_1_60' title="bbox 1922 662 2512 734">
     <span class='ocr_line' id='line_1_60' title="bbox 1922 662 2512 734; baseline -0.007 -15"><span class='ocrx_word' id='word_1_388' title='bbox 1922 663 2158 720; x_wconf 89' lang='lat' dir='ltr'>dinatur</span> <span class='ocrx_word' id='word_1_389' title='bbox 2186 662 2512 734; x_wconf 88' lang='lat' dir='ltr'>episcopus.</span> 
     </span>
    </p>
   </div>
   <div class='ocr_carea' id='block_1_61' title="bbox 1991 743 3564 820">
    <p class='ocr_par' dir='ltr' id='par_1_61' title="bbox 1991 743 3564 820">
     <span class='ocr_line' id='line_1_61' title="bbox 1991 743 3564 820; baseline -0.006 -11"><span class='ocrx_word' id='word_1_390' title='bbox 1991 757 2042 809; x_wconf 91' lang='lat'>6.</span> <span class='ocrx_word' id='word_1_391' title='bbox 2078 756 2142 809; x_wconf 88' lang='lat' dir='ltr'>A.</span> <span class='ocrx_word' id='word_1_392' title='bbox 2178 754 2239 806; x_wconf 91' lang='lat' dir='ltr'>D.</span> <span class='ocrx_word' id='word_1_393' title='bbox 2276 754 2399 807; x_wconf 90' lang='lat'>287.</span> <span class='ocrx_word' id='word_1_394' title='bbox 2447 748 2824 807; x_wconf 89' lang='lat' dir='ltr'>Eutbieianus</span> <span class='ocrx_word' id='word_1_395' title='bbox 2853 762 2996 820; x_wconf 87' lang='lat' dir='ltr'>papa</span> <span class='ocrx_word' id='word_1_396' title='bbox 3054 748 3182 801; x_wconf 63' lang='lat' dir='ltr'>28W</span> <span class='ocrx_word' id='word_1_397' title='bbox 3239 743 3564 814; x_wconf 89' lang='lat' dir='ltr'>ordinatur,</span> 
     </span>
    </p>
   </div>
   <div class='ocr_carea' id='block_1_62' title="bbox 1921 832 3562 916">
    <p class='ocr_par' dir='ltr' id='par_1_62' title="bbox 1921 832 3562 916">
     <span class='ocr_line' id='line_1_62' title="bbox 1921 832 3562 916; baseline -0.009 -14"><span class='ocrx_word' id='word_1_398' title='bbox 1921 845 2489 916; x_wconf 89' lang='lat' dir='ltr'>sedensquemenses</span> <span class='ocrx_word' id='word_1_399' title='bbox 2510 840 2726 909; x_wconf 88' lang='lat' dir='ltr'>decem,</span> <span class='ocrx_word' id='word_1_400' title='bbox 2747 836 2998 894; x_wconf 77' lang='lat' dir='ltr'>decessit</span> <span class='ocrx_word' id='word_1_401' title='bbox 3015 835 3194 891; x_wconf 81' lang='lat' dir='ltr'>GIdus</span> <span class='ocrx_word' id='word_1_402' title='bbox 3208 832 3562 890; x_wconf 86' lang='lat' dir='ltr'>Decembris.</span> 
     </span>
    </p>
   </div>
   <div class='ocr_carea' id='block_1_63' title="bbox 1924 921 3569 997">
    <p class='ocr_par' dir='ltr' id='par_1_63' title="bbox 1924 921 3569 997">
     <span class='ocr_line' id='line_1_63' title="bbox 1924 921 3569 997; baseline -0.008 -6"><span class='ocrx_word' id='word_1_403' title='bbox 1924 934 2025 991; x_wconf 85' lang='lat' dir='ltr'>Cui</span> <span class='ocrx_word' id='word_1_404' title='bbox 2073 933 2396 991; x_wconf 85' lang='lat' dir='ltr'>succedens</span> <span class='ocrx_word' id='word_1_405' title='bbox 2426 930 2599 987; x_wconf 89' lang='lat' dir='ltr'>Gaius</span> <span class='ocrx_word' id='word_1_406' title='bbox 2628 932 2776 997; x_wconf 60' lang='lat'>29116,</span> <span class='ocrx_word' id='word_1_407' title='bbox 2808 925 2959 983; x_wconf 88' lang='lat' dir='ltr'>sedit</span> <span class='ocrx_word' id='word_1_408' title='bbox 2995 924 3161 980; x_wconf 89' lang='lat' dir='ltr'>annis</span> <span class='ocrx_word' id='word_1_409' title='bbox 3194 928 3281 993; x_wconf 77' lang='lat'>15,</span> <span class='ocrx_word' id='word_1_410' title='bbox 3323 921 3569 994; x_wconf 88' lang='lat' dir='ltr'>patitur-</span> 
     </span>
    </p>
   </div>
   <div class='ocr_carea' id='block_1_64' title="bbox 1922 1009 3565 1095">
    <p class='ocr_par' dir='ltr' id='par_1_64' title="bbox 1922 1009 3565 1095">
     <span class='ocr_line' id='line_1_64' title="bbox 1922 1009 3565 1095; baseline -0.01 -14"><span class='ocrx_word' id='word_1_411' title='bbox 1922 1038 2033 1095; x_wconf 88' lang='lat' dir='ltr'>que</span> <span class='ocrx_word' id='word_1_412' title='bbox 2081 1024 2190 1079; x_wconf 89' lang='lat' dir='ltr'>sub</span> <span class='ocrx_word' id='word_1_413' title='bbox 2221 1020 2579 1077; x_wconf 89' lang='lat' dir='ltr'>Diocletiano</span> <span class='ocrx_word' id='word_1_414' title='bbox 2611 1022 2678 1074; x_wconf 83' lang='lat'>10</span> <span class='ocrx_word' id='word_1_415' title='bbox 2705 1014 2944 1072; x_wconf 86' lang='lat' dir='ltr'>Kalend.</span> <span class='ocrx_word' id='word_1_416' title='bbox 2976 1012 3080 1068; x_wconf 88' lang='lat' dir='ltr'>Mai</span> <span class='ocrx_word' id='word_1_417' title='bbox 3113 1010 3208 1081; x_wconf 91' lang='lat' dir='ltr'>(cf.</span> <span class='ocrx_word' id='word_1_418' title='bbox 3246 1009 3387 1068; x_wconf 76' lang='grc' dir='ltr'><em>σΙιν.</em></span> <span class='ocrx_word' id='word_1_419' title='bbox 3433 1009 3565 1081; x_wconf 88' lang='lat' dir='ltr'>W.).</span> 
     </span>
    </p>
   </div>
   <div class='ocr_carea' id='block_1_65' title="bbox 1923 1100 3560 1176">
    <p class='ocr_par' dir='ltr' id='par_1_65' title="bbox 1923 1100 3560 1176">
     <span class='ocr_line' id='line_1_65' title="bbox 1923 1100 3560 1176; baseline -0.01 -7"><span class='ocrx_word' id='word_1_420' title='bbox 1923 1112 2289 1169; x_wconf 78' lang='lat' dir='ltr'>Alexandrize</span> <span class='ocrx_word' id='word_1_421' title='bbox 2305 1111 2507 1167; x_wconf 86' lang='lat' dir='ltr'>ordina</span> <span class='ocrx_word' id='word_1_422' title='bbox 2520 1108 2884 1164; x_wconf 87' lang='lat' dir='ltr'>turTheonas</span> <span class='ocrx_word' id='word_1_423' title='bbox 2898 1102 3210 1176; x_wconf 89' lang='lat' dir='ltr'>episcopus</span> <span class='ocrx_word' id='word_1_424' title='bbox 3226 1100 3560 1170; x_wconf 48' lang='lat' dir='ltr'>lb‘Mﬂlxsa.</span> 
     </span>
    </p>
   </div>
   <div class='ocr_carea' id='block_1_66' title="bbox 1921 1187 3565 1271">
    <p class='ocr_par' dir='ltr' id='par_1_66' title="bbox 1921 1187 3565 1271">
     <span class='ocr_line' id='line_1_66' title="bbox 1921 1187 3565 1271; baseline -0.01 -13"><span class='ocrx_word' id='word_1_425' title='bbox 1921 1203 2203 1271; x_wconf 82' lang='lat' dir='ltr'>—BEDA.)</span> <span class='ocrx_word' id='word_1_426' title='bbox 2238 1198 2554 1256; x_wconf 79' lang='lat' dir='ltr'>Archelaus</span> <span class='ocrx_word' id='word_1_427' title='bbox 2577 1192 3003 1266; x_wconf 63' lang='lat' dir='ltr'>Mesopotamiae</span> <span class='ocrx_word' id='word_1_428' title='bbox 3025 1190 3331 1262; x_wconf 88' lang='lat' dir='ltr'>episcopus</span> <span class='ocrx_word' id='word_1_429' title='bbox 3353 1187 3565 1244; x_wconf 89' lang='lat' dir='ltr'>librum</span> 
     </span>
    </p>
   </div>
   <div class='ocr_carea' id='block_1_67' title="bbox 1922 1277 3569 1362">
    <p class='ocr_par' dir='ltr' id='par_1_67' title="bbox 1922 1277 3569 1362">
     <span class='ocr_line' id='line_1_67' title="bbox 1922 1277 3569 1362; baseline -0.01 -15"><span class='ocrx_word' id='word_1_430' title='bbox 1922 1290 2338 1362; x_wconf 88' lang='lat' dir='ltr'>disputationis</span> <span class='ocrx_word' id='word_1_431' title='bbox 2354 1302 2493 1357; x_wconf 71' lang='lat' dir='ltr'>suae,</span> <span class='ocrx_word' id='word_1_432' title='bbox 2529 1299 2697 1356; x_wconf 86' lang='lat' dir='ltr'>quam</span> <span class='ocrx_word' id='word_1_433' title='bbox 2722 1281 2923 1338; x_wconf 87' lang='lat' dir='ltr'>habuit</span> <span class='ocrx_word' id='word_1_434' title='bbox 2947 1279 3228 1336; x_wconf 87' lang='lat' dir='ltr'>adversus</span> <span class='ocrx_word' id='word_1_435' title='bbox 3249 1278 3447 1331; x_wconf 88' lang='lat' dir='ltr'>Manen</span> <span class='ocrx_word' id='word_1_436' title='bbox 3472 1277 3569 1331; x_wconf 88' lang='lat' dir='ltr'>he-</span> 
     </span>
    </p>
   </div>
   <div class='ocr_carea' id='block_1_68' title="bbox 1925 1363 3569 1447">
    <p class='ocr_par' dir='ltr' id='par_1_68' title="bbox 1925 1363 3569 1447">
     <span class='ocr_line' id='line_1_68' title="bbox 1925 1363 3569 1447; baseline -0.01 -11"><span class='ocrx_word' id='word_1_437' title='bbox 1925 1379 2301 1446; x_wconf 90' lang='lat' dir='ltr'>resiarcham,</span> <span class='ocrx_word' id='word_1_438' title='bbox 2337 1378 2477 1447; x_wconf 86' lang='lat' dir='ltr'>Syro</span> <span class='ocrx_word' id='word_1_439' title='bbox 2506 1386 2772 1431; x_wconf 89' lang='lat' dir='ltr'>sermone</span> <span class='ocrx_word' id='word_1_440' title='bbox 2804 1368 3153 1441; x_wconf 88' lang='lat' dir='ltr'>composuit,</span> <span class='ocrx_word' id='word_1_441' title='bbox 3191 1365 3287 1436; x_wconf 90' lang='lat' dir='ltr'>qui</span> <span class='ocrx_word' id='word_1_442' title='bbox 3320 1363 3569 1420; x_wconf 90' lang='lat' dir='ltr'>transla-</span> 
     </span>
    </p>
   </div>
   <div class='ocr_carea' id='block_1_69' title="bbox 1925 1459 2902 1526">
    <p class='ocr_par' dir='ltr' id='par_1_69' title="bbox 1925 1459 2902 1526">
     <span class='ocr_line' id='line_1_69' title="bbox 1925 1459 2902 1526; baseline -0.009 -2"><span class='ocrx_word' id='word_1_443' title='bbox 1925 1474 2021 1526; x_wconf 91' lang='lat' dir='ltr'>tus</span> <span class='ocrx_word' id='word_1_444' title='bbox 2057 1482 2087 1523; x_wconf 91' lang='lat' dir='ltr'>a</span> <span class='ocrx_word' id='word_1_445' title='bbox 2112 1468 2311 1523; x_wconf 87' lang='lat' dir='ltr'>Grecis</span> <span class='ocrx_word' id='word_1_446' title='bbox 2342 1464 2591 1520; x_wconf 88' lang='lat' dir='ltr'>habetur</span> <span class='ocrx_word' id='word_1_447' title='bbox 2620 1477 2647 1518; x_wconf 88' lang='lat' dir='ltr'>a</span> <span class='ocrx_word' id='word_1_448' title='bbox 2683 1459 2902 1516; x_wconf 90' lang='lat' dir='ltr'>multis.</span> 
     </span>
    </p>
   </div>
   <div class='ocr_carea' id='block_1_70' title="bbox 1925 1556 2255 1615">
    <p class='ocr_par' dir='ltr' id='par_1_70' title="bbox 1925 1556 2255 1615">
     <span class='ocr_line' id='line_1_70' title="bbox 1925 1556 2255 1615; baseline -0.015 -1"><span class='ocrx_word' id='word_1_449' title='bbox 1925 1557 2072 1615; x_wconf 88' lang='lat' dir='ltr'>Auni</span> <span class='ocrx_word' id='word_1_450' title='bbox 2107 1556 2255 1612; x_wconf 89' lang='lat' dir='ltr'>Cari.</span> 
     </span>
    </p>
   </div>
   <div class='ocr_carea' id='block_1_71' title="bbox 1997 1630 3572 1715">
    <p class='ocr_par' dir='ltr' id='par_1_71' title="bbox 1997 1630 3572 1715">
     <span class='ocr_line' id='line_1_71' title="bbox 1997 1630 3572 1715; baseline -0.013 -13"><span class='ocrx_word' id='word_1_451' title='bbox 1997 1652 2045 1701; x_wconf 81' lang='lat' dir='ltr'>l.</span> <span class='ocrx_word' id='word_1_452' title='bbox 2082 1646 2181 1715; x_wconf 90' lang='grc' dir='ltr'>(Η.</span> <span class='ocrx_word' id='word_1_453' title='bbox 2216 1660 2291 1700; x_wconf 71' lang='lat' dir='ltr'>7n.</span> <span class='ocrx_word' id='word_1_454' title='bbox 2331 1644 2491 1697; x_wconf 81' lang='lat' dir='ltr'>Anno</span> <span class='ocrx_word' id='word_1_455' title='bbox 2525 1638 2828 1695; x_wconf 68' lang='lat' dir='ltr'>dominica)</span> <span class='ocrx_word' id='word_1_456' title='bbox 2860 1632 3280 1691; x_wconf 89' lang='lat' dir='ltr'>incarnationis</span> <span class='ocrx_word' id='word_1_457' title='bbox 3310 1633 3432 1686; x_wconf 88' lang='lat'>288.</span> <span class='ocrx_word' id='word_1_458' title='bbox 3470 1630 3572 1684; x_wconf 90' lang='lat' dir='ltr'>Ur-</span> 
     </span>
    </p>
   </div>
   <div class='ocr_carea' id='block_1_72' title="bbox 1843 1715 3574 1810">
    <p class='ocr_par' dir='ltr' id='par_1_72' title="bbox 1843 1715 3574 1810">
     <span class='ocr_line' id='line_1_72' title="bbox 1843 1715 3574 1810; baseline -0.013 -19"><span class='ocrx_word' id='word_1_459' title='bbox 1843 1750 1897 1810; x_wconf 83' lang='lat' dir='ltr'>B</span> <span class='ocrx_word' id='word_1_460' title='bbox 1928 1735 2017 1791; x_wconf 91' lang='lat' dir='ltr'>bis</span> <span class='ocrx_word' id='word_1_461' title='bbox 2049 1734 2303 1791; x_wconf 73' lang='lat' dir='ltr'>conditae</span> <span class='ocrx_word' id='word_1_462' title='bbox 2364 1729 2672 1787; x_wconf 79' lang='lat' dir='ltr'>millesimo</span> <span class='ocrx_word' id='word_1_463' title='bbox 2704 1731 2788 1783; x_wconf 81' lang='lat'>39.</span> <span class='ocrx_word' id='word_1_464' title='bbox 2826 1728 3005 1780; x_wconf 90' lang='lat' dir='ltr'>Carus</span> <span class='ocrx_word' id='word_1_465' title='bbox 3061 1722 3328 1810; x_wconf 77' lang='lat' dir='ltr'>Narbone</span> <span class='ocrx_word' id='word_1_466' title='bbox 3359 1718 3414 1773; x_wconf 92' lang='lat' dir='ltr'>in</span> <span class='ocrx_word' id='word_1_467' title='bbox 3449 1715 3574 1771; x_wconf 89' lang='lat' dir='ltr'>Gal-</span> 
     </span>
    </p>
   </div>
   <div class='ocr_carea' id='block_1_73' title="bbox 1928 1806 3576 1894">
    <p class='ocr_par' dir='ltr' id='par_1_73' title="bbox 1928 1806 3576 1894">
     <span class='ocr_line' id='line_1_73' title="bbox 1928 1806 3576 1894; baseline -0.012 -15"><span class='ocrx_word' id='word_1_468' title='bbox 1928 1825 2003 1880; x_wconf 91' lang='lat' dir='ltr'>lia</span> <span class='ocrx_word' id='word_1_469' title='bbox 2038 1830 2230 1894; x_wconf 89' lang='lat' dir='ltr'>natus,</span> <span class='ocrx_word' id='word_1_470' title='bbox 2266 1827 2392 1877; x_wconf 71' lang='lat' dir='ltr'>32us</span> <span class='ocrx_word' id='word_1_471' title='bbox 2448 1820 2518 1875; x_wconf 89' lang='lat' dir='ltr'>ab</span> <span class='ocrx_word' id='word_1_472' title='bbox 2553 1819 2815 1887; x_wconf 85' lang='lat' dir='ltr'>Augusto</span> <span class='ocrx_word' id='word_1_473' title='bbox 2848 1812 2935 1882; x_wconf 68' lang='grc'>⁸⁸⁸,</span> <span class='ocrx_word' id='word_1_474' title='bbox 2972 1823 3220 1880; x_wconf 76' lang='lat' dir='ltr'>moxque</span> <span class='ocrx_word' id='word_1_475' title='bbox 3254 1806 3404 1863; x_wconf 86' lang='lat' dir='ltr'>filios</span> <span class='ocrx_word' id='word_1_476' title='bbox 3436 1819 3576 1861; x_wconf 88' lang='lat' dir='ltr'>suos</span> 
     </span>
    </p>
   </div>
   <div class='ocr_carea' id='block_1_74' title="bbox 1930 1894 3570 1970">
    <p class='ocr_par' dir='ltr' id='par_1_74' title="bbox 1930 1894 3570 1970">
     <span class='ocr_line' id='line_1_74' title="bbox 1930 1894 3570 1970; baseline -0.013 -1"><span class='ocrx_word' id='word_1_477' title='bbox 1930 1913 2196 1970; x_wconf 90' lang='lat' dir='ltr'>Carinum</span> <span class='ocrx_word' id='word_1_478' title='bbox 2222 1916 2281 1968; x_wconf 91' lang='lat' dir='ltr'>et</span> <span class='ocrx_word' id='word_1_479' title='bbox 2304 1908 2711 1966; x_wconf 83' lang='lat' dir='ltr'>Numerianum</span> <span class='ocrx_word' id='word_1_480' title='bbox 2737 1915 2986 1959; x_wconf 76' lang='lat' dir='ltr'>czesarcs</span> <span class='ocrx_word' id='word_1_481' title='bbox 3013 1899 3248 1966; x_wconf 82' lang='lat' dir='ltr'>faciens,</span> <span class='ocrx_word' id='word_1_482' title='bbox 3272 1894 3421 1952; x_wconf 91' lang='lat' dir='ltr'>duos</span> <span class='ocrx_word' id='word_1_483' title='bbox 3441 1908 3570 1951; x_wconf 90' lang='lat' dir='ltr'>cum</span> 
     </span>
    </p>
   </div>
   <div class='ocr_carea' id='block_1_75' title="bbox 1928 1986 3574 2067">
    <p class='ocr_par' dir='ltr' id='par_1_75' title="bbox 1928 1986 3574 2067">
     <span class='ocr_line' id='line_1_75' title="bbox 1928 1986 3574 2067; baseline -0.015 -7"><span class='ocrx_word' id='word_1_484' title='bbox 1928 2002 2016 2060; x_wconf 92' lang='lat' dir='ltr'>his</span> <span class='ocrx_word' id='word_1_485' title='bbox 2045 2015 2227 2058; x_wconf 88' lang='lat' dir='ltr'>annos</span> <span class='ocrx_word' id='word_1_486' title='bbox 2276 1997 2558 2067; x_wconf 86' lang='lat' dir='ltr'>regnavit.</span> <span class='ocrx_word' id='word_1_487' title='bbox 2598 1996 2669 2063; x_wconf 92' lang='lat' dir='ltr'>ls,</span> <span class='ocrx_word' id='word_1_488' title='bbox 2706 1990 2978 2048; x_wconf 90' lang='lat' dir='ltr'>nunciato</span> <span class='ocrx_word' id='word_1_489' title='bbox 3012 1986 3120 2043; x_wconf 91' lang='lat' dir='ltr'>sibi</span> <span class='ocrx_word' id='word_1_490' title='bbox 3152 1987 3456 2041; x_wconf 87' lang='lat' dir='ltr'>Persarum</span> <span class='ocrx_word' id='word_1_491' title='bbox 3488 1986 3574 2037; x_wconf 86' lang='lat' dir='ltr'>tu-</span> 
     </span>
    </p>
   </div>
   <div class='ocr_carea' id='block_1_76' title="bbox 1926 2070 3572 2160">
    <p class='ocr_par' dir='ltr' id='par_1_76' title="bbox 1926 2070 3572 2160">
     <span class='ocr_line' id='line_1_76' title="bbox 1926 2070 3572 2160; baseline -0.015 -13"><span class='ocrx_word' id='word_1_492' title='bbox 1926 2091 2135 2159; x_wconf 89' lang='lat' dir='ltr'>multu,</span> <span class='ocrx_word' id='word_1_493' title='bbox 2157 2089 2456 2160; x_wconf 90' lang='lat' dir='ltr'>profectus</span> <span class='ocrx_word' id='word_1_494' title='bbox 2479 2086 2530 2140; x_wconf 92' lang='lat' dir='ltr'>in</span> <span class='ocrx_word' id='word_1_495' title='bbox 2554 2084 2859 2147; x_wconf 88' lang='lat' dir='ltr'>orientem,</span> <span class='ocrx_word' id='word_1_496' title='bbox 2885 2093 3012 2134; x_wconf 91' lang='lat' dir='ltr'>cum</span> <span class='ocrx_word' id='word_1_497' title='bbox 3034 2074 3185 2146; x_wconf 90' lang='lat' dir='ltr'>apud</span> <span class='ocrx_word' id='word_1_498' title='bbox 3209 2070 3572 2160; x_wconf 80' lang='lat' dir='ltr'>Antiochiam</span> 
     </span>
    </p>
   </div>
   <div class='ocr_carea' id='block_1_77' title="bbox 1927 2157 3575 2249">
    <p class='ocr_par' dir='ltr' id='par_1_77' title="bbox 1927 2157 3575 2249">
     <span class='ocr_line' id='line_1_77' title="bbox 1927 2157 3575 2249; baseline -0.015 -13"><span class='ocrx_word' id='word_1_499' title='bbox 1927 2157 2208 2249; x_wconf 79' lang='lat' dir='ltr'>maneret,</span> <span class='ocrx_word' id='word_1_500' title='bbox 2240 2175 2643 2241; x_wconf 72' lang='lat' dir='ltr'>Numer-ianus,</span> <span class='ocrx_word' id='word_1_501' title='bbox 2679 2169 2832 2224; x_wconf 85' lang='lat' dir='ltr'>ﬁlius</span> <span class='ocrx_word' id='word_1_502' title='bbox 2861 2167 3005 2237; x_wconf 90' lang='lat' dir='ltr'>ejus,</span> <span class='ocrx_word' id='word_1_503' title='bbox 3033 2161 3356 2221; x_wconf 64' lang='lat' dir='ltr'>{ecclesiam</span> <span class='ocrx_word' id='word_1_504' title='bbox 3386 2157 3575 2249; x_wconf 80' lang='lat' dir='ltr'>voluit</span> 
     </span>
    </p>
   </div>
   <div class='ocr_carea' id='block_1_78' title="bbox 1897 2246 3573 2325">
    <p class='ocr_par' dir='ltr' id='par_1_78' title="bbox 1897 2246 3573 2325">
     <span class='ocr_line' id='line_1_78' title="bbox 1897 2246 3573 2325; baseline -0.016 1"><span class='ocrx_word' id='word_1_505' title='bbox 1897 2264 1904 2271; x_wconf 80' lang='grc'><em>’</em></span> <span class='ocrx_word' id='word_1_506' title='bbox 1928 2270 2148 2325; x_wconf 88' lang='lat' dir='ltr'>intrare</span> <span class='ocrx_word' id='word_1_507' title='bbox 2162 2246 2689 2321; x_wconf 80' lang='lat' dir='ltr'>ctehristianerum</span> <span class='ocrx_word' id='word_1_508' title='bbox 2706 2253 3030 2312; x_wconf 89' lang='lat' dir='ltr'>ministeria</span> <span class='ocrx_word' id='word_1_509' title='bbox 3046 2249 3376 2321; x_wconf 78' lang='lat' dir='ltr'>explorare.</span> <span class='ocrx_word' id='word_1_510' title='bbox 3394 2246 3573 2313; x_wconf 87' lang='lat' dir='ltr'>Quem</span> 
     </span>
    </p>
   </div>
   <div class='ocr_carea' id='block_1_79' title="bbox 1927 2335 3571 2423">
    <p class='ocr_par' dir='ltr' id='par_1_79' title="bbox 1927 2335 3571 2423">
     <span class='ocr_line' id='line_1_79' title="bbox 1927 2335 3571 2423; baseline -0.018 -9"><span class='ocrx_word' id='word_1_511' title='bbox 1927 2373 2055 2414; x_wconf 92' lang='lat' dir='ltr'>eum</span> <span class='ocrx_word' id='word_1_512' title='bbox 2083 2359 2323 2411; x_wconf 89' lang='lat' dir='ltr'>sanctus</span> <span class='ocrx_word' id='word_1_513' title='bbox 2350 2349 2601 2423; x_wconf 77' lang='lat' dir='ltr'>Cyrillus</span> <span class='ocrx_word' id='word_1_514' title='bbox 2623 2347 2939 2419; x_wconf 84' lang='lat' dir='ltr'>episcopus</span> <span class='ocrx_word' id='word_1_515' title='bbox 2964 2340 3321 2413; x_wconf 88' lang='lat' dir='ltr'>prohiberet,</span> <span class='ocrx_word' id='word_1_516' title='bbox 3347 2335 3571 2402; x_wconf 78' lang='lat' dir='ltr'>dicens,</span> 
     </span>
    </p>
   </div>
   <div class='ocr_carea' id='block_1_80' title="bbox 1929 2423 3576 2504">
    <p class='ocr_par' dir='ltr' id='par_1_80' title="bbox 1929 2423 3576 2504">
     <span class='ocr_line' id='line_1_80' title="bbox 1929 2423 3576 2504; baseline -0.016 -2"><span class='ocrx_word' id='word_1_517' title='bbox 1929 2446 2011 2504; x_wconf 92' lang='lat' dir='ltr'>illi</span> <span class='ocrx_word' id='word_1_518' title='bbox 2039 2461 2146 2501; x_wconf 89' lang='lat' dir='ltr'>non</span> <span class='ocrx_word' id='word_1_519' title='bbox 2188 2444 2366 2498; x_wconf 88' lang='lat' dir='ltr'>licere</span> <span class='ocrx_word' id='word_1_520' title='bbox 2402 2439 2593 2496; x_wconf 90' lang='lat' dir='ltr'>divina</span> <span class='ocrx_word' id='word_1_521' title='bbox 2643 2432 2901 2490; x_wconf 89' lang='lat' dir='ltr'>misteria</span> <span class='ocrx_word' id='word_1_522' title='bbox 2933 2428 3153 2496; x_wconf 88' lang='lat' dir='ltr'>videre,</span> <span class='ocrx_word' id='word_1_523' title='bbox 3186 2425 3280 2496; x_wconf 90' lang='lat' dir='ltr'>qui</span> <span class='ocrx_word' id='word_1_524' title='bbox 3318 2423 3576 2496; x_wconf 90' lang='lat' dir='ltr'>pollutus</span> 
     </span>
    </p>
   </div>
   <div class='ocr_carea' id='block_1_81' title="bbox 1927 2508 3576 2598">
    <p class='ocr_par' dir='ltr' id='par_1_81' title="bbox 1927 2508 3576 2598">
     <span class='ocr_line' id='line_1_81' title="bbox 1927 2508 3576 2598; baseline -0.018 -5"><span class='ocrx_word' id='word_1_525' title='bbox 1927 2540 2082 2598; x_wconf 86' lang='lat' dir='ltr'>esset</span> <span class='ocrx_word' id='word_1_526' title='bbox 2116 2529 2421 2590; x_wconf 79' lang='lat' dir='ltr'>sacrificiis</span> <span class='ocrx_word' id='word_1_527' title='bbox 2467 2525 2792 2597; x_wconf 80' lang='lat' dir='ltr'>ydolorum,</span> <span class='ocrx_word' id='word_1_528' title='bbox 2845 2519 3180 2587; x_wconf 89' lang='lat' dir='ltr'>indignatus</span> <span class='ocrx_word' id='word_1_529' title='bbox 3211 2513 3329 2583; x_wconf 91' lang='lat' dir='ltr'>ille,</span> <span class='ocrx_word' id='word_1_530' title='bbox 3361 2508 3576 2598; x_wconf 87' lang='lat' dir='ltr'>occidit</span> 
     </span>
    </p>
   </div>
   <div class='ocr_carea' id='block_1_82' title="bbox 1928 2597 3576 2682">
    <p class='ocr_par' dir='ltr' id='par_1_82' title="bbox 1928 2597 3576 2682">
     <span class='ocr_line' id='line_1_82' title="bbox 1928 2597 3576 2682; baseline -0.017 0"><span class='ocrx_word' id='word_1_531' title='bbox 1928 2597 2078 2682; x_wconf 90' lang='lat' dir='ltr'>eum.</span> <span class='ocrx_word' id='word_1_532' title='bbox 2116 2623 2296 2677; x_wconf 90' lang='lat' dir='ltr'>Carus</span> <span class='ocrx_word' id='word_1_533' title='bbox 2353 2620 2543 2673; x_wconf 89' lang='lat' dir='ltr'>autem</span> <span class='ocrx_word' id='word_1_534' title='bbox 2576 2628 2703 2668; x_wconf 90' lang='lat' dir='ltr'>eum</span> <span class='ocrx_word' id='word_1_535' title='bbox 2732 2610 2799 2643; x_wconf 66' lang='lat'>“‘7</span> <span class='ocrx_word' id='word_1_536' title='bbox 2831 2611 3039 2665; x_wconf 84' lang='lat' dir='ltr'>Persas</span> <span class='ocrx_word' id='word_1_537' title='bbox 3071 2603 3300 2659; x_wconf 83' lang='lat' dir='ltr'>fortiter</span> <span class='ocrx_word' id='word_1_538' title='bbox 3331 2600 3385 2656; x_wconf 89' lang='lat' dir='ltr'>in</span> <span class='ocrx_word' id='word_1_539' title='bbox 3419 2597 3576 2655; x_wconf 90' lang='lat' dir='ltr'>bello</span> 
     </span>
    </p>
   </div>
   <div class='ocr_carea' id='block_1_83' title="bbox 1929 2694 3577 2774">
    <p class='ocr_par' dir='ltr' id='par_1_83' title="bbox 1929 2694 3577 2774">
     <span class='ocr_line' id='line_1_83' title="bbox 1929 2694 3577 2774; baseline -0.018 -1"><span class='ocrx_word' id='word_1_540' title='bbox 1929 2717 2223 2774; x_wconf 89' lang='lat' dir='ltr'>sterneret</span> <span class='ocrx_word' id='word_1_541' title='bbox 2247 2713 2301 2767; x_wconf 90' lang='lat' dir='ltr'>et</span> <span class='ocrx_word' id='word_1_542' title='bbox 2329 2706 2666 2765; x_wconf 88' lang='lat' dir='ltr'>notissimas</span> <span class='ocrx_word' id='word_1_543' title='bbox 2690 2702 2868 2758; x_wconf 88' lang='lat' dir='ltr'>urbes</span> <span class='ocrx_word' id='word_1_544' title='bbox 2890 2711 3090 2755; x_wconf 91' lang='lat' dir='ltr'>eorum</span> <span class='ocrx_word' id='word_1_545' title='bbox 3116 2694 3374 2765; x_wconf 87' lang='lat' dir='ltr'>caperet,</span> <span class='ocrx_word' id='word_1_546' title='bbox 3398 2702 3577 2760; x_wconf 88' lang='lat' dir='ltr'>super</span> 
     </span>
    </p>
   </div>
   <div class='ocr_carea' id='block_1_84' title="bbox 1928 2778 3579 2876">
    <p class='ocr_par' dir='ltr' id='par_1_84' title="bbox 1928 2778 3579 2876">
     <span class='ocr_line' id='line_1_84' title="bbox 1928 2778 3579 2876; baseline -0.018 -15"><span class='ocrx_word' id='word_1_547' title='bbox 1928 2802 2231 2876; x_wconf 70' lang='lat' dir='ltr'>Tygridem</span> <span class='ocrx_word' id='word_1_548' title='bbox 2256 2798 2492 2855; x_wconf 83' lang='lat' dir='ltr'>fluvium</span> <span class='ocrx_word' id='word_1_549' title='bbox 2518 2798 2713 2850; x_wconf 90' lang='lat' dir='ltr'>castra</span> <span class='ocrx_word' id='word_1_550' title='bbox 2739 2802 2978 2862; x_wconf 92' lang='lat' dir='ltr'>ponens,</span> <span class='ocrx_word' id='word_1_551' title='bbox 3005 2785 3124 2840; x_wconf 88' lang='lat' dir='ltr'>ictu</span> <span class='ocrx_word' id='word_1_552' title='bbox 3158 2778 3415 2876; x_wconf 74' lang='lat' dir='ltr'>fulminis</span> <span class='ocrx_word' id='word_1_553' title='bbox 3434 2778 3579 2833; x_wconf 89' lang='lat' dir='ltr'>inte-</span> 
     </span>
    </p>
   </div>
   <div class='ocr_carea' id='block_1_85' title="bbox 1933 2869 3581 2951">
    <p class='ocr_par' dir='ltr' id='par_1_85' title="bbox 1933 2869 3581 2951">
     <span class='ocr_line' id='line_1_85' title="bbox 1933 2869 3581 2951; baseline -0.018 -1"><span class='ocrx_word' id='word_1_554' title='bbox 1933 2869 2049 2949; x_wconf 30' lang='lat' dir='ltr'>rivit.</span> <span class='ocrx_word' id='word_1_555' title='bbox 2080 2888 2464 2946; x_wconf 81' lang='lat' dir='ltr'>Numerianus</span> <span class='ocrx_word' id='word_1_556' title='bbox 2512 2896 2672 2951; x_wconf 89' lang='lat' dir='ltr'>vero,</span> <span class='ocrx_word' id='word_1_557' title='bbox 2701 2879 2856 2934; x_wconf 81' lang='lat' dir='ltr'>filius</span> <span class='ocrx_word' id='word_1_558' title='bbox 2874 2875 3022 2945; x_wconf 90' lang='lat' dir='ltr'>ejus,</span> <span class='ocrx_word' id='word_1_559' title='bbox 3047 2887 3177 2929; x_wconf 91' lang='lat' dir='ltr'>cum</span> <span class='ocrx_word' id='word_1_560' title='bbox 3210 2869 3412 2926; x_wconf 89' lang='lat' dir='ltr'>dolore</span> <span class='ocrx_word' id='word_1_561' title='bbox 3444 2880 3581 2923; x_wconf 90' lang='lat' dir='ltr'>ocu-</span> 
     </span>
    </p>
   </div>
   <div class='ocr_carea' id='block_1_86' title="bbox 1932 2955 3581 3049">
    <p class='ocr_par' dir='ltr' id='par_1_86' title="bbox 1932 2955 3581 3049">
     <span class='ocr_line' id='line_1_86' title="bbox 1932 2955 3581 3049; baseline -0.018 -10"><span class='ocrx_word' id='word_1_562' title='bbox 1932 2984 2120 3039; x_wconf 92' lang='lat' dir='ltr'>lorum</span> <span class='ocrx_word' id='word_1_563' title='bbox 2146 2981 2352 3049; x_wconf 87' lang='lat' dir='ltr'>captus</span> <span class='ocrx_word' id='word_1_564' title='bbox 2386 2976 2441 3031; x_wconf 91' lang='lat' dir='ltr'>in</span> <span class='ocrx_word' id='word_1_565' title='bbox 2470 2972 2679 3029; x_wconf 87' lang='lat' dir='ltr'>lectica</span> <span class='ocrx_word' id='word_1_566' title='bbox 2711 2967 3045 3032; x_wconf 89' lang='lat' dir='ltr'>veheretur,</span> <span class='ocrx_word' id='word_1_567' title='bbox 3072 2955 3581 3049; x_wconf 79' lang='lat' dir='ltr'>insidiisApriso-</span> 
     </span>
    </p>
   </div>
   <div class='ocr_carea' id='block_1_87' title="bbox 1933 3046 3577 3129">
    <p class='ocr_par' dir='ltr' id='par_1_87' title="bbox 1933 3046 3577 3129">
     <span class='ocr_line' id='line_1_87' title="bbox 1933 3046 3577 3129; baseline -0.02 0"><span class='ocrx_word' id='word_1_568' title='bbox 1933 3072 2050 3129; x_wconf 90' lang='lat' dir='ltr'>ceri</span> <span class='ocrx_word' id='word_1_569' title='bbox 2075 3069 2163 3127; x_wconf 90' lang='lat' dir='ltr'>sui</span> <span class='ocrx_word' id='word_1_570' title='bbox 2186 3046 2536 3123; x_wconf 80' lang='lat' dir='ltr'>occisusest.</span> <span class='ocrx_word' id='word_1_571' title='bbox 2566 3063 2818 3127; x_wconf 87' lang='lat' dir='ltr'>Cumque</span> <span class='ocrx_word' id='word_1_572' title='bbox 2842 3046 3577 3121; x_wconf 87' lang='lat' dir='ltr'>morsejusoecultaretur,</span> 
     </span>
    </p>
   </div>
   <div class='ocr_carea' id='block_1_88' title="bbox 1933 3132 3581 3229">
    <p class='ocr_par' dir='ltr' id='par_1_88' title="bbox 1933 3132 3581 3229">
     <span class='ocr_line' id='line_1_88' title="bbox 1933 3132 3581 3229; baseline -0.018 -13"><span class='ocrx_word' id='word_1_573' title='bbox 1933 3163 2115 3218; x_wconf 87' lang='lat' dir='ltr'>donec</span> <span class='ocrx_word' id='word_1_574' title='bbox 2132 3160 2284 3228; x_wconf 79' lang='lat' dir='ltr'>Aper</span> <span class='ocrx_word' id='word_1_575' title='bbox 2306 3166 2539 3223; x_wconf 86' lang='lat' dir='ltr'>regnum</span> <span class='ocrx_word' id='word_1_576' title='bbox 2560 3151 2753 3221; x_wconf 90' lang='lat' dir='ltr'>posset</span> <span class='ocrx_word' id='word_1_577' title='bbox 2779 3142 3075 3210; x_wconf 90' lang='lat' dir='ltr'>invadere,</span> <span class='ocrx_word' id='word_1_578' title='bbox 3093 3140 3299 3229; x_wconf 73' lang='lat' dir='ltr'>foetore</span> <span class='ocrx_word' id='word_1_579' title='bbox 3313 3132 3581 3229; x_wconf 71' lang='lat' dir='ltr'>corporis</span> 
     </span>
    </p>
   </div>
   <div class='ocr_carea' id='block_1_89' title="bbox 1935 3219 3583 3318">
    <p class='ocr_par' dir='ltr' id='par_1_89' title="bbox 1935 3219 3583 3318">
     <span class='ocr_line' id='line_1_89' title="bbox 1935 3219 3583 3318; baseline -0.021 -12"><span class='ocrx_word' id='word_1_580' title='bbox 1935 3248 2126 3306; x_wconf 81' lang='lat' dir='ltr'>scelus</span> <span class='ocrx_word' id='word_1_581' title='bbox 2161 3219 2452 3318; x_wconf 77' lang='lat' dir='ltr'>proditum</span> <span class='ocrx_word' id='word_1_582' title='bbox 2481 3219 2590 3295; x_wconf 81' lang='lat' dir='ltr'>est.</span> <span class='ocrx_word' id='word_1_583' title='bbox 2627 3238 2855 3291; x_wconf 86' lang='lat' dir='ltr'>Interea</span> <span class='ocrx_word' id='word_1_584' title='bbox 2891 3229 3134 3287; x_wconf 90' lang='lat' dir='ltr'>Carinus</span> <span class='ocrx_word' id='word_1_585' title='bbox 3165 3222 3417 3318; x_wconf 67' lang='lat' dir='ltr'>inltalia</span> <span class='ocrx_word' id='word_1_586' title='bbox 3452 3219 3583 3276; x_wconf 86' lang='lat' dir='ltr'>reli-</span> 
     </span>
    </p>
   </div>
   <div class='ocr_carea' id='block_1_90' title="bbox 1932 3311 3583 3409">
    <p class='ocr_par' dir='ltr' id='par_1_90' title="bbox 1932 3311 3583 3409">
     <span class='ocr_line' id='line_1_90' title="bbox 1932 3311 3583 3409; baseline -0.021 -13"><span class='ocrx_word' id='word_1_587' title='bbox 1932 3345 2086 3409; x_wconf 76' lang='lat' dir='ltr'>ctus,</span> <span class='ocrx_word' id='word_1_588' title='bbox 2113 3311 2383 3392; x_wconf 81' lang='lat' dir='ltr'>Sabinum</span> <span class='ocrx_word' id='word_1_589' title='bbox 2407 3328 2693 3385; x_wconf 72' lang='lat' dir='ltr'>lulianum</span> <span class='ocrx_word' id='word_1_590' title='bbox 2722 3321 3088 3378; x_wconf 87' lang='lat' dir='ltr'>invadentem</span> <span class='ocrx_word' id='word_1_591' title='bbox 3110 3313 3331 3371; x_wconf 88' lang='lat' dir='ltr'>Italiam</span> <span class='ocrx_word' id='word_1_592' title='bbox 3353 3311 3407 3409; x_wconf 42' lang='lat' dir='ltr'>i‘n</span> <span class='ocrx_word' id='word_1_593' title='bbox 3431 3324 3583 3409; x_wconf 79' lang='lat' dir='ltr'>cam-</span> 
     </span>
    </p>
   </div>
   <div class='ocr_carea' id='block_1_91' title="bbox 1937 3398 3586 3501">
    <p class='ocr_par' dir='ltr' id='par_1_91' title="bbox 1937 3398 3586 3501">
     <span class='ocr_line' id='line_1_91' title="bbox 1937 3398 3586 3501; baseline -0.019 -17"><span class='ocrx_word' id='word_1_594' title='bbox 1937 3429 2024 3501; x_wconf 89' lang='lat' dir='ltr'>pis</span> <span class='ocrx_word' id='word_1_595' title='bbox 2054 3398 2488 3480; x_wconf 39' lang='lat' dir='ltr'>\I’eronensibus</span> <span class='ocrx_word' id='word_1_596' title='bbox 2521 3414 2757 3482; x_wconf 77' lang='lat' dir='ltr'>occidit,</span> <span class='ocrx_word' id='word_1_597' title='bbox 2790 3425 2849 3467; x_wconf 91' lang='lat' dir='ltr'>se</span> <span class='ocrx_word' id='word_1_598' title='bbox 2883 3410 3067 3480; x_wconf 88' lang='lat' dir='ltr'>ipsum</span> <span class='ocrx_word' id='word_1_599' title='bbox 3101 3417 3240 3500; x_wconf 82' lang='lat' dir='ltr'>vero</span> <span class='ocrx_word' id='word_1_600' title='bbox 3256 3398 3586 3501; x_wconf 62' lang='lat' dir='ltr'>sceleribus</span> 
     </span>
    </p>
   </div>
   <div class='ocr_carea' id='block_1_92' title="bbox 1937 3486 3587 3587">
    <p class='ocr_par' dir='ltr' id='par_1_92' title="bbox 1937 3486 3587 3587">
     <span class='ocr_line' id='line_1_92' title="bbox 1937 3486 3587 3587; baseline -0.019 -16"><span class='ocrx_word' id='word_1_601' title='bbox 1937 3486 2280 3586; x_wconf 76' lang='lat' dir='ltr'>inquinavit,</span> <span class='ocrx_word' id='word_1_602' title='bbox 2309 3507 2523 3564; x_wconf 89' lang='lat' dir='ltr'>multos</span> <span class='ocrx_word' id='word_1_603' title='bbox 2551 3503 2714 3559; x_wconf 84' lang='lat' dir='ltr'>falsis</span> <span class='ocrx_word' id='word_1_604' title='bbox 2739 3497 3085 3587; x_wconf 87' lang='lat' dir='ltr'>criminibus</span> <span class='ocrx_word' id='word_1_605' title='bbox 3110 3490 3400 3587; x_wconf 76' lang='lat' dir='ltr'>occidens,</span> <span class='ocrx_word' id='word_1_606' title='bbox 3429 3486 3587 3586; x_wconf 79' lang='lat' dir='ltr'>nobi-</span> 
     </span>
    </p>
   </div>
   <div class='ocr_carea' id='block_1_93' title="bbox 1938 3583 3584 3661">
    <p class='ocr_par' dir='ltr' id='par_1_93' title="bbox 1938 3583 3584 3661">
     <span class='ocr_line' id='line_1_93' title="bbox 1938 3583 3584 3661; baseline -0.019 -1"><span class='ocrx_word' id='word_1_607' title='bbox 1938 3583 2072 3661; x_wconf 81' lang='lat' dir='ltr'>lium</span> <span class='ocrx_word' id='word_1_608' title='bbox 2101 3606 2393 3657; x_wconf 88' lang='lat' dir='ltr'>matronas</span> <span class='ocrx_word' id='word_1_609' title='bbox 2417 3597 2469 3651; x_wconf 92' lang='lat' dir='ltr'>vi</span> <span class='ocrx_word' id='word_1_610' title='bbox 2496 3603 2900 3661; x_wconf 89' lang='lat' dir='ltr'>corrumpens,</span> <span class='ocrx_word' id='word_1_611' title='bbox 2930 3583 3318 3650; x_wconf 89' lang='lat' dir='ltr'>omnibusque</span> <span class='ocrx_word' id='word_1_612' title='bbox 3342 3583 3584 3643; x_wconf 89' lang='lat' dir='ltr'>invisus,</span> 
     </span>
    </p>
   </div>
   <div class='ocr_carea' id='block_1_94' title="bbox 1937 3663 3588 3759">
    <p class='ocr_par' dir='ltr' id='par_1_94' title="bbox 1937 3663 3588 3759">
     <span class='ocr_line' id='line_1_94' title="bbox 1937 3663 3588 3759; baseline -0.02 -10"><span class='ocrx_word' id='word_1_613' title='bbox 1937 3708 2047 3749; x_wconf 88' lang='lat' dir='ltr'>non</span> <span class='ocrx_word' id='word_1_614' title='bbox 2074 3691 2256 3747; x_wconf 88' lang='lat' dir='ltr'>multo</span> <span class='ocrx_word' id='word_1_615' title='bbox 2293 3690 2423 3759; x_wconf 85' lang='lat' dir='ltr'>post</span> <span class='ocrx_word' id='word_1_616' title='bbox 2457 3681 2786 3739; x_wconf 86' lang='lat' dir='ltr'>trucidatur</span> <span class='ocrx_word' id='word_1_617' title='bbox 2817 3674 3120 3747; x_wconf 83' lang='lat' dir='ltr'>cujusdem</span> <span class='ocrx_word' id='word_1_618' title='bbox 3157 3666 3376 3725; x_wconf 85' lang='lat' dir='ltr'>tribuni</span> <span class='ocrx_word' id='word_1_619' title='bbox 3413 3663 3588 3719; x_wconf 92' lang='lat' dir='ltr'>mani-</span> 
     </span>
    </p>
   </div>
   <div class='ocr_carea' id='block_1_95' title="bbox 1940 3763 3128 3852">
    <p class='ocr_par' dir='ltr' id='par_1_95' title="bbox 1940 3763 3128 3852">
     <span class='ocr_line' id='line_1_95' title="bbox 1940 3763 3128 3852; baseline -0.02 -13"><span class='ocrx_word' id='word_1_620' title='bbox 1940 3785 2068 3852; x_wconf 87' lang='lat' dir='ltr'>bus,</span> <span class='ocrx_word' id='word_1_621' title='bbox 2102 3780 2269 3849; x_wconf 86' lang='lat' dir='ltr'>cujus</span> <span class='ocrx_word' id='word_1_622' title='bbox 2302 3788 2540 3832; x_wconf 71' lang='lat' dir='ltr'>uxorem</span> <span class='ocrx_word' id='word_1_623' title='bbox 2575 3769 2792 3827; x_wconf 86' lang='lat' dir='ltr'>dicitur</span> <span class='ocrx_word' id='word_1_624' title='bbox 2825 3763 3128 3852; x_wconf 82' lang='lat' dir='ltr'>polluisse.</span> 
     </span>
    </p>
   </div>
   <div class='ocr_carea' id='block_1_96' title="bbox 2006 3843 3588 3926">
    <p class='ocr_par' dir='ltr' id='par_1_96' title="bbox 2006 3843 3588 3926">
     <span class='ocr_line' id='line_1_96' title="bbox 2006 3843 3588 3926; baseline -0.02 0"><span class='ocrx_word' id='word_1_625' title='bbox 2006 3843 2066 3926; x_wconf 36' lang='lat'>2.,</span> <span class='ocrx_word' id='word_1_626' title='bbox 2098 3843 2257 3924; x_wconf 31' lang='lat' dir='ltr'>A.VD.</span> <span class='ocrx_word' id='word_1_627' title='bbox 2290 3867 2413 3921; x_wconf 86' lang='lat'>289.</span> <span class='ocrx_word' id='word_1_628' title='bbox 2452 3864 2633 3917; x_wconf 86' lang='lat' dir='ltr'>Carus</span> <span class='ocrx_word' id='word_1_629' title='bbox 2682 3855 2918 3913; x_wconf 86' lang='lat' dir='ltr'>fulmine</span> <span class='ocrx_word' id='word_1_630' title='bbox 2953 3849 3146 3923; x_wconf 90' lang='lat' dir='ltr'>periit,</span> <span class='ocrx_word' id='word_1_631' title='bbox 3186 3844 3286 3903; x_wconf 84' lang='lat' dir='ltr'>filii</span> <span class='ocrx_word' id='word_1_632' title='bbox 3334 3843 3463 3914; x_wconf 87' lang='lat' dir='ltr'>ejus</span> <span class='ocrx_word' id='word_1_633' title='bbox 3495 3856 3588 3896; x_wconf 89' lang='lat' dir='ltr'>oc-</span> 
     </span>
    </p>
   </div>
   <div class='ocr_carea' id='block_1_97' title="bbox 1939 3946 2700 4021">
    <p class='ocr_par' dir='ltr' id='par_1_97' title="bbox 1939 3946 2700 4021">
     <span class='ocr_line' id='line_1_97' title="bbox 1939 3946 2700 4021; baseline -0.021 -6"><span class='ocrx_word' id='word_1_634' title='bbox 1939 3959 2047 4015; x_wconf 89' lang='lat' dir='ltr'>eisi</span> <span class='ocrx_word' id='word_1_635' title='bbox 2081 3958 2217 4013; x_wconf 89' lang='lat' dir='ltr'>sunt</span> <span class='ocrx_word' id='word_1_636' title='bbox 2249 3953 2345 4021; x_wconf 90' lang='lat' dir='ltr'>(cf.</span> <span class='ocrx_word' id='word_1_637' title='bbox 2385 3951 2525 4009; x_wconf 73' lang='lat' dir='ltr'>C’lzr.</span> <span class='ocrx_word' id='word_1_638' title='bbox 2576 3946 2700 4015; x_wconf 88' lang='lat' dir='ltr'>W.).</span> 
     </span>
    </p>
   </div>
   <div class='ocr_carea' id='block_1_98' title="bbox 1942 4030 2929 4104">
    <p class='ocr_par' dir='ltr' id='par_1_98' title="bbox 1942 4030 2929 4104">
     <span class='ocr_line' id='line_1_98' title="bbox 1942 4030 2929 4104; baseline -0.022 0"><span class='ocrx_word' id='word_1_639' title='bbox 1942 4045 2087 4104; x_wconf 84' lang='lat' dir='ltr'>Anni</span> <span class='ocrx_word' id='word_1_640' title='bbox 2119 4039 2462 4099; x_wconf 90' lang='lat' dir='ltr'>Diocletiani</span> <span class='ocrx_word' id='word_1_641' title='bbox 2496 4040 2555 4093; x_wconf 90' lang='lat' dir='ltr'>et</span> <span class='ocrx_word' id='word_1_642' title='bbox 2583 4030 2929 4090; x_wconf 74' lang='lat' dir='ltr'>Maximiani.</span> 
     </span>
    </p>
   </div>
   <div class='ocr_carea' id='block_1_99' title="bbox 2014 4105 3589 4205">
    <p class='ocr_par' dir='ltr' id='par_1_99' title="bbox 2014 4105 3589 4205">
     <span class='ocr_line' id='line_1_99' title="bbox 2014 4105 3589 4205; baseline -0.021 -13"><span class='ocrx_word' id='word_1_643' title='bbox 2014 4135 2115 4205; x_wconf 90' lang='grc' dir='ltr'>(Η.</span> <span class='ocrx_word' id='word_1_644' title='bbox 2147 4131 2245 4202; x_wconf 83' lang='lat' dir='ltr'>m.)</span> <span class='ocrx_word' id='word_1_645' title='bbox 2297 4133 2458 4186; x_wconf 85' lang='lat' dir='ltr'>Anno</span> <span class='ocrx_word' id='word_1_646' title='bbox 2518 4121 2823 4182; x_wconf 75' lang='lat' dir='ltr'>dominicae</span> <span class='ocrx_word' id='word_1_647' title='bbox 2884 4108 3303 4205; x_wconf 78' lang='lat' dir='ltr'>incarnationis</span> <span class='ocrx_word' id='word_1_648' title='bbox 3358 4108 3485 4205; x_wconf 61' lang='grc'>200,</span> <span class='ocrx_word' id='word_1_649' title='bbox 3518 4105 3589 4205; x_wconf 76' lang='lat' dir='ltr'>ab</span> 
     </span>
    </p>
   </div>
   <div class='ocr_carea' id='block_1_100' title="bbox 1942 4192 3592 4283">
    <p class='ocr_par' dir='ltr' id='par_1_100' title="bbox 1942 4192 3592 4283">
     <span class='ocr_line' id='line_1_100' title="bbox 1942 4192 3592 4283; baseline -0.022 0"><span class='ocrx_word' id='word_1_650' title='bbox 1942 4192 2095 4283; x_wconf 78' lang='lat' dir='ltr'>Urbe</span> <span class='ocrx_word' id='word_1_651' title='bbox 2147 4192 2380 4278; x_wconf 80' lang='lat' dir='ltr'>condita</span> <span class='ocrx_word' id='word_1_652' title='bbox 2432 4212 2740 4272; x_wconf 88' lang='lat' dir='ltr'>millesimo</span> <span class='ocrx_word' id='word_1_653' title='bbox 2774 4211 2857 4264; x_wconf 78' lang='grc'>41.</span> <span class='ocrx_word' id='word_1_654' title='bbox 2911 4199 3328 4267; x_wconf 88' lang='lat' dir='ltr'>Diocletianus,</span> <span class='ocrx_word' id='word_1_655' title='bbox 3363 4198 3490 4250; x_wconf 65' lang='lat' dir='ltr'>33us</span> <span class='ocrx_word' id='word_1_656' title='bbox 3521 4192 3592 4249; x_wconf 92' lang='lat' dir='ltr'>ab</span> 
     </span>
    </p>
   </div>
   <div class='ocr_carea' id='block_1_101' title="bbox 1944 4289 3593 4384">
    <p class='ocr_par' dir='ltr' id='par_1_101' title="bbox 1944 4289 3593 4384">
     <span class='ocr_line' id='line_1_101' title="bbox 1944 4289 3593 4384; baseline -0.022 -12"><span class='ocrx_word' id='word_1_657' title='bbox 1944 4316 2230 4384; x_wconf 85' lang='lat' dir='ltr'>Augusto,</span> <span class='ocrx_word' id='word_1_658' title='bbox 2266 4310 2583 4379; x_wconf 90' lang='lat' dir='ltr'>imperator</span> <span class='ocrx_word' id='word_1_659' title='bbox 2617 4302 2686 4357; x_wconf 87' lang='lat' dir='ltr'>ab</span> <span class='ocrx_word' id='word_1_660' title='bbox 2719 4295 2982 4355; x_wconf 80' lang='lat' dir='ltr'>exercitu</span> <span class='ocrx_word' id='word_1_661' title='bbox 3005 4292 3239 4384; x_wconf 79' lang='lat' dir='ltr'>creatus</span> <span class='ocrx_word' id='word_1_662' title='bbox 3262 4289 3593 4384; x_wconf 45' lang='lat' dir='ltr'>est,‘regna-</span> 
     </span>
    </p>
   </div>
   <div class='ocr_carea' id='block_1_102' title="bbox 1943 4371 3585 4474">
    <p class='ocr_par' dir='ltr' id='par_1_102' title="bbox 1943 4371 3585 4474">
     <span class='ocr_line' id='line_1_102' title="bbox 1943 4371 3585 4474; baseline -0.022 -14"><span class='ocrx_word' id='word_1_663' title='bbox 1943 4371 2140 4474; x_wconf 65' lang='lat' dir='ltr'>vitquc</span> <span class='ocrx_word' id='word_1_664' title='bbox 2165 4371 2330 4456; x_wconf 80' lang='lat' dir='ltr'>annis</span> <span class='ocrx_word' id='word_1_665' title='bbox 2348 4371 2436 4466; x_wconf 81' lang='lat'>20,</span> <span class='ocrx_word' id='word_1_666' title='bbox 2463 4393 2551 4448; x_wconf 90' lang='lat' dir='ltr'>vir</span> <span class='ocrx_word' id='word_1_667' title='bbox 2574 4384 2989 4447; x_wconf 87' lang='lat' dir='ltr'>obscurissime</span> <span class='ocrx_word' id='word_1_668' title='bbox 3008 4383 3182 4474; x_wconf 70' lang='lat' dir='ltr'>natus</span> <span class='ocrx_word' id='word_1_669' title='bbox 3197 4377 3268 4433; x_wconf 92' lang='lat' dir='ltr'>de</span> <span class='ocrx_word' id='word_1_670' title='bbox 3286 4371 3585 4474; x_wconf 71' lang='lat' dir='ltr'>Dalmatia.</span> 
     </span>
    </p>
   </div>
   <div class='ocr_carea' id='block_1_103' title="bbox 1859 4461 3591 4561">
    <p class='ocr_par' dir='ltr' id='par_1_103' title="bbox 1859 4461 3591 4561">
     <span class='ocr_line' id='line_1_103' title="bbox 1859 4461 3591 4561; baseline -0.024 -6"><span class='ocrx_word' id='word_1_671' title='bbox 1859 4492 1912 4554; x_wconf 93' lang='lat' dir='ltr'>D</span> <span class='ocrx_word' id='word_1_672' title='bbox 1946 4461 2187 4561; x_wconf 43' lang='lat' dir='ltr'>Qui-dam</span> <span class='ocrx_word' id='word_1_673' title='bbox 2239 4487 2389 4544; x_wconf 88' lang='lat' dir='ltr'>enim</span> <span class='ocrx_word' id='word_1_674' title='bbox 2421 4461 2643 4550; x_wconf 86' lang='lat' dir='ltr'>dicunt,</span> <span class='ocrx_word' id='word_1_675' title='bbox 2697 4491 2827 4534; x_wconf 89' lang='lat' dir='ltr'>eum</span> <span class='ocrx_word' id='word_1_676' title='bbox 2860 4474 3041 4531; x_wconf 87' lang='lat' dir='ltr'>fuisse</span> <span class='ocrx_word' id='word_1_677' title='bbox 3075 4468 3255 4561; x_wconf 85' lang='lat' dir='ltr'>illium</span> <span class='ocrx_word' id='word_1_678' title='bbox 3279 4461 3591 4561; x_wconf 69' lang='lat' dir='ltr'>cujusdam</span> 
     </span>
    </p>
   </div>
   <div class='ocr_carea' id='block_1_104' title="bbox 1944 4552 3595 4643">
    <p class='ocr_par' dir='ltr' id='par_1_104' title="bbox 1944 4552 3595 4643">
     <span class='ocr_line' id='line_1_104' title="bbox 1944 4552 3595 4643; baseline -0.021 -5"><span class='ocrx_word' id='word_1_679' title='bbox 1944 4552 2219 4638; x_wconf 65' lang='lat' dir='ltr'>Dalmatm</span> <span class='ocrx_word' id='word_1_680' title='bbox 2252 4574 2481 4643; x_wconf 66' lang='lat' dir='ltr'>scribae,</span> <span class='ocrx_word' id='word_1_681' title='bbox 2502 4570 2601 4628; x_wconf 67' lang='lat' dir='ltr'>alii</span> <span class='ocrx_word' id='word_1_682' title='bbox 2623 4582 2760 4626; x_wconf 91' lang='lat' dir='ltr'>vero</span> <span class='ocrx_word' id='word_1_683' title='bbox 2788 4561 3123 4620; x_wconf 87' lang='lat' dir='ltr'>libertinum</span> <span class='ocrx_word' id='word_1_684' title='bbox 3150 4553 3340 4613; x_wconf 89' lang='lat' dir='ltr'>Anulii</span> <span class='ocrx_word' id='word_1_685' title='bbox 3365 4552 3595 4609; x_wconf 89' lang='lat' dir='ltr'>senato-</span> 
     </span>
    </p>
   </div>
   <div class='ocr_carea' id='block_1_105' title="bbox 1947 4643 3593 4737">
    <p class='ocr_par' dir='ltr' id='par_1_105' title="bbox 1947 4643 3593 4737">
     <span class='ocr_line' id='line_1_105' title="bbox 1947 4643 3593 4737; baseline -0.021 -11"><span class='ocrx_word' id='word_1_686' title='bbox 1947 4672 2046 4727; x_wconf 89' lang='lat' dir='ltr'>ris.</span> <span class='ocrx_word' id='word_1_687' title='bbox 2085 4668 2248 4737; x_wconf 75' lang='lat' dir='ltr'>(Arn.</span> <span class='ocrx_word' id='word_1_688' title='bbox 2276 4664 2367 4735; x_wconf 70' lang='grc' dir='ltr'>ν.)</span> <span class='ocrx_word' id='word_1_689' title='bbox 2395 4661 2524 4718; x_wconf 89' lang='lat' dir='ltr'>Fuit</span> <span class='ocrx_word' id='word_1_690' title='bbox 2553 4664 2745 4716; x_wconf 90' lang='lat' dir='ltr'>autem</span> <span class='ocrx_word' id='word_1_691' title='bbox 2772 4658 2942 4710; x_wconf 89' lang='lat' dir='ltr'>natus</span> <span class='ocrx_word' id='word_1_692' title='bbox 2965 4651 3035 4706; x_wconf 91' lang='lat' dir='ltr'>de</span> <span class='ocrx_word' id='word_1_693' title='bbox 3062 4646 3302 4737; x_wconf 84' lang='lat' dir='ltr'>civitate</span> <span class='ocrx_word' id='word_1_694' title='bbox 3324 4645 3384 4698; x_wconf 88' lang='lat' dir='ltr'>et</span> <span class='ocrx_word' id='word_1_695' title='bbox 3407 4643 3593 4737; x_wconf 82' lang='lat' dir='ltr'>matre</span> 
     </span>
    </p>
   </div>
   <div class='ocr_carea' id='block_1_106' title="bbox 1946 4729 3589 4826">
    <p class='ocr_par' dir='ltr' id='par_1_106' title="bbox 1946 4729 3589 4826">
     <span class='ocr_line' id='line_1_106' title="bbox 1946 4729 3589 4826; baseline -0.021 -12"><span class='ocrx_word' id='word_1_696' title='bbox 1946 4729 2197 4825; x_wconf 78' lang='lat' dir='ltr'>Dioclen,</span> <span class='ocrx_word' id='word_1_697' title='bbox 2226 4729 2376 4810; x_wconf 86' lang='lat' dir='ltr'>unde</span> <span class='ocrx_word' id='word_1_698' title='bbox 2399 4754 2454 4808; x_wconf 92' lang='lat' dir='ltr'>et</span> <span class='ocrx_word' id='word_1_699' title='bbox 2480 4751 2626 4822; x_wconf 88' lang='lat' dir='ltr'>ipse,</span> <span class='ocrx_word' id='word_1_700' title='bbox 2654 4755 2956 4817; x_wconf 88' lang='lat' dir='ltr'>quousque</span> <span class='ocrx_word' id='word_1_701' title='bbox 2978 4734 3283 4826; x_wconf 27' lang='lat' dir='ltr'>imperi-um</span> <span class='ocrx_word' id='word_1_702' title='bbox 3309 4729 3589 4826; x_wconf 75' lang='lat' dir='ltr'>sumeret,</span> 
     </span>
    </p>
   </div>
   <div class='ocr_carea' id='block_1_107' title="bbox 1946 4823 3595 4914">
    <p class='ocr_par' dir='ltr' id='par_1_107' title="bbox 1946 4823 3595 4914">
     <span class='ocr_line' id='line_1_107' title="bbox 1946 4823 3595 4914; baseline -0.023 -10"><span class='ocrx_word' id='word_1_703' title='bbox 1946 4823 2530 4914; x_wconf 85' lang='lat' dir='ltr'>Dioclesappellatus</span> <span class='ocrx_word' id='word_1_704' title='bbox 2559 4841 2651 4893; x_wconf 83' lang='lat' dir='ltr'>est</span> <span class='ocrx_word' id='word_1_705' title='bbox 2700 4834 2800 4904; x_wconf 91' lang='grc' dir='ltr'>(Η.</span> <span class='ocrx_word' id='word_1_706' title='bbox 2833 4831 2974 4901; x_wconf 86' lang='lat' dir='ltr'>m.);</span> <span class='ocrx_word' id='word_1_707' title='bbox 3005 4830 3064 4884; x_wconf 90' lang='lat' dir='ltr'>at</span> <span class='ocrx_word' id='word_1_708' title='bbox 3096 4823 3192 4880; x_wconf 91' lang='lat' dir='ltr'>ubi</span> <span class='ocrx_word' id='word_1_709' title='bbox 3215 4823 3460 4914; x_wconf 81' lang='lat' dir='ltr'>sumpsit</span> <span class='ocrx_word' id='word_1_710' title='bbox 3494 4823 3595 4914; x_wconf 81' lang='lat' dir='ltr'>im-</span> 
     </span>
    </p>
   </div>
   <div class='ocr_carea' id='block_1_108' title="bbox 1950 4909 3595 5009">
    <p class='ocr_par' dir='ltr' id='par_1_108' title="bbox 1950 4909 3595 5009">
     <span class='ocr_line' id='line_1_108' title="bbox 1950 4909 3595 5009; baseline -0.022 -15"><span class='ocrx_word' id='word_1_711' title='bbox 1950 4935 2193 5009; x_wconf 89' lang='lat' dir='ltr'>perium,</span> <span class='ocrx_word' id='word_1_712' title='bbox 2222 4909 2428 4987; x_wconf 79' lang='lat' dir='ltr'>nomen</span> <span class='ocrx_word' id='word_1_713' title='bbox 2468 4926 2699 4983; x_wconf 81' lang='lat' dir='ltr'>Graium</span> <span class='ocrx_word' id='word_1_714' title='bbox 2728 4917 3021 5009; x_wconf 57' lang='lat' dir='ltr'>convertit</span> <span class='ocrx_word' id='word_1_715' title='bbox 3063 4915 3119 5009; x_wconf 87' lang='lat' dir='ltr'>in</span> <span class='ocrx_word' id='word_1_716' title='bbox 3152 4909 3535 5009; x_wconf 36' lang='lat' dir='ltr'>Latinumhu‘t</span> <span class='ocrx_word' id='word_1_717' title='bbox 3563 4918 3595 4960; x_wconf 91' lang='lat' dir='ltr'>a</span> 
     </span>
    </p>
   </div>
   <div class='ocr_carea' id='block_1_109' title="bbox 1949 4993 3596 5081">
    <p class='ocr_par' dir='ltr' id='par_1_109' title="bbox 1949 4993 3596 5081">
     <span class='ocr_line' id='line_1_109' title="bbox 1949 4993 3596 5081; baseline -0.019 0"><span class='ocrx_word' id='word_1_718' title='bbox 1949 4993 2210 5081; x_wconf 80' lang='lat' dir='ltr'>Dioclete</span> <span class='ocrx_word' id='word_1_719' title='bbox 2230 5020 2525 5077; x_wconf 83' lang='lat' dir='ltr'>diceretur</span> <span class='ocrx_word' id='word_1_720' title='bbox 2552 5010 2961 5069; x_wconf 85' lang='lat' dir='ltr'>Diocletianus.</span> <span class='ocrx_word' id='word_1_721' title='bbox 2980 5004 3324 5059; x_wconf 89' lang='lat' dir='ltr'>Eratautem</span> <span class='ocrx_word' id='word_1_722' title='bbox 3347 4993 3596 5052; x_wconf 90' lang='lat' dir='ltr'>callidus</span> 
     </span>
    </p>
   </div>
   <div class='ocr_carea' id='block_1_110' title="bbox 1950 5086 3598 5183">
    <p class='ocr_par' dir='ltr' id='par_1_110' title="bbox 1950 5086 3598 5183">
     <span class='ocr_line' id='line_1_110' title="bbox 1950 5086 3598 5183; baseline -0.02 -13"><span class='ocrx_word' id='word_1_723' title='bbox 1950 5118 2007 5170; x_wconf 88' lang='lat' dir='ltr'>et</span> <span class='ocrx_word' id='word_1_724' title='bbox 2042 5128 2216 5183; x_wconf 76' lang='lat' dir='ltr'>sagax</span> <span class='ocrx_word' id='word_1_725' title='bbox 2249 5113 2307 5166; x_wconf 89' lang='lat' dir='ltr'>et</span> <span class='ocrx_word' id='word_1_726' title='bbox 2354 5106 2663 5164; x_wconf 85' lang='lat' dir='ltr'>admodum</span> <span class='ocrx_word' id='word_1_727' title='bbox 2698 5098 2929 5157; x_wconf 60' lang='lat' dir='ltr'>subtlis</span> <span class='ocrx_word' id='word_1_728' title='bbox 2962 5090 3194 5163; x_wconf 60' lang='lat' dir='ltr'>ingenii.</span> <span class='ocrx_word' id='word_1_729' title='bbox 3249 5086 3424 5158; x_wconf 80' lang='lat' dir='ltr'>Cujus</span> <span class='ocrx_word' id='word_1_730' title='bbox 3454 5087 3598 5139; x_wconf 86' lang='lat' dir='ltr'>tem-</span> 
     </span>
    </p>
   </div>
   <div class='ocr_carea' id='block_1_111' title="bbox 1564 5274 2237 5332">
    <p class='ocr_par' dir='ltr' id='par_1_111' title="bbox 1564 5274 2237 5332">
     <span class='ocr_line' id='line_1_111' title="bbox 1564 5274 2237 5332; baseline -0.003 -2"><span class='ocrx_word' id='word_1_731' title='bbox 1564 5274 1796 5332; x_wconf 75' lang='lat' dir='ltr'>VARUE</span> <span class='ocrx_word' id='word_1_732' title='bbox 1838 5275 2237 5331; x_wconf 85' lang='lat' dir='ltr'>LECTIONES.</span> 
     </span>
    </p>
   </div>
   <div class='ocr_carea' id='block_1_112' title="bbox 264 5384 3605 5495">
    <p class='ocr_par' dir='ltr' id='par_1_112' title="bbox 264 5384 3605 5495">
     <span class='ocr_line' id='line_1_112' title="bbox 264 5384 3605 5495; baseline -0.006 -21"><span class='ocrx_word' id='word_1_733' title='bbox 264 5418 335 5452; x_wconf 80' lang='grc'>⁸⁸⁸</span> <span class='ocrx_word' id='word_1_734' title='bbox 367 5423 714 5495; x_wconf 75' lang='lat' dir='ltr'>moveret_5.</span> <span class='ocrx_word' id='word_1_735' title='bbox 797 5417 866 5495; x_wconf 59' lang='grc' dir='ltr'>θῗτ</span> <span class='ocrx_word' id='word_1_736' title='bbox 895 5418 1247 5495; x_wconf 83' lang='lat' dir='ltr'>laodiecnsis</span> <span class='ocrx_word' id='word_1_737' title='bbox 1404 5416 1472 5495; x_wconf 59' lang='lat'>‘3?</span> <span class='ocrx_word' id='word_1_738' title='bbox 1496 5414 2416 5495; x_wconf 61' lang='lat' dir='ltr'>morige_ratus_lb._morigeratus</span> <span class='ocrx_word' id='word_1_739' title='bbox 2438 5406 2531 5495; x_wconf 47' lang='lat' dir='ltr'>v‘el</span> <span class='ocrx_word' id='word_1_740' title='bbox 2560 5406 2832 5495; x_wconf 44' lang='lat' dir='ltr'>lucratus</span> <span class='ocrx_word' id='word_1_741' title='bbox 2857 5392 3263 5495; x_wconf 32' lang='grc' dir='ltr'>Ε1ὼυξῐὲειῒςζ</span> <span class='ocrx_word' id='word_1_742' title='bbox 3313 5384 3605 5495; x_wconf 45' lang='grc' dir='ltr'>ΰ-ΜἽᾸΓῈ</span> 
     </span>
    </p>
   </div>
   <div class='ocr_carea' id='block_1_113' title="bbox 197 5488 1792 5561">
    <p class='ocr_par' dir='ltr' id='par_1_113' title="bbox 197 5488 1792 5561">
     <span class='ocr_line' id='line_1_113' title="bbox 197 5488 1792 5561; baseline -0.003 -13"><span class='ocrx_word' id='word_1_743' title='bbox 197 5492 400 5548; x_wconf 89' lang='lat' dir='ltr'>riauus</span> <span class='ocrx_word' id='word_1_744' title='bbox 430 5490 510 5547; x_wconf 71' lang='lat' dir='ltr'>9b.</span> <span class='ocrx_word' id='word_1_745' title='bbox 587 5489 655 5523; x_wconf 65' lang='lat'>“1</span> <span class='ocrx_word' id='word_1_746' title='bbox 687 5491 1068 5561; x_wconf 87' lang='lat' dir='ltr'>quadraginta</span> <span class='ocrx_word' id='word_1_747' title='bbox 1102 5493 1149 5545; x_wconf 76' lang='grc'>4.</span> <span class='ocrx_word' id='word_1_748' title='bbox 1188 5493 1236 5543; x_wconf 78' lang='grc' dir='ltr'>ὕ.</span> <span class='ocrx_word' id='word_1_749' title='bbox 1315 5488 1384 5521; x_wconf 79' lang='grc'>⁶⁴²</span> <span class='ocrx_word' id='word_1_750' title='bbox 1416 5494 1471 5544; x_wconf 91' lang='lat' dir='ltr'>et</span> <span class='ocrx_word' id='word_1_751' title='bbox 1507 5490 1575 5544; x_wconf 89' lang='lat' dir='ltr'>de</span> <span class='ocrx_word' id='word_1_752' title='bbox 1607 5488 1661 5544; x_wconf 92' lang='lat' dir='ltr'>d.</span> <span class='ocrx_word' id='word_1_753' title='bbox 1698 5489 1792 5561; x_wconf 66' lang='lat' dir='ltr'>Et.</span> 
     </span>
    </p>
   </div>
   <div class='ocr_carea' id='block_1_114' title="bbox 197 5562 1650 5635">
    <p class='ocr_par' dir='ltr' id='par_1_114' title="bbox 197 5562 1650 5635">
     <span class='ocr_line' id='line_1_114' title="bbox 197 5562 1650 5635; baseline -0.003 -15"><span class='ocrx_word' id='word_1_754' title='bbox 197 5564 527 5635; x_wconf 84' lang='lat' dir='ltr'>imperator</span> <span class='ocrx_word' id='word_1_755' title='bbox 557 5562 742 5620; x_wconf 89' lang='lat' dir='ltr'>factus</span> <span class='ocrx_word' id='word_1_756' title='bbox 772 5562 847 5616; x_wconf 78' lang='lat' dir='ltr'>1b.</span> <span class='ocrx_word' id='word_1_757' title='bbox 882 5562 948 5621; x_wconf 75' lang='lat' dir='ltr'>id</span> <span class='ocrx_word' id='word_1_758' title='bbox 976 5563 1135 5633; x_wconf 75' lang='lat' dir='ltr'>quod</span> <span class='ocrx_word' id='word_1_759' title='bbox 1161 5564 1356 5619; x_wconf 73' lang='lat' dir='ltr'>deesse</span> <span class='ocrx_word' id='word_1_760' title='bbox 1385 5562 1650 5634; x_wconf 73' lang='lat' dir='ltr'>apparet.</span> 
     </span>
    </p>
   </div>
   <div class='ocr_carea' id='block_1_115' title="bbox 1873 5485 2380 5559">
    <p class='ocr_par' dir='ltr' id='par_1_115' title="bbox 1873 5485 2380 5559">
     <span class='ocr_line' id='line_1_115' title="bbox 1873 5485 2380 5559; baseline -0.008 -19"><span class='ocrx_word' id='word_1_761' title='bbox 1873 5487 1942 5521; x_wconf 76' lang='grc'>⁸⁸³</span> <span class='ocrx_word' id='word_1_762' title='bbox 1966 5485 2297 5559; x_wconf 86' lang='lat' dir='ltr'>plenissime</span> <span class='ocrx_word' id='word_1_763' title='bbox 2332 5485 2380 5536; x_wconf 74' lang='lat'>5.</span> 
     </span>
    </p>
   </div>
   <div class='ocr_carea' id='block_1_116' title="bbox 1737 5559 2039 5617">
    <p class='ocr_par' dir='ltr' id='par_1_116' title="bbox 1737 5559 2039 5617">
     <span class='ocr_line' id='line_1_116' title="bbox 1737 5559 2039 5617; baseline -0.017 1"><span class='ocrx_word' id='word_1_764' title='bbox 1737 5559 1804 5593; x_wconf 72' lang='lat'>“7</span> <span class='ocrx_word' id='word_1_765' title='bbox 1834 5575 1964 5617; x_wconf 90' lang='lat' dir='ltr'>cum</span> <span class='ocrx_word' id='word_1_766' title='bbox 1990 5562 2039 5613; x_wconf 75' lang='lat'>5.</span> 
     </span>
    </p>
   </div>
   <div class='ocr_carea' id='block_1_117' title="bbox 3367 5454 3606 5512">
    <p class='ocr_par' dir='ltr' id='par_1_117' title="bbox 3367 5454 3606 5512">
     <span class='ocr_line' id='line_1_117' title="bbox 3367 5454 3606 5512; baseline -0.025 -22"><span class='ocrx_word' id='word_1_767' title='bbox 3367 5455 3435 5490; x_wconf 63' lang='lat' dir='ltr'>6S6</span> <span class='ocrx_word' id='word_1_768' title='bbox 3465 5454 3606 5512; x_wconf 69' lang='lat' dir='ltr'>add.</span> 
     </span>
    </p>
   </div>
   <div class='ocr_carea' id='block_1_118' title="bbox 2465 5465 3282 5537">
    <p class='ocr_par' dir='ltr' id='par_1_118' title="bbox 2465 5465 3282 5537">
     <span class='ocr_line' id='line_1_118' title="bbox 2465 5465 3282 5537; baseline 0.006 -8"><span class='ocrx_word' id='word_1_769' title='bbox 2465 5478 2532 5511; x_wconf 69' lang='lat'>6“</span> <span class='ocrx_word' id='word_1_770' title='bbox 2565 5474 2742 5530; x_wconf 74' lang='lat' dir='ltr'>deest</span> <span class='ocrx_word' id='word_1_771' title='bbox 2766 5478 2847 5530; x_wconf 78' lang='lat'>9°.</span> <span class='ocrx_word' id='word_1_772' title='bbox 2928 5466 2997 5499; x_wconf 60' lang='lat'><strong>“5</strong></span> <span class='ocrx_word' id='word_1_773' title='bbox 3026 5479 3203 5537; x_wconf 73' lang='lat' dir='ltr'>gener</span> <span class='ocrx_word' id='word_1_774' title='bbox 3234 5465 3282 5516; x_wconf 74' lang='grc' dir='ltr'>δ·</span> 
     </span>
    </p>
   </div>
  </div>
