3992 6054
377 245 494 312 699

1543 240 2027 311 EKKEHARDI
2056 241 2613 313 URAUGIENSIS
2640 238 2643 239 ν

3653 239 3781 308 700

379 396 521 456 pore
541 396 671 441 cum
704 380 934 454 quidam
968 383 1269 457 rusticani,
1305 384 1403 457 qui
1434 384 1717 457 Bagaudze
1752 384 2017 443 diceban-
2046 379 2103 443 A
2132 384 2299 441 antea
2325 398 2556 457 semper
2573 383 2926 443 christianos
2959 387 3467 458 persequerentur.
3495 382 3605 442 Sed
3636 386 3781 442 tunc

379 475 496 541 tur,
533 471 843 529 tumultum
892 473 945 529 in
983 474 1161 530 Callia
1197 475 1471 545 facerent,
1509 491 1574 531 ac
1608 475 1926 531 Amandum
1959 479 2019 531 et

378 560 743 617 (Emilianum
776 562 957 618 duces
977 564 1278 634 haberent,
1314 564 1705 620 Diocletianus
1732 565 2020 620 Maximia-

383 664 516 704 num
545 648 633 718 ⁸⁸⁸,
687 655 1070 720 cognomento
1120 653 1471 724 Herculium,
1529 668 1803 711 czesarem
1862 655 2017 726 fecit,

381 739 955 810 eumqucinGalliam
980 746 1183 796 contra
1208 741 1632 799 tumultuantes
1664 744 1840 814 misit,
1877 759 2021 814 quos

382 825 479 883 ille
512 828 677 883 facile
707 827 943 885 devicit.
979 832 1117 885 Erat
1149 834 1341 886 autem
1375 831 1524 886 idem
1558 832 1932 889 Maximianus
1951 841 2021 890 de

382 916 678 972 Pannonia
708 922 899 988 natus,
923 932 1136 988 genere
1167 919 1486 991 rusticano,
1514 920 1764 979 ineivilis
1786 922 2019 992 ingenii,

383 1003 557 1074 ferus,
582 1005 859 1077 crudelis,
888 1008 1265 1079 asperitatem
1289 1024 1450 1065 suam
1474 1010 1673 1067 vultus
1693 1011 1868 1067 etiam
1891 1013 2024 1068 hor-

378 1106 511 1147 rore
541 1093 891 1164 significans,
950 1096 1309 1167 luxuriosus,
1345 1098 1402 1154 in
1459 1099 1719 1155 consiliis
1779 1100 2021 1157 stultus.

378 1181 748 1239 Genuitvero
781 1184 852 1241 de
879 1186 1180 1257 Eutropia,
1217 1189 1353 1257 Syra
1380 1188 1643 1258 muliere,
1678 1190 2023 1246 Maxentium

376 1273 433 1325 et
469 1272 758 1342 Faustam,
781 1273 1081 1344 conjugem
1109 1276 1471 1331 Constantini
1491 1278 1685 1347 ;cujus
1710 1279 1859 1349 patri
1884 1280 2026 1334 Con-

376 1359 594 1415 stantio
626 1360 788 1416 dedit
842 1362 1165 1432 privignam
1194 1379 1357 1420 suam
1388 1365 1771 1437 Theodoram,
1803 1383 1873 1423 ex
1913 1382 2024 1437 qua

379 1446 477 1503 ille
518 1449 745 1519 accepit
780 1465 883 1505 sex
913 1451 1152 1521 liberos,
1191 1453 1403 1510 fratres
1434 1455 1818 1525 Constantini,
1855 1471 2024 1526 quem

376 1552 448 1592 ex
479 1540 799 1595 concubina
836 1540 1047 1596 Helena
1080 1544 1384 1611 generavit
1414 1543 1468 1599 in
1501 1544 1703 1599 Gallia.
1741 1544 1927 1613 (Hien.
1956 1577 2026 1586 —

375 1628 454 1683 Η.
488 1630 593 1699 m.)
626 1630 783 1683 Inter
815 1630 938 1685 haec
997 1646 1099 1702 per
1139 1647 1339 1688 omnes
1393 1633 1684 1689 Romanos
1743 1636 2024 1691 terminos

2133 479 2247 529 tam
2280 474 2539 532 crudelis
2568 479 2625 531 et
2659 479 2776 531 tam
2801 489 2936 531 seva
2961 479 3196 545 tamque
3220 475 3426 531 crebra
3448 473 3779 546 persecutio

2132 564 2436 633 ﬂagrabat,
2462 568 2523 620 ut
2548 564 2697 620 intra
2724 579 2898 621 unum
2922 578 3179 620 mensum
3216 563 3445 619 l7milia
3470 563 3777 620 martirum

2133 667 2236 724 pro
2260 652 2491 708 Christo
2539 652 2909 709 inveniantur
2928 650 3015 706 ⁸⁵³.
3053 653 3189 707 Nam
3223 654 3279 708 et
3303 651 3502 708 oceani
3538 652 3776 709 limbum

2132 746 2518 811 transgressa,
2550 742 2818 798 Albinum
2849 746 2909 798 et
2940 743 3132 797 Aaron
3162 756 3228 798 ac
3248 740 3461 798 Iulium
3482 756 3611 797 cum
3644 740 3779 797 aliis

2134 830 2402 901 pluribus
2432 830 2572 901 virts
2621 832 2689 886 ad
2729 830 2956 886 feminis
3016 829 3328 887 Britannia)
3386 829 3537 886 felici
3567 844 3778 886 cruore

2132 917 2446 976 damnavit.
2499 921 2714 977 Passus
2744 924 2838 975 est
2866 924 2926 975 et
2956 918 3292 990 Pamphilus
3316 918 3632 990 presbiter,
3668 920 3778 975 Eu-

2131 1007 2277 1063 sebii
2311 1008 2687 1065 Caesariensis
2716 1008 2976 1080 episc0pi
3028 1008 3419 1077 necessarius,
3452 1000 3618 1077 cujus
3649 1008 3777 1079 ipse

2132 1096 2309 1153 vitam
2358 1097 2549 1154 tribus
2596 1096 2762 1153 libris
2790 1096 3235 1168 comprehendit
3285 1097 3383 1167 (cf.
3447 1096 3620 1152 Onos.
3654 1112 3773 1166 νηί,

2132 1189 2221 1240 25.
2245 1216 2313 1225 -
2334 1186 2413 1241 Η.
2448 1186 2569 1257 13.).
2624 1185 2889 1242 Secundo
2920 1190 3111 1242 autem
3172 1185 3598 1257 persecutionis
3628 1199 3778 1241 anno

2134 1273 2528 1330 Diocletianus
2576 1274 2781 1331 videns
2812 1288 2874 1332 se
2906 1279 3146 1347 propter
3196 1278 3561 1331 senectutem
3591 1273 3780 1330 minus

2135 1362 2405 1417 idoneum
2432 1363 2501 1418 ad
2528 1362 2843 1432 regendum
2868 1362 3196 1433 imperium,
3223 1361 3370 1418 dixit
3391 1360 3462 1417 ad
3487 1361 3780 1417 Maximia-

2136 1465 2269 1506 num
2293 1450 2646 1519 Herculium,
2673 1450 2863 1507 videri
2886 1450 2995 1507 sibi
3032 1451 3261 1521 bonum,
3291 1449 3698 1520 utjunioribus
3717 1454 3780 1505 et

2138 1539 2479 1596 fortioribus
2524 1540 2813 1611 publicam
2846 1554 3079 1597 causam
3112 1539 3421 1610 regendam
3454 1540 3785 1595 committe-

2139 1632 2264 1684 rent
2289 1628 2517 1699 ipsique
2545 1629 2599 1684 in
2625 1629 2753 1685 ocio
2782 1629 2979 1699 quiete
3000 1628 3286 1685 viverent.
3321 1628 3486 1695 Quod
3509 1628 3647 1685 licet
3680 1627 3784 1684 ille

381 1718 641 1772 turbatio
675 1718 822 1773 facta
857 1721 949 1773 est
974 1738 986 1773 :
1024 1721 1335 1777 Carausius
1361 1722 1614 1792 quidam,
1635 1728 1864 1794 sumpta
1892 1740 2025 1795 pur-
2053 1742 2107 1801 Β
2138 1731 2247 1772 non
2265 1732 2337 1773 ex
2363 1722 2481 1773 tota
2501 1717 2799 1773 voluntate
2825 1718 3060 1787 faceret,
3087 1721 3279 1773 tamen
3295 1717 3615 1786 consensit,
3640 1722 3701 1774 et
3720 1717 3781 1773 in

381 1819 543 1875 pura,
565 1806 1544 1877 occupavitBritanniam,Julianus
1562 1810 1807 1877 Italiam,
1837 1812 2025 1867 Achil-

380 1891 507 1949 leus
536 1892 865 1965 Egyptum,
901 1896 1424 1967 Quinquegentiani
1462 1901 1731 1970 Africam,
1770 1902 2023 1956 Narseus

381 1996 482 2036 rex
504 1983 815 2039 Persarum
838 1985 1139 2041 orientem.
1178 1987 1262 2042 Ob
1292 1988 1413 2043 haec
1438 1989 1829 2045 Diocletianus
1854 1991 2024 2046 Maxi-

380 2069 631 2127 mianum
656 2074 988 2129 Herculium
1013 2075 1148 2130 fecit
1168 2074 1599 2147 imperatorem,
1623 2079 2022 2136 Constantium

373 2174 405 2214 v
420 2174 520 2215 ero
543 2164 601 2215 et
626 2160 915 2218 Galerium
930 2162 997 2196 ⁸⁸³
1012 2164 1410 2220 Maximianum
1428 2180 1678 2222 caasares
1694 2168 2019 2223 constituit.

378 2246 631 2313 Quorum
686 2250 1066 2308 Constantius
1127 2252 1352 2308 Claudii
1385 2267 1568 2325 nepos
1628 2255 1735 2309 fuit
1765 2270 1836 2310 ex
1865 2256 2021 2324 tilia;

376 2336 640 2393 Galerius
659 2354 796 2395 vero
845 2340 900 2394 in
928 2341 1097 2396 Dacia
1132 2342 1370 2412 Ripensi
1396 2346 1567 2399 natus
1598 2348 1689 2398 est
1719 2358 1787 2399 ex
1822 2358 2026 2415 paren-

377 2424 535 2481 tibus
594 2426 1057 2495 agricultoribus
1088 2429 1176 2497 “5°,
1212 2430 1435 2500 fuitque
1497 2436 1695 2503 pastor
1752 2434 2020 2502 armenti,

379 2511 533 2567 unde
546 2516 605 2568 et
623 2514 1028 2570 Armentarius
1049 2515 1378 2587 appellatus
1397 2521 1516 2584 est;
1542 2518 1642 2574 scd
1666 2520 1812 2574 satis
1832 2519 2026 2576 lauda-

386 2600 521 2656 bilis
538 2602 666 2671 fuit,
697 2601 936 2671 pulcher
951 2619 1219 2675 corpore,
1239 2621 1476 2675 magnus
1495 2612 1554 2662 et
1570 2608 1737 2663 fortis
1752 2608 2020 2664 bellator.

380 2688 482 2745 llic
506 2692 732 2761 accepit
781 2692 1509 2750 filian1°51DeciiValeriam
1536 2711 1792 2752 uxorem.
1818 2698 2027 2754 Carau-

380 2775 503 2831 sius
526 2780 655 2847 post
679 2780 1045 2849 septennium
1069 2794 1099 2835 a
1130 2782 1292 2837 socio
1315 2797 1421 2837 suo
1452 2782 1678 2838 Allecto
1712 2784 1912 2839 fraude
1935 2800 2026 2840 oc-

377 2864 538 2921 cisus
556 2870 648 2922 est
673 2866 729 2921 in
779 2867 1498 2936 Britannia;Maximianus
1528 2871 1833 2928 Herculius
1856 2873 2027 2939 Quin-

379 2953 803 3022 quegentianos
833 2955 973 3011 vicit
1005 2958 1060 3012 in
1094 2958 1318 3025 Africa;
1352 2959 1727 3015 Constantius
1759 2960 1812 3016 in
1846 2960 2024 3016 Callia

376 3040 541 3110 juxta
577 3043 861 3114 Lingonas
907 3061 1015 3102 una
1050 3047 1141 3102 dic
1172 3052 1232 3103 et
1264 3047 1561 3104 adversam
1592 3054 1648 3104 et
1686 3066 2024 3121 prosperam

385 3130 589 3188 habuit
607 3135 917 3191 fortunam.
938 3137 1076 3191 Nam
1094 3152 1243 3203 cum,
1269 3140 1508 3208 repente
1526 3139 1790 3194 barbaris
1808 3140 2029 3196 irruen-

386 3218 562 3289 tibus,
589 3219 740 3276 intra
764 3222 1061 3279 civitatem
1082 3223 1272 3279 claudi
1298 3229 1630 3293 cogeretur,
1659 3226 1754 3281 vix
1773 3227 2028 3298 quinque

383 3306 544 3362 boris
570 3309 794 3380 mediis,
852 3311 1204 3367 adventante
1236 3315 1521 3383 exercitu,
1594 3315 1711 3370 fere
1771 3318 1841 3370 60
1874 3316 2028 3372 milia

382 3395 831 3453 Alamannorum
855 3399 923 3430 ⁸⁵³
947 3400 1260 3457 interfecit.
1283 3402 1681 3460 Diocletianus
1715 3408 1905 3460 autem
1936 3406 2034 3461 ob-

390 3498 617 3540 sessum
672 3486 1036 3546 Alexandriae
1076 3489 1396 3546 Aebillcum
1424 3497 1631 3547 octavo
1689 3492 1807 3548 fere
1839 3508 2034 3550 mense

380 3574 681 3644 superavit
714 3581 773 3632 et
805 3577 1040 3633 occidit.
1079 3580 1211 3635 Erat
1244 3584 1436 3635 autem
1472 3595 1601 3636 cum
1638 3581 1765 3652 ipso
1797 3586 1854 3637 et
1893 3584 2036 3639 Con-

336 3660 341 3665 ’
381 3663 691 3735 stantinus,
720 3665 872 3722 ﬁlius
905 3668 1248 3723 Constantii.
1285 3668 1391 3734 Qui
1426 3684 1554 3725 cum
1584 3669 1774 3726 adhuc
1800 3670 2034 3740 juvenis

381 3757 559 3820 esset,
595 3754 830 3810 fortiter
856 3755 1063 3824 agebat
1091 3756 1142 3811 in
1165 3757 1403 3828 praeliis,
1439 3762 1499 3813 et
1524 3759 2031 3815 condcscendebat

383 3854 614 3912 semper
633 3842 987 3900 christianis.
1018 3845 1196 3911 Quem
1222 3846 1426 3902 videns
1448 3846 1845 3904 Diocletianus
1866 3848 2033 3905 intel-

381 3927 540 3985 lectu
572 3930 743 3987 animi
776 3948 840 3989 ac
871 3935 1081 3989 robore
1114 3935 1377 4006 corporis
1404 3936 1714 4007 proﬁcere,
1749 3943 1803 3991 et
1830 3938 2035 4008 depre«

382 4016 642 4075 hendens
656 4020 807 4077 hunc
824 4023 1079 4079 futurum
1095 4023 1421 4093 tyrannidis
1437 4039 1557 4081 suae
1573 4025 2027 4096 destructorem,

383 4104 598 4163 invidia
645 4114 859 4180 motus,
895 4110 1030 4168 dolo
1061 4127 1191 4168 cum
1227 4112 1511 4183 perimere
1548 4114 1843 4181 cogitavit.
1878 4115 2030 4170 Deus

384 4200 577 4253 autem
601 4197 1063 4272 huncinepinate
1106 4201 1419 4257 salvavitet
1448 4202 1893 4272 patrirestituit.
1928 4204 2031 4258 Ga-

383 4284 563 4343 lerius
594 4292 787 4345 autem
848 4291 1227 4346 Maximianus
1262 4296 1466 4346 contra
1523 4293 1800 4348 Norseum
1832 4307 2026 4361 regem

384 4374 692 4432 Persarum
721 4377 1020 4447 dimicans,
1048 4379 1290 4448 primum
1324 4380 1515 4436 victus
1543 4385 1656 4449 est,
1684 4380 2026 4451 fugiensque

387 4463 544 4516 venit
595 4465 666 4519 ad
724 4465 1142 4522 Diocletianum
1202 4467 1254 4521 in
1312 4468 1817 4538 Mesopotamiam;
1851 4483 1880 4524 a
1914 4459 2108 4540 quoD

388 4549 863 4623 maletractatus,
887 4554 964 4609 ita
992 4561 1054 4610 ut
1105 4556 1316 4612 faceret
1343 4570 1473 4612 eum
1506 4555 1859 4626 aliquamdiu
1892 4561 2026 4612 ante

387 4654 623 4696 currum
644 4655 810 4697 suum
831 4658 1092 4713 currere,
1118 4643 1387 4700 collectis
1411 4645 1620 4701 iterum
1645 4645 1927 4702 militibus
1948 4660 2029 4702 rc-

388 4727 515 4797 diit,
553 4744 931 4802 magnamque
964 4732 1266 4789 victoriam
1301 4733 1631 4803 acquisivit.

457 4818 558 4887 (ll.
585 4833 658 4875 m.
685 4824 745 4874 ct
763 4820 957 4893 Bsna,)
984 4821 1373 4877 Nonodecimo
1392 4822 1571 4891 igitur
1592 4821 1750 4891 regni
1769 4822 1857 4878 sui
1878 4836 2026 4878 anno

392 4907 785 4965 Diocletianus
813 4908 867 4965 in
932 4910 1188 4981 Oriente,
1226 4911 1601 4967 Maximianus
1634 4910 1939 4967 Herculius
1971 4911 2027 4965 in

387 4997 702 5053 Occidente
752 5000 1218 5068 persecutionem
1271 4999 1551 5055 decimam
1586 5002 1717 5069 post
1749 4999 2027 5054 Neronem

387 5090 779 5144 exercuerunt
813 5087 867 5141 in
897 5088 1266 5157 christianos,
1301 5102 1428 5158 qua:
1460 5087 1676 5143 ceteris
1709 5087 1903 5143 sevior
1928 5102 2029 5159 per

388 5177 452 5228 10
482 5187 664 5231 annos
686 5174 1009 5232 aecclesiam
1033 5176 1236 5232 afﬂixit
1271 5176 1653 5245 incessanter,
1683 5174 1946 5245 quamvis
1970 5181 2026 5231 et

2059 3096 2107 3158 C

2139 1820 2248 1861 uno
2272 1805 2365 1861 die
2386 1820 2701 1877 purpuram
2725 1806 3005 1876 regnique
3021 1806 3338 1878 potentiam
3357 1805 3779 1877 deposuerunt,

2136 1893 2528 1951 Diocletianus
2572 1894 2725 1967 apud
2777 1894 3185 1962 Nicomediam,
3223 1894 3597 1950 Maximianus
3626 1894 3783 1965 apud

2134 1982 2558 2049 Mediolanum;
2592 1988 2650 2039 ct
2707 1984 2997 2040 concessit
3043 1983 3437 2039 Diocletianus
3491 1981 3780 2052 Salonam,

2134 2071 2532 2128 Maximianus.
2560 2072 2613 2127 in
2668 2073 3005 2138 Lucaniam;
3038 2071 3366 2143 persecutio
3422 2076 3611 2127 tamen
3647 2085 3780 2143 per-

2136 2159 2347 2215 mansit
2377 2174 2559 2231 usque
2594 2162 2647 2216 in
2680 2161 2990 2232 septimum
3015 2173 3222 2217 annum
3247 2158 3630 2229 Constantini,
3666 2161 3775 2215 He-

2136 2246 2280 2303 lenae
2314 2248 2435 2302 filii.

2208 2340 2254 2392 1.
2292 2337 2486 2393 Primo
2514 2352 2663 2395 anno
2692 2337 3034 2394 Diocletiani
3070 2335 3353 2407 Bagauda)
3383 2335 3439 2391 in
3473 2335 3657 2391 Callia
3685 2339 3776 2392 tu-

2138 2424 2378 2481 multum
2413 2426 2674 2483 fccerunt
2710 2426 2805 2495 (cf.
2839 2428 3069 2499 supra).

2206 2520 2257 2569 2.
2295 2516 2509 2587 (ΙΙιειι.)
2568 2518 2631 2570 Α.
2697 2517 2758 2571 D.
2819 2520 2941 2571 291.
3001 2514 3397 2571 Diocletianus
3453 2512 3784 2569 Hcrculium

2136 2604 2538 2661 Maximiauum
2572 2620 2846 2662 cessarem
2881 2605 3035 2661 fecit.

2215 2701 2265 2754 3.
2306 2698 2365 2752 Α.
2401 2699 2461 2751 D.
2497 2698 2619 2751 202.
2675 2692 3009 2763 Carausius,
3073 2694 3301 2763 sumpta
3338 2706 3614 2762 purpura,
3670 2690 3789 2746 Bri-

2135 2787 2391 2844 tanniam
2423 2786 2691 2853 occupat.

2208 2879 2256 2931 4.
2294 2878 2357 2929 Α.
2396 2875 2456 2928 D.
2494 2874 2615 2927 203.
2655 2867 3179 2940 Quinquegentiani
3204 2867 3453 2924 Africam
3480 2867 3787 2923 infestave-

2140 2969 2295 3020 runt.

2207 3057 2256 3107 :5.
2291 3053 2352 3106 A.
2392 3052 2450 3105 Ι).
2484 3051 2607 3105 294.
2644 3046 2939 3104 Achilleus
2969 3045 3278 3116 occupavit
3305 3043 3632 3115 ngyptum.

2208 3146 2259 3197 6.
2300 3142 2362 3195 Α,
2398 3140 2459 3194 D.
2497 3141 2622 3193 295.
2676 3134 3071 3192 Diocletianus
3119 3132 3517 3189 Maximiannm
3576 3133 3793 3188 Hercu-

2141 3230 2283 3286 lium
2321 3227 2456 3284 fecit
2490 3230 2797 3295 augustum
2830 3227 2890 3279 et
2937 3227 3266 3279 consortem
3302 3221 3482 3290 regni,
3515 3223 3795 3276 Constan-

2142 3319 2285 3374 tium
2317 3331 2475 3385 vero,
2530 3318 2751 3386 patrem
2795 3310 3176 3381 Constantini,
3211 3315 3269 3366 et
3302 3308 3588 3365 Galerium
3621 3307 3794 3363 Maxi-

2143 3406 2393 3462 mianum
2428 3418 2678 3460 caesares
2705 3400 3033 3457 constituit.

2212 3499 2264 3549 9.
2298 3495 2361 3548 A.
2399 3494 2460 3547 Ι).
2496 3495 2619 3547 298.
2664 3490 2895 3546 Primus
2942 3486 3341 3545 Diocletianus
3369 3484 3598 3542 adorari
3634 3498 3697 3541 se
3731 3488 3796 3541 ut

2144 3583 2313 3640 deum
2346 3581 2412 3614 5""
2439 3581 2625 3650 jubet.

2215 3675 2299 3726 12.
2358 3673 2420 3725 Α.
2486 3670 2549 3723 D.
2612 3672 2733 3723 301.
2792 3666 2981 3723 Zabda
3041 3663 3441 3722 Hierosolimis
3486 3661 3796 3719 ordinatur

2141 3760 2469 3832 episcOpus.

2215 3853 2298 3903 13.
2334 3850 2395 3902 Α.
2431 3848 2492 3901 Ι).
2524 3849 2646 3902 302.
2696 3843 3012 3914 Victurius,
3065 3840 3341 3911 magister
3371 3840 3613 3908 militias,
3645 3838 3797 3895 chri-

2142 3937 2367 3993 stianos
2398 3933 2792 4007 persequitur,
2828 3931 3106 4004 paulatim
3138 3946 3210 3987 ex
3242 3930 3343 3985 illo
3371 3934 3635 4001 tempore
3665 3942 3794 4000 per-

2142 4024 2440 4081 secutione
2473 4022 2529 4077 in
2560 4025 2797 4079 nostros
2829 4024 3147 4077 crescente.

2215 4133 2295 4186 14.
2324 4132 2387 4185 Α.
2424 4130 2485 4183 D.
2529 4132 2657 4185 303.
2688 4126 3057 4183 Marcellinus
3113 4140 3258 4198 papa
3315 4128 3440 4180 30“!
3467 4122 3536 4158 ⁸⁸⁵
3565 4122 3794 4179 ordina-

2137 4223 2253 4289 tus,
2288 4216 2444 4274 sedit
2473 4216 2639 4272 annis
2668 4218 2721 4287 4,
2756 4215 3095 4287 patiturque
3122 4218 3175 4269 6.
3208 4212 3444 4269 Kalend.
3481 4210 3607 4266 Mai.

2214 4329 2295 4381 16.
2333 4327 2396 4380 A.
2431 4324 2492 4379 D.
2546 4326 2667 4377 305.
2702 4320 3100 4377 Hierosolimis
3155 4319 3457 4392 proficitur
3511 4318 3793 4373 ’l‘hermon

2137 4413 2473 4487 episcopus.
2511 4410 2829 4467 Antiochize
2847 4412 3143 4480 Tyrannus
3163 4408 3470 4465 ordinatur
3502 4410 3642 4461 19ιια.

2215 4526 2293 4576 17.
2332 4523 2392 4574 Λ.
2429 4520 2488 4573 D.
2530 4521 2651 4573 306.
2687 4518 2898 4572 Petrus
2932 4513 3295 4571 Alexandria:
3337 4511 3643 4569 ordinatur
3672 4509 3791 4581 cpi-

2137 4623 2354 4680 scopus
2386 4610 2527 4662 10‘“.

2212 4716 2292 4769 18.
2330 4715 2392 4766 Α.
2427 4713 2488 4765 D.
2550 4714 2673 4766 307.
2737 4708 3041 4766 Marcellus
3102 4722 3247 4781 papa
3306 4712 3432 4762 3tus
3462 4704 3792 4773 ordinatus,

2138 4801 2293 4858 sedit
2339 4814 2488 4856 anno
2538 4799 2692 4856 mmet
2754 4813 2988 4856 menses
3016 4803 3067 4855 8.
3126 4811 3450 4869 passusque
3506 4798 3599 4850 est
3628 4792 3697 4825 ⁸⁵⁷
3732 4796 3796 4849 17

2141 4888 2374 4946 Kalend.
2410 4889 2575 4944 Febr.

2214 4998 2293 5051 19.
2329 4994 2494 5065 (0hr.
2544 4995 2650 5067 W.)
2688 4997 2749 5050 Α.
2786 4995 2848 5050 D.
2884 4997 3006 5050 308.
3046 4991 3350 5049 Publicata
3381 4989 3636 5061 undique
3670 5002 3804 5059 per-

2140 5085 2461 5155 sccutionc,
2507 5083 2905 5140 Diocletianus
2939 5083 2992 5138 in
3028 5082 3290 5152 Oriente,
3327 5079 3707 5136 Maximianus
3738 5076 3799 5132 iu

2140 5174 2454 5231 Occidente
2480 5172 2780 5230 aecclesias
2798 5174 3174 5240 subvcrtuut,
3203 5170 3387 5226 libros
3409 5167 3637 5225 divinos
3654 5179 3787 5223 suc-

1733 5298 1901 5353 VARI
1909 5300 1969 5354 ,Ε
2035 5296 2435 5355 LECTIONES.

456 5408 525 5442 ⁸⁸⁸
556 5408 842 5481 aurelium
875 5426 947 5466 m.
984 5413 1078 5467 E1.
1156 5411 1225 5444 ⁸⁸³
1274 5411 1578 5481 gallerium
1609 5415 1667 5466 9°
1749 5410 1821 5444 ⁶⁵⁰
1847 5412 2013 5468 deest
2041 5416 2120 5467 10-
2158 5417 2241 5467 “-

1594 5483 1661 5516 ⁸⁵⁸
1692 5497 1755 5539 se
1781 5482 1959 5551 jussit
2019 5486 2084 5539 ut
2114 5483 2283 5540 deum
2339 5488 2389 5539 δ.
2464 5481 2534 5516 ⁸⁸⁸
2566 5481 2728 5541 deest
2776 5482 2855 5538 9ο.
2930 5478 2999 5513 ⁸⁵⁸
3030 5493 3058 5534 a
3090 5493 3205 5535 uno
3236 5480 3311 5534 9°.
3375 5480 3455 5531 “-

387 5486 444 5537 5.
476 5481 572 5537 E1.
662 5480 730 5514 ⁸⁸³
765 5482 917 5553 passi
954 5483 988 5539 i.
1042 5486 1090 5538 4.
1126 5480 1320 5540 occisa
1356 5484 1390 5539 i.
1446 5488 1523 5539 9ο.

390 5554 487 5610 Ε1.
523 5555 612 5609 est
648 5553 759 5610 sub
800 5553 1156 5611 diocletiano
1185 5559 1234 5607 5.

3256 5403 3326 5440 °“
3355 5403 3803 5461 alemannorum

3538 5472 3607 5507 ⁸⁸⁷
3640 5474 3810 5532 deest

2327 5409 2395 5445 °“
2426 5425 2484 5467 a.
2524 5421 2763 5467 uxorem
2795 5406 2859 5465 d.
2902 5408 2943 5462 f.
2997 5422 3059 5464 v.
3099 5411 3157 5461 5.
