3986 6048
151 288 273 355 701

1027 296 1464 363 CHHONICA.
1500 333 1572 346 -
1607 296 2081 362 CHRONICON
2124 296 2667 363 UNIVERSALE.

3465 298 3584 363 702

146 425 430 500 eendunt,
455 434 516 488 et
546 429 904 489 christianos
936 430 1158 489 decima
1193 438 1328 505 post
1355 433 1639 519 Neronem
1677 447 1810 505 per-
1853 434 1907 493 A
1940 432 2186 490 militum
2219 438 2277 490 et
2331 431 2769 506 provmcialium
2817 430 3036 503 ingenti
3083 432 3199 504 jam
3247 432 3444 492 favore
3495 448 3586 493 re-

145 518 456 577 secutione
486 520 763 591 afﬂigunt.

226 610 316 662 20.
352 606 566 681 (IIII-zu.)
600 612 664 665 A.
701 612 765 665 D.
810 614 932 665 309.
977 609 1375 667 Diocletianus
1419 614 1480 667 et
1528 609 1828 667 Maximia'

168 710 284 753 nus
309 712 631 769 purpuram
648 698 967 770 deponunt.
982 698 1252 755 Marcello
1269 714 1418 771 papa
1441 698 1825 768 martirizato,

160 785 451 843 successit
484 785 773 844 Eusebius
813 801 959 859 papa
1005 791 1170 855 32113;
1203 787 1296 844 cui
1348 790 1479 859 post
1528 802 1758 844 menses
1786 790 1820 843 8

180 888 359 946 passo
389 874 711 933 succedens
739 875 1049 934 Meleiades
1096 880 1242 947 33W,
1277 877 1430 933 sedit
1480 877 1645 933 annis
1672 880 1705 933 4
1734 876 1830 933 de-

183 963 484 1034 cessitque
515 967 550 1020 4
577 963 713 1021 Idus
739 965 1073 1023 Decembris
1105 965 1201 1036 (cf.
1242 964 1381 1024 07w.
1429 965 1559 1037 W.).

177 1052 379 1108 Annus
410 1053 737 1110 Constantii
769 1058 829 1110 et
869 1054 1102 1111 Galerii.

239 1141 346 1211 (Η.
393 1143 496 1213 m.)
549 1142 713 1198 Anno
765 1142 1069 1199 dominicae
1120 1144 1539 1199 incarnationis
1582 1146 1707 1212 310,
1755 1142 1827 1197 ab

163 1230 325 1286 Urbe
355 1229 589 1287 condita
639 1229 951 1288 millesimo
998 1236 1085 1288 61.
1139 1232 1278 1288 Cum
1327 1231 1723 1289 Diocletianus
1769 1222 1829 1286 et

168 1317 555 1375 Maximianus
578 1318 695 1389 jam
745 1334 776 1376 a
826 1334 1006 1391 regno
1055 1321 1473 1391 decessissent,
1506 1320 1576 1376 ad
1634 1317 1830 1375 ammi-

169 1406 587 1463 nistrationem
632 1408 714 1463 rei
760 1409 1010 1480 publicae
1062 1410 1442 1466 Constantius
1474 1412 1532 1464 et
1565 1407 1829 1464 Galerius

171 1496 413 1566 augusti
444 1497 628 1553 creati
671 1502 829 1568 sunt,
861 1497 1197 1569 divisusque
1246 1502 1341 1553 est
1392 1498 1543 1553 inter
1593 1512 1696 1553 eos
1746 1496 1828 1551 ita

170 1585 465 1642 Romanus
492 1585 674 1656 orbis,
708 1589 771 1642 ut
805 1587 1181 1644 Constantius
1214 1586 1460 1656 Italiam,
1497 1585 1735 1642 Galliam
1767 1588 1825 1640 et

172 1672 451 1745 Africam,
506 1672 770 1729 Galerius
828 1674 1129 1745 Illiricum,
1184 1675 1372 1733 Asiam
1420 1680 1480 1731 et
1530 1674 1825 1730 Orientem

1935 524 2172 591 gnabat.
2202 524 2302 593 (Η.
2326 526 2431 593 m.)
2463 524 2721 580 Detectis
2750 527 2945 579 autem
2980 521 3208 578 insidiis
3235 522 3362 592 ejus
3393 538 3493 596 per
3525 524 3586 579 fl-

1940 610 2071 668 liam
2098 614 2386 681 Faustam,
2416 627 2543 683 quze
2574 611 2768 668 dolum
2800 611 2927 681 ejus
2958 611 3084 668 viro
3106 610 3423 681 nunciavit,
3452 612 3586 669 inde

1937 701 2245 770 profugit;
2295 701 2397 757 sed
2459 716 2488 757 a
2551 700 2929 756 Constantino
2990 700 3337 771 insequente
3396 700 3589 756 Massi-

1937 787 2028 846 liae
2060 795 2287 862 captus,
2313 790 2517 847 fractis
2547 789 2757 860 laqueo
2789 789 3138 859 cervicibus,
3174 789 3429 860 perfidiae
3462 804 3583 848 sua}

1936 892 2140 950 poenas
2174 880 2353 950 dedit,
2391 894 2540 937 anno
2571 879 2708 936 vitae
2741 893 2861 936 suat
2895 878 3280 949 sexagesimo.

1936 968 2082 1023 Anni
2115 967 2482 1025 Constantini
2514 966 2600 1024 ⁸⁸³.

2006 1057 2171 1113 Anno
2200 1056 2503 1113 dominicae
2536 1055 2957 1113 incarnationis
2987 1061 3107 1111 311.
3130 1055 3303 1112 Urbis
3331 1054 3584 1113 condita:

1936 1145 2241 1201 millesimo
2271 1151 2357 1203 62.
2394 1146 2832 1215 Constantinus,
2876 1159 2949 1200 ex
3000 1144 3333 1201 obscuriori
3386 1143 3586 1199 matri-

1935 1235 2150 1305 monio,
2202 1236 2433 1291 scilicet
2481 1250 2551 1291 ex
2602 1235 2813 1291 Helena
2862 1234 3204 1304 concubina,
3259 1230 3585 1290 Constantii

1936 1322 2115 1393 filius,
2152 1328 2383 1380 mortuo
2417 1329 2603 1395 patre,
2638 1324 3040 1380 annitentibus
3085 1322 3313 1378 cunctis
3357 1321 3452 1391 qui
3486 1320 3584 1376 ad-

1936 1416 2100 1467 erant
2135 1413 2532 1483 preeipueque
2565 1415 2748 1468 Croeo
2797 1411 2865 1444 ⁸⁸³
2924 1412 3368 1467 Alamannorum
3422 1423 3579 1479 rege,

1936 1498 2136 1557 auxilii
2171 1501 2356 1570 gratia
2390 1517 2518 1557 cum
2547 1517 2616 1557 eo
2648 1501 2985 1570 comitante,
3021 1504 3147 1555 34‘“
3186 1501 3257 1555 ab
3300 1502 3580 1568 Augusto,

1937 1587 1995 1642 in
2031 1589 2324 1645 Britannia
2356 1595 2589 1646 creatus
2624 1594 2712 1645 est
2749 1589 3069 1660 imperator
3096 1592 3127 1641 6
3160 1586 3280 1642 Kal.
3310 1586 3580 1656 Augusti,

1937 1676 2083 1732 etin
2130 1677 2315 1734 locum
2356 1679 2546 1755 patris
2602 1678 3088 1749 exoptatissimus
3135 1676 3466 1732 moderator
3496 1689 3588 1731 ac-

172 1761 492 1818 obtineret.
530 1761 639 1819 Sed
672 1763 1050 1820 Constantius
1090 1764 1326 1833 augusti
1377 1763 1663 1834 dignitate
1694 1776 1828 1818 con-
1855 1788 1909 1849 Β
1939 1767 2138 1835 cessit,
2177 1767 2557 1837 regnavitque
2605 1767 2772 1822 annis
2816 1770 2901 1836 30,
2957 1780 3185 1821 menses
3232 1764 3300 1797 °“
3350 1768 3429 1819 10.
3485 1763 3589 1819 Hic

174 1855 399 1921 tentus,
416 1850 997 1907 amministrationem
1014 1851 1195 1908 Italia:
1210 1858 1271 1907 et
1286 1853 1493 1908 Africae
1510 1851 1826 1918 recusavit,

175 1937 419 1994 Galliam
444 1941 671 1995 tantum
702 1938 979 2010 obtinuit,
1006 1940 1095 1995 vir
1120 1941 1391 2009 egregius
1408 1945 1465 1996 et
1486 1943 1827 1995 mansuetus

172 2030 231 2083 et
258 2027 745 2098 prestantissimze
762 2027 1088 2099 civilitatis,
1107 2044 1216 2085 non
1234 2028 1404 2085 modo
1429 2028 1698 2084 amabilis
1723 2026 1826 2083 sed

174 2120 235 2171 et
279 2115 634 2172 venerabilis
689 2115 890 2187 Gallis,
946 2118 1224 2189 precipue
1279 2118 1433 2187 quod
1483 2115 1826 2173 Diocletiani

176 2208 511 2276 suSpectam
541 2203 913 2276 prudentiam
944 2210 1004 2262 et
1033 2206 1358 2262 Maximiani
1392 2205 1826 2275 sanguinariam

176 2292 572 2350 temeritatem
591 2293 833 2365 imperio
847 2294 1597 2363 ejusevaserunt.Galerius
1612 2297 1824 2363 autem,

176 2383 269 2439 vir
298 2383 481 2454 probe
512 2387 774 2440 moratus
802 2382 871 2416 ⁸⁵⁸
917 2389 973 2439 et
1026 2384 1301 2454 egregius
1348 2384 1403 2439 in
1454 2398 1517 2439 re
1567 2382 1826 2453 militari,

179 2472 389 2528 videns
420 2470 643 2528 Italiam
678 2486 908 2543 quoque
941 2488 1062 2529 suae
1101 2472 1608 2530 amministrationi
1641 2487 1833 2529 acces-

180 2560 349 2631 sisse,
385 2561 609 2617 sinente
640 2560 798 2617 socio
848 2576 954 2618 suo
1000 2562 1363 2632 Constantio,
1398 2576 1651 2619 eaesares
1683 2562 1833 2620 duos

180 2649 424 2720 creavit,
458 2649 844 2719 Maximinum,
881 2663 1047 2719 quem
1081 2650 1304 2706 Orienti
1348 2650 1611 2723 profecit,
1645 2649 1741 2720 qui
1772 2653 1830 2707 et

177 2739 307 2811 ipse
344 2742 694 2810 perseeutor
717 2737 1171 2795 Christianorum
1198 2739 1325 2808 fuit,
1347 2741 1407 2794 et
1426 2739 1720 2809 Severum,
1736 2739 1828 2795 cui

179 2826 407 2884 Italiam
461 2826 644 2896 dedit,
679 2826 806 2897 ipse
851 2841 991 2883 vero
1040 2826 1097 2881 in
1149 2827 1364 2882 Illirieo
1410 2830 1669 2884 moratus
1717 2832 1828 2883 ρει.

178 2914 564 2972 Constantius
621 2928 760 2970 vero
819 2913 998 2971 filium
1056 2928 1223 2972 suum
1270 2914 1339 2948 ⁶δ⁰
1387 2914 1830 2971 Constantinum

177 3017 457 3061 czcsarem
493 3002 650 3073 fecit,
671 3002 839 3072 eique
871 3001 1112 3058 Galliam
1135 3003 1459 3071 commisit;
1486 3004 1609 3074 ipse
1638 3007 1831 3059 antem

177 3091 367 3148 tercio
398 3105 547 3146 anno
583 3090 1033 3162 persecutionis,
1060 3106 1155 3161 qui
1181 3093 1269 3148 est
1300 3091 1528 3163 imperii
1561 3091 1649 3148 sui
1686 3095 1830 3161 16ιιε,

177 3179 429 3236 Eburaci
471 3179 529 3233 in
562 3178 858 3234 Britannia
904 3179 1069 3234 obiit.
1107 3180 1229 3246 Quo
1281 3184 1536 3245 mortuo,
1571 3179 1834 3236 Galerius

176 3270 461 3326 Licinium
485 3284 765 3326 eaisarem
790 3269 947 3339 fecit,
973 3275 1169 3325 natum
1196 3271 1266 3327 de
1290 3271 1479 3341 Datia,
1497 3275 1697 3326 notum
1721 3264 1833 3325 sibi

175 3359 416 3429 antiqua
436 3357 863 3414 consuetudine
895 3372 967 3413 ex
1001 3357 1154 3414 bello
1188 3359 1343 3428 quod
1377 3359 1667 3415 adversus
1700 3359 1837 3413 Nar-

177 3460 343 3505 seum
370 3461 561 3516 regem
583 3450 855 3516 gesserat
880 3446 973 3515 (cf.
1002 3448 1218 3503 BEDAM.
1248 3446 1347 3517 (Η.
1373 3449 1489 3520 m.)
1512 3448 1647 3503 Erat
1680 3448 1834 3503 enim

176 3540 459 3594 strenuus
490 3534 793 3591 laboribus
823 3541 881 3591 et
916 3535 1119 3592 ciliciis
1165 3541 1466 3608 acceptus.
1502 3568 1568 3578 ——
1602 3539 1834 3592 Interea

176 3627 377 3681 Roma}
438 3624 781 3695 pretoriani,
825 3624 1083 3680 excitato
1134 3624 1411 3695 tumultu,
1460 3626 1833 3696 Maxentium,

178 3712 437 3769 Herculii
482 3712 809 3768 Maximiani
871 3711 1074 3782 illium,
1127 3719 1615 3783 nuncupaverunt
1660 3728 1836 3781 augu-

181 3808 357 3859 stum.
386 3802 512 3868 Quo
532 3801 753 3873 audito,
775 3805 943 3874 pater
966 3802 1092 3872 ejus
1114 3800 1492 3858 Maximianus
1511 3801 1831 3871 Herculius,

182 3894 455 3947 arrectus
516 3890 571 3946 in
632 3905 792 3962 spem
850 3889 1183 3948 resumendi
1230 3890 1611 3962 principatus,
1666 3904 1834 3959 quem

183 3994 361 4037 suasu
386 3979 729 4036 Diocletiani
757 3979 976 4036 invitus
1008 3978 1302 4048 amiserat,
1338 3980 1575 4034 Romam
1608 3977 1837 4035 advola-

183 4069 334 4125 vite
367 4067 635 4138 Lucania,
688 4067 1113 4123 Diocletianum
1165 4081 1397 4138 quoque
1449 4082 1555 4139 per
1604 4067 1836 4122 litteras

183 4157 538 4214 adhortatus
552 4161 661 4227 est,
680 4162 743 4213 ut
760 4155 1086 4228 depositam
1113 4160 1437 4213 resumeret
1464 4159 1834 4227 potestatem,

185 4261 334 4318 quas
369 4246 468 4301 ille
499 4245 699 4303 irritas
730 4246 936 4303 habuit
964 4250 1024 4302 et
1056 4247 1297 4317 sprevit.
1334 4246 1599 4302 Galerius
1645 4249 1839 4302 autem

186 4338 465 4392 Severum
495 4348 623 4391 cum
676 4335 943 4391 exercitu
990 4338 1195 4391 contra
1242 4335 1592 4391 Maxentium
1648 4334 1837 4400 misit;

187 4424 286 4495 qui
340 4423 579 4480 veniens
624 4424 881 4493 Romam,
930 4422 1160 4480 obsedit
1220 4437 1384 4489 eam;
1434 4423 1533 4479 sed
1594 4423 1838 4480 militum

1865 3143 1913 3205 Ο

1940 1868 2199 1910 sororem
2255 1869 2416 1909 suam
2479 1855 2873 1911 Constantiam
2936 1853 3155 1908 Licinio
3201 1852 3585 1909 Mediolanum

1938 1943 2130 1999 accito
2153 1942 2476 2013 conjunxit,
2499 1943 2797 2013 ﬁliumque
2821 1957 3015 2012 suum,
3039 1941 3267 1998 nomine
3291 1941 3584 2012 Crispum,

1937 2045 2008 2089 ex
2038 2032 2310 2088 Minervia
2355 2032 2678 2088 concubina
2729 2032 2947 2088 eisdem
3000 2031 3207 2087 diebus
3257 2028 3585 2086 Arelatensi

1936 2122 2112 2193 opido
2163 2126 2383 2190 natum,
2427 2125 2485 2177 et
2535 2121 2913 2191 Licinianum,
2946 2120 3144 2176 Licinii
3195 2119 3399 2189 filium,
3434 2132 3588 2173 men-

1937 2211 2083 2267 sium
2118 2211 2237 2267 fere
2267 2214 2355 2279 20,
2391 2223 2640 2266 caasares
2674 2209 2826 2265 fecit.
2860 2212 3086 2264 Interea
3121 2207 3386 2264 Galerius
3418 2205 3590 2262 Maxi-

1939 2299 2164 2356 mianus
2200 2313 2329 2355 cum
2373 2298 2844 2369 persecutionem
2877 2312 2907 2351 a
2938 2296 3297 2352 Diocletiano
3325 2300 3385 2351 et
3416 2294 3589 2349 Maxi-

1940 2388 2130 2443 miano
2158 2387 2470 2443 immissam
2507 2387 2631 2457 ipse
2664 2385 3056 2442 atrocioribus
3086 2384 3298 2440 edictis
3330 2381 3590 2440 cumula-

1942 2480 2053 2548 ret,
2088 2476 2282 2531 divina
2317 2481 2508 2532 tactus
2544 2474 2823 2543 vindicta,
2860 2474 3188 2545 putrefacto
3227 2471 3585 2527 intrinsecus

1944 2569 2200 2637 pectore,
2226 2568 2283 2618 et
2316 2562 2597 2620 vitalibus
2627 2561 3104 2632 dissolutis,cum
3136 2556 3297 2616 ultra'
3321 2559 3584 2615 humanze

1941 2654 2239 2710 horrorem
2266 2651 2511 2708 miserize
2534 2666 2762 2708 vermes
2776 2651 2950 2707 etiam
2967 2652 3286 2719 eructaret,
3302 2653 3361 2704 et
3376 2646 3584 2703 medici

1937 2745 2053 2816 jam
2080 2745 2343 2800 faetorem
2367 2757 2479 2798 non
2505 2742 2782 2812 ferentes,
2803 2742 3014 2798 crebro
3033 2741 3197 2811 jussu
3220 2738 3347 2808 ejus
3366 2736 3591 2794 occide-

1944 2840 2167 2903 rentur,
2185 2847 2211 2887 a
2240 2830 2487 2903 quodam
2511 2830 2761 2901 medico,
2788 2844 2859 2885 ex
2883 2828 3295 2900 desperatione
3319 2829 3590 2884 constan-

1945 2923 2081 2978 tiam
2106 2926 2392 2989 sumente,
2408 2920 2747 2990 inerepatus
2761 2922 2871 2988 est,
2890 2918 3141 2985 dicente,
3161 2930 3389 2987 poenam
3412 2915 3541 2985 ejus
3559 2926 3589 2969 a

1941 3014 2057 3067 Deo
2090 3024 2217 3066 esse
2250 3014 2308 3064 et
2342 3009 2473 3065 ideo
2519 3008 2709 3063 sanari
2761 3022 2871 3063 non
2925 3020 3139 3078 posse;
3170 3019 3420 3074 moxque
3475 3001 3592 3057 late

1944 3099 2138 3155 missis
2168 3097 2403 3166 edictis,
2438 3096 2791 3153 christianos
2820 3094 2891 3151 de
2922 3093 3098 3150 exilio
3128 3091 3441 3161 revocavit,
3465 3090 3591 3161 ipse

1942 3195 2135 3244 tamen
2168 3185 2468 3243 cruciatus
2502 3200 2611 3240 non
2647 3184 2964 3253 sustinens,
2988 3182 3125 3239 vita;
3159 3181 3327 3236 finem
3362 3177 3517 3235 fecit.

2014 3278 2172 3332 Inter
2202 3276 2320 3331 haec
2353 3288 2450 3330 res
2486 3272 2715 3344 publica
2741 3287 2769 3327 a
2794 3270 2960 3328 novis
2994 3274 3247 3340 quatuor
3283 3270 3593 3339 imperato-

1944 3365 2108 3422 ribus
2162 3364 2497 3424 tenebatur.
2559 3360 2941 3417 Constantino
2997 3365 3056 3415 et
3107 3356 3415 3425 Maxentio,
3456 3354 3592 3411 filiis

1945 3459 2345 3523 augustorum,
2376 3450 2588 3507 Licinio
2613 3454 2669 3504 et
2701 3447 3028 3517 Maximino,
3056 3446 3387 3503 hominibus
3406 3443 3589 3499 novis.

1945 3543 2156 3610 Quinto
2189 3546 2379 3597 tamen
2411 3538 2641 3610 imperii
2686 3538 2776 3594 sui
2826 3552 2976 3593 anno
3027 3534 3440 3593 Constantinus
3479 3531 3598 3588 bel-

1945 3631 2058 3688 lum
2094 3628 2264 3686 civile
2298 3614 2584 3684 Maxentio
2616 3625 2836 3695 intulit,
2871 3625 3114 3695 ejusque
3147 3623 3347 3694 copias
3395 3620 3596 3677 multis

1945 3719 2165 3791 przeliis
2196 3718 2375 3784 fudit;
2402 3720 2644 3787 prepter
2668 3714 2924 3784 magicas
2944 3718 3135 3769 tamen
3162 3711 3231 3746 ⁸⁸⁵
3250 3715 3427 3779 artes,
3453 3724 3597 3781 quas

1946 3806 2044 3862 ille
2078 3805 2321 3862 multum
2357 3805 2669 3873 dilexerat,
2693 3804 2992 3858 metuebat
3014 3816 3163 3857 eum.
3192 3802 3450 3870 Cumque
3474 3813 3601 3854 con-

1945 3895 2110 3966 gredi
2165 3909 2293 3951 eum
2344 3908 2412 3948 eo
2463 3892 2709 3949 multum
2754 3891 3042 3947 hesitaret
3071 3895 3131 3946 et
3160 3890 3231 3946 de
3257 3887 3424 3957 coelo,
3461 3886 3600 3943 licet

1950 3984 2137 4041 adhuc
2171 3995 2447 4053 paganus,
2479 3980 2757 4036 auxilium
2794 3982 3089 4050 quereret,
3116 3977 3263 4032 vidit
3298 3991 3403 4047 per
3433 3990 3601 4047 sopo-

1950 4087 2067 4129 rem
2091 4071 2161 4127 ad
2186 4069 2430 4126 orientis
2456 4072 2676 4139 partem
2704 4067 2761 4122 in
2781 4066 2931 4123 coelo
2957 4066 3186 4137 signum
3210 4064 3404 4121 erucis
3428 4063 3600 4133 igneo

1950 4161 2173 4231 fulgore
2208 4159 2451 4216 rutilare
2481 4161 2540 4212 et
2567 4159 2733 4211 tanto
2765 4155 2894 4211 visu
2927 4153 3214 4210 exterrito
3260 4151 3370 4208 sibi
3404 4158 3600 4207 astare

1949 4249 2184 4319 angelos
2207 4249 2496 4305 dicentes:
2519 4244 2927 4314 Constantine,
2942 4243 3011 4301 in
3027 4242 3134 4300 hoc
3151 4242 3375 4299 vinces.
3391 4240 3601 4296 Fertur

1951 4341 2141 4395 autem
2174 4339 2230 4393 et
2266 4335 2390 4407 ipse
2425 4334 2692 4389 Christus
2739 4332 2852 4389 sibi
2902 4330 3246 4403 apparuisse
3284 4338 3339 4386 et
3370 4329 3599 4398 signum

1952 4426 2147 4485 erucis
2166 4425 2218 4481 ei
2244 4428 2602 4480 monstrasse
2619 4426 2677 4477 et
2697 4425 2761 4478 ut
2785 4420 2977 4476 simile
3002 4421 3217 4476 faceret
3240 4416 3598 4490 precepisse.

187 4526 431 4570 suorum
483 4511 706 4568 scelere
758 4512 1053 4582 desertus,
1101 4513 1432 4568 Ravennam
1475 4512 1641 4581 fugit,
1676 4517 1736 4568 et
1783 4512 1837 4567 in
1870 4503 1923 4562 D
1954 4514 2117 4582 Quod
2165 4517 2221 4569 et
2273 4513 2431 4581 fecit,
2465 4511 2685 4567 habens
2729 4523 2855 4565 eam
2907 4509 2960 4565 in
3012 4507 3244 4565 vexillis
3288 4506 3596 4578 depictam.

190 4602 403 4657 itinere
434 4602 505 4656 ab
530 4599 798 4657 Herculio
821 4604 911 4656 est
934 4601 1166 4657 occisus
1191 4601 1285 4670 (cf.
1310 4602 1388 4657 Η.
1415 4602 1533 4671 R.).
1562 4602 1698 4657 Post
1722 4600 1842 4657 hmo

190 4688 462 4746 IIerculis
516 4688 897 4746 Maximianus
953 4689 1009 4745 in
1057 4689 1434 4747 contentione
1479 4689 1842 4745 exercituum

194 4777 377 4834 filium
410 4792 576 4833 suum
609 4776 957 4833 Maxentium
1012 4778 1258 4849 imperio
1305 4778 1526 4834 nudare
1573 4782 1839 4849 conatus,

192 4866 301 4923 sed
334 4880 365 4921 a
401 4865 684 4922 militibus
724 4865 1005 4923 conviciis
1048 4866 1382 4937 injuriatus,
1412 4866 1482 4923 ad
1514 4866 1731 4923 Gallias
1759 4870 1846 4923 te-

194 4954 407 5024 tendit,
447 4953 580 5011 dolo
629 4956 972 5027 composito,
1003 4957 1154 5027 quod
1205 4954 1247 5013 a‘
1286 4956 1405 5011 filio
1445 4955 1515 4988 ⁸⁸0
1560 4956 1844 5028 expulsus

191 5048 373 5112 esset,
408 5048 469 5100 ut
518 5058 736 5115 genero
784 5044 852 5078 θοι
905 5045 1289 5102 Constantine
1324 5044 1692 5115 jungeretur,
1728 5061 1844 5102 mo-

192 5132 342 5189 liens
373 5136 432 5188 et
465 5132 673 5204 ipsum,
708 5132 754 5189 si
788 5137 1009 5205 posset,
1047 5139 1279 5205 reperta
1322 5132 1624 5190 occasione
1664 5134 1843 5189 inter-

192 5221 390 5292 ﬁcere,
426 5234 784 5293 regnumque
811 5222 937 5292 ejus
983 5221 1276 5293 invadere,
1312 5220 1408 5293 qui
1457 5221 1512 5277 in
1547 5220 1748 5278 Galliis
1783 5227 1841 5277 et

1954 4605 2138 4675 Igitur
2170 4601 2587 4659 Constantinus
2618 4600 2853 4656 Romam
2882 4599 3120 4656 veniens
3145 4601 3351 4654 contra
3376 4598 3602 4651 Maxen-

1955 4694 2097 4750 tium
2129 4696 2321 4749 castra
2357 4690 2551 4763 posuit
2575 4690 2740 4761 juxta
2775 4693 3008 4760 pontem
3041 4686 3314 4742 Molbium
3344 4702 3357 4751 ;
3383 4688 3441 4740 et
3465 4698 3603 4739 ecce

1954 4781 2277 4839 Maxentius
2322 4780 2512 4852 portis
2565 4791 2898 4849 erumpens,
2935 4775 3319 4847 sequentibus
3363 4772 3601 4840 ceteris,

1955 4867 2327 4941 preeucurrit
2370 4873 2670 4934 armatus;
2720 4864 3138 4921 Constantinus
3185 4876 3325 4918 vero
3371 4873 3603 4917 crucem

1954 4971 2125 5030 quam
2158 4958 2513 5013 formaverat
2546 4961 2680 5013 ante
2718 4970 2780 5011 se
2812 4953 2991 5024 jussit
3040 4950 3261 5024 portari
3288 4969 3303 5018 ;
3337 4950 3605 5019 factaque

1953 5046 2384 5116 congressione,
2421 5042 2677 5116 superati
2710 5048 2846 5099 sunt
2896 5040 2992 5113 qui
3044 5040 3202 5097 circa
3251 5036 3602 5094 Maxentium

1954 5135 2222 5198 fuerunt;
2247 5134 2368 5206 ipse
2393 5138 2584 5189 autem
2611 5131 2858 5201 fugiens,
2889 5128 3060 5202 paulo
3084 5127 3354 5200 superius
3377 5141 3405 5182 a
3430 5128 3609 5198 ponte

1952 5223 2185 5295 Molbio,
2222 5222 2320 5280 ubi
2355 5222 2520 5293 prius
2550 5220 2619 5277 ad
2651 5218 2979 5292 deeipulam
3014 5218 3150 5276 fecit
3174 5215 3343 5289 quasi
3372 5215 3607 5287 pontem

1565 5392 1802 5450 VARUE
1841 5392 2239 5451 LECTIONES.

265 5530 336 5567 ⁸⁵⁸
364 5532 756 5603 morigeratus
802 5532 899 5589 1b.
937 5532 1007 5604 ⁸δῖ
1046 5547 1104 5589 e.
1161 5535 1202 5589 f.
1261 5549 1317 5590 ε.
1377 5536 1581 5592 Const.
1639 5539 1696 5589 5.
1748 5535 1818 5570 διο
1862 5538 1904 5595 f.
1963 5549 2069 5592 suo
2118 5536 2222 5592 Et.
2277 5530 2344 5564 ⁶⁸¹
2401 5548 2463 5604 g.
2528 5547 2633 5589 suo
2687 5530 2789 5591 Et.
2846 5529 2915 5564 ⁸⁸³
2972 5528 3113 5587 Haec
3169 5527 3383 5586 deszmt
3436 5523 3610 5583 codd.

195 5603 274 5641 ⁵⁸³
302 5618 482 5663 eroco
510 5617 668 5663 corr.
707 5603 831 5663 eric
863 5609 945 5664 9ο.
987 5603 1054 5639 ⁸⁸⁸
1082 5609 1140 5661 et
1173 5620 1254 5663 m.
1294 5607 1335 5661 E
1365 5613 1423 5663 1.
1459 5606 1527 5641 ⁸⁸⁵
1564 5606 1730 5665 deest
1756 5613 1838 5665 9ο.
