3992 6054
359 237 476 304 703

1519 241 2003 309 EKKEHARDI
2045 241 2607 308 URAUGIENSIS

3543 231 3771 318 πτολ

358 376 417 432 et
448 372 698 444 navigiis
741 370 811 406 ⁸⁸⁸
859 372 1006 445 ﬁeri,
1052 374 1271 435 talibus
1320 377 1575 452 desuper
1617 378 1843 448 stratis,
1877 392 2007 436 cum
2041 377 2092 438 A
2124 377 2321 436 sedem
2344 376 2583 435 Romani
2612 374 2839 450 imperii
2861 376 3120 447 etcaput
3140 366 3774 432 totiusOrientisesset

358 464 538 521 vellet
571 463 819 520 eundem
854 470 1088 536 pontem
1112 482 1183 523 ex
1203 468 1386 525 latere
1418 469 1657 541 intrare,
1684 468 1853 541 lapsu
1875 470 2009 540 equi

362 552 421 608 in
467 553 815 624 profundum
864 554 1169 613 demersus
1218 562 1330 619 est,
1365 558 1578 628 vixque
1627 573 1842 629 corpus
1887 558 2014 628 ejus

364 640 661 698 inventum
675 647 783 697 est.
803 643 939 698 Erat
960 648 1095 700 tunc
1108 659 1293 702 annus
1317 647 1677 703 Constantini
1703 647 2008 719 septimus.

364 730 591 785 Interea
622 729 780 786 cives
822 731 1061 787 Romani
1109 733 1405 790 civitatem
1456 739 1758 806 coronant,
1791 741 1849 791 et
1881 750 2012 792 cum

362 817 575 887 gaudio
592 817 872 875 victorem
891 821 1334 879 Constantinum
1355 824 1757 894 viviﬁcamque
1779 839 2013 882 crucem

365 906 716 977 suscipiunt.
743 938 807 947 —
834 907 968 978 (Eos
999 910 1076 965 Η.
1110 924 1156 967 ε.
1192 926 1269 983 1x,
1306 913 1414 985 10.)
1472 914 1629 969 Inter
1674 913 1796 971 haec
1844 912 2015 970 Maxi-

362 994 569 1064 minus,
587 994 1038 1054 christianorum
1054 1002 1110 1054 et
1127 998 1251 1071 ipse
1274 1006 1625 1071 persecutor
1648 1001 2009 1073 sevissimus,

363 1080 419 1137 in
455 1082 695 1139 Oriente
726 1084 1011 1143 adversus
1051 1087 1332 1146 Licinium
1379 1105 1476 1147 res
1524 1106 1705 1148 novas
1753 1090 2010 1161 molitus,

363 1184 493 1228 cum
551 1170 830 1229 adversus
884 1188 1014 1230 eum
1075 1175 1315 1233 duceret
1376 1179 1719 1250 exercitum,
1771 1184 2012 1250 repente

364 1258 559 1314 divino
585 1260 809 1330 judicio
843 1261 1151 1320 doloribus
1177 1264 1467 1323 viscerum
1500 1267 1864 1325 internorum
1887 1282 2013 1323 cor-

363 1351 589 1418 reptus,
623 1350 1001 1407 vehementer
1030 1353 1318 1423 exagitari
1345 1356 1525 1427 coepit
1553 1373 1566 1423 ;
1598 1355 1807 1413 deinde
1840 1356 2012 1413 homo

364 1440 535 1491 antea
584 1451 769 1493 vorax
820 1453 1167 1511 semperque
1224 1442 1359 1499 vino
1409 1442 1694 1515 repletus,
1729 1460 1881 1502 nunc
1942 1459 2011 1501 ne

365 1524 608 1581 summis
642 1525 873 1595 quidem
904 1527 1086 1585 labris
1117 1529 1308 1586 cibum
1340 1531 1651 1601 degustare
1683 1538 1783 1589 aut
1814 1534 2009 1590 vinum

365 1612 555 1684 potuit
587 1614 864 1681 odorari;
895 1616 1096 1687 sicque
1129 1619 1406 1676 carnibus
1437 1622 1559 1677 suis
1592 1622 1780 1677 inedia
1813 1628 1871 1678 et
1901 1622 2011 1679 ari-

2122 468 2329 526 voluit.
2346 468 2508 524 Fecit
2528 470 2588 523 et
2612 470 2844 539 pontem
2869 464 2924 520 in
2947 462 3208 520 Danubio
3226 479 3241 529 ;
3257 474 3571 531 omnesque
3586 460 3777 517 bonas

2124 562 2284 614 artes
2315 572 2456 614 suos
2488 557 2715 613 discere
2747 553 3020 624 faciebat,
3044 550 3289 608 maxime
3321 549 3513 608 studia
3544 548 3775 605 littera-

2124 661 2283 713 rum;
2309 646 2433 719 ipse
2449 647 2504 701 in
2528 644 2797 714 legendo,
2819 641 3151 711 scribendo,
3170 637 3502 696 meditando
3523 636 3775 695 multum

2126 750 2190 792 se
2232 735 2567 791 exercebat.
2621 733 2773 804 (Eus.
2808 732 2888 789 Η.
2922 744 2970 788 e.
3006 745 3082 801 Ix,
3113 730 3192 802 7.)
3227 726 3403 798 Cujus
3449 728 3633 784 mater
3666 728 3778 783 lle-

2126 823 2258 880 lena
2289 823 2577 893 religiosa,
2612 821 2828 877 divinis
2868 818 3161 876 admonita
3209 815 3551 887 visionibus,
3574 815 3777 872 Hiero-

2125 912 2389 970 solimam
2422 912 2610 984 petiit,
2642 915 2699 968 et
2752 911 2942 966 locum
2991 907 3091 966 ubi
3143 906 3410 963 Christus
3454 904 3775 962 cruciﬁxus

2126 1005 2214 1059 est
2242 1000 2332 1073 στί,
2367 1001 2439 1058 ab
2470 998 2679 1059 incolis
2730 996 3060 1071 requisivit,
3094 995 3192 1068 qui
3225 993 3447 1051 idcirco
3496 993 3567 1049 ad
3618 992 3776 1050 inve-

2126 1090 2398 1148 niendum
2430 1089 2845 1159 diﬁlciliserat,
2872 1087 3006 1158 quia
3035 1087 3109 1143 ab
3141 1084 3400 1155 antiquis
3430 1086 3776 1156 persecuto-

2125 1180 2287 1238 ribus
2316 1179 2689 1237 simulacrum
2719 1176 2964 1234 Veneris
2990 1174 3045 1231 in
3079 1189 3149 1231 eo
3182 1174 3372 1231 fuerat
3407 1171 3602 1241 ﬁxum,
3628 1174 3691 1226 ut
3722 1168 3774 1228 si

2125 1269 2256 1341 quis
2288 1269 2579 1326 Christum
2605 1266 2675 1301 ⁶⁷²
2706 1266 2952 1323 adorare
2982 1262 3183 1333 vellet,
3209 1262 3267 1318 in
3299 1260 3428 1318 loco
3460 1259 3561 1317 illo
3590 1260 3777 1315 Vene»

2124 1372 2245 1413 rem
2290 1358 2592 1414 videretur
2640 1355 2885 1413 adorare
2930 1352 3040 1419 "3;
3074 1355 3133 1408 et
3189 1350 3265 1407 ob
3314 1350 3426 1406 hoc
3464 1347 3629 1405 locus
3660 1362 3773 1404 non

2124 1447 2608 1518 frequentabatur
2658 1457 2918 1517 peneque
2965 1442 3023 1498 in
3073 1438 3370 1498 oblivione
3419 1438 3625 1495 fuerat.
3663 1436 3773 1493 Sed

2122 1535 2362 1592 veniens
2411 1535 2649 1604 Helena,
2691 1532 2928 1590 ecelitus
2977 1529 3088 1587 sibi
3136 1526 3503 1597 designatum
3554 1522 3779 1582 invenit

2123 1623 2335 1695 locum,
2392 1624 2773 1697 purgatisque
2833 1621 2889 1677 in
2948 1618 3130 1677 altum
3181 1615 3510 1685 ruderibus,
3541 1627 3775 1671 crucem

365 1700 500 1795 date
532 1703 916 1795 consumptis,
945 1705 1021 1795 ad
1056 1705 1163 1763 hoc
1195 1707 1384 1765 solum
1419 1711 1665 1780 profecit
1697 1711 1919 1783 infelix,
1947 1718 2008 1768 ut
2039 1733 2096 1795 Β
2126 1718 2386 1770 sanctam
2417 1713 2661 1785 reperit,
2693 1711 2805 1769 sub
2833 1709 3111 1782 episcopo
3151 1702 3409 1776 ejusdem
3460 1702 3622 1760 urbis
3667 1701 3779 1758 Ma-

361 1789 580 1859 justam
612 1804 740 1846 esse
774 1792 869 1847 Dei
904 1793 1213 1851 vindictam
1265 1796 1321 1852 in
1373 1813 1436 1854 se
1486 1800 1888 1870 proﬁteretur.
1925 1801 2011 1856 Ad

369 1876 634 1935 ultimum
665 1883 879 1951 tamen,
916 1885 1118 1939 morbo
1147 1886 1308 1956 prius
1346 1887 1579 1944 amissis
1620 1890 1896 1946 carnibus
1924 1888 2014 1958 ⁸⁸⁷,

365 1964 596 2022 vivendi
632 1968 801 2024 ﬁnem
834 1972 1080 2042 accepit.
1128 1973 1227 2043 (Η.
1276 1978 1378 2047 m.)
1426 1975 1636 2033 Valens
1681 1992 1912 2049 quoque
1962 1977 2019 2034 in

368 2054 607 2112 Oriente
638 2057 710 2113 ab
741 2058 1005 2116 exercitu
1032 2060 1349 2132 imperator
1368 2064 1720 2136 appellatus,
1748 2080 1778 2121 a
1802 2066 2021 2124 Licinio

368 2143 602 2201 occisus
634 2151 743 2201 est.
780 2147 1108 2206 Alexander
1156 2152 1330 2208 etiam
1379 2152 1612 2224 quidam
1643 2156 1791 2227 apud
1824 2158 2024 2212 Karta-

366 2232 557 2301 ginem
588 2234 907 2307 imperator
937 2238 1209 2311 effectus,
1247 2242 1318 2297 ab
1347 2244 1613 2300 exercitu
1659 2245 2022 2302 Constantini

363 2321 669 2394 jugulatur
744 2325 835 2382 Sic
890 2326 1088 2398 itaque
1139 2330 1325 2387 omnis
1370 2336 1632 2402 potestas
1678 2334 1901 2405 imperii
1952 2334 2023 2391 ad

371 2410 814 2469 Constantinum
845 2420 905 2470 et
948 2416 1223 2474 Licinium
1278 2421 1562 2490 pervenit.
1617 2421 1724 2488 Qui
1772 2422 2025 2480 Licinius

364 2513 494 2555 cum
531 2500 716 2572 primo
749 2517 813 2558 se
843 2505 1100 2574 probum
1153 2511 1213 2562 et
1263 2509 1428 2578 quasi
1481 2523 1618 2580 erga
1667 2510 2024 2568 christianos

368 2588 708 2646 ostenderet
729 2589 1027 2663 devotum,
1046 2600 1252 2665 postea
1273 2596 1479 2654 videns
1503 2598 1830 2669 profectum
1856 2599 2025 2671 impe-

370 2676 584 2733 ratoris
616 2680 1001 2752 Constantini,
1020 2683 1235 2741 ductus
1258 2685 1497 2757 invidia,
1519 2686 1770 2744 occultis
1793 2688 2023 2745 insidiis

371 2763 615 2820 maxime
633 2780 738 2836 per
764 2768 1079 2826 familiares
1103 2786 1170 2828 ac
1194 2772 1498 2830 ministros
1525 2774 1845 2846 principem
1871 2776 2024 2833 deci-

370 2866 510 2923 pere
542 2853 779 2913 molitus
809 2861 932 2924 est;
963 2859 1065 2915 sed
1096 2876 1225 2917 cum
1278 2860 1335 2916 id
1387 2877 1590 2933 parum
1647 2864 2019 2934 procederet,

370 2945 637 3011 apertum
662 2941 744 2999 illi
772 2945 985 3002 bellum
1011 2947 1235 3019 indicit,
1253 2949 1606 3007 christianos
1628 2964 1767 3007 vero
1792 2953 2021 3023 privato

370 3035 426 3085 et
461 3031 703 3101 speciali
745 3033 879 3091 odio
923 3037 1196 3109 persequi
1247 3043 1433 3110 parat,
1465 3039 1571 3096 hoc
1615 3039 1670 3094 in
1723 3039 2020 3111 querelam

371 3117 681 3193 devocans,
719 3123 873 3194 quod
906 3140 1016 3180 non
1052 3126 1129 3181 ita
1164 3142 1267 3197 pro
1299 3142 1363 3184 se
1395 3127 1550 3185 sicut
1591 3144 1696 3200 pro
1745 3130 2023 3187 Constan-

372 3207 495 3265 tino
526 3211 887 3268 excubarent
936 3213 1324 3272 orationibus.
1363 3216 1538 3287 Cujus
1588 3217 1828 3287 ﬂagitiis
1878 3220 2024 3275 Con-

370 3297 666 3354 stantinus
705 3300 932 3355 obviam
988 3302 1074 3358 ire
1133 3311 1320 3375 parat,
1373 3305 1727 3376 dcvictoquc
1776 3307 2018 3379 Licinio,

371 3383 533 3440 solus
564 3400 693 3440 cum
730 3387 865 3444 ﬁliis
896 3389 1017 3445 suis
1048 3390 1273 3461 imperii
1318 3393 1709 3449 mouarchiam
1742 3394 2017 3466 obtinuit,

270 3541 291 3555 ό
371 3485 519 3527 anno
552 3473 713 3543 regni
746 3475 835 3530 sui
873 3479 937 3532 14
967 3476 1068 3546 (Η.
1092 3481 1196 3549 m.)
1233 3479 1391 3536 Unde
1423 3495 1526 3551 per
1560 3480 1932 3538 insolentiam
1963 3488 2023 3539 et

371 3558 516 3630 ipse,
553 3565 612 3616 ut
645 3561 825 3633 aiunt,
860 3568 1121 3622 mutatus
1159 3573 1219 3623 et
1263 3567 1562 3626 crudelior
1608 3569 1872 3640 eﬁ‘ectus,
1906 3586 2023 3641 pri-

372 3660 526 3703 mum
564 3650 789 3707 sororis
819 3666 940 3709 sua:
972 3653 1172 3725 ﬁlium,
1206 3655 1456 3726 cgregim
1490 3656 1702 3713 indolis
1728 3658 2019 3729 juvenem,

381 3734 700 3807 interfecit,
736 3754 869 3795 mox
899 3741 1186 3813 Crispum,
1215 3744 1393 3801 ﬁlium
1427 3760 1593 3802 suum
1623 3759 1695 3801 ex
1725 3746 2021 3818 Minervia,

378 3830 753 3897 suggerente,
790 3832 849 3884 ut
882 3829 1105 3900 dicunt,
1140 3833 1344 3888 Fausta
1391 3833 1638 3904 conjuge
1669 3849 1794 3905 sua,
1829 3834 2022 3891 necari

367 3910 592 3982 jussit;
626 3913 835 3973 deinde
868 3917 1049 3990 ipsam
1084 3923 1349 3977 Faustam
1368 3920 1437 3954 ⁸⁸⁸
1459 3921 1513 3978 in
1548 3920 1785 3979 balneas
1820 3923 2026 3980 arden-

377 4004 469 4057 tes
501 4002 823 4074 conjectam
855 4006 1173 4081 interemit,
1199 4025 1329 4066 cum
1363 4025 1494 4068 eum
1529 4010 1733 4068 dolore
1764 4011 2025 4068 nimio‘“

378 4094 565 4189 mater
593 4093 808 4151 Helena
839 4111 944 4167 pro
976 4112 1116 4154 nece
1157 4098 1388 4170 nepotis
1435 4099 1785 4171 increparet,
1822 4106 2023 4172 postea

379 4183 715 4239 innumeros
749 4183 1044 4242 interfecit
1076 4186 1311 4244 amicos.
1349 4189 1417 4243 Et
1450 4188 1598 4261 (2‘21)
1631 4204 1760 4245 cum
1795 4189 1851 4245 in
1883 4189 2027 4246 mul-

378 4267 457 4323 tis
495 4268 732 4339 ﬁagitiis
759 4279 1148 4345 grassaretur,
1179 4290 1309 4333 cum
1358 4278 1554 4333 tamen
1604 4277 1659 4332 in
1710 4291 1779 4333 eo
1828 4277 2024 4335 multa)

378 4355 632 4413 virtutes
658 4359 833 4415 animi
867 4361 1244 4433 haberentur,
1282 4364 1562 4422 divinitus
1591 4366 1753 4436 lepra
1793 4379 2026 4438 percus-

2055 3092 2104 3155 C

2127 1801 2345 1858 chario.

2202 1891 2400 1960 (Onos.
2435 1905 2533 1960 vn,
2566 1890 2682 1960 28.)
2717 1887 2985 1958 Ejusdem
3037 1884 3319 1959 principis
3363 1887 3628 1953 tempore
3676 1881 3780 1935 Ar-

2131 1978 2274 2049 rius,
2304 1976 2669 2033 Alexandria:
2695 1974 2988 2047 presbiter
3004 1971 3302 2042 aecclesiaa,
3321 1984 3350 2026 a
3369 1968 3619 2027 veritate
3645 1965 3776 2022 ﬁdei

2131 2066 2439 2123 catholicae
2471 2064 2729 2134 devians,
2763 2060 3064 2118 exitiabile
3112 2057 3379 2132 plurimis
3410 2057 3616 2127 dogma
3645 2068 3782 2112 eou-

2134 2156 2353 2226 stituit,
2410 2152 2511 2212 sed
2567 2168 2699 2208 mox
2754 2152 2826 2207 ab
2886 2148 3235 2219 Alexandro,
3292 2146 3551 2218 ejusdem
3616 2142 3782 2200 urbis

2134 2245 2435 2318 episcopo,
2453 2258 2525 2299 ex
2548 2242 2693 2299 urbe
2717 2239 2923 2313 pulsus
2939 2242 3047 2296 est.
3067 2237 3323 2307 Cumque
3336 2234 3618 2302 homines,
3634 2246 3781 2304 quos

2135 2334 2191 2390 in
2206 2346 2467 2389 errorem
2485 2330 2817 2400 induxerat,
2831 2328 3007 2384 etiam
3030 2327 3087 2383 in
3112 2324 3455 2382 seditionem
3469 2320 3777 2389 excitaret,

2134 2421 2288 2493 apud
2319 2421 2550 2477 Niceam
2579 2418 2782 2476 urbem
2812 2414 3074 2472 Bithiniae
3095 2418 3418 2471 conventus
3436 2413 3539 2467 318
3559 2408 3782 2480 episco-

2137 2525 2338 2583 porum
2402 2509 2593 2565 factus
2633 2509 2726 2563 est
2771 2505 2881 2562 sub
2932 2503 3213 2560 Silvestre
3262 2514 3428 2574 papa,
3480 2514 3585 2571 per
3635 2510 3780 2568 quos

2134 2599 2443 2655 Arrianum
2493 2597 2700 2666 dogma
2764 2591 3065 2650 exitiabile
3117 2590 3412 2663 proditum
3458 2586 3648 2659 palam
3689 2588 3783 2641 est

2134 2688 2489 2743 damnatum.
2523 2684 2678 2753 (Eos.
2710 2683 2789 2739 H.
2823 2694 2869 2738 θ.
2906 2696 2980 2751 1x,
3009 2681 3121 2750 11.)
3150 2680 3462 2749 Postquam
3493 2689 3631 2731 vero
3664 2686 3779 2729 ma-

2133 2778 2225 2831 ter
2252 2771 2622 2845 imperatoris
2653 2768 2865 2826 llelena
2897 2782 2967 2825 ex
2999 2767 3105 2824 hac
3136 2766 3265 2823 luce
3304 2763 3601 2831 discessit,
3635 2764 3781 2818 Con-

2134 2859 2577 2933 stantia,Lieinii
2599 2864 2740 2916 tunc
2759 2857 3062 2926 derelicta,
3081 2853 3278 2911 fratris
3297 2850 3532 2924 augusti
3552 2848 3781 2908 solatiis

2134 2951 2429 3009 utebatur.
2464 2949 2609 3006 Huic
2639 2947 2693 3002 in
2727 2945 2997 3003 noticiam
3022 2943 3180 3001 venit
3204 2941 3501 3015 presbiter
3521 2939 3780 3010 quidam,

2134 3040 2389 3097 latenter
2428 3037 2696 3110 partibus
2748 3034 2899 3091 Arrii
2944 3034 3185 3090 favens:
3221 3030 3318 3102 qui
3370 3028 3555 3101 primo
3605 3024 3784 3082 nichil

2135 3130 2338 3186 horum
2372 3125 2525 3198 apud
2555 3140 2680 3182 eam
2713 3124 2853 3195 egit,
2886 3122 2988 3180 sed
3036 3122 3134 3178 ubi
3184 3119 3365 3176 multa
3417 3114 3786 3173 familiaritas

2133 3217 2356 3289 ecpiam
2391 3214 2573 3284 dedit,
2606 3212 2887 3286 paulatim
2918 3210 3098 3282 coepit
3147 3208 3378 3266 Arriqu
3411 3206 3463 3263 ei
3496 3217 3786 3262 commen-

2133 3306 2293 3376 dare,
2326 3305 2513 3361 donec
2552 3302 2801 3358 animum
2851 3298 3208 3357 Constantia;
3240 3311 3407 3354 suum
3455 3293 3607 3351 fecit.
3643 3291 3785 3358 ρυω

2133 3393 2574 3453 οιιιηιῐηοτὶιιιιιδ
2606 3390 2949 3447 visitaretur
3000 3402 3031 3443 a
3082 3388 3283 3456 fratre,
3315 3388 3633 3441 extremam
3686 3394 3786 3452 po-

2134 3483 2325 3556 poscit
2357 3483 2429 3538 ab
2460 3496 2529 3537 eo
2557 3479 2827 3550 gratiam,
2878 3482 2939 3535 ut
2990 3476 3238 3533 eundem
3285 3470 3676 3545 presbiterum
3726 3467 3782 3524 in

2135 3571 2588 3629 familiaritatem
2613 3567 2901 3639 reciperet
2925 3569 2982 3622 ct
2999 3579 3127 3637 quaa
3140 3562 3250 3621 sibi
3268 3577 3371 3635 pro
3386 3561 3577 3618 salute
3591 3556 3783 3616 suaab

2133 3676 2203 3718 eo
2235 3661 2626 3730 suggerentur
2653 3655 2722 3690 ⁸⁷⁸
2763 3655 3035 3720 audiret;
3088 3667 3154 3709 se
3201 3651 3353 3708 enim
3397 3649 3632 3706 dicebat
3678 3661 3784 3717 pro

2135 3748 2326 3806 salute
2348 3747 2510 3804 illius
2532 3759 2665 3802 esse
2685 3743 3019 3801 sollicitam.
3043 3740 3217 3812 Cujus
3236 3738 3436 3795 verbis
3458 3737 3637 3793 frater
3660 3748 3785 3791 cre-

2137 3836 2544 3907 dulus,aurem
2569 3833 2900 3906 presbitero
2925 3825 3595 3897 accommodat,ejusque
3607 3837 3781 3880 suasu

2136 3926 2366 3982 Arrium
2399 3924 2471 3980 de
2501 3922 2677 3980 exilio
2714 3921 2883 3992 jubet
2931 3916 3218 3988 revocari,
3254 3922 3317 3974 ut
3364 3914 3502 3985 quid
3548 3912 3621 3970 de
3669 3911 3782 3967 ﬁde

2137 4014 2383 4071 sentiret
2408 4015 2747 4083 exponeret.
2764 4008 3022 4076 Quicqu
3045 4007 3118 4064 de
3140 4005 3252 4062 ﬁde
3275 4004 3585 4072 scriberet,
3614 4000 3784 4056 mira-

2134 4108 2232 4161 tus
2292 4102 2630 4173 imperator,
2688 4113 2892 4155 rursus
2948 4111 3079 4153 eum
3133 4094 3203 4152 ad
3259 4091 3489 4151 concilii
3538 4103 3781 4147 examen

2137 4191 2380 4261 remisit,
2419 4204 2632 4260 rogans
2681 4192 2766 4258 ut,
2799 4186 2846 4244 si
2899 4187 3042 4243 ﬁdes
3088 4186 3217 4257 ejus
3262 4183 3634 4256 probaretur,
3667 4177 3785 4235 cle-

2137 4280 2313 4337 menti
2346 4291 2482 4348 erga
2515 4291 2645 4333 eum
2673 4274 2893 4346 judicio
2943 4278 3268 4343 uterentur,
3302 4271 3348 4329 si
3397 4275 3590 4327 tamen
3634 4266 3785 4338 epis-

2136 4368 2265 4440 copi
2281 4368 2409 4438 ejus
2424 4364 2735 4423 Alexandri
2758 4378 3033 4422 assensus
3046 4358 3786 4419 accommodaretur.Cum-

382 4457 504 4513 sus,
535 4460 634 4515 per
656 4451 918 4504 sanctum
946 4449 1287 4509 Silvestrum
1311 4468 1536 4525 papam,
1556 4469 1665 4511 una
1683 4469 1815 4511 cum
1840 4459 2024 4510 matre
2055 4448 2106 4508 D
2137 4469 2249 4528 que
2304 4452 2712 4510 Alexandriam
2770 4451 3014 4521 veniret,
3054 4463 3223 4508 omne
3276 4448 3433 4506 illius
3488 4446 3782 4517 inceptum

266 4530 277 4536 '
380 4530 628 4604 aliisque
654 4536 853 4593 multis
876 4538 946 4595 ad
973 4540 1141 4597 ﬁdem
1156 4548 1575 4601 conversusest
1592 4546 1649 4601 et
1664 4542 2024 4615 baptizatus;

384 4635 632 4692 moxque
668 4639 835 4683 omne
866 4628 1121 4687 studium
1157 4631 1227 4689 ad
1259 4631 1539 4689 aecclesia:
1573 4630 2027 4702 transtulitpro-

386 4709 620 4805 fectum,
642 4712 917 4805 legesque
938 4716 1008 4751 ⁶⁷⁰
1029 4723 1298 4778 statuens
1321 4721 1693 4791 Christianas,
1716 4720 1850 4776 fecit
1878 4718 2028 4776 basi-

385 4796 528 4855 licas
558 4801 792 4861 multas.
819 4806 977 4864 Fecit
1007 4812 1068 4864 et
1091 4810 1291 4866 urbem
1316 4809 1565 4866 nominis
1585 4808 1674 4865 sui
1700 4808 2029 4866 Constanti-

381 4888 657 4963 nopolim,
710 4908 838 4965 quae
889 4896 1053 4969 prius
1103 4898 1425 4956 Bizantium
1457 4897 1807 4969 dicebatur,
1856 4911 2027 4969 quam

2138 4546 2481 4602 frustratum
2511 4545 2621 4599 est.

2207 4635 2434 4689 Interea
2453 4631 2588 4686 dum
2612 4630 2735 4685 haec
2760 4626 3126 4685 Alexandriae
3150 4625 3513 4696 agitarentur
3534 4621 3623 4689 ⁸⁷⁸,
3642 4622 3785 4677 Con-

2138 4720 2448 4789 stantinus,
2476 4733 2536 4774 re
2571 4716 2801 4790 publica
2837 4717 2981 4772 bene
3004 4713 3291 4781 ordinata,
3318 4727 3453 4769 cum
3476 4716 3601 4767 tres
3631 4708 3789 4765 ﬁlios

2136 4823 2296 4878 suos,
2331 4805 2770 4863 Constantinum
2803 4808 2863 4860 et
2897 4806 3272 4860 Constantem
3309 4815 3377 4857 ac
3404 4798 3474 4833 ⁸⁷⁸
3507 4800 3788 4855 Constan-

2139 4897 2304 4967 tium,
2324 4894 2581 4952 etﬁlium
2613 4893 2812 4950 fratris
2843 4892 2930 4949 sui
2960 4891 3305 4948 Dalmatium
3338 4901 3593 4947 caesares
3616 4886 3793 4944 fecis-

1732 5041 1822 5095 VA
1832 5040 1969 5095 Rl/E
2009 5038 2413 5096 LECTIONES.

449 5162 518 5197 ⁸⁸⁸
543 5162 727 5232 virgis
754 5163 857 5219 Ε1.
922 5161 991 5196 ⁸⁸⁷
1034 5163 1127 5220 ita
1177 5164 1281 5219 Ε1.
1338 5161 1655 5220 luminibus
1703 5164 1787 5219 1b.
1844 5162 2008 5221 deost
2030 5163 2172 5221 rell.
2210 5161 2280 5195 “°
2310 5156 2684 5232 dqest9°._“’
2712 5172 2842 5215 eum
2875 5171 2954 5212 m.
2992 5157 3055 5213 h.
3096 5171 3158 5232 η.
3196 5154 3399 5232 dolore
3431 5158 3491 5232 5.
3527 5152 3795 5232 "°_l_eg_e_s

379 5240 463 5291 9°.
502 5232 570 5266 ⁶⁷¹
601 5235 697 5290 ch.
738 5247 948 5306 passus
979 5238 1070 5290 est
1099 5238 1159 5290 et
1186 5234 1504 5292 cruciﬁxus
1531 5238 1622 5291 est
1653 5233 1822 5306 5,"!
1839 5234 1944 5306 ch.
1985 5234 2031 5291 si

2067 5234 2196 5305 quis
2226 5238 2285 5289 5.
2319 5230 2394 5305 ⁶⁷³ᾼ
2426 5232 2532 5305 ἱεαῄ
2557 5230 2671 5305 Et;
2707 5232 3090 5305 veneraretur
3136 5230 3193 5282 4.
3239 5224 3484 5305 .videret
3505 5223 3673 5305 _r_ell.
3696 5223 3787 5305 '1':

382 5294 769 5375 suggerantur
798 5317 954 5376 corr.
994 5309 1453 5376 suggererentur
1483 5306 1585 5361 E1.
1618 5304 1744 5363 Sed
1771 5304 1949 5376 illud,
1978 5294 2138 5376 quod
2168 5303 2398 5376 reliqui
2425 5299 2590 5361 codd.
2632 5299 2892 5370 tuentur,
2932 5298 3088 5356 Eu.
3129 5296 3380 5369 scripsit
3414 5294 3671 5354 videtur.
3716 5294 3788 5330 ⁸⁷⁸

1968 5443 2189 5502 NOTAE.

383 5374 697 5447 agerentur
727 5376 829 5431 El.
871 5374 940 5409 ⁸⁷⁸
970 5374 1133 5434 deest
1167 5378 1261 5432 Ε1.

458 5536 604 5609 (221)
636 5535 842 5594 Nescio
873 5536 971 5608 qui
999 5536 1122 5594 haec
1152 5535 1493 5594 Ekkehardo
1526 5534 1864 5608 praebuerit.
