  <div class='ocr_page' id='page_1' title='image "/cluster/home/n/w/nwhite01/storage/ocr_20150623/154/hvd.32044054760129/358.png"; bbox 0 0 3986 6048; ppageno 0'>
   <div class='ocr_carea' id='block_1_1' title="bbox 217 211 343 274">
    <p class='ocr_par' dir='ltr' id='par_1_1' title="bbox 217 211 343 274">
     <span class='ocr_line' id='line_1_1' title="bbox 217 211 343 274; baseline 0.016 -2"><span class='ocrx_word' id='word_1_1' title='bbox 217 211 343 274; x_wconf 79' lang='lat'><strong>705</strong></span> 
     </span>
    </p>
   </div>
   <div class='ocr_carea' id='block_1_2' title="bbox 220 430 1869 503">
    <p class='ocr_par' dir='ltr' id='par_1_2' title="bbox 220 430 1869 503">
     <span class='ocr_line' id='line_1_2' title="bbox 220 430 1869 503; baseline -0.002 -14"><span class='ocrx_word' id='word_1_2' title='bbox 220 431 503 503; x_wconf 77' lang='lat' dir='ltr'><strong>stantius,</strong></span> <span class='ocrx_word' id='word_1_3' title='bbox 531 431 902 490; x_wconf 90' lang='lat' dir='ltr'><strong>euiOrientis</strong></span> <span class='ocrx_word' id='word_1_4' title='bbox 932 446 1172 503; x_wconf 82' lang='lat' dir='ltr'><strong>regnum</strong></span> <span class='ocrx_word' id='word_1_5' title='bbox 1204 432 1543 489; x_wconf 79' lang='lat' dir='ltr'><strong>decreverat</strong></span> <span class='ocrx_word' id='word_1_6' title='bbox 1582 430 1670 501; x_wconf 78' lang='grc'><strong>⁵⁷⁷,</strong></span> <span class='ocrx_word' id='word_1_7' title='bbox 1703 430 1869 487; x_wconf 86' lang='lat' dir='ltr'><strong>abes-</strong></span> 
     </span>
    </p>
   </div>
   <div class='ocr_carea' id='block_1_3' title="bbox 220 519 1869 593">
    <p class='ocr_par' dir='ltr' id='par_1_3' title="bbox 220 519 1869 593">
     <span class='ocr_line' id='line_1_3' title="bbox 220 519 1869 593; baseline -0.003 -15"><span class='ocrx_word' id='word_1_8' title='bbox 220 527 320 578; x_wconf 90' lang='lat' dir='ltr'><strong>set</strong></span> <span class='ocrx_word' id='word_1_9' title='bbox 348 519 439 593; x_wconf 73' lang='lat'><strong>‘7&#39;,</strong></span> <span class='ocrx_word' id='word_1_10' title='bbox 457 521 594 577; x_wconf 85' lang='lat' dir='ltr'><strong>fecit</strong></span> <span class='ocrx_word' id='word_1_11' title='bbox 618 520 672 577; x_wconf 92' lang='lat' dir='ltr'><strong>ei</strong></span> <span class='ocrx_word' id='word_1_12' title='bbox 696 525 1131 592; x_wconf 77' lang='lat' dir='ltr'><strong>testamentum,</strong></span> <span class='ocrx_word' id='word_1_13' title='bbox 1149 522 1301 592; x_wconf 90' lang='lat' dir='ltr'><strong>quod</strong></span> <span class='ocrx_word' id='word_1_14' title='bbox 1318 526 1528 578; x_wconf 89' lang='lat' dir='ltr'><strong>vocato</strong></span> <span class='ocrx_word' id='word_1_15' title='bbox 1544 520 1613 577; x_wconf 90' lang='lat' dir='ltr'><strong>ad</strong></span> <span class='ocrx_word' id='word_1_16' title='bbox 1626 534 1689 576; x_wconf 91' lang='lat' dir='ltr'><strong>se</strong></span> <span class='ocrx_word' id='word_1_17' title='bbox 1720 519 1869 575; x_wconf 91' lang='lat' dir='ltr'><strong>clam</strong></span> 
     </span>
    </p>
   </div>
   <div class='ocr_carea' id='block_1_4' title="bbox 222 606 1867 681">
    <p class='ocr_par' dir='ltr' id='par_1_4' title="bbox 222 606 1867 681">
     <span class='ocr_line' id='line_1_4' title="bbox 222 606 1867 681; baseline -0.002 -16"><span class='ocrx_word' id='word_1_18' title='bbox 222 609 560 681; x_wconf 90' lang='lat' dir='ltr'><strong>presbitero</strong></span> <span class='ocrx_word' id='word_1_19' title='bbox 576 624 607 665; x_wconf 92' lang='lat' dir='ltr'><strong>a</strong></span> <span class='ocrx_word' id='word_1_20' title='bbox 621 624 755 665; x_wconf 91' lang='lat' dir='ltr'><strong>soro</strong></span> <span class='ocrx_word' id='word_1_21' title='bbox 765 624 824 665; x_wconf 92' lang='lat' dir='ltr'><strong>re</strong></span> <span class='ocrx_word' id='word_1_22' title='bbox 838 609 1244 666; x_wconf 89' lang='lat' dir='ltr'><strong>commendato</strong></span> <span class='ocrx_word' id='word_1_23' title='bbox 1258 608 1781 681; x_wconf 90' lang='lat' dir='ltr'><strong>dedit,precipiens</strong></span> <span class='ocrx_word' id='word_1_24' title='bbox 1794 606 1867 676; x_wconf 91' lang='lat' dir='ltr'><strong>ei,</strong></span> 
     </span>
    </p>
   </div>
   <div class='ocr_carea' id='block_1_5' title="bbox 222 696 1874 770">
    <p class='ocr_par' dir='ltr' id='par_1_5' title="bbox 222 696 1874 770">
     <span class='ocr_line' id='line_1_5' title="bbox 222 696 1874 770; baseline -0.002 -15"><span class='ocrx_word' id='word_1_25' title='bbox 222 703 292 755; x_wconf 90' lang='lat' dir='ltr'><strong>ut</strong></span> <span class='ocrx_word' id='word_1_26' title='bbox 321 696 464 755; x_wconf 88' lang='lat' dir='ltr'><strong>nulli</strong></span> <span class='ocrx_word' id='word_1_27' title='bbox 533 698 645 754; x_wconf 92' lang='lat' dir='ltr'><strong>hoc</strong></span> <span class='ocrx_word' id='word_1_28' title='bbox 694 697 805 755; x_wconf 88' lang='lat' dir='ltr'><strong>nisi</strong></span> <span class='ocrx_word' id='word_1_29' title='bbox 848 697 1188 755; x_wconf 89' lang='lat' dir='ltr'><strong>Constantio</strong></span> <span class='ocrx_word' id='word_1_30' title='bbox 1224 698 1391 755; x_wconf 90' lang='lat' dir='ltr'><strong>daret</strong></span> <span class='ocrx_word' id='word_1_31' title='bbox 1427 698 1524 770; x_wconf 86' lang='lat' dir='ltr'><strong>(cf.</strong></span> <span class='ocrx_word' id='word_1_32' title='bbox 1571 698 1755 754; x_wconf 83' lang='lat' dir='ltr'><strong>H.m.</strong></span> <span class='ocrx_word' id='word_1_33' title='bbox 1803 726 1874 736; x_wconf 89' lang='lat'><strong><em>—</em></strong></span> 
     </span>
    </p>
   </div>
   <div class='ocr_carea' id='block_1_6' title="bbox 221 785 1873 860">
    <p class='ocr_par' dir='ltr' id='par_1_6' title="bbox 221 785 1873 860">
     <span class='ocr_line' id='line_1_6' title="bbox 221 785 1873 860; baseline -0.001 -17"><span class='ocrx_word' id='word_1_34' title='bbox 221 788 356 843; x_wconf 85' lang='lat' dir='ltr'><strong>Eos.</strong></span> <span class='ocrx_word' id='word_1_35' title='bbox 392 788 430 845; x_wconf 83' lang='grc' dir='ltr'>Ζ.</span> <span class='ocrx_word' id='word_1_36' title='bbox 468 786 711 859; x_wconf 84' lang='lat' dir='ltr'><strong>l.)Quod</strong></span> <span class='ocrx_word' id='word_1_37' title='bbox 736 801 868 844; x_wconf 91' lang='lat' dir='ltr'><strong>cum</strong></span> <span class='ocrx_word' id='word_1_38' title='bbox 892 787 990 843; x_wconf 91' lang='lat' dir='ltr'><strong>ille</strong></span> <span class='ocrx_word' id='word_1_39' title='bbox 1032 792 1166 860; x_wconf 92' lang='lat' dir='ltr'><strong>post</strong></span> <span class='ocrx_word' id='word_1_40' title='bbox 1205 791 1449 845; x_wconf 91' lang='lat' dir='ltr'><strong>mortem</strong></span> <span class='ocrx_word' id='word_1_41' title='bbox 1499 785 1873 859; x_wconf 80' lang='lat' dir='ltr'><strong>imperatoris</strong></span> 
     </span>
    </p>
   </div>
   <div class='ocr_carea' id='block_1_7' title="bbox 224 874 1873 948">
    <p class='ocr_par' dir='ltr' id='par_1_7' title="bbox 224 874 1873 948">
     <span class='ocr_line' id='line_1_7' title="bbox 224 874 1873 948; baseline -0.001 -17"><span class='ocrx_word' id='word_1_42' title='bbox 224 876 465 947; x_wconf 88' lang='lat' dir='ltr'><strong>faceret,</strong></span> <span class='ocrx_word' id='word_1_43' title='bbox 492 876 668 932; x_wconf 90' lang='lat' dir='ltr'><strong>etiam</strong></span> <span class='ocrx_word' id='word_1_44' title='bbox 700 875 853 948; x_wconf 89' lang='lat' dir='ltr'><strong>apud</strong></span> <span class='ocrx_word' id='word_1_45' title='bbox 880 878 1598 934; x_wconf 87' lang='lat' dir='ltr'><strong>Constantiammaximam</strong></span> <span class='ocrx_word' id='word_1_46' title='bbox 1632 874 1873 932; x_wconf 90' lang='lat' dir='ltr'><strong>familia-</strong></span> 
     </span>
    </p>
   </div>
   <div class='ocr_carea' id='block_1_8' title="bbox 221 965 1874 1037">
    <p class='ocr_par' dir='ltr' id='par_1_8' title="bbox 221 965 1874 1037">
     <span class='ocr_line' id='line_1_8' title="bbox 221 965 1874 1037; baseline -0.001 -17"><span class='ocrx_word' id='word_1_47' title='bbox 221 965 461 1021; x_wconf 87' lang='lat' dir='ltr'><strong>ritatem</strong></span> <span class='ocrx_word' id='word_1_48' title='bbox 496 965 771 1022; x_wconf 89' lang='lat' dir='ltr'><strong>obtinuit.</strong></span> <span class='ocrx_word' id='word_1_49' title='bbox 798 966 1075 1023; x_wconf 92' lang='lat' dir='ltr'><strong>Scribunt</strong></span> <span class='ocrx_word' id='word_1_50' title='bbox 1096 971 1289 1024; x_wconf 88' lang='lat' dir='ltr'><strong>autem</strong></span> <span class='ocrx_word' id='word_1_51' title='bbox 1313 966 1565 1037; x_wconf 90' lang='lat' dir='ltr'><strong>quidam,</strong></span> <span class='ocrx_word' id='word_1_52' title='bbox 1596 967 1874 1021; x_wconf 89' lang='lat' dir='ltr'><strong>Constan-</strong></span> 
     </span>
    </p>
   </div>
   <div class='ocr_carea' id='block_1_9' title="bbox 222 1053 1871 1125">
    <p class='ocr_par' dir='ltr' id='par_1_9' title="bbox 222 1053 1871 1125">
     <span class='ocr_line' id='line_1_9' title="bbox 222 1053 1871 1125; baseline 0 -16"><span class='ocrx_word' id='word_1_53' title='bbox 222 1054 411 1110; x_wconf 91' lang='lat' dir='ltr'><strong>tinum</strong></span> <span class='ocrx_word' id='word_1_54' title='bbox 437 1055 850 1125; x_wconf 82' lang='lat' dir='ltr'><strong>imperatorem</strong></span> <span class='ocrx_word' id='word_1_55' title='bbox 874 1054 928 1110; x_wconf 91' lang='lat' dir='ltr'><strong>in</strong></span> <span class='ocrx_word' id='word_1_56' title='bbox 963 1056 1263 1112; x_wconf 88' lang='lat' dir='ltr'><strong>Arrianam</strong></span> <span class='ocrx_word' id='word_1_57' title='bbox 1301 1055 1549 1113; x_wconf 83' lang='lat' dir='ltr'><strong>heresim</strong></span> <span class='ocrx_word' id='word_1_58' title='bbox 1591 1053 1871 1111; x_wconf 88' lang='lat' dir='ltr'><strong>incidisse</strong></span> 
     </span>
    </p>
   </div>
   <div class='ocr_carea' id='block_1_10' title="bbox 220 1142 1870 1216">
    <p class='ocr_par' dir='ltr' id='par_1_10' title="bbox 220 1142 1870 1216">
     <span class='ocr_line' id='line_1_10' title="bbox 220 1142 1870 1216; baseline 0 -18"><span class='ocrx_word' id='word_1_59' title='bbox 220 1147 286 1198; x_wconf 92' lang='lat' dir='ltr'><strong>et</strong></span> <span class='ocrx_word' id='word_1_60' title='bbox 317 1143 390 1198; x_wconf 90' lang='lat' dir='ltr'><strong>ab</strong></span> <span class='ocrx_word' id='word_1_61' title='bbox 408 1142 659 1201; x_wconf 87' lang='lat' dir='ltr'><strong>Eusebio</strong></span> <span class='ocrx_word' id='word_1_62' title='bbox 691 1142 1116 1200; x_wconf 87' lang='lat' dir='ltr'><strong>Nicomediensi</strong></span> <span class='ocrx_word' id='word_1_63' title='bbox 1149 1144 1429 1216; x_wconf 88' lang='lat' dir='ltr'><strong>episcopo</strong></span> <span class='ocrx_word' id='word_1_64' title='bbox 1445 1143 1870 1215; x_wconf 87' lang='lat' dir='ltr'><strong>rebaptizatum</strong></span> 
     </span>
    </p>
   </div>
   <div class='ocr_carea' id='block_1_11' title="bbox 222 1231 1873 1302">
    <p class='ocr_par' dir='ltr' id='par_1_11' title="bbox 222 1231 1873 1302">
     <span class='ocr_line' id='line_1_11' title="bbox 222 1231 1873 1302; baseline 0.001 -17"><span class='ocrx_word' id='word_1_65' title='bbox 222 1231 602 1302; x_wconf 89' lang='lat' dir='ltr'><strong>fuisse,quod</strong></span> <span class='ocrx_word' id='word_1_66' title='bbox 617 1231 1038 1289; x_wconf 82' lang='lat' dir='ltr'><strong>:eeclesiastica</strong></span> <span class='ocrx_word' id='word_1_67' title='bbox 1070 1232 1319 1289; x_wconf 81' lang='lat' dir='ltr'><strong>historia</strong></span> <span class='ocrx_word' id='word_1_68' title='bbox 1340 1248 1453 1289; x_wconf 90' lang='lat' dir='ltr'><strong>non</strong></span> <span class='ocrx_word' id='word_1_69' title='bbox 1498 1232 1692 1302; x_wconf 91' lang='lat' dir='ltr'><strong>docet,</strong></span> <span class='ocrx_word' id='word_1_70' title='bbox 1744 1246 1873 1302; x_wconf 61' lang='lat' dir='ltr'><strong>quae</strong></span> 
     </span>
    </p>
   </div>
   <div class='ocr_carea' id='block_1_12' title="bbox 221 1318 1869 1392">
    <p class='ocr_par' dir='ltr' id='par_1_12' title="bbox 221 1318 1869 1392">
     <span class='ocr_line' id='line_1_12' title="bbox 221 1318 1869 1392; baseline 0 -17"><span class='ocrx_word' id='word_1_71' title='bbox 221 1319 337 1375; x_wconf 89' lang='lat' dir='ltr'><strong>sub</strong></span> <span class='ocrx_word' id='word_1_72' title='bbox 371 1333 570 1389; x_wconf 91' lang='lat' dir='ltr'><strong>magna</strong></span> <span class='ocrx_word' id='word_1_73' title='bbox 588 1318 873 1390; x_wconf 79' lang='lat' dir='ltr'><strong>religione</strong></span> <span class='ocrx_word' id='word_1_74' title='bbox 897 1319 1059 1377; x_wconf 90' lang='lat' dir='ltr'><strong>illum</strong></span> <span class='ocrx_word' id='word_1_75' title='bbox 1083 1322 1407 1378; x_wconf 85' lang='lat' dir='ltr'><strong>decessisse</strong></span> <span class='ocrx_word' id='word_1_76' title='bbox 1429 1321 1697 1392; x_wconf 88' lang='lat' dir='ltr'><strong>perhibet</strong></span> <span class='ocrx_word' id='word_1_77' title='bbox 1714 1322 1869 1389; x_wconf 78' lang='lat' dir='ltr'><strong>(Rus.</strong></span> 
     </span>
    </p>
   </div>
   <div class='ocr_carea' id='block_1_13' title="bbox 221 1408 1874 1479">
    <p class='ocr_par' dir='ltr' id='par_1_13' title="bbox 221 1408 1874 1479">
     <span class='ocr_line' id='line_1_13' title="bbox 221 1408 1874 1479; baseline 0.001 -15"><span class='ocrx_word' id='word_1_78' title='bbox 221 1408 306 1464; x_wconf 81' lang='grc' dir='ltr'>Η.</span> <span class='ocrx_word' id='word_1_79' title='bbox 331 1422 378 1465; x_wconf 77' lang='lat' dir='ltr'><strong>e.</strong></span> <span class='ocrx_word' id='word_1_80' title='bbox 411 1410 448 1465; x_wconf 85' lang='grc' dir='ltr'>ι.</span> <span class='ocrx_word' id='word_1_81' title='bbox 474 1408 538 1479; x_wconf 86' lang='lat' dir='ltr'><strong>l.)</strong></span> <span class='ocrx_word' id='word_1_82' title='bbox 562 1408 718 1465; x_wconf 92' lang='lat' dir='ltr'><strong>Obiit</strong></span> <span class='ocrx_word' id='word_1_83' title='bbox 778 1414 971 1466; x_wconf 89' lang='lat' dir='ltr'><strong>autem</strong></span> <span class='ocrx_word' id='word_1_84' title='bbox 1018 1409 1071 1465; x_wconf 91' lang='lat' dir='ltr'><strong>in</strong></span> <span class='ocrx_word' id='word_1_85' title='bbox 1123 1409 1457 1467; x_wconf 87' lang='lat' dir='ltr'><strong>suburbana</strong></span> <span class='ocrx_word' id='word_1_86' title='bbox 1516 1410 1649 1467; x_wconf 90' lang='lat' dir='ltr'><strong>villa</strong></span> <span class='ocrx_word' id='word_1_87' title='bbox 1708 1409 1874 1465; x_wconf 90' lang='lat' dir='ltr'><strong>Nico-</strong></span> 
     </span>
    </p>
   </div>
   <div class='ocr_carea' id='block_1_14' title="bbox 224 1496 1871 1570">
    <p class='ocr_par' dir='ltr' id='par_1_14' title="bbox 224 1496 1871 1570">
     <span class='ocr_line' id='line_1_14' title="bbox 224 1496 1871 1570; baseline 0.002 -20"><span class='ocrx_word' id='word_1_88' title='bbox 224 1496 455 1565; x_wconf 70' lang='lat' dir='ltr'><strong>mediae,</strong></span> <span class='ocrx_word' id='word_1_89' title='bbox 488 1502 574 1553; x_wconf 93' lang='lat'><strong>11.</strong></span> <span class='ocrx_word' id='word_1_90' title='bbox 601 1496 723 1553; x_wconf 87' lang='lat' dir='ltr'><strong>Kal.</strong></span> <span class='ocrx_word' id='word_1_91' title='bbox 753 1497 929 1565; x_wconf 80' lang='lat' dir='ltr'><strong>Junii,</strong></span> <span class='ocrx_word' id='word_1_92' title='bbox 963 1512 1113 1554; x_wconf 90' lang='lat' dir='ltr'><strong>anno</strong></span> <span class='ocrx_word' id='word_1_93' title='bbox 1144 1498 1280 1555; x_wconf 66' lang='lat' dir='ltr'><strong>vitae</strong></span> <span class='ocrx_word' id='word_1_94' title='bbox 1320 1502 1435 1569; x_wconf 84' lang='lat'><strong>66°,</strong></span> <span class='ocrx_word' id='word_1_95' title='bbox 1495 1498 1721 1570; x_wconf 90' lang='lat' dir='ltr'><strong>imperii</strong></span> <span class='ocrx_word' id='word_1_96' title='bbox 1754 1503 1871 1568; x_wconf 89' lang='lat'><strong>31°,</strong></span> 
     </span>
    </p>
   </div>
   <div class='ocr_carea' id='block_1_15' title="bbox 224 1584 1874 1658">
    <p class='ocr_par' dir='ltr' id='par_1_15' title="bbox 224 1584 1874 1658">
     <span class='ocr_line' id='line_1_15' title="bbox 224 1584 1874 1658; baseline 0.001 -18"><span class='ocrx_word' id='word_1_97' title='bbox 224 1584 616 1657; x_wconf 88' lang='lat' dir='ltr'><strong>sepultusque</strong></span> <span class='ocrx_word' id='word_1_98' title='bbox 648 1591 734 1643; x_wconf 90' lang='lat' dir='ltr'><strong>est</strong></span> <span class='ocrx_word' id='word_1_99' title='bbox 769 1586 823 1642; x_wconf 93' lang='lat' dir='ltr'><strong>in</strong></span> <span class='ocrx_word' id='word_1_100' title='bbox 880 1586 1216 1643; x_wconf 88' lang='lat' dir='ltr'><strong>Bizantioin</strong></span> <span class='ocrx_word' id='word_1_101' title='bbox 1272 1587 1511 1644; x_wconf 91' lang='lat' dir='ltr'><strong>basilica</strong></span> <span class='ocrx_word' id='word_1_102' title='bbox 1568 1585 1874 1658; x_wconf 88' lang='lat' dir='ltr'><strong>Apostolo-</strong></span> 
     </span>
    </p>
   </div>
   <div class='ocr_carea' id='block_1_16' title="bbox 233 1688 384 1730">
    <p class='ocr_par' dir='ltr' id='par_1_16' title="bbox 233 1688 384 1730">
     <span class='ocr_line' id='line_1_16' title="bbox 233 1688 384 1730; baseline -0.007 -2"><span class='ocrx_word' id='word_1_103' title='bbox 233 1688 384 1730; x_wconf 91' lang='lat' dir='ltr'><strong>rum.</strong></span> 
     </span>
    </p>
   </div>
   <div class='ocr_carea' id='block_1_17' title="bbox 302 1760 1877 1835">
    <p class='ocr_par' dir='ltr' id='par_1_17' title="bbox 302 1760 1877 1835">
     <span class='ocr_line' id='line_1_17' title="bbox 302 1760 1877 1835; baseline 0.002 -19"><span class='ocrx_word' id='word_1_104' title='bbox 302 1767 349 1816; x_wconf 93' lang='lat'><strong>1.</strong></span> <span class='ocrx_word' id='word_1_105' title='bbox 382 1760 548 1832; x_wconf 70' lang='lat' dir='ltr'><strong>(0hr.</strong></span> <span class='ocrx_word' id='word_1_106' title='bbox 596 1762 704 1834; x_wconf 88' lang='lat' dir='ltr'><strong>W.)</strong></span> <span class='ocrx_word' id='word_1_107' title='bbox 728 1763 908 1834; x_wconf 86' lang='lat' dir='ltr'><strong>Hujus</strong></span> <span class='ocrx_word' id='word_1_108' title='bbox 940 1777 1089 1821; x_wconf 93' lang='lat' dir='ltr'><strong>anno</strong></span> <span class='ocrx_word' id='word_1_109' title='bbox 1145 1763 1329 1835; x_wconf 89' lang='lat' dir='ltr'><strong>primo</strong></span> <span class='ocrx_word' id='word_1_110' title='bbox 1360 1763 1707 1834; x_wconf 82' lang='lat' dir='ltr'><strong>Maxentius,</strong></span> <span class='ocrx_word' id='word_1_111' title='bbox 1743 1764 1877 1819; x_wconf 84' lang='lat' dir='ltr'><strong>Iler-</strong></span> 
     </span>
    </p>
   </div>
   <div class='ocr_carea' id='block_1_18' title="bbox 227 1848 1291 1924">
    <p class='ocr_par' dir='ltr' id='par_1_18' title="bbox 227 1848 1291 1924">
     <span class='ocr_line' id='line_1_18' title="bbox 227 1848 1291 1924; baseline 0.004 -20"><span class='ocrx_word' id='word_1_112' title='bbox 227 1848 371 1906; x_wconf 92' lang='lat' dir='ltr'><strong>culii</strong></span> <span class='ocrx_word' id='word_1_113' title='bbox 408 1848 584 1921; x_wconf 82' lang='lat' dir='ltr'><strong>ﬁlius,</strong></span> <span class='ocrx_word' id='word_1_114' title='bbox 619 1856 906 1920; x_wconf 88' lang='lat' dir='ltr'><strong>angustus</strong></span> <span class='ocrx_word' id='word_1_115' title='bbox 932 1851 1291 1924; x_wconf 88' lang='lat' dir='ltr'><strong>appellatur.</strong></span> 
     </span>
    </p>
   </div>
   <div class='ocr_carea' id='block_1_19' title="bbox 297 1940 1878 2015">
    <p class='ocr_par' dir='ltr' id='par_1_19' title="bbox 297 1940 1878 2015">
     <span class='ocr_line' id='line_1_19' title="bbox 297 1940 1878 2015; baseline 0.003 -22"><span class='ocrx_word' id='word_1_116' title='bbox 297 1941 357 1993; x_wconf 98' lang='lat'><strong>2.</strong></span> <span class='ocrx_word' id='word_1_117' title='bbox 399 1941 470 1995; x_wconf 86' lang='lat' dir='ltr'><strong>A.</strong></span> <span class='ocrx_word' id='word_1_118' title='bbox 508 1940 578 1995; x_wconf 95' lang='lat' dir='ltr'><strong>D.</strong></span> <span class='ocrx_word' id='word_1_119' title='bbox 606 1943 735 1996; x_wconf 90' lang='lat'><strong>312.</strong></span> <span class='ocrx_word' id='word_1_120' title='bbox 775 1940 1154 1998; x_wconf 83' lang='lat' dir='ltr'><strong>Maximianus</strong></span> <span class='ocrx_word' id='word_1_121' title='bbox 1183 1942 1337 2015; x_wconf 90' lang='lat' dir='ltr'><strong>apud</strong></span> <span class='ocrx_word' id='word_1_122' title='bbox 1393 1941 1699 2000; x_wconf 82' lang='lat' dir='ltr'><strong>Massiliam</strong></span> <span class='ocrx_word' id='word_1_123' title='bbox 1754 1946 1878 1999; x_wconf 89' lang='lat' dir='ltr'><strong>tur-</strong></span> 
     </span>
    </p>
   </div>
   <div class='ocr_carea' id='block_1_20' title="bbox 227 2026 734 2099">
    <p class='ocr_par' dir='ltr' id='par_1_20' title="bbox 227 2026 734 2099">
     <span class='ocr_line' id='line_1_20' title="bbox 227 2026 734 2099; baseline 0.006 -17"><span class='ocrx_word' id='word_1_124' title='bbox 227 2026 389 2099; x_wconf 88' lang='lat' dir='ltr'><strong>piter</strong></span> <span class='ocrx_word' id='word_1_125' title='bbox 416 2028 734 2085; x_wconf 86' lang='lat' dir='ltr'><strong>occiditur.</strong></span> 
     </span>
    </p>
   </div>
   <div class='ocr_carea' id='block_1_21' title="bbox 300 2117 1880 2193">
    <p class='ocr_par' dir='ltr' id='par_1_21' title="bbox 300 2117 1880 2193">
     <span class='ocr_line' id='line_1_21' title="bbox 300 2117 1880 2193; baseline 0.002 -21"><span class='ocrx_word' id='word_1_126' title='bbox 300 2120 351 2172; x_wconf 89' lang='lat'><strong>3.</strong></span> <span class='ocrx_word' id='word_1_127' title='bbox 389 2117 612 2188; x_wconf 71' lang='grc' dir='ltr'><strong>(Ιιιειι.)</strong></span> <span class='ocrx_word' id='word_1_128' title='bbox 645 2121 718 2175; x_wconf 88' lang='lat' dir='ltr'><strong>A.</strong></span> <span class='ocrx_word' id='word_1_129' title='bbox 773 2121 844 2174; x_wconf 94' lang='lat' dir='ltr'><strong>D.</strong></span> <span class='ocrx_word' id='word_1_130' title='bbox 904 2123 1033 2176; x_wconf 89' lang='lat'><strong>313.</strong></span> <span class='ocrx_word' id='word_1_131' title='bbox 1093 2120 1371 2188; x_wconf 86' lang='lat' dir='ltr'><strong>Quirinus</strong></span> <span class='ocrx_word' id='word_1_132' title='bbox 1408 2121 1728 2179; x_wconf 89' lang='lat' dir='ltr'><strong>Suscianus</strong></span> <span class='ocrx_word' id='word_1_133' title='bbox 1760 2120 1880 2193; x_wconf 91' lang='lat' dir='ltr'><strong>epi-</strong></span> 
     </span>
    </p>
   </div>
   <div class='ocr_carea' id='block_1_22' title="bbox 227 2205 1124 2279">
    <p class='ocr_par' dir='ltr' id='par_1_22' title="bbox 227 2205 1124 2279">
     <span class='ocr_line' id='line_1_22' title="bbox 227 2205 1124 2279; baseline 0.002 -16"><span class='ocrx_word' id='word_1_134' title='bbox 227 2220 451 2278; x_wconf 85' lang='lat' dir='ltr'><strong>scopus</strong></span> <span class='ocrx_word' id='word_1_135' title='bbox 480 2205 734 2276; x_wconf 89' lang='lat' dir='ltr'><strong>gloriose</strong></span> <span class='ocrx_word' id='word_1_136' title='bbox 764 2221 975 2279; x_wconf 89' lang='lat' dir='ltr'><strong>passus</strong></span> <span class='ocrx_word' id='word_1_137' title='bbox 1005 2214 1087 2265; x_wconf 86' lang='lat' dir='ltr'><strong>est</strong></span> <span class='ocrx_word' id='word_1_138' title='bbox 1111 2251 1124 2265; x_wconf 96' lang='lat'><strong>.</strong></span> 
     </span>
    </p>
   </div>
   <div class='ocr_carea' id='block_1_23' title="bbox 305 2294 1879 2370">
    <p class='ocr_par' dir='ltr' id='par_1_23' title="bbox 305 2294 1879 2370">
     <span class='ocr_line' id='line_1_23' title="bbox 305 2294 1879 2370; baseline 0.001 -20"><span class='ocrx_word' id='word_1_139' title='bbox 305 2297 364 2350; x_wconf 80' lang='grc'>4.</span> <span class='ocrx_word' id='word_1_140' title='bbox 402 2296 474 2349; x_wconf 87' lang='lat' dir='ltr'><strong>A.</strong></span> <span class='ocrx_word' id='word_1_141' title='bbox 506 2296 576 2350; x_wconf 92' lang='lat' dir='ltr'><strong>D.</strong></span> <span class='ocrx_word' id='word_1_142' title='bbox 615 2297 744 2350; x_wconf 79' lang='grc'>314.</span> <span class='ocrx_word' id='word_1_143' title='bbox 785 2294 1066 2354; x_wconf 89' lang='lat' dir='ltr'><strong>Silvester</strong></span> <span class='ocrx_word' id='word_1_144' title='bbox 1097 2312 1243 2370; x_wconf 87' lang='lat' dir='ltr'><strong>papa</strong></span> <span class='ocrx_word' id='word_1_145' title='bbox 1275 2300 1403 2354; x_wconf 65' lang='lat'><strong>34“</strong></span> <span class='ocrx_word' id='word_1_146' title='bbox 1432 2296 1757 2365; x_wconf 87' lang='lat' dir='ltr'><strong>ordinatur,</strong></span> <span class='ocrx_word' id='word_1_147' title='bbox 1792 2310 1879 2353; x_wconf 91' lang='lat' dir='ltr'><strong>se-</strong></span> 
     </span>
    </p>
   </div>
   <div class='ocr_carea' id='block_1_24' title="bbox 247 2384 1871 2459">
    <p class='ocr_par' dir='ltr' id='par_1_24' title="bbox 247 2384 1871 2459">
     <span class='ocr_line' id='line_1_24' title="bbox 247 2384 1871 2459; baseline 0.002 -18"><span class='ocrx_word' id='word_1_148' title='bbox 247 2385 514 2455; x_wconf 90' lang='lat' dir='ltr'><strong>densque</strong></span> <span class='ocrx_word' id='word_1_149' title='bbox 540 2384 707 2441; x_wconf 92' lang='lat' dir='ltr'><strong>annis</strong></span> <span class='ocrx_word' id='word_1_150' title='bbox 757 2388 845 2456; x_wconf 92' lang='lat'><strong>22,</strong></span> <span class='ocrx_word' id='word_1_151' title='bbox 889 2400 1116 2444; x_wconf 88' lang='lat' dir='ltr'><strong>menses</strong></span> <span class='ocrx_word' id='word_1_152' title='bbox 1173 2392 1260 2459; x_wconf 89' lang='lat'><strong>10,</strong></span> <span class='ocrx_word' id='word_1_153' title='bbox 1321 2387 1590 2458; x_wconf 84' lang='lat' dir='ltr'><strong>migravit</strong></span> <span class='ocrx_word' id='word_1_154' title='bbox 1656 2390 1692 2443; x_wconf 91' lang='lat'><strong>2</strong></span> <span class='ocrx_word' id='word_1_155' title='bbox 1741 2387 1871 2444; x_wconf 86' lang='lat' dir='ltr'><strong>Kal.</strong></span> 
     </span>
    </p>
   </div>
   <div class='ocr_carea' id='block_1_25' title="bbox 236 2475 747 2530">
    <p class='ocr_par' dir='ltr' id='par_1_25' title="bbox 236 2475 747 2530">
     <span class='ocr_line' id='line_1_25' title="bbox 236 2475 747 2530; baseline 0.006 -2"><span class='ocrx_word' id='word_1_156' title='bbox 236 2475 485 2530; x_wconf 76' lang='lat' dir='ltr'><strong>Januar.</strong></span> <span class='ocrx_word' id='word_1_157' title='bbox 742 2484 747 2489; x_wconf 83' lang='lat'><em>&#39;</em></span> 
     </span>
    </p>
   </div>
   <div class='ocr_carea' id='block_1_26' title="bbox 304 2560 1881 2634">
    <p class='ocr_par' dir='ltr' id='par_1_26' title="bbox 304 2560 1881 2634">
     <span class='ocr_line' id='line_1_26' title="bbox 304 2560 1881 2634; baseline 0.003 -18"><span class='ocrx_word' id='word_1_158' title='bbox 304 2565 362 2617; x_wconf 73' lang='grc' dir='ltr'>ὅ.</span> <span class='ocrx_word' id='word_1_159' title='bbox 400 2560 573 2632; x_wconf 76' lang='grc' dir='ltr'><strong>(ΟΙιν.</strong></span> <span class='ocrx_word' id='word_1_160' title='bbox 628 2561 777 2634; x_wconf 91' lang='lat' dir='ltr'><strong>W.).</strong></span> <span class='ocrx_word' id='word_1_161' title='bbox 815 2566 885 2618; x_wconf 91' lang='lat' dir='ltr'><strong>A.</strong></span> <span class='ocrx_word' id='word_1_162' title='bbox 926 2565 994 2620; x_wconf 94' lang='lat' dir='ltr'><strong>D.</strong></span> <span class='ocrx_word' id='word_1_163' title='bbox 1031 2568 1162 2620; x_wconf 78' lang='lat'><strong>315.</strong></span> <span class='ocrx_word' id='word_1_164' title='bbox 1200 2564 1615 2622; x_wconf 87' lang='lat' dir='ltr'><strong>Constantinus</strong></span> <span class='ocrx_word' id='word_1_165' title='bbox 1653 2565 1881 2622; x_wconf 83' lang='lat' dir='ltr'><strong>Maxen-</strong></span> 
     </span>
    </p>
   </div>
   <div class='ocr_carea' id='block_1_27' title="bbox 234 2650 806 2708">
    <p class='ocr_par' dir='ltr' id='par_1_27' title="bbox 234 2650 806 2708">
     <span class='ocr_line' id='line_1_27' title="bbox 234 2650 806 2708; baseline 0.005 -3"><span class='ocrx_word' id='word_1_166' title='bbox 234 2650 324 2707; x_wconf 92' lang='lat' dir='ltr'><strong>tio</strong></span> <span class='ocrx_word' id='word_1_167' title='bbox 355 2650 571 2708; x_wconf 92' lang='lat' dir='ltr'><strong>bellum</strong></span> <span class='ocrx_word' id='word_1_168' title='bbox 604 2650 806 2708; x_wconf 84' lang='lat' dir='ltr'><strong>infert.</strong></span> 
     </span>
    </p>
   </div>
   <div class='ocr_carea' id='block_1_28' title="bbox 305 2740 1881 2815">
    <p class='ocr_par' dir='ltr' id='par_1_28' title="bbox 305 2740 1881 2815">
     <span class='ocr_line' id='line_1_28' title="bbox 305 2740 1881 2815; baseline 0.003 -20"><span class='ocrx_word' id='word_1_169' title='bbox 305 2743 363 2795; x_wconf 94' lang='lat'><strong>6.</strong></span> <span class='ocrx_word' id='word_1_170' title='bbox 404 2743 477 2795; x_wconf 87' lang='lat' dir='ltr'><strong>A.</strong></span> <span class='ocrx_word' id='word_1_171' title='bbox 534 2740 607 2795; x_wconf 93' lang='lat' dir='ltr'><strong>D.</strong></span> <span class='ocrx_word' id='word_1_172' title='bbox 644 2743 774 2797; x_wconf 89' lang='lat'><strong>316.</strong></span> <span class='ocrx_word' id='word_1_173' title='bbox 835 2741 1047 2798; x_wconf 86' lang='lat' dir='ltr'><strong>Petrus</strong></span> <span class='ocrx_word' id='word_1_174' title='bbox 1086 2741 1513 2801; x_wconf 82' lang='lat' dir='ltr'><strong>Alexandrinus</strong></span> <span class='ocrx_word' id='word_1_175' title='bbox 1566 2742 1881 2815; x_wconf 83' lang='lat' dir='ltr'><strong>episcopus</strong></span> 
     </span>
    </p>
   </div>
   <div class='ocr_carea' id='block_1_29' title="bbox 237 2828 668 2886">
    <p class='ocr_par' dir='ltr' id='par_1_29' title="bbox 237 2828 668 2886">
     <span class='ocr_line' id='line_1_29' title="bbox 237 2828 668 2886; baseline -0.005 0"><span class='ocrx_word' id='word_1_176' title='bbox 237 2828 668 2886; x_wconf 84' lang='lat' dir='ltr'><strong>martirizatur.</strong></span> 
     </span>
    </p>
   </div>
   <div class='ocr_carea' id='block_1_30' title="bbox 301 2918 1877 2989">
    <p class='ocr_par' dir='ltr' id='par_1_30' title="bbox 301 2918 1877 2989">
     <span class='ocr_line' id='line_1_30' title="bbox 301 2918 1877 2989; baseline 0.002 -17"><span class='ocrx_word' id='word_1_177' title='bbox 301 2921 361 2973; x_wconf 92' lang='lat'><strong>7.</strong></span> <span class='ocrx_word' id='word_1_178' title='bbox 402 2918 627 2989; x_wconf 73' lang='grc' dir='ltr'><strong>(Ηῐειι.)</strong></span> <span class='ocrx_word' id='word_1_179' title='bbox 659 2920 730 2975; x_wconf 89' lang='lat' dir='ltr'><strong>A.</strong></span> <span class='ocrx_word' id='word_1_180' title='bbox 770 2920 838 2974; x_wconf 94' lang='lat' dir='ltr'><strong>D.</strong></span> <span class='ocrx_word' id='word_1_181' title='bbox 869 2923 1000 2975; x_wconf 89' lang='lat'><strong>317.</strong></span> <span class='ocrx_word' id='word_1_182' title='bbox 1039 2918 1296 2976; x_wconf 79' lang='lat' dir='ltr'><strong>Achillas</strong></span> <span class='ocrx_word' id='word_1_183' title='bbox 1329 2920 1698 2977; x_wconf 74' lang='lat' dir='ltr'><strong>Alexandriae</strong></span> <span class='ocrx_word' id='word_1_184' title='bbox 1726 2920 1877 2977; x_wconf 86' lang='lat' dir='ltr'><strong>ordi-</strong></span> 
     </span>
    </p>
   </div>
   <div class='ocr_carea' id='block_1_31' title="bbox 1093 204 2752 279">
    <p class='ocr_par' dir='ltr' id='par_1_31' title="bbox 1093 204 2752 279">
     <span class='ocr_line' id='line_1_31' title="bbox 1093 204 2752 279; baseline 0.004 -7"><span class='ocrx_word' id='word_1_185' title='bbox 1093 205 1532 273; x_wconf 80' lang='lat' dir='ltr'><strong>CHRONICA.</strong></span> <span class='ocrx_word' id='word_1_186' title='bbox 1578 244 1645 253; x_wconf 84' lang='lat'><strong>——</strong></span> <span class='ocrx_word' id='word_1_187' title='bbox 1678 204 2157 272; x_wconf 86' lang='lat' dir='ltr'><strong>CHRONICON</strong></span> <span class='ocrx_word' id='word_1_188' title='bbox 2199 206 2752 279; x_wconf 83' lang='lat' dir='ltr'><strong>UNIVERSALE.</strong></span> 
     </span>
    </p>
   </div>
   <div class='ocr_carea' id='block_1_32' title="bbox 221 340 2340 415">
    <p class='ocr_par' dir='ltr' id='par_1_32' title="bbox 221 340 2340 415">
     <span class='ocr_line' id='line_1_32' title="bbox 221 340 2340 415; baseline -0 -14"><span class='ocrx_word' id='word_1_189' title='bbox 221 348 341 415; x_wconf 89' lang='lat' dir='ltr'><strong>set,</strong></span> <span class='ocrx_word' id='word_1_190' title='bbox 376 341 711 415; x_wconf 76' lang='lat' dir='ltr'><strong>egritudine</strong></span> <span class='ocrx_word' id='word_1_191' title='bbox 742 344 953 415; x_wconf 89' lang='lat' dir='ltr'><strong>captus</strong></span> <span class='ocrx_word' id='word_1_192' title='bbox 982 346 1074 401; x_wconf 90' lang='lat' dir='ltr'><strong>est</strong></span> <span class='ocrx_word' id='word_1_193' title='bbox 1106 361 1122 413; x_wconf 85' lang='grc'><strong>;</strong></span> <span class='ocrx_word' id='word_1_194' title='bbox 1152 346 1356 401; x_wconf 89' lang='lat' dir='ltr'><strong>etcum</strong></span> <span class='ocrx_word' id='word_1_195' title='bbox 1382 340 1538 400; x_wconf 82' lang='lat' dir='ltr'><strong>filius</strong></span> <span class='ocrx_word' id='word_1_196' title='bbox 1576 342 1704 413; x_wconf 91' lang='lat' dir='ltr'><strong>ejus</strong></span> <span class='ocrx_word' id='word_1_197' title='bbox 1726 342 1868 398; x_wconf 90' lang='lat' dir='ltr'><strong>Con-</strong></span> <span class='ocrx_word' id='word_1_198' title='bbox 1897 341 1953 400; x_wconf 88' lang='lat' dir='ltr'><strong>A</strong></span> <span class='ocrx_word' id='word_1_199' title='bbox 2056 344 2145 399; x_wconf 90' lang='lat'><strong>28.</strong></span> <span class='ocrx_word' id='word_1_200' title='bbox 2181 344 2244 399; x_wconf 90' lang='lat' dir='ltr'><strong>A.</strong></span> <span class='ocrx_word' id='word_1_201' title='bbox 2272 345 2340 400; x_wconf 95' lang='lat' dir='ltr'><strong>D.</strong></span> 
     </span>
    </p>
   </div>
   <div class='ocr_carea' id='block_1_33' title="bbox 3518 220 3636 287">
    <p class='ocr_par' dir='ltr' id='par_1_33' title="bbox 3518 220 3636 287">
     <span class='ocr_line' id='line_1_33' title="bbox 3518 220 3636 287; baseline 0.025 -3"><span class='ocrx_word' id='word_1_202' title='bbox 3518 220 3636 287; x_wconf 82' lang='lat'><strong>706</strong></span> 
     </span>
    </p>
   </div>
   <div class='ocr_carea' id='block_1_34' title="bbox 2433 348 3635 423">
    <p class='ocr_par' dir='ltr' id='par_1_34' title="bbox 2433 348 3635 423">
     <span class='ocr_line' id='line_1_34' title="bbox 2433 348 3635 423; baseline 0.011 -20"><span class='ocrx_word' id='word_1_203' title='bbox 2433 350 2556 405; x_wconf 89' lang='grc'>338.</span> <span class='ocrx_word' id='word_1_204' title='bbox 2614 348 2843 407; x_wconf 85' lang='lat' dir='ltr'><strong>Marcus</strong></span> <span class='ocrx_word' id='word_1_205' title='bbox 2901 366 3045 423; x_wconf 86' lang='lat' dir='ltr'><strong>papa</strong></span> <span class='ocrx_word' id='word_1_206' title='bbox 3098 357 3224 410; x_wconf 67' lang='lat'><strong>3508</strong></span> <span class='ocrx_word' id='word_1_207' title='bbox 3272 355 3423 413; x_wconf 87' lang='lat' dir='ltr'><strong>sedit</strong></span> <span class='ocrx_word' id='word_1_208' title='bbox 3480 372 3635 415; x_wconf 90' lang='lat' dir='ltr'><strong>men-</strong></span> 
     </span>
    </p>
   </div>
   <div class='ocr_carea' id='block_1_35' title="bbox 1986 433 3088 507">
    <p class='ocr_par' dir='ltr' id='par_1_35' title="bbox 1986 433 3088 507">
     <span class='ocr_line' id='line_1_35' title="bbox 1986 433 3088 507; baseline 0.01 -22"><span class='ocrx_word' id='word_1_209' title='bbox 1986 444 2084 486; x_wconf 90' lang='lat' dir='ltr'><strong>ses</strong></span> <span class='ocrx_word' id='word_1_210' title='bbox 2115 433 2167 499; x_wconf 91' lang='lat'><strong>8,</strong></span> <span class='ocrx_word' id='word_1_211' title='bbox 2195 434 2602 507; x_wconf 88' lang='lat' dir='ltr'><strong>requievitque</strong></span> <span class='ocrx_word' id='word_1_212' title='bbox 2632 439 2824 495; x_wconf 80' lang='lat' dir='ltr'><strong>Nonas</strong></span> <span class='ocrx_word' id='word_1_213' title='bbox 2852 440 3088 497; x_wconf 86' lang='lat' dir='ltr'><strong>Octobr.</strong></span> 
     </span>
    </p>
   </div>
   <div class='ocr_carea' id='block_1_36' title="bbox 2054 524 3633 601">
    <p class='ocr_par' dir='ltr' id='par_1_36' title="bbox 2054 524 3633 601">
     <span class='ocr_line' id='line_1_36' title="bbox 2054 524 3633 601; baseline 0.008 -24"><span class='ocrx_word' id='word_1_214' title='bbox 2054 525 2141 578; x_wconf 90' lang='lat'><strong>29.</strong></span> <span class='ocrx_word' id='word_1_215' title='bbox 2178 524 2239 579; x_wconf 88' lang='lat' dir='ltr'><strong>A.</strong></span> <span class='ocrx_word' id='word_1_216' title='bbox 2276 524 2336 578; x_wconf 94' lang='lat' dir='ltr'><strong>D.</strong></span> <span class='ocrx_word' id='word_1_217' title='bbox 2372 528 2494 581; x_wconf 88' lang='lat'><strong>339.</strong></span> <span class='ocrx_word' id='word_1_218' title='bbox 2548 526 2737 585; x_wconf 87' lang='lat' dir='ltr'><strong>Julius</strong></span> <span class='ocrx_word' id='word_1_219' title='bbox 2794 545 2941 601; x_wconf 89' lang='lat' dir='ltr'><strong>papa</strong></span> <span class='ocrx_word' id='word_1_220' title='bbox 2991 534 3118 586; x_wconf 54' lang='lat'><strong>36“?</strong></span> <span class='ocrx_word' id='word_1_221' title='bbox 3168 531 3317 587; x_wconf 90' lang='lat' dir='ltr'><strong>sedit</strong></span> <span class='ocrx_word' id='word_1_222' title='bbox 3376 534 3542 590; x_wconf 86' lang='lat' dir='ltr'><strong>annis</strong></span> <span class='ocrx_word' id='word_1_223' title='bbox 3566 539 3633 591; x_wconf 89' lang='lat'><strong>16</strong></span> 
     </span>
    </p>
   </div>
   <div class='ocr_carea' id='block_1_37' title="bbox 1983 610 3328 685">
    <p class='ocr_par' dir='ltr' id='par_1_37' title="bbox 1983 610 3328 685">
     <span class='ocr_line' id='line_1_37' title="bbox 1983 610 3328 685; baseline 0.009 -20"><span class='ocrx_word' id='word_1_224' title='bbox 1983 610 2127 666; x_wconf 91' lang='lat' dir='ltr'><strong>obiit</strong></span> <span class='ocrx_word' id='word_1_225' title='bbox 2157 615 2191 666; x_wconf 91' lang='lat'><strong>2</strong></span> <span class='ocrx_word' id='word_1_226' title='bbox 2220 612 2355 668; x_wconf 89' lang='lat' dir='ltr'><strong>Idus</strong></span> <span class='ocrx_word' id='word_1_227' title='bbox 2380 614 2567 685; x_wconf 90' lang='lat' dir='ltr'><strong>April.</strong></span> <span class='ocrx_word' id='word_1_228' title='bbox 2642 626 2649 633; x_wconf 72' lang='lat'><strong>‘</strong></span> <span class='ocrx_word' id='word_1_229' title='bbox 2692 618 2835 673; x_wconf 78' lang='lat' dir='ltr'><strong>Anni</strong></span> <span class='ocrx_word' id='word_1_230' title='bbox 2870 619 2942 674; x_wconf 84' lang='lat' dir='ltr'><strong>ab</strong></span> <span class='ocrx_word' id='word_1_231' title='bbox 2964 618 3140 676; x_wconf 91' lang='lat' dir='ltr'><strong>inicio</strong></span> <span class='ocrx_word' id='word_1_232' title='bbox 3162 623 3328 677; x_wconf 83' lang='grc'>4300.</span> 
     </span>
    </p>
   </div>
   <div class='ocr_carea' id='block_1_38' title="bbox 2055 702 3629 782">
    <p class='ocr_par' dir='ltr' id='par_1_38' title="bbox 2055 702 3629 782">
     <span class='ocr_line' id='line_1_38' title="bbox 2055 702 3629 782; baseline 0.008 -28"><span class='ocrx_word' id='word_1_233' title='bbox 2055 703 2140 755; x_wconf 88' lang='grc'>30.</span> <span class='ocrx_word' id='word_1_234' title='bbox 2178 702 2240 756; x_wconf 90' lang='lat' dir='ltr'><strong>A.</strong></span> <span class='ocrx_word' id='word_1_235' title='bbox 2291 702 2360 757; x_wconf 90' lang='lat' dir='ltr'><strong>D.</strong></span> <span class='ocrx_word' id='word_1_236' title='bbox 2436 705 2558 759; x_wconf 80' lang='grc'>340.</span> <span class='ocrx_word' id='word_1_237' title='bbox 2614 706 2973 777; x_wconf 88' lang='lat' dir='ltr'><strong>Constantia,</strong></span> <span class='ocrx_word' id='word_1_238' title='bbox 3016 724 3185 766; x_wconf 91' lang='lat' dir='ltr'><strong>soror</strong></span> <span class='ocrx_word' id='word_1_239' title='bbox 3243 710 3629 782; x_wconf 88' lang='lat' dir='ltr'><strong>Constantini,</strong></span> 
     </span>
    </p>
   </div>
   <div class='ocr_carea' id='block_1_39' title="bbox 1986 789 3635 870">
    <p class='ocr_par' dir='ltr' id='par_1_39' title="bbox 1986 789 3635 870">
     <span class='ocr_line' id='line_1_39' title="bbox 1986 789 3635 870; baseline 0.007 -26"><span class='ocrx_word' id='word_1_240' title='bbox 1986 803 2134 844; x_wconf 85' lang='lat' dir='ltr'><strong>uxor</strong></span> <span class='ocrx_word' id='word_1_241' title='bbox 2159 789 2380 861; x_wconf 84' lang='lat' dir='ltr'><strong>Licinii,</strong></span> <span class='ocrx_word' id='word_1_242' title='bbox 2409 792 2684 864; x_wconf 90' lang='lat' dir='ltr'><strong>moriens,</strong></span> <span class='ocrx_word' id='word_1_243' title='bbox 2715 795 3020 852; x_wconf 90' lang='lat' dir='ltr'><strong>Arrianum</strong></span> <span class='ocrx_word' id='word_1_244' title='bbox 3036 798 3322 868; x_wconf 88' lang='lat' dir='ltr'><strong>quendam</strong></span> <span class='ocrx_word' id='word_1_245' title='bbox 3349 798 3635 870; x_wconf 89' lang='lat' dir='ltr'><strong>presbite-</strong></span> 
     </span>
    </p>
   </div>
   <div class='ocr_carea' id='block_1_40' title="bbox 1984 878 3628 961">
    <p class='ocr_par' dir='ltr' id='par_1_40' title="bbox 1984 878 3628 961">
     <span class='ocr_line' id='line_1_40' title="bbox 1984 878 3628 961; baseline 0.009 -30"><span class='ocrx_word' id='word_1_246' title='bbox 1984 893 2113 933; x_wconf 87' lang='lat' dir='ltr'><strong>rum</strong></span> <span class='ocrx_word' id='word_1_247' title='bbox 2138 878 2303 933; x_wconf 80' lang='lat' dir='ltr'><strong>fratri</strong></span> <span class='ocrx_word' id='word_1_248' title='bbox 2326 881 2712 937; x_wconf 85' lang='lat' dir='ltr'><strong>commendat.</strong></span> <span class='ocrx_word' id='word_1_249' title='bbox 2749 881 2963 957; x_wconf 70' lang='grc' dir='ltr'><strong>(Ηιειι.)</strong></span> <span class='ocrx_word' id='word_1_250' title='bbox 3007 886 3425 944; x_wconf 90' lang='lat' dir='ltr'><strong>Constantinus</strong></span> <span class='ocrx_word' id='word_1_251' title='bbox 3450 888 3628 961; x_wconf 89' lang='lat' dir='ltr'><strong>impe-</strong></span> 
     </span>
    </p>
   </div>
   <div class='ocr_carea' id='block_1_41' title="bbox 1986 966 3623 1048">
    <p class='ocr_par' dir='ltr' id='par_1_41' title="bbox 1986 966 3623 1048">
     <span class='ocr_line' id='line_1_41' title="bbox 1986 966 3623 1048; baseline 0.006 -26"><span class='ocrx_word' id='word_1_252' title='bbox 1986 969 2147 1023; x_wconf 92' lang='lat' dir='ltr'><strong>rator</strong></span> <span class='ocrx_word' id='word_1_253' title='bbox 2200 966 2334 1023; x_wconf 91' lang='lat' dir='ltr'><strong>dum</strong></span> <span class='ocrx_word' id='word_1_254' title='bbox 2358 968 2572 1026; x_wconf 92' lang='lat' dir='ltr'><strong>bellum</strong></span> <span class='ocrx_word' id='word_1_255' title='bbox 2599 971 2837 1028; x_wconf 91' lang='lat' dir='ltr'><strong>molitur</strong></span> <span class='ocrx_word' id='word_1_256' title='bbox 2884 972 3193 1031; x_wconf 89' lang='lat' dir='ltr'><strong>adversum</strong></span> <span class='ocrx_word' id='word_1_257' title='bbox 3236 977 3468 1047; x_wconf 89' lang='lat' dir='ltr'><strong>Persas,</strong></span> <span class='ocrx_word' id='word_1_258' title='bbox 3525 977 3623 1048; x_wconf 85' lang='lat' dir='ltr'><strong>qui</strong></span> 
     </span>
    </p>
   </div>
   <div class='ocr_carea' id='block_1_42' title="bbox 1984 1055 3633 1132">
    <p class='ocr_par' dir='ltr' id='par_1_42' title="bbox 1984 1055 3633 1132">
     <span class='ocr_line' id='line_1_42' title="bbox 1984 1055 3633 1132; baseline 0.007 -22"><span class='ocrx_word' id='word_1_259' title='bbox 1984 1055 2453 1127; x_wconf 84' lang='lat' dir='ltr'><strong>Mesopotamiam</strong></span> <span class='ocrx_word' id='word_1_260' title='bbox 2485 1059 2861 1131; x_wconf 84' lang='lat' dir='ltr'><strong>infestabant,</strong></span> <span class='ocrx_word' id='word_1_261' title='bbox 2896 1063 3204 1132; x_wconf 88' lang='lat' dir='ltr'><strong>egrediens</strong></span> <span class='ocrx_word' id='word_1_262' title='bbox 3233 1078 3263 1119; x_wconf 91' lang='lat' dir='ltr'><strong>a</strong></span> <span class='ocrx_word' id='word_1_263' title='bbox 3298 1065 3633 1121; x_wconf 88' lang='lat' dir='ltr'><strong>Constanti-</strong></span> 
     </span>
    </p>
   </div>
   <div class='ocr_carea' id='block_1_43' title="bbox 1985 1134 3103 1215">
    <p class='ocr_par' dir='ltr' id='par_1_43' title="bbox 1985 1134 3103 1215">
     <span class='ocr_line' id='line_1_43' title="bbox 1985 1134 3103 1215; baseline 0.007 -16"><span class='ocrx_word' id='word_1_264' title='bbox 1985 1142 2202 1215; x_wconf 89' lang='lat' dir='ltr'><strong>nopoli,</strong></span> <span class='ocrx_word' id='word_1_265' title='bbox 2224 1134 2389 1214; x_wconf 80' lang='lat' dir='ltr'><strong>juxta</strong></span> <span class='ocrx_word' id='word_1_266' title='bbox 2414 1146 2801 1204; x_wconf 87' lang='lat' dir='ltr'><strong>Nicomediam</strong></span> <span class='ocrx_word' id='word_1_267' title='bbox 2837 1150 3103 1207; x_wconf 88' lang='lat' dir='ltr'><strong>moritur.</strong></span> 
     </span>
    </p>
   </div>
   <div class='ocr_carea' id='block_1_44' title="bbox 1985 1233 2537 1291">
    <p class='ocr_par' dir='ltr' id='par_1_44' title="bbox 1985 1233 2537 1291">
     <span class='ocr_line' id='line_1_44' title="bbox 1985 1233 2537 1291; baseline 0.007 -4"><span class='ocrx_word' id='word_1_268' title='bbox 1985 1233 2131 1288; x_wconf 89' lang='lat' dir='ltr'><strong>Anni</strong></span> <span class='ocrx_word' id='word_1_269' title='bbox 2193 1234 2537 1291; x_wconf 87' lang='lat' dir='ltr'><strong>Constantii.</strong></span> 
     </span>
    </p>
   </div>
   <div class='ocr_carea' id='block_1_45' title="bbox 2059 1323 3629 1389">
    <p class='ocr_par' dir='ltr' id='par_1_45' title="bbox 2059 1323 3629 1389">
     <span class='ocr_line' id='line_1_45' title="bbox 2059 1323 3629 1389; baseline 0.007 -13"><span class='ocrx_word' id='word_1_270' title='bbox 2059 1325 2219 1377; x_wconf 89' lang='lat' dir='ltr'><strong>Anno</strong></span> <span class='ocrx_word' id='word_1_271' title='bbox 2248 1323 2550 1381; x_wconf 69' lang='lat' dir='ltr'><strong>dominicae</strong></span> <span class='ocrx_word' id='word_1_272' title='bbox 2581 1325 3139 1384; x_wconf 67' lang='lat' dir='ltr'><strong>incarnationis341.</strong></span> <span class='ocrx_word' id='word_1_273' title='bbox 3171 1330 3344 1386; x_wconf 89' lang='lat' dir='ltr'><strong>Urbis</strong></span> <span class='ocrx_word' id='word_1_274' title='bbox 3374 1331 3629 1389; x_wconf 66' lang='lat' dir='ltr'><strong>condita)</strong></span> 
     </span>
    </p>
   </div>
   <div class='ocr_carea' id='block_1_46' title="bbox 1987 1410 3633 1490">
    <p class='ocr_par' dir='ltr' id='par_1_46' title="bbox 1987 1410 3633 1490">
     <span class='ocr_line' id='line_1_46' title="bbox 1987 1410 3633 1490; baseline 0.006 -25"><span class='ocrx_word' id='word_1_275' title='bbox 1987 1410 2297 1468; x_wconf 90' lang='lat' dir='ltr'><strong>millesimo</strong></span> <span class='ocrx_word' id='word_1_276' title='bbox 2324 1415 2410 1468; x_wconf 88' lang='lat'><strong>92.</strong></span> <span class='ocrx_word' id='word_1_277' title='bbox 2448 1414 2842 1487; x_wconf 89' lang='lat' dir='ltr'><strong>Constantius,</strong></span> <span class='ocrx_word' id='word_1_278' title='bbox 2880 1416 3033 1473; x_wconf 77' lang='lat' dir='ltr'><strong>illius</strong></span> <span class='ocrx_word' id='word_1_279' title='bbox 3087 1419 3471 1490; x_wconf 86' lang='lat' dir='ltr'><strong>Constantini,</strong></span> <span class='ocrx_word' id='word_1_280' title='bbox 3505 1424 3633 1475; x_wconf 62' lang='lat'><strong>35“</strong></span> 
     </span>
    </p>
   </div>
   <div class='ocr_carea' id='block_1_47' title="bbox 1990 1500 3637 1576">
    <p class='ocr_par' dir='ltr' id='par_1_47' title="bbox 1990 1500 3637 1576">
     <span class='ocr_line' id='line_1_47' title="bbox 1990 1500 3637 1576; baseline 0.006 -22"><span class='ocrx_word' id='word_1_281' title='bbox 1990 1500 2062 1555; x_wconf 89' lang='lat' dir='ltr'><strong>ab</strong></span> <span class='ocrx_word' id='word_1_282' title='bbox 2095 1501 2376 1570; x_wconf 87' lang='lat' dir='ltr'><strong>Augusto,</strong></span> <span class='ocrx_word' id='word_1_283' title='bbox 2410 1500 2714 1574; x_wconf 88' lang='lat' dir='ltr'><strong>imperium</strong></span> <span class='ocrx_word' id='word_1_284' title='bbox 2746 1505 3013 1576; x_wconf 89' lang='lat' dir='ltr'><strong>adeptus,</strong></span> <span class='ocrx_word' id='word_1_285' title='bbox 3047 1510 3115 1561; x_wconf 91' lang='lat'><strong>23</strong></span> <span class='ocrx_word' id='word_1_286' title='bbox 3152 1507 3315 1563; x_wconf 92' lang='lat' dir='ltr'><strong>annis</strong></span> <span class='ocrx_word' id='word_1_287' title='bbox 3347 1522 3477 1564; x_wconf 93' lang='lat' dir='ltr'><strong>cum</strong></span> <span class='ocrx_word' id='word_1_288' title='bbox 3527 1510 3637 1564; x_wconf 85' lang='lat' dir='ltr'><strong>fra-</strong></span> 
     </span>
    </p>
   </div>
   <div class='ocr_carea' id='block_1_48' title="bbox 1992 1586 3626 1665">
    <p class='ocr_par' dir='ltr' id='par_1_48' title="bbox 1992 1586 3626 1665">
     <span class='ocr_line' id='line_1_48' title="bbox 1992 1586 3626 1665; baseline 0.006 -23"><span class='ocrx_word' id='word_1_289' title='bbox 1992 1586 2184 1645; x_wconf 89' lang='lat' dir='ltr'><strong>tribus</strong></span> <span class='ocrx_word' id='word_1_290' title='bbox 2213 1589 2334 1645; x_wconf 91' lang='lat' dir='ltr'><strong>suis</strong></span> <span class='ocrx_word' id='word_1_291' title='bbox 2359 1592 2739 1647; x_wconf 89' lang='lat' dir='ltr'><strong>Constantiuo</strong></span> <span class='ocrx_word' id='word_1_292' title='bbox 2760 1598 2818 1647; x_wconf 90' lang='lat' dir='ltr'><strong>et</strong></span> <span class='ocrx_word' id='word_1_293' title='bbox 2845 1595 3159 1651; x_wconf 89' lang='lat' dir='ltr'><strong>Constante</strong></span> <span class='ocrx_word' id='word_1_294' title='bbox 3182 1597 3478 1665; x_wconf 87' lang='lat' dir='ltr'><strong>regnavit.</strong></span> <span class='ocrx_word' id='word_1_295' title='bbox 3501 1598 3626 1654; x_wconf 85' lang='lat' dir='ltr'><strong>Fuit</strong></span> 
     </span>
    </p>
   </div>
   <div class='ocr_carea' id='block_1_49' title="bbox 1901 1676 3635 1757">
    <p class='ocr_par' dir='ltr' id='par_1_49' title="bbox 1901 1676 3635 1757">
     <span class='ocr_line' id='line_1_49' title="bbox 1901 1676 3635 1757; baseline 0.005 -25"><span class='ocrx_word' id='word_1_296' title='bbox 1901 1695 1958 1757; x_wconf 81' lang='grc' dir='ltr'>Β</span> <span class='ocrx_word' id='word_1_297' title='bbox 1989 1676 2166 1733; x_wconf 92' lang='lat' dir='ltr'><strong>etiam</strong></span> <span class='ocrx_word' id='word_1_298' title='bbox 2192 1677 2346 1732; x_wconf 88' lang='lat' dir='ltr'><strong>inter</strong></span> <span class='ocrx_word' id='word_1_299' title='bbox 2375 1693 2749 1736; x_wconf 89' lang='lat' dir='ltr'><strong>successores</strong></span> <span class='ocrx_word' id='word_1_300' title='bbox 2768 1682 3131 1738; x_wconf 87' lang='lat' dir='ltr'><strong>Constantini</strong></span> <span class='ocrx_word' id='word_1_301' title='bbox 3176 1683 3513 1755; x_wconf 87' lang='lat' dir='ltr'><strong>Dalmatius,</strong></span> <span class='ocrx_word' id='word_1_302' title='bbox 3574 1686 3635 1741; x_wconf 87' lang='lat' dir='ltr'><strong>fl-</strong></span> 
     </span>
    </p>
   </div>
   <div class='ocr_carea' id='block_1_50' title="bbox 1993 1765 3634 1843">
    <p class='ocr_par' dir='ltr' id='par_1_50' title="bbox 1993 1765 3634 1843">
     <span class='ocr_line' id='line_1_50' title="bbox 1993 1765 3634 1843; baseline 0.007 -23"><span class='ocrx_word' id='word_1_303' title='bbox 1993 1765 2106 1823; x_wconf 88' lang='lat' dir='ltr'><strong>lius</strong></span> <span class='ocrx_word' id='word_1_304' title='bbox 2129 1767 2329 1824; x_wconf 81' lang='lat' dir='ltr'><strong>fratris</strong></span> <span class='ocrx_word' id='word_1_305' title='bbox 2357 1769 2446 1825; x_wconf 92' lang='lat' dir='ltr'><strong>sui</strong></span> <span class='ocrx_word' id='word_1_306' title='bbox 2477 1767 2953 1841; x_wconf 88' lang='lat' dir='ltr'><strong>Dalmatii,quem</strong></span> <span class='ocrx_word' id='word_1_307' title='bbox 2985 1773 3111 1843; x_wconf 90' lang='lat' dir='ltr'><strong>ipse</strong></span> <span class='ocrx_word' id='word_1_308' title='bbox 3141 1773 3634 1831; x_wconf 87' lang='lat' dir='ltr'><strong>Constantinusin</strong></span> 
     </span>
    </p>
   </div>
   <div class='ocr_carea' id='block_1_51' title="bbox 1990 1856 3639 1934">
    <p class='ocr_par' dir='ltr' id='par_1_51' title="bbox 1990 1856 3639 1934">
     <span class='ocr_line' id='line_1_51' title="bbox 1990 1856 3639 1934; baseline 0.005 -23"><span class='ocrx_word' id='word_1_309' title='bbox 1990 1856 2351 1912; x_wconf 86' lang='lat' dir='ltr'><strong>consortium</strong></span> <span class='ocrx_word' id='word_1_310' title='bbox 2374 1857 2536 1927; x_wconf 82' lang='lat' dir='ltr'><strong>regni</strong></span> <span class='ocrx_word' id='word_1_311' title='bbox 2552 1858 2881 1929; x_wconf 88' lang='lat' dir='ltr'><strong>adoptavit.</strong></span> <span class='ocrx_word' id='word_1_312' title='bbox 2905 1860 2970 1915; x_wconf 83' lang='lat' dir='ltr'><strong>lli</strong></span> <span class='ocrx_word' id='word_1_313' title='bbox 3001 1860 3213 1930; x_wconf 85' lang='lat' dir='ltr'><strong>singuli</strong></span> <span class='ocrx_word' id='word_1_314' title='bbox 3230 1860 3490 1931; x_wconf 88' lang='lat' dir='ltr'><strong>singulas</strong></span> <span class='ocrx_word' id='word_1_315' title='bbox 3509 1878 3639 1934; x_wconf 88' lang='lat' dir='ltr'><strong>par-</strong></span> 
     </span>
    </p>
   </div>
   <div class='ocr_carea' id='block_1_52' title="bbox 1990 1943 3623 2023">
    <p class='ocr_par' dir='ltr' id='par_1_52' title="bbox 1990 1943 3623 2023">
     <span class='ocr_line' id='line_1_52' title="bbox 1990 1943 3623 2023; baseline 0.005 -24"><span class='ocrx_word' id='word_1_316' title='bbox 1990 1949 2081 2001; x_wconf 91' lang='lat' dir='ltr'><strong>tes</strong></span> <span class='ocrx_word' id='word_1_317' title='bbox 2109 1943 2178 1977; x_wconf 80' lang='grc'><strong>⁶⁸²</strong></span> <span class='ocrx_word' id='word_1_318' title='bbox 2209 1946 2494 2015; x_wconf 91' lang='lat' dir='ltr'><strong>regendas</strong></span> <span class='ocrx_word' id='word_1_319' title='bbox 2535 1947 2608 2003; x_wconf 90' lang='lat' dir='ltr'><strong>ab</strong></span> <span class='ocrx_word' id='word_1_320' title='bbox 2640 1946 2765 2018; x_wconf 88' lang='lat' dir='ltr'><strong>ipso</strong></span> <span class='ocrx_word' id='word_1_321' title='bbox 2824 1949 3205 2004; x_wconf 90' lang='lat' dir='ltr'><strong>Constantino</strong></span> <span class='ocrx_word' id='word_1_322' title='bbox 3246 1957 3623 2023; x_wconf 86' lang='lat' dir='ltr'><strong>acceperunt,</strong></span> 
     </span>
    </p>
   </div>
   <div class='ocr_carea' id='block_1_53' title="bbox 1993 2034 3634 2109">
    <p class='ocr_par' dir='ltr' id='par_1_53' title="bbox 1993 2034 3634 2109">
     <span class='ocr_line' id='line_1_53' title="bbox 1993 2034 3634 2109; baseline 0.005 -21"><span class='ocrx_word' id='word_1_323' title='bbox 1993 2034 2409 2091; x_wconf 91' lang='lat' dir='ltr'><strong>Constantinus</strong></span> <span class='ocrx_word' id='word_1_324' title='bbox 2439 2039 2647 2091; x_wconf 90' lang='lat' dir='ltr'><strong>cuncta</strong></span> <span class='ocrx_word' id='word_1_325' title='bbox 2670 2039 2838 2092; x_wconf 90' lang='lat' dir='ltr'><strong>trans</strong></span> <span class='ocrx_word' id='word_1_326' title='bbox 2871 2036 3062 2109; x_wconf 88' lang='lat' dir='ltr'><strong>Alpes,</strong></span> <span class='ocrx_word' id='word_1_327' title='bbox 3081 2040 3365 2095; x_wconf 90' lang='lat' dir='ltr'><strong>Constans</strong></span> <span class='ocrx_word' id='word_1_328' title='bbox 3410 2040 3634 2096; x_wconf 88' lang='lat' dir='ltr'><strong>Italiam</strong></span> 
     </span>
    </p>
   </div>
   <div class='ocr_carea' id='block_1_54' title="bbox 1990 2122 3640 2195">
    <p class='ocr_par' dir='ltr' id='par_1_54' title="bbox 1990 2122 3640 2195">
     <span class='ocr_line' id='line_1_54' title="bbox 1990 2122 3640 2195; baseline 0.004 -17"><span class='ocrx_word' id='word_1_329' title='bbox 1990 2124 2047 2178; x_wconf 92' lang='lat' dir='ltr'><strong>et</strong></span> <span class='ocrx_word' id='word_1_330' title='bbox 2060 2122 2358 2180; x_wconf 86' lang='lat' dir='ltr'><strong>Ylliricum</strong></span> <span class='ocrx_word' id='word_1_331' title='bbox 2382 2128 2442 2179; x_wconf 91' lang='lat' dir='ltr'><strong>et</strong></span> <span class='ocrx_word' id='word_1_332' title='bbox 2466 2123 2737 2195; x_wconf 87' lang='lat' dir='ltr'><strong>Africam,</strong></span> <span class='ocrx_word' id='word_1_333' title='bbox 2756 2126 3135 2183; x_wconf 88' lang='lat' dir='ltr'><strong>Constantius</strong></span> <span class='ocrx_word' id='word_1_334' title='bbox 3153 2127 3344 2183; x_wconf 83' lang='lat' dir='ltr'><strong>Asiam</strong></span> <span class='ocrx_word' id='word_1_335' title='bbox 3361 2131 3420 2183; x_wconf 92' lang='lat' dir='ltr'><strong>et</strong></span> <span class='ocrx_word' id='word_1_336' title='bbox 3437 2128 3640 2184; x_wconf 89' lang='lat' dir='ltr'><strong>Orien-</strong></span> 
     </span>
    </p>
   </div>
   <div class='ocr_carea' id='block_1_55' title="bbox 1995 2206 3619 2277">
    <p class='ocr_par' dir='ltr' id='par_1_55' title="bbox 1995 2206 3619 2277">
     <span class='ocr_line' id='line_1_55' title="bbox 1995 2206 3619 2277; baseline 0.004 -15"><span class='ocrx_word' id='word_1_337' title='bbox 1995 2212 2127 2277; x_wconf 90' lang='lat' dir='ltr'><strong>tem,</strong></span> <span class='ocrx_word' id='word_1_338' title='bbox 2154 2206 2474 2264; x_wconf 90' lang='lat' dir='ltr'><strong>Dalmatius</strong></span> <span class='ocrx_word' id='word_1_339' title='bbox 2502 2208 2778 2277; x_wconf 88' lang='lat' dir='ltr'><strong>Traciam,</strong></span> <span class='ocrx_word' id='word_1_340' title='bbox 2807 2209 3192 2265; x_wconf 89' lang='lat' dir='ltr'><strong>Macedoniam</strong></span> <span class='ocrx_word' id='word_1_341' title='bbox 3226 2217 3283 2265; x_wconf 89' lang='lat' dir='ltr'><strong>et</strong></span> <span class='ocrx_word' id='word_1_342' title='bbox 3319 2212 3619 2268; x_wconf 85' lang='lat' dir='ltr'><strong>Achaiam.</strong></span> 
     </span>
    </p>
   </div>
   <div class='ocr_carea' id='block_1_56' title="bbox 1992 2295 3627 2370">
    <p class='ocr_par' dir='ltr' id='par_1_56' title="bbox 1992 2295 3627 2370">
     <span class='ocr_line' id='line_1_56' title="bbox 1992 2295 3627 2370; baseline 0.004 -19"><span class='ocrx_word' id='word_1_343' title='bbox 1992 2297 2202 2352; x_wconf 86' lang='lat' dir='ltr'><strong>Verum</strong></span> <span class='ocrx_word' id='word_1_344' title='bbox 2225 2295 2567 2367; x_wconf 88' lang='lat' dir='ltr'><strong>Dalmatius,</strong></span> <span class='ocrx_word' id='word_1_345' title='bbox 2627 2298 3020 2368; x_wconf 90' lang='lat' dir='ltr'><strong>prosperrima</strong></span> <span class='ocrx_word' id='word_1_346' title='bbox 3072 2298 3266 2354; x_wconf 90' lang='lat' dir='ltr'><strong>indole</strong></span> <span class='ocrx_word' id='word_1_347' title='bbox 3313 2304 3372 2354; x_wconf 93' lang='lat' dir='ltr'><strong>et</strong></span> <span class='ocrx_word' id='word_1_348' title='bbox 3416 2305 3627 2370; x_wconf 89' lang='lat' dir='ltr'><strong>patrno</strong></span> 
     </span>
    </p>
   </div>
   <div class='ocr_carea' id='block_1_57' title="bbox 1992 2383 3634 2457">
    <p class='ocr_par' dir='ltr' id='par_1_57' title="bbox 1992 2383 3634 2457">
     <span class='ocr_line' id='line_1_57' title="bbox 1992 2383 3634 2457; baseline 0.005 -19"><span class='ocrx_word' id='word_1_349' title='bbox 1992 2384 2134 2440; x_wconf 90' lang='lat' dir='ltr'><strong>haut</strong></span> <span class='ocrx_word' id='word_1_350' title='bbox 2164 2383 2491 2454; x_wconf 90' lang='lat' dir='ltr'><strong>dissimilis,</strong></span> <span class='ocrx_word' id='word_1_351' title='bbox 2534 2400 2644 2440; x_wconf 94' lang='lat' dir='ltr'><strong>non</strong></span> <span class='ocrx_word' id='word_1_352' title='bbox 2670 2385 3051 2457; x_wconf 90' lang='lat' dir='ltr'><strong>multoposta</strong></span> <span class='ocrx_word' id='word_1_353' title='bbox 3080 2386 3368 2444; x_wconf 89' lang='lat' dir='ltr'><strong>militibus</strong></span> <span class='ocrx_word' id='word_1_354' title='bbox 3401 2388 3634 2446; x_wconf 89' lang='lat' dir='ltr'><strong>occisus</strong></span> 
     </span>
    </p>
   </div>
   <div class='ocr_carea' id='block_1_58' title="bbox 1991 2473 3630 2547">
    <p class='ocr_par' dir='ltr' id='par_1_58' title="bbox 1991 2473 3630 2547">
     <span class='ocr_line' id='line_1_58' title="bbox 1991 2473 3630 2547; baseline 0.002 -18"><span class='ocrx_word' id='word_1_355' title='bbox 1991 2477 2103 2543; x_wconf 91' lang='lat' dir='ltr'><strong>est,</strong></span> <span class='ocrx_word' id='word_1_356' title='bbox 2137 2473 2474 2528; x_wconf 87' lang='lat' dir='ltr'><strong>Constantio</strong></span> <span class='ocrx_word' id='word_1_357' title='bbox 2507 2473 2757 2545; x_wconf 88' lang='lat' dir='ltr'><strong>patrueli</strong></span> <span class='ocrx_word' id='word_1_358' title='bbox 2781 2488 2889 2530; x_wconf 92' lang='lat' dir='ltr'><strong>suo</strong></span> <span class='ocrx_word' id='word_1_359' title='bbox 2945 2474 3175 2531; x_wconf 89' lang='lat' dir='ltr'><strong>sinente</strong></span> <span class='ocrx_word' id='word_1_360' title='bbox 3217 2476 3413 2546; x_wconf 89' lang='lat' dir='ltr'><strong>potius</strong></span> <span class='ocrx_word' id='word_1_361' title='bbox 3461 2492 3630 2547; x_wconf 91' lang='lat' dir='ltr'><strong>quam</strong></span> 
     </span>
    </p>
   </div>
   <div class='ocr_carea' id='block_1_59' title="bbox 1985 2562 3636 2633">
    <p class='ocr_par' dir='ltr' id='par_1_59' title="bbox 1985 2562 3636 2633">
     <span class='ocr_line' id='line_1_59' title="bbox 1985 2562 3636 2633; baseline 0.002 -15"><span class='ocrx_word' id='word_1_362' title='bbox 1985 2562 2255 2633; x_wconf 84' lang='lat' dir='ltr'><strong>jubente.</strong></span> <span class='ocrx_word' id='word_1_363' title='bbox 2294 2564 2432 2618; x_wconf 91' lang='lat' dir='ltr'><strong>Post</strong></span> <span class='ocrx_word' id='word_1_364' title='bbox 2463 2562 2587 2619; x_wconf 67' lang='lat' dir='ltr'><strong>haec</strong></span> <span class='ocrx_word' id='word_1_365' title='bbox 2619 2562 2773 2619; x_wconf 90' lang='lat' dir='ltr'><strong>inter</strong></span> <span class='ocrx_word' id='word_1_366' title='bbox 2805 2564 3243 2620; x_wconf 90' lang='lat' dir='ltr'><strong>Constantinum</strong></span> <span class='ocrx_word' id='word_1_367' title='bbox 3280 2565 3636 2622; x_wconf 89' lang='lat' dir='ltr'><strong>etConstan-</strong></span> 
     </span>
    </p>
   </div>
   <div class='ocr_carea' id='block_1_60' title="bbox 1993 2649 3632 2723">
    <p class='ocr_par' dir='ltr' id='par_1_60' title="bbox 1993 2649 3632 2723">
     <span class='ocr_line' id='line_1_60' title="bbox 1993 2649 3632 2723; baseline 0.002 -18"><span class='ocrx_word' id='word_1_368' title='bbox 1993 2655 2107 2706; x_wconf 90' lang='lat' dir='ltr'><strong>tem</strong></span> <span class='ocrx_word' id='word_1_369' title='bbox 2140 2649 2432 2706; x_wconf 89' lang='lat' dir='ltr'><strong>discordia</strong></span> <span class='ocrx_word' id='word_1_370' title='bbox 2464 2654 2665 2706; x_wconf 83' lang='lat' dir='ltr'><strong>exorta</strong></span> <span class='ocrx_word' id='word_1_371' title='bbox 2695 2649 2764 2683; x_wconf 74' lang='grc'><strong>⁸⁸³</strong></span> <span class='ocrx_word' id='word_1_372' title='bbox 2791 2656 2885 2707; x_wconf 89' lang='lat' dir='ltr'><strong>est</strong></span> <span class='ocrx_word' id='word_1_373' title='bbox 2908 2651 3467 2723; x_wconf 88' lang='lat' dir='ltr'><strong>propterltaliamet</strong></span> <span class='ocrx_word' id='word_1_374' title='bbox 3484 2654 3632 2709; x_wconf 84' lang='lat' dir='ltr'><strong>Afri-</strong></span> 
     </span>
    </p>
   </div>
   <div class='ocr_carea' id='block_1_61' title="bbox 1991 2739 3633 2812">
    <p class='ocr_par' dir='ltr' id='par_1_61' title="bbox 1991 2739 3633 2812">
     <span class='ocr_line' id='line_1_61' title="bbox 1991 2739 3633 2812; baseline 0.002 -18"><span class='ocrx_word' id='word_1_375' title='bbox 1991 2752 2138 2794; x_wconf 91' lang='lat' dir='ltr'><strong>cam.</strong></span> <span class='ocrx_word' id='word_1_376' title='bbox 2162 2739 2579 2797; x_wconf 90' lang='lat' dir='ltr'><strong>Constantinus</strong></span> <span class='ocrx_word' id='word_1_377' title='bbox 2594 2740 2791 2810; x_wconf 89' lang='lat' dir='ltr'><strong>itaque</strong></span> <span class='ocrx_word' id='word_1_378' title='bbox 2810 2739 2944 2796; x_wconf 90' lang='lat' dir='ltr'><strong>dum</strong></span> <span class='ocrx_word' id='word_1_379' title='bbox 2962 2740 3171 2797; x_wconf 90' lang='lat' dir='ltr'><strong>nititur</strong></span> <span class='ocrx_word' id='word_1_380' title='bbox 3203 2746 3403 2812; x_wconf 87' lang='lat' dir='ltr'><strong>partes</strong></span> <span class='ocrx_word' id='word_1_381' title='bbox 3429 2742 3633 2798; x_wconf 89' lang='lat' dir='ltr'><strong>fratris</strong></span> 
     </span>
    </p>
   </div>
   <div class='ocr_carea' id='block_1_62' title="bbox 1986 2827 3771 2901">
    <p class='ocr_par' dir='ltr' id='par_1_62' title="bbox 1986 2827 3771 2901">
     <span class='ocr_line' id='line_1_62' title="bbox 1986 2827 3771 2901; baseline 0 -17"><span class='ocrx_word' id='word_1_382' title='bbox 1986 2827 2235 2898; x_wconf 90' lang='lat' dir='ltr'><strong>junioris</strong></span> <span class='ocrx_word' id='word_1_383' title='bbox 2265 2827 2559 2898; x_wconf 90' lang='lat' dir='ltr'><strong>invadere,</strong></span> <span class='ocrx_word' id='word_1_384' title='bbox 2594 2828 2807 2884; x_wconf 91' lang='lat' dir='ltr'><strong>bellum</strong></span> <span class='ocrx_word' id='word_1_385' title='bbox 2842 2829 3018 2885; x_wconf 90' lang='lat' dir='ltr'><strong>movit</strong></span> <span class='ocrx_word' id='word_1_386' title='bbox 3058 2832 3262 2885; x_wconf 90' lang='lat' dir='ltr'><strong>contra</strong></span> <span class='ocrx_word' id='word_1_387' title='bbox 3321 2844 3473 2901; x_wconf 92' lang='lat' dir='ltr'><strong>eum,</strong></span> <span class='ocrx_word' id='word_1_388' title='bbox 3532 2829 3634 2886; x_wconf 92' lang='lat' dir='ltr'><strong>sed</strong></span> <span class='ocrx_word' id='word_1_389' title='bbox 3744 2860 3771 2872; x_wconf 90' lang='lat'><strong>-</strong></span> 
     </span>
    </p>
   </div>
   <div class='ocr_carea' id='block_1_63' title="bbox 1993 2915 3636 2988">
    <p class='ocr_par' dir='ltr' id='par_1_63' title="bbox 1993 2915 3636 2988">
     <span class='ocr_line' id='line_1_63' title="bbox 1993 2915 3636 2988; baseline 0.002 -16"><span class='ocrx_word' id='word_1_390' title='bbox 1993 2916 2126 2974; x_wconf 93' lang='lat' dir='ltr'><strong>dum</strong></span> <span class='ocrx_word' id='word_1_391' title='bbox 2154 2916 2541 2973; x_wconf 88' lang='lat' dir='ltr'><strong>inconsultius</strong></span> <span class='ocrx_word' id='word_1_392' title='bbox 2571 2915 2723 2988; x_wconf 90' lang='lat' dir='ltr'><strong>apud</strong></span> <span class='ocrx_word' id='word_1_393' title='bbox 2757 2916 3078 2987; x_wconf 89' lang='lat' dir='ltr'><strong>Aquileiam</strong></span> <span class='ocrx_word' id='word_1_394' title='bbox 3109 2917 3369 2988; x_wconf 78' lang='lat' dir='ltr'><strong>praelium</strong></span> <span class='ocrx_word' id='word_1_395' title='bbox 3404 2933 3636 2988; x_wconf 89' lang='lat' dir='ltr'><strong>aggres-</strong></span> 
     </span>
    </p>
   </div>
   <div class='ocr_carea' id='block_1_64' title="bbox 236 3005 3624 3114">
    <p class='ocr_par' dir='ltr' id='par_1_64' title="bbox 236 3005 3624 3114">
     <span class='ocr_line' id='line_1_64' title="bbox 236 3005 3624 3114; baseline 0 -51"><span class='ocrx_word' id='word_1_396' title='bbox 236 3011 414 3064; x_wconf 88' lang='lat' dir='ltr'><strong>natur</strong></span> <span class='ocrx_word' id='word_1_397' title='bbox 442 3006 762 3078; x_wconf 90' lang='lat' dir='ltr'><strong>episcopus</strong></span> <span class='ocrx_word' id='word_1_398' title='bbox 792 3011 943 3065; x_wconf 65' lang='lat'><strong>17“.</strong></span> <span class='ocrx_word' id='word_1_399' title='bbox 968 3008 1376 3066; x_wconf 72' lang='lat' dir='ltr'><strong>Hierosolimis</strong></span> <span class='ocrx_word' id='word_1_400' title='bbox 1415 3009 1724 3067; x_wconf 89' lang='lat' dir='ltr'><strong>ordinatur</strong></span> <span class='ocrx_word' id='word_1_401' title='bbox 1771 3010 1881 3066; x_wconf 88' lang='lat' dir='ltr'><strong>Ma-</strong></span> <span class='ocrx_word' id='word_1_402' title='bbox 1911 3050 1961 3114; x_wconf 65' lang='grc' dir='ltr'>Ο</span> <span class='ocrx_word' id='word_1_403' title='bbox 1993 3021 2095 3063; x_wconf 91' lang='lat' dir='ltr'><strong>sus</strong></span> <span class='ocrx_word' id='word_1_404' title='bbox 2123 3011 2236 3077; x_wconf 90' lang='lat' dir='ltr'><strong>est,</strong></span> <span class='ocrx_word' id='word_1_405' title='bbox 2268 3021 2298 3062; x_wconf 90' lang='lat' dir='ltr'><strong>a</strong></span> <span class='ocrx_word' id='word_1_406' title='bbox 2330 3006 2661 3063; x_wconf 85' lang='lat' dir='ltr'><strong>Constantis</strong></span> <span class='ocrx_word' id='word_1_407' title='bbox 2691 3005 3458 3076; x_wconf 87' lang='lat' dir='ltr'><strong>militibusinterfectusest,</strong></span> <span class='ocrx_word' id='word_1_408' title='bbox 3496 3009 3624 3063; x_wconf 90' lang='lat' dir='ltr'><strong>etin</strong></span> 
     </span>
     <span class='ocr_line' id='line_1_65' title="bbox 236 3091 3624 3114; baseline 0 -2"><span class='ocrx_word' id='word_1_409' title='bbox 236 3091 468 3114; x_wconf 53' lang='grc' dir='ltr'>-.ηιμ</span> <span class='ocrx_word' id='word_1_410' title='bbox 499 3096 624 3114; x_wconf 66' lang='grc' dir='ltr'>οη...</span> <span class='ocrx_word' id='word_1_411' title='bbox 692 3094 1013 3114; x_wconf 58' lang='lat'><strong>..___-_..__-</strong></span> <span class='ocrx_word' id='word_1_412' title='bbox 2386 3109 2582 3114; x_wconf 29' lang='lat' dir='ltr'><strong>“MA</strong></span> <span class='ocrx_word' id='word_1_413' title='bbox 2754 3093 2867 3114; x_wconf 76' lang='lat'><strong>..__</strong></span> <span class='ocrx_word' id='word_1_414' title='bbox 2893 3109 2999 3114; x_wconf 53' lang='grc' dir='ltr'>ω</span> <span class='ocrx_word' id='word_1_415' title='bbox 3033 3094 3198 3114; x_wconf 63' lang='lat'><strong>.-___</strong></span> <span class='ocrx_word' id='word_1_416' title='bbox 3387 3097 3403 3114; x_wconf 77' lang='lat'><strong>.</strong></span> 
     </span>
    </p>
   </div>
   <div class='ocr_carea' id='block_1_65' title="bbox 226 3091 1300 3152">
    <p class='ocr_par' dir='ltr' id='par_1_65' title="bbox 226 3091 1300 3152">
     <span class='ocr_line' id='line_1_66' title="bbox 226 3091 1300 3152; baseline 0.003 -4"><span class='ocrx_word' id='word_1_417' title='bbox 226 3091 470 3149; x_wconf 88' lang='lat' dir='ltr'><strong>eharius</strong></span> <span class='ocrx_word' id='word_1_418' title='bbox 498 3096 651 3150; x_wconf 61' lang='lat'><strong>39“.</strong></span> <span class='ocrx_word' id='word_1_419' title='bbox 690 3094 1016 3151; x_wconf 85' lang='lat' dir='ltr'><strong>Maxentius</strong></span> <span class='ocrx_word' id='word_1_420' title='bbox 1050 3095 1300 3152; x_wconf 90' lang='lat' dir='ltr'><strong>interiit.</strong></span> 
     </span>
    </p>
   </div>
   <div class='ocr_carea' id='block_1_66' title="bbox 299 3180 1434 3253">
    <p class='ocr_par' dir='ltr' id='par_1_66' title="bbox 299 3180 1434 3253">
     <span class='ocr_line' id='line_1_67' title="bbox 299 3180 1434 3253; baseline 0.002 -16"><span class='ocrx_word' id='word_1_421' title='bbox 299 3185 359 3237; x_wconf 91' lang='lat'><strong>9.</strong></span> <span class='ocrx_word' id='word_1_422' title='bbox 395 3180 572 3250; x_wconf 76' lang='lat' dir='ltr'><strong>(0hr.</strong></span> <span class='ocrx_word' id='word_1_423' title='bbox 606 3180 1130 3253; x_wconf 87' lang='lat' dir='ltr'><strong>W.)Diocletianus</strong></span> <span class='ocrx_word' id='word_1_424' title='bbox 1160 3183 1434 3241; x_wconf 88' lang='lat' dir='ltr'><strong>moritur.</strong></span> 
     </span>
    </p>
   </div>
   <div class='ocr_carea' id='block_1_67' title="bbox 304 3269 1882 3345">
    <p class='ocr_par' dir='ltr' id='par_1_67' title="bbox 304 3269 1882 3345">
     <span class='ocr_line' id='line_1_68' title="bbox 304 3269 1882 3345; baseline 0.003 -19"><span class='ocrx_word' id='word_1_425' title='bbox 304 3274 397 3327; x_wconf 92' lang='lat'><strong>10.</strong></span> <span class='ocrx_word' id='word_1_426' title='bbox 418 3269 722 3343; x_wconf 75' lang='lat' dir='ltr'><strong>(Hisn.)A.</strong></span> <span class='ocrx_word' id='word_1_427' title='bbox 743 3272 805 3325; x_wconf 93' lang='lat' dir='ltr'><strong>D.</strong></span> <span class='ocrx_word' id='word_1_428' title='bbox 834 3274 963 3328; x_wconf 88' lang='lat'><strong>320.</strong></span> <span class='ocrx_word' id='word_1_429' title='bbox 987 3271 1239 3330; x_wconf 89' lang='lat' dir='ltr'><strong>Licinius</strong></span> <span class='ocrx_word' id='word_1_430' title='bbox 1265 3272 1731 3345; x_wconf 87' lang='lat' dir='ltr'><strong>persecutionem</strong></span> <span class='ocrx_word' id='word_1_431' title='bbox 1764 3287 1882 3330; x_wconf 89' lang='lat' dir='ltr'><strong>mo-</strong></span> 
     </span>
    </p>
   </div>
   <div class='ocr_carea' id='block_1_68' title="bbox 224 3358 824 3418">
    <p class='ocr_par' dir='ltr' id='par_1_68' title="bbox 224 3358 824 3418">
     <span class='ocr_line' id='line_1_69' title="bbox 224 3358 824 3418; baseline 0.003 -4"><span class='ocrx_word' id='word_1_432' title='bbox 224 3363 326 3415; x_wconf 89' lang='lat' dir='ltr'><strong>vet</strong></span> <span class='ocrx_word' id='word_1_433' title='bbox 355 3358 411 3414; x_wconf 92' lang='lat' dir='ltr'><strong>in</strong></span> <span class='ocrx_word' id='word_1_434' title='bbox 442 3358 824 3418; x_wconf 89' lang='lat' dir='ltr'><strong>christianos.</strong></span> 
     </span>
    </p>
   </div>
   <div class='ocr_carea' id='block_1_69' title="bbox 299 3448 1881 3508">
    <p class='ocr_par' dir='ltr' id='par_1_69' title="bbox 299 3448 1881 3508">
     <span class='ocr_line' id='line_1_70' title="bbox 299 3448 1881 3508; baseline 0.002 -4"><span class='ocrx_word' id='word_1_435' title='bbox 299 3451 393 3504; x_wconf 90' lang='lat'><strong>13.</strong></span> <span class='ocrx_word' id='word_1_436' title='bbox 433 3448 606 3505; x_wconf 90' lang='lat' dir='ltr'><strong>A.D.</strong></span> <span class='ocrx_word' id='word_1_437' title='bbox 670 3452 800 3506; x_wconf 88' lang='lat'><strong>323.</strong></span> <span class='ocrx_word' id='word_1_438' title='bbox 860 3448 1117 3507; x_wconf 90' lang='lat' dir='ltr'><strong>Licinius</strong></span> <span class='ocrx_word' id='word_1_439' title='bbox 1171 3450 1487 3508; x_wconf 89' lang='lat' dir='ltr'><strong>occiditur.</strong></span> <span class='ocrx_word' id='word_1_440' title='bbox 1551 3450 1881 3508; x_wconf 87' lang='lat' dir='ltr'><strong>Alexander</strong></span> 
     </span>
    </p>
   </div>
   <div class='ocr_carea' id='block_1_70' title="bbox 223 3536 1463 3611">
    <p class='ocr_par' dir='ltr' id='par_1_70' title="bbox 223 3536 1463 3611">
     <span class='ocr_line' id='line_1_71' title="bbox 223 3536 1463 3611; baseline 0.002 -18"><span class='ocrx_word' id='word_1_441' title='bbox 223 3536 538 3593; x_wconf 89' lang='lat' dir='ltr'><strong>ordinatur</strong></span> <span class='ocrx_word' id='word_1_442' title='bbox 564 3536 933 3595; x_wconf 65' lang='lat' dir='ltr'><strong>Alexandria:</strong></span> <span class='ocrx_word' id='word_1_443' title='bbox 964 3538 1279 3611; x_wconf 80' lang='lat' dir='ltr'><strong>episCOpus</strong></span> <span class='ocrx_word' id='word_1_444' title='bbox 1312 3544 1463 3598; x_wconf 64' lang='lat' dir='ltr'><strong>18m.</strong></span> 
     </span>
    </p>
   </div>
   <div class='ocr_carea' id='block_1_71' title="bbox 303 3624 1883 3702">
    <p class='ocr_par' dir='ltr' id='par_1_71' title="bbox 303 3624 1883 3702">
     <span class='ocr_line' id='line_1_72' title="bbox 303 3624 1883 3702; baseline 0.003 -21"><span class='ocrx_word' id='word_1_445' title='bbox 303 3627 394 3681; x_wconf 90' lang='lat'><strong>17.</strong></span> <span class='ocrx_word' id='word_1_446' title='bbox 431 3624 544 3694; x_wconf 79' lang='lat' dir='ltr'><strong>(Cf.</strong></span> <span class='ocrx_word' id='word_1_447' title='bbox 589 3625 729 3684; x_wconf 76' lang='lat' dir='ltr'><strong>C’Itr.</strong></span> <span class='ocrx_word' id='word_1_448' title='bbox 759 3625 879 3699; x_wconf 90' lang='lat' dir='ltr'><strong>W.)</strong></span> <span class='ocrx_word' id='word_1_449' title='bbox 912 3628 984 3682; x_wconf 86' lang='lat' dir='ltr'><strong>A.</strong></span> <span class='ocrx_word' id='word_1_450' title='bbox 1016 3627 1088 3684; x_wconf 93' lang='lat' dir='ltr'><strong>D.</strong></span> <span class='ocrx_word' id='word_1_451' title='bbox 1125 3631 1257 3684; x_wconf 88' lang='lat'><strong>327.</strong></span> <span class='ocrx_word' id='word_1_452' title='bbox 1295 3627 1615 3686; x_wconf 89' lang='lat' dir='ltr'><strong>Concilium</strong></span> <span class='ocrx_word' id='word_1_453' title='bbox 1632 3632 1737 3686; x_wconf 90' lang='lat'><strong>300</strong></span> <span class='ocrx_word' id='word_1_454' title='bbox 1761 3628 1883 3702; x_wconf 90' lang='lat' dir='ltr'><strong>epi-</strong></span> 
     </span>
    </p>
   </div>
   <div class='ocr_carea' id='block_1_72' title="bbox 233 3714 1281 3786">
    <p class='ocr_par' dir='ltr' id='par_1_72' title="bbox 233 3714 1281 3786">
     <span class='ocr_line' id='line_1_73' title="bbox 233 3714 1281 3786; baseline 0.004 -17"><span class='ocrx_word' id='word_1_455' title='bbox 233 3727 545 3785; x_wconf 89' lang='lat' dir='ltr'><strong>scoporum</strong></span> <span class='ocrx_word' id='word_1_456' title='bbox 579 3714 634 3769; x_wconf 93' lang='lat' dir='ltr'><strong>in</strong></span> <span class='ocrx_word' id='word_1_457' title='bbox 664 3714 835 3771; x_wconf 90' lang='lat' dir='ltr'><strong>Nicea</strong></span> <span class='ocrx_word' id='word_1_458' title='bbox 857 3721 1281 3786; x_wconf 89' lang='lat' dir='ltr'><strong>congregatur.</strong></span> 
     </span>
    </p>
   </div>
   <div class='ocr_carea' id='block_1_73' title="bbox 301 3803 1881 3863">
    <p class='ocr_par' dir='ltr' id='par_1_73' title="bbox 301 3803 1881 3863">
     <span class='ocr_line' id='line_1_74' title="bbox 301 3803 1881 3863; baseline 0.003 -5"><span class='ocrx_word' id='word_1_459' title='bbox 301 3806 395 3859; x_wconf 86' lang='lat'><strong>19.</strong></span> <span class='ocrx_word' id='word_1_460' title='bbox 433 3803 504 3858; x_wconf 84' lang='lat' dir='ltr'><strong>A.</strong></span> <span class='ocrx_word' id='word_1_461' title='bbox 539 3804 610 3859; x_wconf 94' lang='lat' dir='ltr'><strong>D.</strong></span> <span class='ocrx_word' id='word_1_462' title='bbox 645 3805 775 3860; x_wconf 88' lang='lat'><strong>329.</strong></span> <span class='ocrx_word' id='word_1_463' title='bbox 807 3804 961 3861; x_wconf 82' lang='lat' dir='ltr'><strong>Crux</strong></span> <span class='ocrx_word' id='word_1_464' title='bbox 992 3804 1212 3860; x_wconf 90' lang='lat' dir='ltr'><strong>Domini</strong></span> <span class='ocrx_word' id='word_1_465' title='bbox 1272 3804 1348 3862; x_wconf 82' lang='lat' dir='ltr'><strong>ab</strong></span> <span class='ocrx_word' id='word_1_466' title='bbox 1400 3804 1614 3862; x_wconf 87' lang='lat' dir='ltr'><strong>Helena</strong></span> <span class='ocrx_word' id='word_1_467' title='bbox 1663 3806 1881 3863; x_wconf 90' lang='lat' dir='ltr'><strong>inveni-</strong></span> 
     </span>
    </p>
   </div>
   <div class='ocr_carea' id='block_1_74' title="bbox 232 3890 459 3948">
    <p class='ocr_par' dir='ltr' id='par_1_74' title="bbox 232 3890 459 3948">
     <span class='ocr_line' id='line_1_75' title="bbox 232 3890 459 3948; baseline 0 -1"><span class='ocrx_word' id='word_1_468' title='bbox 232 3896 336 3948; x_wconf 90' lang='lat' dir='ltr'><strong>tur</strong></span> <span class='ocrx_word' id='word_1_469' title='bbox 363 3890 459 3947; x_wconf 73' lang='lat'><strong>‘7’.</strong></span> 
     </span>
    </p>
   </div>
   <div class='ocr_carea' id='block_1_75' title="bbox 298 3981 1883 4055">
    <p class='ocr_par' dir='ltr' id='par_1_75' title="bbox 298 3981 1883 4055">
     <span class='ocr_line' id='line_1_76' title="bbox 298 3981 1883 4055; baseline 0.003 -20"><span class='ocrx_word' id='word_1_470' title='bbox 298 3984 394 4037; x_wconf 91' lang='lat'><strong>20.</strong></span> <span class='ocrx_word' id='word_1_471' title='bbox 431 3981 657 4053; x_wconf 75' lang='grc' dir='ltr'><strong>(Ηιεῐι.)</strong></span> <span class='ocrx_word' id='word_1_472' title='bbox 688 3982 759 4036; x_wconf 91' lang='lat' dir='ltr'><strong>A.</strong></span> <span class='ocrx_word' id='word_1_473' title='bbox 798 3983 869 4037; x_wconf 94' lang='lat' dir='ltr'><strong>D.</strong></span> <span class='ocrx_word' id='word_1_474' title='bbox 908 3984 1038 4038; x_wconf 91' lang='lat'><strong>330.</strong></span> <span class='ocrx_word' id='word_1_475' title='bbox 1079 3982 1391 4053; x_wconf 82' lang='lat' dir='ltr'><strong>Hueusque</strong></span> <span class='ocrx_word' id='word_1_476' title='bbox 1421 3982 1715 4055; x_wconf 84' lang='lat' dir='ltr'><strong>liystorias</strong></span> <span class='ocrx_word' id='word_1_477' title='bbox 1743 3984 1883 4041; x_wconf 89' lang='lat' dir='ltr'><strong>scri-</strong></span> 
     </span>
    </p>
   </div>
   <div class='ocr_carea' id='block_1_76' title="bbox 227 4066 1240 4139">
    <p class='ocr_par' dir='ltr' id='par_1_76' title="bbox 227 4066 1240 4139">
     <span class='ocr_line' id='line_1_77' title="bbox 227 4066 1240 4139; baseline 0.005 -17"><span class='ocrx_word' id='word_1_478' title='bbox 227 4066 317 4123; x_wconf 92' lang='lat' dir='ltr'><strong>bit</strong></span> <span class='ocrx_word' id='word_1_479' title='bbox 350 4068 657 4139; x_wconf 85' lang='lat' dir='ltr'><strong>Eusebius,</strong></span> <span class='ocrx_word' id='word_1_480' title='bbox 693 4069 826 4126; x_wconf 85' lang='lat' dir='ltr'><strong>exin</strong></span> <span class='ocrx_word' id='word_1_481' title='bbox 852 4069 1240 4129; x_wconf 86' lang='lat' dir='ltr'><strong>Hieronimus.</strong></span> 
     </span>
    </p>
   </div>
   <div class='ocr_carea' id='block_1_77' title="bbox 294 4154 1886 4236">
    <p class='ocr_par' dir='ltr' id='par_1_77' title="bbox 294 4154 1886 4236">
     <span class='ocr_line' id='line_1_78' title="bbox 294 4154 1886 4236; baseline 0.004 -23"><span class='ocrx_word' id='word_1_482' title='bbox 294 4160 393 4213; x_wconf 92' lang='lat'><strong>21.</strong></span> <span class='ocrx_word' id='word_1_483' title='bbox 429 4160 501 4214; x_wconf 83' lang='lat' dir='ltr'><strong>A.</strong></span> <span class='ocrx_word' id='word_1_484' title='bbox 540 4154 609 4214; x_wconf 91' lang='lat' dir='ltr'><strong>D.</strong></span> <span class='ocrx_word' id='word_1_485' title='bbox 669 4162 800 4215; x_wconf 89' lang='lat'><strong>331.</strong></span> <span class='ocrx_word' id='word_1_486' title='bbox 831 4160 1152 4217; x_wconf 66' lang='lat' dir='ltr'><strong>Antiochiae</strong></span> <span class='ocrx_word' id='word_1_487' title='bbox 1184 4160 1490 4219; x_wconf 90' lang='lat' dir='ltr'><strong>ordinatur</strong></span> <span class='ocrx_word' id='word_1_488' title='bbox 1534 4160 1742 4219; x_wconf 89' lang='lat' dir='ltr'><strong>Vitalis</strong></span> <span class='ocrx_word' id='word_1_489' title='bbox 1771 4162 1886 4236; x_wconf 91' lang='lat' dir='ltr'><strong>epi.</strong></span> 
     </span>
    </p>
   </div>
   <div class='ocr_carea' id='block_1_78' title="bbox 229 4244 1884 4322">
    <p class='ocr_par' dir='ltr' id='par_1_78' title="bbox 229 4244 1884 4322">
     <span class='ocr_line' id='line_1_79' title="bbox 229 4244 1884 4322; baseline 0.005 -20"><span class='ocrx_word' id='word_1_490' title='bbox 229 4259 452 4317; x_wconf 89' lang='lat' dir='ltr'><strong>scopus</strong></span> <span class='ocrx_word' id='word_1_491' title='bbox 476 4244 547 4279; x_wconf 80' lang='grc'><strong>⁶⁸⁰</strong></span> <span class='ocrx_word' id='word_1_492' title='bbox 570 4249 718 4319; x_wconf 66' lang='grc' dir='ltr'><strong>2ου,</strong></span> <span class='ocrx_word' id='word_1_493' title='bbox 741 4251 872 4320; x_wconf 91' lang='lat' dir='ltr'><strong>post</strong></span> <span class='ocrx_word' id='word_1_494' title='bbox 888 4262 1060 4319; x_wconf 91' lang='lat' dir='ltr'><strong>quem</strong></span> <span class='ocrx_word' id='word_1_495' title='bbox 1089 4248 1464 4320; x_wconf 83' lang='lat' dir='ltr'><strong>Phylogonus</strong></span> <span class='ocrx_word' id='word_1_496' title='bbox 1491 4252 1641 4322; x_wconf 61' lang='lat' dir='ltr'><strong>21M,</strong></span> <span class='ocrx_word' id='word_1_497' title='bbox 1673 4251 1884 4311; x_wconf 89' lang='lat' dir='ltr'><strong>dehinc</strong></span> 
     </span>
    </p>
   </div>
   <div class='ocr_carea' id='block_1_79' title="bbox 224 4332 1567 4407">
    <p class='ocr_par' dir='ltr' id='par_1_79' title="bbox 224 4332 1567 4407">
     <span class='ocr_line' id='line_1_80' title="bbox 224 4332 1567 4407; baseline 0.004 -19"><span class='ocrx_word' id='word_1_498' title='bbox 224 4332 512 4391; x_wconf 91' lang='lat' dir='ltr'><strong>Paulinus</strong></span> <span class='ocrx_word' id='word_1_499' title='bbox 542 4338 689 4407; x_wconf 67' lang='lat'><strong>22‘&quot;,</strong></span> <span class='ocrx_word' id='word_1_500' title='bbox 714 4340 849 4407; x_wconf 91' lang='lat' dir='ltr'><strong>post</strong></span> <span class='ocrx_word' id='word_1_501' title='bbox 880 4336 1033 4393; x_wconf 92' lang='lat' dir='ltr'><strong>hunc</strong></span> <span class='ocrx_word' id='word_1_502' title='bbox 1088 4337 1396 4395; x_wconf 67' lang='lat' dir='ltr'><strong>Eustasius</strong></span> <span class='ocrx_word' id='word_1_503' title='bbox 1445 4336 1513 4371; x_wconf 79' lang='grc'>⁶⁸¹</span> <span class='ocrx_word' id='word_1_504' title='bbox 1551 4356 1567 4407; x_wconf 88' lang='lat'><strong>;</strong></span> 
     </span>
    </p>
   </div>
   <div class='ocr_carea' id='block_1_80' title="bbox 1992 3093 3638 3165">
    <p class='ocr_par' dir='ltr' id='par_1_80' title="bbox 1992 3093 3638 3165">
     <span class='ocr_line' id='line_1_81' title="bbox 1992 3093 3638 3165; baseline 0.001 -15"><span class='ocrx_word' id='word_1_505' title='bbox 1992 3094 2229 3151; x_wconf 81' lang='lat' dir='ltr'><strong>fluvium</strong></span> <span class='ocrx_word' id='word_1_506' title='bbox 2260 3094 2353 3152; x_wconf 92' lang='lat' dir='ltr'><strong>cui</strong></span> <span class='ocrx_word' id='word_1_507' title='bbox 2386 3109 2587 3152; x_wconf 89' lang='lat' dir='ltr'><strong>nomen</strong></span> <span class='ocrx_word' id='word_1_508' title='bbox 2620 3099 2707 3150; x_wconf 90' lang='lat' dir='ltr'><strong>est</strong></span> <span class='ocrx_word' id='word_1_509' title='bbox 2740 3093 2871 3150; x_wconf 89' lang='lat' dir='ltr'><strong>Alsa</strong></span> <span class='ocrx_word' id='word_1_510' title='bbox 2893 3109 3004 3150; x_wconf 91' lang='lat' dir='ltr'><strong>non</strong></span> <span class='ocrx_word' id='word_1_511' title='bbox 3033 3094 3202 3163; x_wconf 89' lang='lat' dir='ltr'><strong>longe</strong></span> <span class='ocrx_word' id='word_1_512' title='bbox 3241 3095 3313 3150; x_wconf 89' lang='lat' dir='ltr'><strong>ab</strong></span> <span class='ocrx_word' id='word_1_513' title='bbox 3373 3094 3638 3165; x_wconf 88' lang='lat' dir='ltr'><strong>Aquileia</strong></span> 
     </span>
    </p>
   </div>
   <div class='ocr_carea' id='block_1_81' title="bbox 1991 3182 3627 3255">
    <p class='ocr_par' dir='ltr' id='par_1_81' title="bbox 1991 3182 3627 3255">
     <span class='ocr_line' id='line_1_82' title="bbox 1991 3182 3627 3255; baseline -0.001 -14"><span class='ocrx_word' id='word_1_514' title='bbox 1991 3187 2082 3241; x_wconf 92' lang='lat' dir='ltr'><strong>est</strong></span> <span class='ocrx_word' id='word_1_515' title='bbox 2116 3183 2415 3255; x_wconf 89' lang='lat' dir='ltr'><strong>projectus</strong></span> <span class='ocrx_word' id='word_1_516' title='bbox 2444 3202 2459 3251; x_wconf 91' lang='lat'><strong>;</strong></span> <span class='ocrx_word' id='word_1_517' title='bbox 2485 3184 2687 3254; x_wconf 91' lang='lat' dir='ltr'><strong>sicque</strong></span> <span class='ocrx_word' id='word_1_518' title='bbox 2710 3183 2946 3239; x_wconf 86' lang='lat' dir='ltr'><strong>Romani</strong></span> <span class='ocrx_word' id='word_1_519' title='bbox 2996 3182 3627 3255; x_wconf 90' lang='lat' dir='ltr'><strong>imperiiprineipatus,</strong></span> 
     </span>
    </p>
   </div>
   <div class='ocr_carea' id='block_1_82' title="bbox 1992 3270 3628 3343">
    <p class='ocr_par' dir='ltr' id='par_1_82' title="bbox 1992 3270 3628 3343">
     <span class='ocr_line' id='line_1_83' title="bbox 1992 3270 3628 3343; baseline 0 -14"><span class='ocrx_word' id='word_1_520' title='bbox 1992 3271 2443 3330; x_wconf 89' lang='lat' dir='ltr'><strong>occidentalium</strong></span> <span class='ocrx_word' id='word_1_521' title='bbox 2495 3271 2728 3343; x_wconf 91' lang='lat' dir='ltr'><strong>quidem</strong></span> <span class='ocrx_word' id='word_1_522' title='bbox 2787 3270 3038 3343; x_wconf 90' lang='lat' dir='ltr'><strong>partium</strong></span> <span class='ocrx_word' id='word_1_523' title='bbox 3097 3271 3166 3327; x_wconf 90' lang='lat' dir='ltr'><strong>ad</strong></span> <span class='ocrx_word' id='word_1_524' title='bbox 3228 3273 3628 3343; x_wconf 90' lang='lat' dir='ltr'><strong>Constantem,</strong></span> 
     </span>
    </p>
   </div>
   <div class='ocr_carea' id='block_1_83' title="bbox 1992 3359 3636 3432">
    <p class='ocr_par' dir='ltr' id='par_1_83' title="bbox 1992 3359 3636 3432">
     <span class='ocr_line' id='line_1_84' title="bbox 1992 3359 3636 3432; baseline 0 -15"><span class='ocrx_word' id='word_1_525' title='bbox 1992 3360 2361 3418; x_wconf 89' lang='lat' dir='ltr'><strong>orientalium</strong></span> <span class='ocrx_word' id='word_1_526' title='bbox 2383 3375 2524 3417; x_wconf 89' lang='lat' dir='ltr'><strong>vero</strong></span> <span class='ocrx_word' id='word_1_527' title='bbox 2557 3360 2820 3432; x_wconf 87' lang='lat' dir='ltr'><strong>pervenit</strong></span> <span class='ocrx_word' id='word_1_528' title='bbox 2861 3359 2933 3415; x_wconf 91' lang='lat' dir='ltr'><strong>ad</strong></span> <span class='ocrx_word' id='word_1_529' title='bbox 2990 3360 3413 3416; x_wconf 90' lang='lat' dir='ltr'><strong>Constantium.</strong></span> <span class='ocrx_word' id='word_1_530' title='bbox 3452 3359 3636 3430; x_wconf 79' lang='lat' dir='ltr'><strong>Igitur</strong></span> 
     </span>
    </p>
   </div>
   <div class='ocr_carea' id='block_1_84' title="bbox 1992 3448 3631 3521">
    <p class='ocr_par' dir='ltr' id='par_1_84' title="bbox 1992 3448 3631 3521">
     <span class='ocr_line' id='line_1_85' title="bbox 1992 3448 3631 3521; baseline -0.002 -14"><span class='ocrx_word' id='word_1_531' title='bbox 1992 3450 2331 3507; x_wconf 89' lang='lat' dir='ltr'><strong>Constantis</strong></span> <span class='ocrx_word' id='word_1_532' title='bbox 2356 3448 2658 3521; x_wconf 89' lang='lat' dir='ltr'><strong>imperium</strong></span> <span class='ocrx_word' id='word_1_533' title='bbox 2683 3448 3017 3520; x_wconf 89' lang='lat' dir='ltr'><strong>aliquandiu</strong></span> <span class='ocrx_word' id='word_1_534' title='bbox 3058 3454 3364 3505; x_wconf 92' lang='lat' dir='ltr'><strong>strenuum</strong></span> <span class='ocrx_word' id='word_1_535' title='bbox 3410 3448 3518 3505; x_wconf 90' lang='lat' dir='ltr'><strong>fuit</strong></span> <span class='ocrx_word' id='word_1_536' title='bbox 3572 3452 3631 3505; x_wconf 92' lang='lat' dir='ltr'><strong>et</strong></span> 
     </span>
    </p>
   </div>
   <div class='ocr_carea' id='block_1_85' title="bbox 1985 3536 3628 3610">
    <p class='ocr_par' dir='ltr' id='par_1_85' title="bbox 1985 3536 3628 3610">
     <span class='ocr_line' id='line_1_86' title="bbox 1985 3536 3628 3610; baseline -0.001 -14"><span class='ocrx_word' id='word_1_537' title='bbox 1985 3538 2228 3610; x_wconf 89' lang='lat' dir='ltr'><strong>justum,</strong></span> <span class='ocrx_word' id='word_1_538' title='bbox 2264 3538 2473 3596; x_wconf 92' lang='lat' dir='ltr'><strong>deinde</strong></span> <span class='ocrx_word' id='word_1_539' title='bbox 2508 3553 2637 3595; x_wconf 91' lang='lat' dir='ltr'><strong>cum</strong></span> <span class='ocrx_word' id='word_1_540' title='bbox 2681 3537 3051 3610; x_wconf 88' lang='lat' dir='ltr'><strong>praviorihus</strong></span> <span class='ocrx_word' id='word_1_541' title='bbox 3092 3540 3363 3595; x_wconf 86' lang='lat' dir='ltr'><strong>uteretur</strong></span> <span class='ocrx_word' id='word_1_542' title='bbox 3406 3536 3628 3609; x_wconf 90' lang='lat' dir='ltr'><strong>amicis,</strong></span> 
     </span>
    </p>
   </div>
   <div class='ocr_carea' id='block_1_86' title="bbox 1991 3625 3631 3700">
    <p class='ocr_par' dir='ltr' id='par_1_86' title="bbox 1991 3625 3631 3700">
     <span class='ocr_line' id='line_1_87' title="bbox 1991 3625 3631 3700; baseline -0.001 -17"><span class='ocrx_word' id='word_1_543' title='bbox 1991 3627 2381 3685; x_wconf 84' lang='lat' dir='ltr'><strong>intolerabilis</strong></span> <span class='ocrx_word' id='word_1_544' title='bbox 2414 3626 2868 3700; x_wconf 90' lang='lat' dir='ltr'><strong>provincialibus</strong></span> <span class='ocrx_word' id='word_1_545' title='bbox 2898 3631 2959 3682; x_wconf 92' lang='lat' dir='ltr'><strong>et</strong></span> <span class='ocrx_word' id='word_1_546' title='bbox 2989 3625 3275 3684; x_wconf 87' lang='lat' dir='ltr'><strong>militibus</strong></span> <span class='ocrx_word' id='word_1_547' title='bbox 3319 3626 3506 3682; x_wconf 85' lang='lat' dir='ltr'><strong>factus</strong></span> <span class='ocrx_word' id='word_1_548' title='bbox 3536 3630 3631 3683; x_wconf 91' lang='lat' dir='ltr'><strong>est</strong></span> 
     </span>
    </p>
   </div>
   <div class='ocr_carea' id='block_1_87' title="bbox 1992 3715 3635 3788">
    <p class='ocr_par' dir='ltr' id='par_1_87' title="bbox 1992 3715 3635 3788">
     <span class='ocr_line' id='line_1_88' title="bbox 1992 3715 3635 3788; baseline -0.001 -15"><span class='ocrx_word' id='word_1_549' title='bbox 1992 3716 2366 3787; x_wconf 88' lang='lat' dir='ltr'><strong>injocundus.</strong></span> <span class='ocrx_word' id='word_1_550' title='bbox 2396 3717 2558 3774; x_wconf 91' lang='lat' dir='ltr'><strong>Unde</strong></span> <span class='ocrx_word' id='word_1_551' title='bbox 2580 3716 2715 3774; x_wconf 90' lang='lat' dir='ltr'><strong>dum</strong></span> <span class='ocrx_word' id='word_1_552' title='bbox 2747 3716 2902 3773; x_wconf 89' lang='lat' dir='ltr'><strong>circa</strong></span> <span class='ocrx_word' id='word_1_553' title='bbox 2923 3715 3137 3773; x_wconf 87' lang='lat' dir='ltr'><strong>Gallias</strong></span> <span class='ocrx_word' id='word_1_554' title='bbox 3192 3715 3442 3773; x_wconf 90' lang='lat' dir='ltr'><strong>venandi</strong></span> <span class='ocrx_word' id='word_1_555' title='bbox 3474 3715 3635 3788; x_wconf 91' lang='lat' dir='ltr'><strong>cupi-</strong></span> 
     </span>
    </p>
   </div>
   <div class='ocr_carea' id='block_1_88' title="bbox 1991 3804 3642 3878">
    <p class='ocr_par' dir='ltr' id='par_1_88' title="bbox 1991 3804 3642 3878">
     <span class='ocr_line' id='line_1_89' title="bbox 1991 3804 3642 3878; baseline 0 -16"><span class='ocrx_word' id='word_1_556' title='bbox 1991 3806 2175 3863; x_wconf 90' lang='lat' dir='ltr'><strong>ditate</strong></span> <span class='ocrx_word' id='word_1_557' title='bbox 2203 3820 2310 3878; x_wconf 89' lang='lat' dir='ltr'><strong>per</strong></span> <span class='ocrx_word' id='word_1_558' title='bbox 2340 3805 2519 3865; x_wconf 90' lang='lat' dir='ltr'><strong>silvas</strong></span> <span class='ocrx_word' id='word_1_559' title='bbox 2559 3810 2620 3863; x_wconf 91' lang='lat' dir='ltr'><strong>et</strong></span> <span class='ocrx_word' id='word_1_560' title='bbox 2642 3804 2831 3863; x_wconf 87' lang='lat' dir='ltr'><strong>saltus</strong></span> <span class='ocrx_word' id='word_1_561' title='bbox 2845 3809 3094 3876; x_wconf 87' lang='lat' dir='ltr'><strong>erraret,</strong></span> <span class='ocrx_word' id='word_1_562' title='bbox 3119 3809 3361 3862; x_wconf 89' lang='lat' dir='ltr'><strong>auctore</strong></span> <span class='ocrx_word' id='word_1_563' title='bbox 3375 3805 3642 3875; x_wconf 83' lang='lat' dir='ltr'><strong>Magnen-</strong></span> 
     </span>
    </p>
   </div>
   <div class='ocr_carea' id='block_1_89' title="bbox 1989 3893 3635 3967">
    <p class='ocr_par' dir='ltr' id='par_1_89' title="bbox 1989 3893 3635 3967">
     <span class='ocr_line' id='line_1_90' title="bbox 1989 3893 3635 3967; baseline -0.002 -14"><span class='ocrx_word' id='word_1_564' title='bbox 1989 3897 2075 3953; x_wconf 90' lang='lat' dir='ltr'><strong>tio</strong></span> <span class='ocrx_word' id='word_1_565' title='bbox 2116 3896 2363 3967; x_wconf 89' lang='lat' dir='ltr'><strong>quodam</strong></span> <span class='ocrx_word' id='word_1_566' title='bbox 2389 3894 2551 3965; x_wconf 90' lang='lat' dir='ltr'><strong>regni</strong></span> <span class='ocrx_word' id='word_1_567' title='bbox 2582 3895 2773 3964; x_wconf 90' lang='lat' dir='ltr'><strong>avido,</strong></span> <span class='ocrx_word' id='word_1_568' title='bbox 2808 3910 2839 3951; x_wconf 87' lang='lat' dir='ltr'><strong>a</strong></span> <span class='ocrx_word' id='word_1_569' title='bbox 2897 3893 3189 3950; x_wconf 91' lang='lat' dir='ltr'><strong>militibus</strong></span> <span class='ocrx_word' id='word_1_570' title='bbox 3233 3893 3466 3950; x_wconf 89' lang='lat' dir='ltr'><strong>occisus</strong></span> <span class='ocrx_word' id='word_1_571' title='bbox 3523 3898 3635 3965; x_wconf 90' lang='lat' dir='ltr'><strong>est,</strong></span> 
     </span>
    </p>
   </div>
   <div class='ocr_carea' id='block_1_90' title="bbox 1992 3977 3641 4050">
    <p class='ocr_par' dir='ltr' id='par_1_90' title="bbox 1992 3977 3641 4050">
     <span class='ocr_line' id='line_1_91' title="bbox 1992 3977 3641 4050; baseline -0.004 -11"><span class='ocrx_word' id='word_1_572' title='bbox 1992 3996 2142 4039; x_wconf 92' lang='lat' dir='ltr'><strong>anno</strong></span> <span class='ocrx_word' id='word_1_573' title='bbox 2172 3980 2366 4037; x_wconf 68' lang='lat' dir='ltr'><strong>aetatis</strong></span> <span class='ocrx_word' id='word_1_574' title='bbox 2392 3978 2460 4012; x_wconf 77' lang='grc'><strong>⁸⁸⁸</strong></span> <span class='ocrx_word' id='word_1_575' title='bbox 2490 3982 2607 4049; x_wconf 90' lang='lat'><strong>30°,</strong></span> <span class='ocrx_word' id='word_1_576' title='bbox 2641 3978 2976 4050; x_wconf 88' lang='lat' dir='ltr'><strong>imperii17°</strong></span> <span class='ocrx_word' id='word_1_577' title='bbox 3002 3977 3231 4049; x_wconf 83' lang='lat' dir='ltr'><strong>,-tribus</strong></span> <span class='ocrx_word' id='word_1_578' title='bbox 3245 3982 3437 4034; x_wconf 91' lang='lat' dir='ltr'><strong>autem</strong></span> <span class='ocrx_word' id='word_1_579' title='bbox 3452 3990 3641 4033; x_wconf 67' lang='lat' dir='ltr'><strong>caesar</strong></span> 
     </span>
    </p>
   </div>
   <div class='ocr_carea' id='block_1_91' title="bbox 1994 4066 3640 4139">
    <p class='ocr_par' dir='ltr' id='par_1_91' title="bbox 1994 4066 3640 4139">
     <span class='ocr_line' id='line_1_92' title="bbox 1994 4066 3640 4139; baseline -0.002 -12"><span class='ocrx_word' id='word_1_580' title='bbox 1994 4070 2129 4128; x_wconf 87' lang='lat' dir='ltr'><strong>fuit.</strong></span> <span class='ocrx_word' id='word_1_581' title='bbox 2169 4068 2342 4139; x_wconf 79' lang='lat' dir='ltr'><strong>(Ann.</strong></span> <span class='ocrx_word' id='word_1_582' title='bbox 2376 4066 2961 4137; x_wconf 71' lang='lat' dir='ltr'><strong>Vicrorc.42.)Cujus</strong></span> <span class='ocrx_word' id='word_1_583' title='bbox 2994 4080 3233 4136; x_wconf 86' lang='lat' dir='ltr'><strong>regnum</strong></span> <span class='ocrx_word' id='word_1_584' title='bbox 3275 4066 3640 4135; x_wconf 89' lang='lat' dir='ltr'><strong>Magnentius</strong></span> 
     </span>
    </p>
   </div>
   <div class='ocr_carea' id='block_1_92' title="bbox 1995 4154 3635 4230">
    <p class='ocr_par' dir='ltr' id='par_1_92' title="bbox 1995 4154 3635 4230">
     <span class='ocr_line' id='line_1_93' title="bbox 1995 4154 3635 4230; baseline -0.003 -14"><span class='ocrx_word' id='word_1_585' title='bbox 1995 4158 2228 4230; x_wconf 90' lang='lat' dir='ltr'><strong>invasit,</strong></span> <span class='ocrx_word' id='word_1_586' title='bbox 2255 4163 2315 4213; x_wconf 92' lang='lat' dir='ltr'><strong>et</strong></span> <span class='ocrx_word' id='word_1_587' title='bbox 2345 4154 3193 4224; x_wconf 89' lang='lat' dir='ltr'><strong>Decentiumconsanguineum</strong></span> <span class='ocrx_word' id='word_1_588' title='bbox 3245 4167 3431 4224; x_wconf 92' lang='lat' dir='ltr'><strong>suum,</strong></span> <span class='ocrx_word' id='word_1_589' title='bbox 3490 4154 3635 4226; x_wconf 89' lang='lat' dir='ltr'><strong>sive,</strong></span> 
     </span>
    </p>
   </div>
   <div class='ocr_carea' id='block_1_93' title="bbox 1994 4243 3638 4319">
    <p class='ocr_par' dir='ltr' id='par_1_93' title="bbox 1994 4243 3638 4319">
     <span class='ocr_line' id='line_1_94' title="bbox 1994 4243 3638 4319; baseline -0.004 -12"><span class='ocrx_word' id='word_1_590' title='bbox 1994 4254 2061 4307; x_wconf 90' lang='lat' dir='ltr'><strong>ut</strong></span> <span class='ocrx_word' id='word_1_591' title='bbox 2084 4246 2439 4319; x_wconf 84' lang='lat' dir='ltr'><strong>quidam(H.</strong></span> <span class='ocrx_word' id='word_1_592' title='bbox 2468 4247 2572 4318; x_wconf 67' lang='grc' dir='ltr'><strong>οη.)</strong></span> <span class='ocrx_word' id='word_1_593' title='bbox 2604 4244 2829 4314; x_wconf 91' lang='lat' dir='ltr'><strong>volunt,</strong></span> <span class='ocrx_word' id='word_1_594' title='bbox 2858 4243 3096 4300; x_wconf 82' lang='lat' dir='ltr'><strong>fratrem</strong></span> <span class='ocrx_word' id='word_1_595' title='bbox 3150 4258 3317 4299; x_wconf 90' lang='lat' dir='ltr'><strong>suum</strong></span> <span class='ocrx_word' id='word_1_596' title='bbox 3363 4258 3638 4301; x_wconf 64' lang='lat' dir='ltr'><strong>caesarem</strong></span> 
     </span>
    </p>
   </div>
   <div class='ocr_carea' id='block_1_94' title="bbox 1632 4330 3636 4411">
    <p class='ocr_par' dir='ltr' id='par_1_94' title="bbox 1632 4330 3636 4411">
     <span class='ocr_line' id='line_1_95' title="bbox 1632 4330 3636 4411; baseline -0.005 -15"><span class='ocrx_word' id='word_1_597' title='bbox 1632 4354 1746 4411; x_wconf 93' lang='lat' dir='ltr'><strong>quo</strong></span> <span class='ocrx_word' id='word_1_598' title='bbox 1808 4341 1883 4397; x_wconf 89' lang='lat' dir='ltr'><strong>ob</strong></span> <span class='ocrx_word' id='word_1_599' title='bbox 1912 4407 1954 4411; x_wconf 85' lang='lat'><strong><em>_</em></strong></span> <span class='ocrx_word' id='word_1_600' title='bbox 1997 4337 2163 4395; x_wconf 83' lang='lat' dir='ltr'><strong>fecit.</strong></span> <span class='ocrx_word' id='word_1_601' title='bbox 2204 4334 2579 4394; x_wconf 89' lang='lat' dir='ltr'><strong>Constantius</strong></span> <span class='ocrx_word' id='word_1_602' title='bbox 2625 4347 2766 4391; x_wconf 91' lang='lat' dir='ltr'><strong>vero</strong></span> <span class='ocrx_word' id='word_1_603' title='bbox 2808 4331 3053 4403; x_wconf 90' lang='lat' dir='ltr'><strong>Gallum,</strong></span> <span class='ocrx_word' id='word_1_604' title='bbox 3096 4330 3419 4404; x_wconf 91' lang='lat' dir='ltr'><strong>patruelem</strong></span> <span class='ocrx_word' id='word_1_605' title='bbox 3449 4345 3636 4403; x_wconf 92' lang='lat' dir='ltr'><strong>suum,</strong></span> 
     </span>
    </p>
   </div>
   <div class='ocr_carea' id='block_1_95' title="bbox 228 4407 3639 4502">
    <p class='ocr_par' dir='ltr' id='par_1_95' title="bbox 228 4407 3639 4502">
     <span class='ocr_line' id='line_1_96' title="bbox 228 4407 3639 4502; baseline -0 -24"><span class='ocrx_word' id='word_1_606' title='bbox 228 4421 405 4479; x_wconf 83' lang='lat' dir='ltr'><strong>fidem</strong></span> <span class='ocrx_word' id='word_1_607' title='bbox 433 4422 691 4496; x_wconf 89' lang='lat' dir='ltr'><strong>exiliato,</strong></span> <span class='ocrx_word' id='word_1_608' title='bbox 728 4429 1141 4484; x_wconf 87' lang='lat' dir='ltr'><strong>successerunt</strong></span> <span class='ocrx_word' id='word_1_609' title='bbox 1173 4425 1421 4484; x_wconf 90' lang='lat' dir='ltr'><strong>heretici</strong></span> <span class='ocrx_word' id='word_1_610' title='bbox 1461 4407 1724 4502; x_wconf 84' lang='lat' dir='ltr'><strong>episcopi</strong></span> <span class='ocrx_word' id='word_1_611' title='bbox 1781 4443 1884 4487; x_wconf 90' lang='lat' dir='ltr'><strong>nu-</strong></span> <span class='ocrx_word' id='word_1_612' title='bbox 1912 4407 1966 4469; x_wconf 83' lang='lat' dir='ltr'><strong>D</strong></span> <span class='ocrx_word' id='word_1_613' title='bbox 1997 4440 2273 4485; x_wconf 64' lang='lat' dir='ltr'><strong>caesarem</strong></span> <span class='ocrx_word' id='word_1_614' title='bbox 2303 4424 2459 4495; x_wconf 86' lang='lat' dir='ltr'><strong>fecit,</strong></span> <span class='ocrx_word' id='word_1_615' title='bbox 2485 4435 2809 4494; x_wconf 89' lang='lat' dir='ltr'><strong>nomenque</strong></span> <span class='ocrx_word' id='word_1_616' title='bbox 2840 4435 3008 4479; x_wconf 91' lang='lat' dir='ltr'><strong>suum</strong></span> <span class='ocrx_word' id='word_1_617' title='bbox 3032 4420 3083 4477; x_wconf 92' lang='lat' dir='ltr'><strong>ei</strong></span> <span class='ocrx_word' id='word_1_618' title='bbox 3138 4420 3459 4493; x_wconf 90' lang='lat' dir='ltr'><strong>imponens,</strong></span> <span class='ocrx_word' id='word_1_619' title='bbox 3508 4435 3639 4477; x_wconf 91' lang='lat' dir='ltr'><strong>eum</strong></span> 
     </span>
    </p>
   </div>
   <div class='ocr_carea' id='block_1_96' title="bbox 226 4517 523 4569">
    <p class='ocr_par' dir='ltr' id='par_1_96' title="bbox 226 4517 523 4569">
     <span class='ocr_line' id='line_1_97' title="bbox 226 4517 523 4569; baseline 0.007 -2"><span class='ocrx_word' id='word_1_620' title='bbox 226 4525 397 4568; x_wconf 89' lang='lat' dir='ltr'><strong>mero</strong></span> <span class='ocrx_word' id='word_1_621' title='bbox 431 4517 523 4569; x_wconf 82' lang='grc'><strong>11.</strong></span> 
     </span>
    </p>
   </div>
   <div class='ocr_carea' id='block_1_97' title="bbox 297 4602 1882 4681">
    <p class='ocr_par' dir='ltr' id='par_1_97' title="bbox 297 4602 1882 4681">
     <span class='ocr_line' id='line_1_98' title="bbox 297 4602 1882 4681; baseline 0.006 -25"><span class='ocrx_word' id='word_1_622' title='bbox 297 4603 395 4657; x_wconf 89' lang='lat'><strong>23.</strong></span> <span class='ocrx_word' id='word_1_623' title='bbox 433 4602 507 4658; x_wconf 88' lang='lat' dir='ltr'><strong>A.</strong></span> <span class='ocrx_word' id='word_1_624' title='bbox 546 4603 617 4658; x_wconf 93' lang='grc' dir='ltr'><strong>Ι).</strong></span> <span class='ocrx_word' id='word_1_625' title='bbox 680 4606 813 4660; x_wconf 89' lang='lat'><strong>333.</strong></span> <span class='ocrx_word' id='word_1_626' title='bbox 873 4606 1164 4663; x_wconf 72' lang='lat' dir='ltr'><strong>Iuvencus</strong></span> <span class='ocrx_word' id='word_1_627' title='bbox 1217 4605 1510 4678; x_wconf 87' lang='lat' dir='ltr'><strong>presbiter</strong></span> <span class='ocrx_word' id='word_1_628' title='bbox 1574 4607 1882 4681; x_wconf 82' lang='lat' dir='ltr'><strong>Hyspanus</strong></span> 
     </span>
    </p>
   </div>
   <div class='ocr_carea' id='block_1_98' title="bbox 225 4690 1226 4765">
    <p class='ocr_par' dir='ltr' id='par_1_98' title="bbox 225 4690 1226 4765">
     <span class='ocr_line' id='line_1_99' title="bbox 225 4690 1226 4765; baseline 0.004 -19"><span class='ocrx_word' id='word_1_629' title='bbox 225 4690 533 4762; x_wconf 90' lang='lat' dir='ltr'><strong>evangelia</strong></span> <span class='ocrx_word' id='word_1_630' title='bbox 564 4692 839 4749; x_wconf 87' lang='lat' dir='ltr'><strong>versibus</strong></span> <span class='ocrx_word' id='word_1_631' title='bbox 867 4693 1226 4765; x_wconf 90' lang='lat' dir='ltr'><strong>composuit.</strong></span> 
     </span>
    </p>
   </div>
   <div class='ocr_carea' id='block_1_99' title="bbox 292 4778 1884 4852">
    <p class='ocr_par' dir='ltr' id='par_1_99' title="bbox 292 4778 1884 4852">
     <span class='ocr_line' id='line_1_100' title="bbox 292 4778 1884 4852; baseline 0.004 -17"><span class='ocrx_word' id='word_1_632' title='bbox 292 4778 588 4848; x_wconf 71' lang='grc' dir='ltr'>24.(01ιν.</span> <span class='ocrx_word' id='word_1_633' title='bbox 637 4781 743 4852; x_wconf 89' lang='lat' dir='ltr'><strong>W.)</strong></span> <span class='ocrx_word' id='word_1_634' title='bbox 782 4784 854 4837; x_wconf 93' lang='lat' dir='ltr'><strong>A.</strong></span> <span class='ocrx_word' id='word_1_635' title='bbox 920 4782 991 4839; x_wconf 93' lang='lat' dir='ltr'><strong>D.</strong></span> <span class='ocrx_word' id='word_1_636' title='bbox 1022 4785 1154 4838; x_wconf 81' lang='grc'>334.</span> <span class='ocrx_word' id='word_1_637' title='bbox 1210 4784 1626 4841; x_wconf 87' lang='lat' dir='ltr'><strong>Constantinus</strong></span> <span class='ocrx_word' id='word_1_638' title='bbox 1683 4785 1884 4842; x_wconf 87' lang='lat' dir='ltr'><strong>Bizan-</strong></span> 
     </span>
    </p>
   </div>
   <div class='ocr_carea' id='block_1_100' title="bbox 226 4869 1882 4942">
    <p class='ocr_par' dir='ltr' id='par_1_100' title="bbox 226 4869 1882 4942">
     <span class='ocr_line' id='line_1_101' title="bbox 226 4869 1882 4942; baseline 0.004 -18"><span class='ocrx_word' id='word_1_639' title='bbox 226 4869 375 4926; x_wconf 86' lang='lat' dir='ltr'><strong>tium</strong></span> <span class='ocrx_word' id='word_1_640' title='bbox 392 4869 599 4926; x_wconf 90' lang='lat' dir='ltr'><strong>urbem</strong></span> <span class='ocrx_word' id='word_1_641' title='bbox 634 4870 925 4942; x_wconf 87' lang='lat' dir='ltr'><strong>reparavit</strong></span> <span class='ocrx_word' id='word_1_642' title='bbox 957 4875 1019 4927; x_wconf 90' lang='lat' dir='ltr'><strong>et</strong></span> <span class='ocrx_word' id='word_1_643' title='bbox 1039 4885 1113 4927; x_wconf 91' lang='lat' dir='ltr'><strong>ex</strong></span> <span class='ocrx_word' id='word_1_644' title='bbox 1145 4872 1375 4928; x_wconf 90' lang='lat' dir='ltr'><strong>nomine</strong></span> <span class='ocrx_word' id='word_1_645' title='bbox 1418 4888 1526 4932; x_wconf 93' lang='lat' dir='ltr'><strong>suo</strong></span> <span class='ocrx_word' id='word_1_646' title='bbox 1554 4874 1882 4932; x_wconf 88' lang='lat' dir='ltr'><strong>Constanti-</strong></span> 
     </span>
    </p>
   </div>
   <div class='ocr_carea' id='block_1_101' title="bbox 220 4956 1884 5031">
    <p class='ocr_par' dir='ltr' id='par_1_101' title="bbox 220 4956 1884 5031">
     <span class='ocr_line' id='line_1_102' title="bbox 220 4956 1884 5031; baseline 0.006 -17"><span class='ocrx_word' id='word_1_647' title='bbox 220 4956 484 5031; x_wconf 90' lang='lat' dir='ltr'><strong>nopolim</strong></span> <span class='ocrx_word' id='word_1_648' title='bbox 521 4958 774 5016; x_wconf 92' lang='lat' dir='ltr'><strong>vocavit.</strong></span> <span class='ocrx_word' id='word_1_649' title='bbox 806 4958 1164 5019; x_wconf 89' lang='lat' dir='ltr'><strong>Athanasius</strong></span> <span class='ocrx_word' id='word_1_650' title='bbox 1193 4961 1884 5024; x_wconf 46' lang='lat' dir='ltr'><strong>Alexandrinordinatur</strong></span> 
     </span>
    </p>
   </div>
   <div class='ocr_carea' id='block_1_102' title="bbox 214 5046 753 5121">
    <p class='ocr_par' dir='ltr' id='par_1_102' title="bbox 214 5046 753 5121">
     <span class='ocr_line' id='line_1_103' title="bbox 214 5046 753 5121; baseline 0.006 -17"><span class='ocrx_word' id='word_1_651' title='bbox 214 5046 542 5121; x_wconf 89' lang='lat' dir='ltr'><strong>episcopus</strong></span> <span class='ocrx_word' id='word_1_652' title='bbox 575 5051 641 5107; x_wconf 88' lang='lat'><strong>19</strong></span> <span class='ocrx_word' id='word_1_653' title='bbox 669 5056 753 5107; x_wconf 71' lang='grc' dir='ltr'>ιιε.</span> 
     </span>
    </p>
   </div>
   <div class='ocr_carea' id='block_1_103' title="bbox 1997 4508 3643 4585">
    <p class='ocr_par' dir='ltr' id='par_1_103' title="bbox 1997 4508 3643 4585">
     <span class='ocr_line' id='line_1_104' title="bbox 1997 4508 3643 4585; baseline -0.005 -12"><span class='ocrx_word' id='word_1_654' title='bbox 1997 4516 2053 4573; x_wconf 92' lang='lat' dir='ltr'><strong>in</strong></span> <span class='ocrx_word' id='word_1_655' title='bbox 2068 4512 2431 4571; x_wconf 88' lang='lat' dir='ltr'><strong>Antiochiam</strong></span> <span class='ocrx_word' id='word_1_656' title='bbox 2462 4511 2643 4585; x_wconf 73' lang='lat' dir='ltr'><strong>Syriae</strong></span> <span class='ocrx_word' id='word_1_657' title='bbox 2674 4510 2857 4582; x_wconf 90' lang='lat' dir='ltr'><strong>misit,</strong></span> <span class='ocrx_word' id='word_1_658' title='bbox 2882 4514 2947 4567; x_wconf 90' lang='lat' dir='ltr'><strong>ut</strong></span> <span class='ocrx_word' id='word_1_659' title='bbox 2993 4509 3073 4566; x_wconf 91' lang='lat' dir='ltr'><strong>ibi</strong></span> <span class='ocrx_word' id='word_1_660' title='bbox 3122 4508 3412 4577; x_wconf 90' lang='lat' dir='ltr'><strong>habitans,</strong></span> <span class='ocrx_word' id='word_1_661' title='bbox 3445 4512 3643 4581; x_wconf 89' lang='lat' dir='ltr'><strong>partes</strong></span> 
     </span>
    </p>
   </div>
   <div class='ocr_carea' id='block_1_104' title="bbox 1995 4598 3635 4672">
    <p class='ocr_par' dir='ltr' id='par_1_104' title="bbox 1995 4598 3635 4672">
     <span class='ocr_line' id='line_1_105' title="bbox 1995 4598 3635 4672; baseline -0.005 -11"><span class='ocrx_word' id='word_1_662' title='bbox 1995 4605 2129 4662; x_wconf 90' lang='lat' dir='ltr'><strong>illas</strong></span> <span class='ocrx_word' id='word_1_663' title='bbox 2160 4602 2509 4661; x_wconf 87' lang='lat' dir='ltr'><strong>custodiret.</strong></span> <span class='ocrx_word' id='word_1_664' title='bbox 2546 4600 2726 4668; x_wconf 87' lang='lat' dir='ltr'><strong>Quem</strong></span> <span class='ocrx_word' id='word_1_665' title='bbox 2758 4605 2950 4657; x_wconf 88' lang='lat' dir='ltr'><strong>tamen</strong></span> <span class='ocrx_word' id='word_1_666' title='bbox 2977 4601 3176 4672; x_wconf 91' lang='lat' dir='ltr'><strong>postea</strong></span> <span class='ocrx_word' id='word_1_667' title='bbox 3202 4598 3377 4669; x_wconf 90' lang='lat' dir='ltr'><strong>jussit</strong></span> <span class='ocrx_word' id='word_1_668' title='bbox 3429 4598 3635 4655; x_wconf 90' lang='lat' dir='ltr'><strong>occidi.</strong></span> 
     </span>
    </p>
   </div>
   <div class='ocr_carea' id='block_1_105' title="bbox 1994 4686 3635 4760">
    <p class='ocr_par' dir='ltr' id='par_1_105' title="bbox 1994 4686 3635 4760">
     <span class='ocr_line' id='line_1_106' title="bbox 1994 4686 3635 4760; baseline -0.005 -9"><span class='ocrx_word' id='word_1_669' title='bbox 1994 4697 2134 4751; x_wconf 89' lang='lat' dir='ltr'><strong>Post</strong></span> <span class='ocrx_word' id='word_1_670' title='bbox 2171 4694 2296 4750; x_wconf 70' lang='lat' dir='ltr'><strong>haec</strong></span> <span class='ocrx_word' id='word_1_671' title='bbox 2355 4690 2730 4749; x_wconf 86' lang='lat' dir='ltr'><strong>Constantius</strong></span> <span class='ocrx_word' id='word_1_672' title='bbox 2759 4688 3085 4760; x_wconf 85' lang='lat' dir='ltr'><strong>Magnentio</strong></span> <span class='ocrx_word' id='word_1_673' title='bbox 3140 4686 3358 4745; x_wconf 86' lang='lat' dir='ltr'><strong>bellum</strong></span> <span class='ocrx_word' id='word_1_674' title='bbox 3411 4686 3635 4756; x_wconf 90' lang='lat' dir='ltr'><strong>intulit,</strong></span> 
     </span>
    </p>
   </div>
   <div class='ocr_carea' id='block_1_106' title="bbox 1994 4774 3633 4856">
    <p class='ocr_par' dir='ltr' id='par_1_106' title="bbox 1994 4774 3633 4856">
     <span class='ocr_line' id='line_1_107' title="bbox 1994 4774 3633 4856; baseline -0.007 -16"><span class='ocrx_word' id='word_1_675' title='bbox 1994 4785 2263 4855; x_wconf 84' lang='lat' dir='ltr'><strong>factaque</strong></span> <span class='ocrx_word' id='word_1_676' title='bbox 2320 4780 2750 4851; x_wconf 89' lang='lat' dir='ltr'><strong>congressione,</strong></span> <span class='ocrx_word' id='word_1_677' title='bbox 2811 4777 3175 4856; x_wconf 85' lang='lat' dir='ltr'><strong>Magnentius</strong></span> <span class='ocrx_word' id='word_1_678' title='bbox 3260 4775 3423 4833; x_wconf 89' lang='lat' dir='ltr'><strong>solus</strong></span> <span class='ocrx_word' id='word_1_679' title='bbox 3482 4774 3633 4845; x_wconf 85' lang='lat' dir='ltr'><strong>fugit</strong></span> 
     </span>
    </p>
   </div>
   <div class='ocr_carea' id='block_1_107' title="bbox 1992 4862 3641 4945">
    <p class='ocr_par' dir='ltr' id='par_1_107' title="bbox 1992 4862 3641 4945">
     <span class='ocr_line' id='line_1_108' title="bbox 1992 4862 3641 4945; baseline -0.005 -17"><span class='ocrx_word' id='word_1_680' title='bbox 1992 4872 2356 4945; x_wconf 90' lang='lat' dir='ltr'><strong>Lugdunum,</strong></span> <span class='ocrx_word' id='word_1_681' title='bbox 2380 4869 2581 4941; x_wconf 88' lang='lat' dir='ltr'><strong>ibique</strong></span> <span class='ocrx_word' id='word_1_682' title='bbox 2637 4870 2959 4938; x_wconf 87' lang='lat' dir='ltr'><strong>coartatus,</strong></span> <span class='ocrx_word' id='word_1_683' title='bbox 3018 4864 3275 4935; x_wconf 90' lang='lat' dir='ltr'><strong>gladium</strong></span> <span class='ocrx_word' id='word_1_684' title='bbox 3317 4862 3551 4921; x_wconf 91' lang='lat' dir='ltr'><strong>occulte</strong></span> <span class='ocrx_word' id='word_1_685' title='bbox 3611 4878 3641 4920; x_wconf 89' lang='lat' dir='ltr'><strong>a</strong></span> 
     </span>
    </p>
   </div>
   <div class='ocr_carea' id='block_1_108' title="bbox 1993 4951 3629 5039">
    <p class='ocr_par' dir='ltr' id='par_1_108' title="bbox 1993 4951 3629 5039">
     <span class='ocr_line' id='line_1_109' title="bbox 1993 4951 3629 5039; baseline -0.01 -17"><span class='ocrx_word' id='word_1_686' title='bbox 1993 4967 2160 5039; x_wconf 92' lang='lat' dir='ltr'><strong>parte</strong></span> <span class='ocrx_word' id='word_1_687' title='bbox 2186 4958 2702 5036; x_wconf 89' lang='lat' dir='ltr'><strong>parietisaccepit,</strong></span> <span class='ocrx_word' id='word_1_688' title='bbox 2760 4957 2962 5028; x_wconf 88' lang='lat' dir='ltr'><strong>sicque</strong></span> <span class='ocrx_word' id='word_1_689' title='bbox 3020 4954 3324 5028; x_wconf 88' lang='lat' dir='ltr'><strong>perfossus</strong></span> <span class='ocrx_word' id='word_1_690' title='bbox 3383 4951 3629 5023; x_wconf 88' lang='lat' dir='ltr'><strong>interiit,</strong></span> 
     </span>
    </p>
   </div>
   <div class='ocr_carea' id='block_1_109' title="bbox 1994 5041 3645 5124">
    <p class='ocr_par' dir='ltr' id='par_1_109' title="bbox 1994 5041 3645 5124">
     <span class='ocr_line' id='line_1_110' title="bbox 1994 5041 3645 5124; baseline -0.009 -10"><span class='ocrx_word' id='word_1_691' title='bbox 1994 5070 2143 5114; x_wconf 88' lang='lat' dir='ltr'><strong>anno</strong></span> <span class='ocrx_word' id='word_1_692' title='bbox 2164 5051 2361 5114; x_wconf 66' lang='lat' dir='ltr'><strong>aetatis</strong></span> <span class='ocrx_word' id='word_1_693' title='bbox 2418 5064 2601 5124; x_wconf 88' lang='lat' dir='ltr'><strong>prope</strong></span> <span class='ocrx_word' id='word_1_694' title='bbox 2650 5044 3155 5121; x_wconf 88' lang='lat' dir='ltr'><strong>quinquagesimo,</strong></span> <span class='ocrx_word' id='word_1_695' title='bbox 3212 5041 3440 5115; x_wconf 90' lang='lat' dir='ltr'><strong>imperii</strong></span> <span class='ocrx_word' id='word_1_696' title='bbox 3475 5056 3645 5114; x_wconf 85' lang='lat' dir='ltr'><strong>quar-</strong></span> 
     </span>
    </p>
   </div>
   <div class='ocr_carea' id='block_1_110' title="bbox 1596 5232 2277 5349">
    <p class='ocr_par' dir='ltr' id='par_1_110' title="bbox 1596 5232 2277 5349">
     <span class='ocr_line' id='line_1_111' title="bbox 1596 5232 2277 5349; baseline -0.001 -15"><span class='ocrx_word' id='word_1_697' title='bbox 1596 5278 1834 5335; x_wconf 68' lang='lat' dir='ltr'><strong>vmm:</strong></span> <span class='ocrx_word' id='word_1_698' title='bbox 1874 5276 2277 5349; x_wconf 80' lang='lat' dir='ltr'><strong>LECTIONES.</strong></span> 
     </span>
    </p>
   </div>
   <div class='ocr_carea' id='block_1_111' title="bbox 289 5438 857 5500">
    <p class='ocr_par' dir='ltr' id='par_1_111' title="bbox 289 5438 857 5500">
     <span class='ocr_line' id='line_1_112' title="bbox 289 5438 857 5500; baseline -0.002 -1"><span class='ocrx_word' id='word_1_699' title='bbox 289 5438 361 5476; x_wconf 79' lang='grc'><strong>⁸⁷⁷</strong></span> <span class='ocrx_word' id='word_1_700' title='bbox 391 5440 768 5500; x_wconf 88' lang='lat' dir='ltr'><strong>commiserat</strong></span> <span class='ocrx_word' id='word_1_701' title='bbox 799 5446 857 5498; x_wconf 77' lang='grc' dir='ltr'>δ.</span> 
     </span>
    </p>
   </div>
   <div class='ocr_carea' id='block_1_112' title="bbox 219 5511 1566 5582">
    <p class='ocr_par' dir='ltr' id='par_1_112' title="bbox 219 5511 1566 5582">
     <span class='ocr_line' id='line_1_113' title="bbox 219 5511 1566 5582; baseline 0.003 -11"><span class='ocrx_word' id='word_1_702' title='bbox 219 5512 292 5549; x_wconf 72' lang='grc'><strong>⁸³⁸</strong></span> <span class='ocrx_word' id='word_1_703' title='bbox 318 5512 488 5572; x_wconf 70' lang='lat' dir='ltr'><strong>deest</strong></span> <span class='ocrx_word' id='word_1_704' title='bbox 520 5517 610 5573; x_wconf 84' lang='lat'><strong>10.</strong></span> <span class='ocrx_word' id='word_1_705' title='bbox 650 5518 747 5571; x_wconf 89' lang='lat'><strong>11.</strong></span> <span class='ocrx_word' id='word_1_706' title='bbox 834 5511 903 5548; x_wconf 70' lang='grc'>⁸⁸⁸</span> <span class='ocrx_word' id='word_1_707' title='bbox 929 5527 989 5572; x_wconf 91' lang='lat' dir='ltr'><strong>e.</strong></span> <span class='ocrx_word' id='word_1_708' title='bbox 1024 5513 1273 5573; x_wconf 64' lang='lat' dir='ltr'><strong>XXIII“.</strong></span> <span class='ocrx_word' id='word_1_709' title='bbox 1304 5514 1430 5582; x_wconf 85' lang='lat' dir='ltr'><strong>Quo</strong></span> <span class='ocrx_word' id='word_1_710' title='bbox 1461 5517 1566 5575; x_wconf 90' lang='lat' dir='ltr'><strong>E1.</strong></span> 
     </span>
    </p>
   </div>
   <div class='ocr_carea' id='block_1_113' title="bbox 959 5437 2778 5521">
    <p class='ocr_par' dir='ltr' id='par_1_113' title="bbox 959 5437 2778 5521">
     <span class='ocr_line' id='line_1_114' title="bbox 959 5437 2778 5521; baseline -0.008 -13"><span class='ocrx_word' id='word_1_711' title='bbox 959 5441 1283 5521; x_wconf 56' lang='lat' dir='ltr'><strong>&quot;&#39;ijjt.</strong></span> <span class='ocrx_word' id='word_1_712' title='bbox 1313 5442 1556 5521; x_wconf 65' lang='lat' dir='ltr'><strong>adesset</strong></span> <span class='ocrx_word' id='word_1_713' title='bbox 1585 5446 1763 5521; x_wconf 32' lang='lat' dir='ltr'><strong>4._‘i‘d</strong></span> <span class='ocrx_word' id='word_1_714' title='bbox 1793 5448 2088 5521; x_wconf 84' lang='lat' dir='ltr'><strong>optineret</strong></span> <span class='ocrx_word' id='word_1_715' title='bbox 2124 5452 2215 5505; x_wconf 90' lang='lat'><strong>10.</strong></span> <span class='ocrx_word' id='word_1_716' title='bbox 2282 5447 2388 5521; x_wconf 45' lang='grc' dir='ltr'><strong>11,ζ</strong></span> <span class='ocrx_word' id='word_1_717' title='bbox 2390 5441 2576 5521; x_wconf 48' lang='grc' dir='ltr'><strong>,ἀέσαι</strong></span> <span class='ocrx_word' id='word_1_718' title='bbox 2629 5437 2778 5521; x_wconf 48' lang='lat' dir='ltr'><strong>rell.</strong></span> 
     </span>
    </p>
   </div>
   <div class='ocr_carea' id='block_1_114' title="bbox 1660 5512 2770 5592">
    <p class='ocr_par' dir='ltr' id='par_1_114' title="bbox 1660 5512 2770 5592">
     <span class='ocr_line' id='line_1_115' title="bbox 1660 5512 2770 5592; baseline -0.004 -15"><span class='ocrx_word' id='word_1_719' title='bbox 1660 5515 1730 5551; x_wconf 73' lang='grc'><strong>⁸⁸³</strong></span> <span class='ocrx_word' id='word_1_720' title='bbox 1759 5512 2065 5592; x_wconf 51' lang='grc' dir='ltr'><strong>ρξνθειιί.</strong></span> <span class='ocrx_word' id='word_1_721' title='bbox 2103 5535 2157 5575; x_wconf 89' lang='lat' dir='ltr'><strong>r.</strong></span> <span class='ocrx_word' id='word_1_722' title='bbox 2196 5521 2255 5574; x_wconf 79' lang='lat'><strong>5.</strong></span> <span class='ocrx_word' id='word_1_723' title='bbox 2341 5512 2412 5549; x_wconf 81' lang='grc'><strong>⁸⁸³</strong></span> <span class='ocrx_word' id='word_1_724' title='bbox 2442 5529 2502 5573; x_wconf 88' lang='lat' dir='ltr'><strong>a.</strong></span> <span class='ocrx_word' id='word_1_725' title='bbox 2542 5524 2648 5572; x_wconf 87' lang='lat' dir='ltr'><strong>sue</strong></span> <span class='ocrx_word' id='word_1_726' title='bbox 2677 5513 2770 5573; x_wconf 86' lang='lat'><strong>9°.</strong></span> 
     </span>
    </p>
   </div>
   <div class='ocr_carea' id='block_1_115' title="bbox 2888 5436 3643 5498">
    <p class='ocr_par' dir='ltr' id='par_1_115' title="bbox 2888 5436 3643 5498">
     <span class='ocr_line' id='line_1_116' title="bbox 2888 5436 3643 5498; baseline 0.003 -4"><span class='ocrx_word' id='word_1_727' title='bbox 2888 5436 2958 5471; x_wconf 67' lang='grc' dir='ltr'><strong>’τ’</strong></span> <span class='ocrx_word' id='word_1_728' title='bbox 2986 5437 3390 5498; x_wconf 84' lang='lat' dir='ltr'><strong>Jherosolimis</strong></span> <span class='ocrx_word' id='word_1_729' title='bbox 3420 5436 3545 5495; x_wconf 91' lang='lat' dir='ltr'><strong>inv.</strong></span> <span class='ocrx_word' id='word_1_730' title='bbox 3584 5438 3616 5493; x_wconf 72' lang='grc' dir='ltr'>ὅ</span> <span class='ocrx_word' id='word_1_731' title='bbox 3630 5480 3643 5496; x_wconf 96' lang='grc'><strong>.</strong></span> 
     </span>
    </p>
   </div>
  </div>
