  <div class='ocr_page' id='page_1' title='image "/cluster/home/n/w/nwhite01/storage/ocr_20150623/154/hvd.32044054760129/359.png"; bbox 0 0 3992 6054; ppageno 0'>
   <div class='ocr_carea' id='block_1_1' title="bbox 379 198 491 267">
    <p class='ocr_par' dir='ltr' id='par_1_1' title="bbox 379 198 491 267">
     <span class='ocr_line' id='line_1_1' title="bbox 379 198 491 267; baseline -0.036 0"><span class='ocrx_word' id='word_1_1' title='bbox 379 198 491 267; x_wconf 77' lang='grc'><strong>70⁸1</strong></span> 
     </span>
    </p>
   </div>
   <div class='ocr_carea' id='block_1_2' title="bbox 1546 188 2632 257">
    <p class='ocr_par' dir='ltr' id='par_1_2' title="bbox 1546 188 2632 257">
     <span class='ocr_line' id='line_1_2' title="bbox 1546 188 2632 257; baseline 0 0"><span class='ocrx_word' id='word_1_2' title='bbox 1546 188 2029 257; x_wconf 80' lang='lat' dir='ltr'><strong>EKKEHARDI</strong></span> <span class='ocrx_word' id='word_1_3' title='bbox 2072 190 2632 257; x_wconf 83' lang='lat' dir='ltr'><strong>URAUGIENSIS</strong></span> 
     </span>
    </p>
   </div>
   <div class='ocr_carea' id='block_1_3' title="bbox 3668 197 3793 263">
    <p class='ocr_par' dir='ltr' id='par_1_3' title="bbox 3668 197 3793 263">
     <span class='ocr_line' id='line_1_3' title="bbox 3668 197 3793 263; baseline 0.032 -4"><span class='ocrx_word' id='word_1_4' title='bbox 3668 197 3793 263; x_wconf 84' lang='lat'><strong>708</strong></span> 
     </span>
    </p>
   </div>
   <div class='ocr_carea' id='block_1_4' title="bbox 376 326 3790 408">
    <p class='ocr_par' dir='ltr' id='par_1_4' title="bbox 376 326 3790 408">
     <span class='ocr_line' id='line_1_4' title="bbox 376 326 3790 408; baseline -0.001 -15"><span class='ocrx_word' id='word_1_5' title='bbox 376 341 439 394; x_wconf 92' lang='lat' dir='ltr'><strong>to</strong></span> <span class='ocrx_word' id='word_1_6' title='bbox 467 336 563 393; x_wconf 69' lang='grc'><strong>⁸⁸⁵.</strong></span> <span class='ocrx_word' id='word_1_7' title='bbox 605 336 781 408; x_wconf 84' lang='lat' dir='ltr'><strong>Cujus</strong></span> <span class='ocrx_word' id='word_1_8' title='bbox 808 340 1017 403; x_wconf 89' lang='lat' dir='ltr'><strong>morte,</strong></span> <span class='ocrx_word' id='word_1_9' title='bbox 1043 333 1265 406; x_wconf 87' lang='lat' dir='ltr'><strong>audita,</strong></span> <span class='ocrx_word' id='word_1_10' title='bbox 1326 331 1639 388; x_wconf 89' lang='lat' dir='ltr'><strong>Decentius</strong></span> <span class='ocrx_word' id='word_1_11' title='bbox 1695 328 1901 399; x_wconf 87' lang='lat' dir='ltr'><strong>laqueo</strong></span> <span class='ocrx_word' id='word_1_12' title='bbox 1944 328 2022 383; x_wconf 90' lang='lat' dir='ltr'><strong>fa-</strong></span> <span class='ocrx_word' id='word_1_13' title='bbox 2052 328 2106 388; x_wconf 88' lang='lat' dir='ltr'><strong>A</strong></span> <span class='ocrx_word' id='word_1_14' title='bbox 2139 342 2355 399; x_wconf 88' lang='lat' dir='ltr'><strong>seopus</strong></span> <span class='ocrx_word' id='word_1_15' title='bbox 2378 333 2434 385; x_wconf 92' lang='lat' dir='ltr'><strong>et</strong></span> <span class='ocrx_word' id='word_1_16' title='bbox 2454 328 2745 386; x_wconf 85' lang='lat' dir='ltr'><strong>Dionisius</strong></span> <span class='ocrx_word' id='word_1_17' title='bbox 2766 326 3221 387; x_wconf 83' lang='lat' dir='ltr'><strong>Mediolancnsis</strong></span> <span class='ocrx_word' id='word_1_18' title='bbox 3243 334 3303 385; x_wconf 89' lang='lat' dir='ltr'><strong>et</strong></span> <span class='ocrx_word' id='word_1_19' title='bbox 3326 326 3552 389; x_wconf 81' lang='lat' dir='ltr'><strong>Lucifer</strong></span> <span class='ocrx_word' id='word_1_20' title='bbox 3573 332 3790 389; x_wconf 87' lang='lat' dir='ltr'><strong>Carali-</strong></span> 
     </span>
    </p>
   </div>
   <div class='ocr_carea' id='block_1_5' title="bbox 377 417 2023 498">
    <p class='ocr_par' dir='ltr' id='par_1_5' title="bbox 377 417 2023 498">
     <span class='ocr_line' id='line_1_5' title="bbox 377 417 2023 498; baseline -0.008 -15"><span class='ocrx_word' id='word_1_21' title='bbox 377 427 497 483; x_wconf 88' lang='lat' dir='ltr'><strong>scia</strong></span> <span class='ocrx_word' id='word_1_22' title='bbox 512 426 837 498; x_wconf 89' lang='lat' dir='ltr'><strong>composito</strong></span> <span class='ocrx_word' id='word_1_23' title='bbox 854 426 1030 481; x_wconf 87' lang='lat' dir='ltr'><strong>vitam</strong></span> <span class='ocrx_word' id='word_1_24' title='bbox 1047 424 1258 479; x_wconf 81' lang='lat' dir='ltr'><strong>finivit.</strong></span> <span class='ocrx_word' id='word_1_25' title='bbox 1284 425 1428 478; x_wconf 86' lang='lat' dir='ltr'><strong>Acta</strong></span> <span class='ocrx_word' id='word_1_26' title='bbox 1453 421 1727 477; x_wconf 62' lang='lat' dir='ltr'><strong>sunthaec</strong></span> <span class='ocrx_word' id='word_1_27' title='bbox 1741 432 1888 474; x_wconf 86' lang='lat' dir='ltr'><strong>anno</strong></span> <span class='ocrx_word' id='word_1_28' title='bbox 1923 417 2023 471; x_wconf 90' lang='lat' dir='ltr'><strong>im-</strong></span> 
     </span>
    </p>
   </div>
   <div class='ocr_carea' id='block_1_6' title="bbox 383 505 2024 587">
    <p class='ocr_par' dir='ltr' id='par_1_6' title="bbox 383 505 2024 587">
     <span class='ocr_line' id='line_1_6' title="bbox 383 505 2024 587; baseline -0.006 -16"><span class='ocrx_word' id='word_1_29' title='bbox 383 516 871 587; x_wconf 90' lang='lat' dir='ltr'><strong>periiConstantii</strong></span> <span class='ocrx_word' id='word_1_30' title='bbox 914 519 1097 569; x_wconf 87' lang='lat' dir='ltr'><strong>sexto.</strong></span> <span class='ocrx_word' id='word_1_31' title='bbox 1129 515 1207 568; x_wconf 88' lang='lat' dir='ltr'><strong>Eo</strong></span> <span class='ocrx_word' id='word_1_32' title='bbox 1232 517 1493 581; x_wconf 88' lang='lat' dir='ltr'><strong>tempore</strong></span> <span class='ocrx_word' id='word_1_33' title='bbox 1509 505 2024 578; x_wconf 70' lang='lat' dir='ltr'><strong>llonianoimperio</strong></span> 
     </span>
    </p>
   </div>
   <div class='ocr_carea' id='block_1_7' title="bbox 383 594 2026 673">
    <p class='ocr_par' dir='ltr' id='par_1_7' title="bbox 383 594 2026 673">
     <span class='ocr_line' id='line_1_7' title="bbox 383 594 2026 673; baseline -0.006 -14"><span class='ocrx_word' id='word_1_34' title='bbox 383 604 800 659; x_wconf 77' lang='lat' dir='ltr'><strong>Constantinus</strong></span> <span class='ocrx_word' id='word_1_35' title='bbox 826 602 1276 673; x_wconf 86' lang='lat' dir='ltr'><strong>solusprinceps</strong></span> <span class='ocrx_word' id='word_1_36' title='bbox 1290 604 1347 654; x_wconf 91' lang='lat' dir='ltr'><strong>et</strong></span> <span class='ocrx_word' id='word_1_37' title='bbox 1366 602 1654 669; x_wconf 82' lang='lat' dir='ltr'><strong>angustus</strong></span> <span class='ocrx_word' id='word_1_38' title='bbox 1674 596 1910 667; x_wconf 82' lang='lat' dir='ltr'><strong>prefuit,</strong></span> <span class='ocrx_word' id='word_1_39' title='bbox 1936 594 2026 651; x_wconf 86' lang='lat' dir='ltr'><strong>vir</strong></span> 
     </span>
    </p>
   </div>
   <div class='ocr_carea' id='block_1_8' title="bbox 384 684 2027 762">
    <p class='ocr_par' dir='ltr' id='par_1_8' title="bbox 384 684 2027 762">
     <span class='ocr_line' id='line_1_8' title="bbox 384 684 2027 762; baseline -0.005 -15"><span class='ocrx_word' id='word_1_40' title='bbox 384 693 635 762; x_wconf 71' lang='lat' dir='ltr'><strong>egregia:</strong></span> <span class='ocrx_word' id='word_1_41' title='bbox 651 690 1011 761; x_wconf 89' lang='lat' dir='ltr'><strong>tranquillita</strong></span> <span class='ocrx_word' id='word_1_42' title='bbox 1024 688 1361 759; x_wconf 88' lang='lat' dir='ltr'><strong>tis,nimium</strong></span> <span class='ocrx_word' id='word_1_43' title='bbox 1379 686 1763 741; x_wconf 79' lang='lat' dir='ltr'><strong>familiaribus</strong></span> <span class='ocrx_word' id='word_1_44' title='bbox 1778 684 2027 739; x_wconf 78' lang='lat' dir='ltr'><strong>credens</strong></span> 
     </span>
    </p>
   </div>
   <div class='ocr_carea' id='block_1_9' title="bbox 384 774 2027 845">
    <p class='ocr_par' dir='ltr' id='par_1_9' title="bbox 384 774 2027 845">
     <span class='ocr_line' id='line_1_9' title="bbox 384 774 2027 845; baseline -0.007 -7"><span class='ocrx_word' id='word_1_45' title='bbox 384 787 442 838; x_wconf 85' lang='lat' dir='ltr'><strong>et</strong></span> <span class='ocrx_word' id='word_1_46' title='bbox 476 781 678 837; x_wconf 85' lang='lat' dir='ltr'><strong>amicis</strong></span> <span class='ocrx_word' id='word_1_47' title='bbox 709 798 722 843; x_wconf 90' lang='lat'><strong>;</strong></span> <span class='ocrx_word' id='word_1_48' title='bbox 756 795 1001 837; x_wconf 79' lang='lat' dir='ltr'><strong>uxorum</strong></span> <span class='ocrx_word' id='word_1_49' title='bbox 1026 776 1457 835; x_wconf 88' lang='lat' dir='ltr'><strong>amorideditus</strong></span> <span class='ocrx_word' id='word_1_50' title='bbox 1486 777 1635 835; x_wconf 87' lang='lat' dir='ltr'><strong>erat.</strong></span> <span class='ocrx_word' id='word_1_51' title='bbox 1670 774 2027 845; x_wconf 91' lang='lat' dir='ltr'><strong>quibuscon-</strong></span> 
     </span>
    </p>
   </div>
   <div class='ocr_carea' id='block_1_10' title="bbox 381 860 2030 939">
    <p class='ocr_par' dir='ltr' id='par_1_10' title="bbox 381 860 2030 939">
     <span class='ocr_line' id='line_1_10' title="bbox 381 860 2030 939; baseline -0.007 -14"><span class='ocrx_word' id='word_1_52' title='bbox 381 875 603 939; x_wconf 90' lang='lat' dir='ltr'><strong>tentus,</strong></span> <span class='ocrx_word' id='word_1_53' title='bbox 638 868 1155 925; x_wconf 88' lang='lat' dir='ltr'><strong>nullatransvcrsa</strong></span> <span class='ocrx_word' id='word_1_54' title='bbox 1189 866 1431 921; x_wconf 86' lang='lat' dir='ltr'><strong>libidine</strong></span> <span class='ocrx_word' id='word_1_55' title='bbox 1454 867 1551 921; x_wconf 87' lang='lat' dir='ltr'><strong>aut</strong></span> <span class='ocrx_word' id='word_1_56' title='bbox 1579 864 1792 934; x_wconf 87' lang='lat' dir='ltr'><strong>injusta</strong></span> <span class='ocrx_word' id='word_1_57' title='bbox 1831 860 2030 932; x_wconf 85' lang='lat' dir='ltr'><strong>sepol-</strong></span> 
     </span>
    </p>
   </div>
   <div class='ocr_carea' id='block_1_11' title="bbox 384 951 2030 1023">
    <p class='ocr_par' dir='ltr' id='par_1_11' title="bbox 384 951 2030 1023">
     <span class='ocr_line' id='line_1_11' title="bbox 384 951 2030 1023; baseline -0.006 -8"><span class='ocrx_word' id='word_1_58' title='bbox 384 960 611 1015; x_wconf 86' lang='lat' dir='ltr'><strong>luebat.</strong></span> <span class='ocrx_word' id='word_1_59' title='bbox 655 960 735 1013; x_wconf 88' lang='lat' dir='ltr'><strong>Ex</strong></span> <span class='ocrx_word' id='word_1_60' title='bbox 758 958 1027 1013; x_wconf 91' lang='lat' dir='ltr'><strong>omnibus</strong></span> <span class='ocrx_word' id='word_1_61' title='bbox 1055 962 1247 1012; x_wconf 88' lang='lat' dir='ltr'><strong>tamen</strong></span> <span class='ocrx_word' id='word_1_62' title='bbox 1273 954 1573 1023; x_wconf 80' lang='lat' dir='ltr'><strong>uxoribus,</strong></span> <span class='ocrx_word' id='word_1_63' title='bbox 1635 967 1782 1023; x_wconf 90' lang='lat' dir='ltr'><strong>quas</strong></span> <span class='ocrx_word' id='word_1_64' title='bbox 1832 951 2030 1023; x_wconf 80' lang='lat' dir='ltr'><strong>plures</strong></span> 
     </span>
    </p>
   </div>
   <div class='ocr_carea' id='block_1_12' title="bbox 387 1040 2027 1117">
    <p class='ocr_par' dir='ltr' id='par_1_12' title="bbox 387 1040 2027 1117">
     <span class='ocr_line' id='line_1_12' title="bbox 387 1040 2027 1117; baseline -0.006 -14"><span class='ocrx_word' id='word_1_65' title='bbox 387 1049 660 1115; x_wconf 85' lang='lat' dir='ltr'><strong>habebat,</strong></span> <span class='ocrx_word' id='word_1_66' title='bbox 692 1046 999 1102; x_wconf 87' lang='lat' dir='ltr'><strong>Eusebiam</strong></span> <span class='ocrx_word' id='word_1_67' title='bbox 1036 1046 1313 1117; x_wconf 91' lang='lat' dir='ltr'><strong>precipue</strong></span> <span class='ocrx_word' id='word_1_68' title='bbox 1333 1040 2027 1113; x_wconf 85' lang='lat' dir='ltr'><strong>diligebat;cujusetiam</strong></span> 
     </span>
    </p>
   </div>
   <div class='ocr_carea' id='block_1_13' title="bbox 382 1127 2029 1205">
    <p class='ocr_par' dir='ltr' id='par_1_13' title="bbox 382 1127 2029 1205">
     <span class='ocr_line' id='line_1_13' title="bbox 382 1127 2029 1205; baseline -0.005 -13"><span class='ocrx_word' id='word_1_69' title='bbox 382 1151 559 1192; x_wconf 91' lang='lat' dir='ltr'><strong>suasu</strong></span> <span class='ocrx_word' id='word_1_70' title='bbox 581 1135 895 1205; x_wconf 85' lang='lat' dir='ltr'><strong>Julianum,</strong></span> <span class='ocrx_word' id='word_1_71' title='bbox 933 1136 1170 1189; x_wconf 85' lang='lat' dir='ltr'><strong>fratrem</strong></span> <span class='ocrx_word' id='word_1_72' title='bbox 1205 1134 1371 1201; x_wconf 85' lang='lat' dir='ltr'><strong>Galli,</strong></span> <span class='ocrx_word' id='word_1_73' title='bbox 1418 1146 1694 1188; x_wconf 71' lang='lat' dir='ltr'><strong>czesarem</strong></span> <span class='ocrx_word' id='word_1_74' title='bbox 1728 1127 2029 1197; x_wconf 88' lang='lat' dir='ltr'><strong>faciens,in</strong></span> 
     </span>
    </p>
   </div>
   <div class='ocr_carea' id='block_1_14' title="bbox 384 1218 2026 1293">
    <p class='ocr_par' dir='ltr' id='par_1_14' title="bbox 384 1218 2026 1293">
     <span class='ocr_line' id='line_1_14' title="bbox 384 1218 2026 1293; baseline -0.004 -14"><span class='ocrx_word' id='word_1_75' title='bbox 384 1226 738 1281; x_wconf 87' lang='lat' dir='ltr'><strong>consortium</strong></span> <span class='ocrx_word' id='word_1_76' title='bbox 774 1224 1312 1293; x_wconf 86' lang='lat' dir='ltr'><strong>regniassumebat.</strong></span> <span class='ocrx_word' id='word_1_77' title='bbox 1338 1222 1581 1289; x_wconf 82' lang='lat' dir='ltr'><strong>(Cf.Rur</strong></span> <span class='ocrx_word' id='word_1_78' title='bbox 1601 1219 1768 1276; x_wconf 71' lang='lat' dir='ltr'><strong>Hist.</strong></span> <span class='ocrx_word' id='word_1_79' title='bbox 1804 1218 1938 1275; x_wconf 75' lang='grc' dir='ltr'><strong>θεοῖ.</strong></span> <span class='ocrx_word' id='word_1_80' title='bbox 1972 1233 2026 1285; x_wconf 87' lang='lat' dir='ltr'><strong>x,</strong></span> 
     </span>
    </p>
   </div>
   <div class='ocr_carea' id='block_1_15' title="bbox 387 1307 2033 1383">
    <p class='ocr_par' dir='ltr' id='par_1_15' title="bbox 387 1307 2033 1383">
     <span class='ocr_line' id='line_1_15' title="bbox 387 1307 2033 1383; baseline -0.005 -15"><span class='ocrx_word' id='word_1_81' title='bbox 387 1318 511 1383; x_wconf 83' lang='lat'><strong>15.)</strong></span> <span class='ocrx_word' id='word_1_82' title='bbox 541 1315 679 1368; x_wconf 86' lang='lat' dir='ltr'><strong>Post</strong></span> <span class='ocrx_word' id='word_1_83' title='bbox 699 1312 842 1382; x_wconf 76' lang='lat' dir='ltr'><strong>lucc,</strong></span> <span class='ocrx_word' id='word_1_84' title='bbox 872 1312 1112 1381; x_wconf 91' lang='lat' dir='ltr'><strong>antiquo</strong></span> <span class='ocrx_word' id='word_1_85' title='bbox 1148 1311 1313 1367; x_wconf 90' lang='lat' dir='ltr'><strong>hoste</strong></span> <span class='ocrx_word' id='word_1_86' title='bbox 1348 1310 1473 1381; x_wconf 86' lang='lat' dir='ltr'><strong>paci</strong></span> <span class='ocrx_word' id='word_1_87' title='bbox 1498 1307 1782 1365; x_wconf 69' lang='lat' dir='ltr'><strong>:eeclesize</strong></span> <span class='ocrx_word' id='word_1_88' title='bbox 1798 1321 2033 1377; x_wconf 89' lang='lat' dir='ltr'><strong>semper</strong></span> 
     </span>
    </p>
   </div>
   <div class='ocr_carea' id='block_1_16' title="bbox 385 1395 2034 1471">
    <p class='ocr_par' dir='ltr' id='par_1_16' title="bbox 385 1395 2034 1471">
     <span class='ocr_line' id='line_1_16' title="bbox 385 1395 2034 1471; baseline -0.005 -14"><span class='ocrx_word' id='word_1_89' title='bbox 385 1402 701 1471; x_wconf 88' lang='lat' dir='ltr'><strong>invidente,</strong></span> <span class='ocrx_word' id='word_1_90' title='bbox 764 1401 970 1457; x_wconf 87' lang='lat' dir='ltr'><strong>Arrius</strong></span> <span class='ocrx_word' id='word_1_91' title='bbox 1026 1399 1234 1470; x_wconf 85' lang='lat' dir='ltr'><strong>suique</strong></span> <span class='ocrx_word' id='word_1_92' title='bbox 1292 1413 1572 1468; x_wconf 90' lang='lat' dir='ltr'><strong>sequaces</strong></span> <span class='ocrx_word' id='word_1_93' title='bbox 1622 1395 2034 1452; x_wconf 84' lang='lat' dir='ltr'><strong>familiaritatis</strong></span> 
     </span>
    </p>
   </div>
   <div class='ocr_carea' id='block_1_17' title="bbox 386 1484 2032 1561">
    <p class='ocr_par' dir='ltr' id='par_1_17' title="bbox 386 1484 2032 1561">
     <span class='ocr_line' id='line_1_17' title="bbox 386 1484 2032 1561; baseline -0.005 -14"><span class='ocrx_word' id='word_1_94' title='bbox 386 1492 574 1547; x_wconf 91' lang='lat' dir='ltr'><strong>locum</strong></span> <span class='ocrx_word' id='word_1_95' title='bbox 607 1489 761 1561; x_wconf 89' lang='lat' dir='ltr'><strong>apud</strong></span> <span class='ocrx_word' id='word_1_96' title='bbox 794 1490 1203 1545; x_wconf 89' lang='lat' dir='ltr'><strong>Constantium</strong></span> <span class='ocrx_word' id='word_1_97' title='bbox 1234 1491 1607 1559; x_wconf 75' lang='lat' dir='ltr'><strong>acceperunt;</strong></span> <span class='ocrx_word' id='word_1_98' title='bbox 1654 1486 1749 1556; x_wconf 89' lang='lat' dir='ltr'><strong>qui</strong></span> <span class='ocrx_word' id='word_1_99' title='bbox 1792 1500 1923 1541; x_wconf 90' lang='lat' dir='ltr'><strong>cum</strong></span> <span class='ocrx_word' id='word_1_100' title='bbox 1978 1484 2032 1538; x_wconf 93' lang='lat' dir='ltr'><strong>in</strong></span> 
     </span>
    </p>
   </div>
   <div class='ocr_carea' id='block_1_18' title="bbox 387 1574 2032 1644">
    <p class='ocr_par' dir='ltr' id='par_1_18' title="bbox 387 1574 2032 1644">
     <span class='ocr_line' id='line_1_18' title="bbox 387 1574 2032 1644; baseline -0.005 -7"><span class='ocrx_word' id='word_1_101' title='bbox 387 1579 610 1637; x_wconf 89' lang='lat' dir='ltr'><strong>erroris</strong></span> <span class='ocrx_word' id='word_1_102' title='bbox 667 1578 756 1635; x_wconf 88' lang='lat' dir='ltr'><strong>sui</strong></span> <span class='ocrx_word' id='word_1_103' title='bbox 814 1578 1175 1634; x_wconf 84' lang='lat' dir='ltr'><strong>consortium</strong></span> <span class='ocrx_word' id='word_1_104' title='bbox 1261 1576 1722 1633; x_wconf 83' lang='lat' dir='ltr'><strong>declinaverunt.</strong></span> <span class='ocrx_word' id='word_1_105' title='bbox 1796 1574 2032 1644; x_wconf 79' lang='lat' dir='ltr'><strong>(BEDA.)</strong></span> 
     </span>
    </p>
   </div>
   <div class='ocr_carea' id='block_1_19' title="bbox 392 1662 2120 1749">
    <p class='ocr_par' dir='ltr' id='par_1_19' title="bbox 392 1662 2120 1749">
     <span class='ocr_line' id='line_1_19' title="bbox 392 1662 2120 1749; baseline -0.002 -26"><span class='ocrx_word' id='word_1_106' title='bbox 392 1667 551 1723; x_wconf 85' lang='lat' dir='ltr'><strong>Unde</strong></span> <span class='ocrx_word' id='word_1_107' title='bbox 582 1666 850 1737; x_wconf 82' lang='lat' dir='ltr'><strong>impietas</strong></span> <span class='ocrx_word' id='word_1_108' title='bbox 876 1666 1142 1735; x_wconf 83' lang='lat' dir='ltr'><strong>Arriana,</strong></span> <span class='ocrx_word' id='word_1_109' title='bbox 1178 1664 1497 1721; x_wconf 85' lang='lat' dir='ltr'><strong>Constantii</strong></span> <span class='ocrx_word' id='word_1_110' title='bbox 1555 1663 1694 1719; x_wconf 90' lang='lat' dir='ltr'><strong>fulta</strong></span> <span class='ocrx_word' id='word_1_111' title='bbox 1754 1662 2031 1734; x_wconf 89' lang='lat' dir='ltr'><strong>prcsidio,</strong></span> <span class='ocrx_word' id='word_1_112' title='bbox 2062 1687 2120 1749; x_wconf 78' lang='grc' dir='ltr'><strong>Β</strong></span> 
     </span>
    </p>
   </div>
   <div class='ocr_carea' id='block_1_20' title="bbox 404 1750 2036 1822">
    <p class='ocr_par' dir='ltr' id='par_1_20' title="bbox 404 1750 2036 1822">
     <span class='ocr_line' id='line_1_20' title="bbox 404 1750 2036 1822; baseline -0.003 -11"><span class='ocrx_word' id='word_1_113' title='bbox 404 1755 599 1811; x_wconf 77' lang='lat' dir='ltr'><strong>exiliis</strong></span> <span class='ocrx_word' id='word_1_114' title='bbox 632 1754 970 1811; x_wconf 90' lang='lat' dir='ltr'><strong>carceribus</strong></span> <span class='ocrx_word' id='word_1_115' title='bbox 983 1759 1039 1809; x_wconf 89' lang='lat' dir='ltr'><strong>et</strong></span> <span class='ocrx_word' id='word_1_116' title='bbox 1055 1754 1232 1810; x_wconf 86' lang='lat' dir='ltr'><strong>variis</strong></span> <span class='ocrx_word' id='word_1_117' title='bbox 1245 1753 1515 1810; x_wconf 86' lang='lat' dir='ltr'><strong>aflliction</strong></span> <span class='ocrx_word' id='word_1_118' title='bbox 1526 1768 1617 1808; x_wconf 91' lang='lat' dir='ltr'><strong>um</strong></span> <span class='ocrx_word' id='word_1_119' title='bbox 1651 1751 1835 1807; x_wconf 87' lang='lat' dir='ltr'><strong>modis</strong></span> <span class='ocrx_word' id='word_1_120' title='bbox 1850 1750 2036 1822; x_wconf 90' lang='lat' dir='ltr'><strong>primo</strong></span> 
     </span>
    </p>
   </div>
   <div class='ocr_carea' id='block_1_21' title="bbox 391 1840 2095 1912">
    <p class='ocr_par' dir='ltr' id='par_1_21' title="bbox 391 1840 2095 1912">
     <span class='ocr_line' id='line_1_21' title="bbox 391 1840 2095 1912; baseline -0.004 -11"><span class='ocrx_word' id='word_1_121' title='bbox 391 1842 1238 1912; x_wconf 85' lang='lat' dir='ltr'><strong>Athanasium,deindeomnes</strong></span> <span class='ocrx_word' id='word_1_122' title='bbox 1272 1857 1381 1897; x_wconf 92' lang='lat' dir='ltr'><strong>non</strong></span> <span class='ocrx_word' id='word_1_123' title='bbox 1425 1857 1546 1897; x_wconf 76' lang='lat' dir='ltr'><strong>suae</strong></span> <span class='ocrx_word' id='word_1_124' title='bbox 1582 1841 1768 1912; x_wconf 88' lang='lat' dir='ltr'><strong>partis</strong></span> <span class='ocrx_word' id='word_1_125' title='bbox 1812 1840 2039 1910; x_wconf 90' lang='lat' dir='ltr'><strong>episco-</strong></span> <span class='ocrx_word' id='word_1_126' title='bbox 2087 1857 2095 1865; x_wconf 64' lang='grc' dir='ltr'><strong>ο</strong></span> 
     </span>
    </p>
   </div>
   <div class='ocr_carea' id='block_1_22' title="bbox 392 1930 2041 2004">
    <p class='ocr_par' dir='ltr' id='par_1_22' title="bbox 392 1930 2041 2004">
     <span class='ocr_line' id='line_1_22' title="bbox 392 1930 2041 2004; baseline -0.003 -16"><span class='ocrx_word' id='word_1_127' title='bbox 392 1948 502 2004; x_wconf 89' lang='lat' dir='ltr'><strong>pos</strong></span> <span class='ocrx_word' id='word_1_128' title='bbox 534 1937 841 2003; x_wconf 88' lang='lat' dir='ltr'><strong>persecuta</strong></span> <span class='ocrx_word' id='word_1_129' title='bbox 874 1935 991 1986; x_wconf 90' lang='lat' dir='ltr'><strong>est.</strong></span> <span class='ocrx_word' id='word_1_130' title='bbox 1034 1932 1141 1999; x_wconf 83' lang='lat' dir='ltr'><strong>(H.</strong></span> <span class='ocrx_word' id='word_1_131' title='bbox 1175 1934 1279 2001; x_wconf 67' lang='grc' dir='ltr'><strong>φη.)</strong></span> <span class='ocrx_word' id='word_1_132' title='bbox 1297 1931 1672 1987; x_wconf 87' lang='lat' dir='ltr'><strong>Constantius</strong></span> <span class='ocrx_word' id='word_1_133' title='bbox 1732 1946 1867 1987; x_wconf 87' lang='lat' dir='ltr'><strong>vero</strong></span> <span class='ocrx_word' id='word_1_134' title='bbox 1892 1930 2041 1984; x_wconf 86' lang='lat' dir='ltr'><strong>inter</strong></span> 
     </span>
    </p>
   </div>
   <div class='ocr_carea' id='block_1_23' title="bbox 398 2017 2044 2090">
    <p class='ocr_par' dir='ltr' id='par_1_23' title="bbox 398 2017 2044 2090">
     <span class='ocr_line' id='line_1_23' title="bbox 398 2017 2044 2090; baseline -0.002 -16"><span class='ocrx_word' id='word_1_135' title='bbox 398 2020 521 2076; x_wconf 73' lang='lat' dir='ltr'><strong>lucc</strong></span> <span class='ocrx_word' id='word_1_136' title='bbox 556 2019 769 2076; x_wconf 91' lang='lat' dir='ltr'><strong>bellum</strong></span> <span class='ocrx_word' id='word_1_137' title='bbox 794 2019 1526 2090; x_wconf 82' lang='lat' dir='ltr'><strong>Parthispreparans,cum</strong></span> <span class='ocrx_word' id='word_1_138' title='bbox 1585 2018 1849 2075; x_wconf 88' lang='lat' dir='ltr'><strong>audisset</strong></span> <span class='ocrx_word' id='word_1_139' title='bbox 1869 2017 2044 2074; x_wconf 83' lang='lat' dir='ltr'><strong>Julia-</strong></span> 
     </span>
    </p>
   </div>
   <div class='ocr_carea' id='block_1_24' title="bbox 398 2107 2041 2179">
    <p class='ocr_par' dir='ltr' id='par_1_24' title="bbox 398 2107 2041 2179">
     <span class='ocr_line' id='line_1_24' title="bbox 398 2107 2041 2179; baseline -0.002 -15"><span class='ocrx_word' id='word_1_140' title='bbox 398 2123 533 2164; x_wconf 90' lang='lat' dir='ltr'><strong>num</strong></span> <span class='ocrx_word' id='word_1_141' title='bbox 564 2109 635 2164; x_wconf 86' lang='lat' dir='ltr'><strong>ad</strong></span> <span class='ocrx_word' id='word_1_142' title='bbox 695 2107 1001 2179; x_wconf 89' lang='lat' dir='ltr'><strong>imperium</strong></span> <span class='ocrx_word' id='word_1_143' title='bbox 1053 2107 1295 2177; x_wconf 88' lang='lat' dir='ltr'><strong>inhiare,</strong></span> <span class='ocrx_word' id='word_1_144' title='bbox 1348 2108 1615 2163; x_wconf 88' lang='lat' dir='ltr'><strong>Parthica</strong></span> <span class='ocrx_word' id='word_1_145' title='bbox 1667 2107 2041 2177; x_wconf 86' lang='lat' dir='ltr'><strong>expeditione</strong></span> 
     </span>
    </p>
   </div>
   <div class='ocr_carea' id='block_1_25' title="bbox 400 2196 2046 2267">
    <p class='ocr_par' dir='ltr' id='par_1_25' title="bbox 400 2196 2046 2267">
     <span class='ocr_line' id='line_1_25' title="bbox 400 2196 2046 2267; baseline -0.001 -15"><span class='ocrx_word' id='word_1_146' title='bbox 400 2196 627 2267; x_wconf 85' lang='lat' dir='ltr'><strong>relicta,</strong></span> <span class='ocrx_word' id='word_1_147' title='bbox 657 2196 859 2265; x_wconf 90' lang='lat' dir='ltr'><strong>rediit,</strong></span> <span class='ocrx_word' id='word_1_148' title='bbox 885 2200 944 2251; x_wconf 84' lang='lat' dir='ltr'><strong>et</strong></span> <span class='ocrx_word' id='word_1_149' title='bbox 977 2196 1128 2251; x_wconf 92' lang='lat' dir='ltr'><strong>inter</strong></span> <span class='ocrx_word' id='word_1_150' title='bbox 1160 2196 1417 2252; x_wconf 87' lang='lat' dir='ltr'><strong>Ciliciam</strong></span> <span class='ocrx_word' id='word_1_151' title='bbox 1449 2202 1505 2253; x_wconf 92' lang='lat' dir='ltr'><strong>ct</strong></span> <span class='ocrx_word' id='word_1_152' title='bbox 1565 2196 1942 2267; x_wconf 76' lang='lat' dir='ltr'><strong>Capadociain</strong></span> <span class='ocrx_word' id='word_1_153' title='bbox 1971 2196 2046 2251; x_wconf 89' lang='lat' dir='ltr'><strong>fe-</strong></span> 
     </span>
    </p>
   </div>
   <div class='ocr_carea' id='block_1_26' title="bbox 404 2284 2043 2357">
    <p class='ocr_par' dir='ltr' id='par_1_26' title="bbox 404 2284 2043 2357">
     <span class='ocr_line' id='line_1_26' title="bbox 404 2284 2043 2357; baseline -0.001 -16"><span class='ocrx_word' id='word_1_154' title='bbox 404 2284 491 2341; x_wconf 90' lang='lat' dir='ltr'><strong>bri</strong></span> <span class='ocrx_word' id='word_1_155' title='bbox 523 2284 827 2354; x_wconf 87' lang='lat' dir='ltr'><strong>acerrima,</strong></span> <span class='ocrx_word' id='word_1_156' title='bbox 861 2284 1371 2355; x_wconf 86' lang='lat' dir='ltr'><strong>quamindignatio</strong></span> <span class='ocrx_word' id='word_1_157' title='bbox 1401 2287 1675 2357; x_wconf 84' lang='lat' dir='ltr'><strong>augebat,</strong></span> <span class='ocrx_word' id='word_1_158' title='bbox 1710 2284 1875 2353; x_wconf 92' lang='lat' dir='ltr'><strong>obiit,</strong></span> <span class='ocrx_word' id='word_1_159' title='bbox 1896 2299 2043 2340; x_wconf 90' lang='lat' dir='ltr'><strong>anno</strong></span> 
     </span>
    </p>
   </div>
   <div class='ocr_carea' id='block_1_27' title="bbox 356 2373 1156 2445">
    <p class='ocr_par' dir='ltr' id='par_1_27' title="bbox 356 2373 1156 2445">
     <span class='ocr_line' id='line_1_27' title="bbox 356 2373 1156 2445; baseline -0.004 -14"><span class='ocrx_word' id='word_1_160' title='bbox 356 2416 359 2419; x_wconf 49' lang='grc' dir='ltr'><strong><em>λ</em></strong></span> <span class='ocrx_word' id='word_1_161' title='bbox 403 2374 601 2431; x_wconf 74' lang='lat' dir='ltr'><strong>aetatis</strong></span> <span class='ocrx_word' id='word_1_162' title='bbox 633 2377 749 2444; x_wconf 69' lang='lat'><strong>45°,</strong></span> <span class='ocrx_word' id='word_1_163' title='bbox 784 2373 1009 2445; x_wconf 90' lang='lat' dir='ltr'><strong>imperii</strong></span> <span class='ocrx_word' id='word_1_164' title='bbox 1033 2378 1156 2428; x_wconf 80' lang='lat'><strong>230.</strong></span> 
     </span>
    </p>
   </div>
   <div class='ocr_carea' id='block_1_28' title="bbox 468 2462 2045 2533">
    <p class='ocr_par' dir='ltr' id='par_1_28' title="bbox 468 2462 2045 2533">
     <span class='ocr_line' id='line_1_28' title="bbox 468 2462 2045 2533; baseline -0.001 -16"><span class='ocrx_word' id='word_1_165' title='bbox 468 2467 518 2518; x_wconf 94' lang='lat'><strong>1.</strong></span> <span class='ocrx_word' id='word_1_166' title='bbox 552 2463 764 2533; x_wconf 75' lang='grc' dir='ltr'><strong>(ῐίιειι.)</strong></span> <span class='ocrx_word' id='word_1_167' title='bbox 797 2463 990 2518; x_wconf 90' lang='lat' dir='ltr'><strong>Primo</strong></span> <span class='ocrx_word' id='word_1_168' title='bbox 1025 2462 1348 2519; x_wconf 88' lang='lat' dir='ltr'><strong>Constantii</strong></span> <span class='ocrx_word' id='word_1_169' title='bbox 1381 2477 1531 2519; x_wconf 90' lang='lat' dir='ltr'><strong>anno</strong></span> <span class='ocrx_word' id='word_1_170' title='bbox 1553 2464 1806 2519; x_wconf 75' lang='lat' dir='ltr'><strong>Iacobus</strong></span> <span class='ocrx_word' id='word_1_171' title='bbox 1838 2462 2045 2518; x_wconf 89' lang='lat' dir='ltr'><strong>Nisibi-</strong></span> 
     </span>
    </p>
   </div>
   <div class='ocr_carea' id='block_1_29' title="bbox 402 2550 2045 2622">
    <p class='ocr_par' dir='ltr' id='par_1_29' title="bbox 402 2550 2045 2622">
     <span class='ocr_line' id='line_1_29' title="bbox 402 2550 2045 2622; baseline 0 -16"><span class='ocrx_word' id='word_1_172' title='bbox 402 2566 510 2607; x_wconf 92' lang='lat' dir='ltr'><strong>nus</strong></span> <span class='ocrx_word' id='word_1_173' title='bbox 541 2551 853 2622; x_wconf 82' lang='lat' dir='ltr'><strong>episcopus</strong></span> <span class='ocrx_word' id='word_1_174' title='bbox 874 2550 1235 2620; x_wconf 83' lang='lat' dir='ltr'><strong>agnoscitur,</strong></span> <span class='ocrx_word' id='word_1_175' title='bbox 1261 2553 1430 2622; x_wconf 84' lang='lat' dir='ltr'><strong>cujus</strong></span> <span class='ocrx_word' id='word_1_176' title='bbox 1454 2552 1728 2622; x_wconf 89' lang='lat' dir='ltr'><strong>precibus</strong></span> <span class='ocrx_word' id='word_1_177' title='bbox 1746 2567 1881 2622; x_wconf 89' lang='lat' dir='ltr'><strong>sepe</strong></span> <span class='ocrx_word' id='word_1_178' title='bbox 1906 2555 2045 2608; x_wconf 88' lang='lat' dir='ltr'><strong>urbs</strong></span> 
     </span>
    </p>
   </div>
   <div class='ocr_carea' id='block_1_30' title="bbox 404 2638 1872 2701">
    <p class='ocr_par' dir='ltr' id='par_1_30' title="bbox 404 2638 1872 2701">
     <span class='ocr_line' id='line_1_30' title="bbox 404 2638 1872 2701; baseline -0.003 -6"><span class='ocrx_word' id='word_1_179' title='bbox 404 2639 746 2695; x_wconf 89' lang='lat' dir='ltr'><strong>discrimine</strong></span> <span class='ocrx_word' id='word_1_180' title='bbox 777 2638 1023 2695; x_wconf 89' lang='lat' dir='ltr'><strong>liberata</strong></span> <span class='ocrx_word' id='word_1_181' title='bbox 1053 2644 1160 2694; x_wconf 88' lang='lat' dir='ltr'><strong>est.</strong></span> <span class='ocrx_word' id='word_1_182' title='bbox 1861 2692 1872 2701; x_wconf 78' lang='grc'><em>,</em></span> 
     </span>
    </p>
   </div>
   <div class='ocr_carea' id='block_1_31' title="bbox 468 2727 2046 2796">
    <p class='ocr_par' dir='ltr' id='par_1_31' title="bbox 468 2727 2046 2796">
     <span class='ocr_line' id='line_1_31' title="bbox 468 2727 2046 2796; baseline 0.001 -15"><span class='ocrx_word' id='word_1_183' title='bbox 468 2732 519 2782; x_wconf 87' lang='grc'>3.</span> <span class='ocrx_word' id='word_1_184' title='bbox 549 2727 716 2796; x_wconf 75' lang='lat' dir='ltr'><strong>(0hr.</strong></span> <span class='ocrx_word' id='word_1_185' title='bbox 752 2727 942 2795; x_wconf 82' lang='lat' dir='ltr'><strong>W.)A.</strong></span> <span class='ocrx_word' id='word_1_186' title='bbox 969 2728 1030 2781; x_wconf 95' lang='lat' dir='ltr'><strong>D.</strong></span> <span class='ocrx_word' id='word_1_187' title='bbox 1054 2730 1183 2784; x_wconf 81' lang='grc'>343.</span> <span class='ocrx_word' id='word_1_188' title='bbox 1218 2728 1809 2784; x_wconf 85' lang='lat' dir='ltr'><strong>Constantinusfratri</strong></span> <span class='ocrx_word' id='word_1_189' title='bbox 1833 2728 2046 2785; x_wconf 89' lang='lat' dir='ltr'><strong>bellum</strong></span> 
     </span>
    </p>
   </div>
   <div class='ocr_carea' id='block_1_32' title="bbox 406 2814 1578 2885">
    <p class='ocr_par' dir='ltr' id='par_1_32' title="bbox 406 2814 1578 2885">
     <span class='ocr_line' id='line_1_32' title="bbox 406 2814 1578 2885; baseline 0.001 -15"><span class='ocrx_word' id='word_1_190' title='bbox 406 2815 684 2885; x_wconf 88' lang='lat' dir='ltr'><strong>inferens,</strong></span> <span class='ocrx_word' id='word_1_191' title='bbox 717 2814 1004 2871; x_wconf 88' lang='lat' dir='ltr'><strong>occiditur</strong></span> <span class='ocrx_word' id='word_1_192' title='bbox 1029 2815 1191 2883; x_wconf 88' lang='lat' dir='ltr'><strong>juxta</strong></span> <span class='ocrx_word' id='word_1_193' title='bbox 1228 2816 1578 2885; x_wconf 81' lang='lat' dir='ltr'><strong>Aquileiam.</strong></span> 
     </span>
    </p>
   </div>
   <div class='ocr_carea' id='block_1_33' title="bbox 472 2903 2050 2976">
    <p class='ocr_par' dir='ltr' id='par_1_33' title="bbox 472 2903 2050 2976">
     <span class='ocr_line' id='line_1_33' title="bbox 472 2903 2050 2976; baseline 0.001 -17"><span class='ocrx_word' id='word_1_194' title='bbox 472 2908 530 2959; x_wconf 81' lang='lat'><strong>5.</strong></span> <span class='ocrx_word' id='word_1_195' title='bbox 577 2905 650 2959; x_wconf 84' lang='lat' dir='ltr'><strong>A.</strong></span> <span class='ocrx_word' id='word_1_196' title='bbox 690 2904 761 2957; x_wconf 91' lang='lat' dir='ltr'><strong>D.</strong></span> <span class='ocrx_word' id='word_1_197' title='bbox 801 2906 922 2958; x_wconf 72' lang='grc'><strong>345.</strong></span> <span class='ocrx_word' id='word_1_198' title='bbox 954 2903 1295 2959; x_wconf 82' lang='lat' dir='ltr'><strong>Maximinus</strong></span> <span class='ocrx_word' id='word_1_199' title='bbox 1324 2905 1704 2961; x_wconf 85' lang='lat' dir='ltr'><strong>Treverorum</strong></span> <span class='ocrx_word' id='word_1_200' title='bbox 1739 2904 2050 2976; x_wconf 89' lang='lat' dir='ltr'><strong>episcopus</strong></span> 
     </span>
    </p>
   </div>
   <div class='ocr_carea' id='block_1_34' title="bbox 396 2991 2051 3064">
    <p class='ocr_par' dir='ltr' id='par_1_34' title="bbox 396 2991 2051 3064">
     <span class='ocr_line' id='line_1_34' title="bbox 396 2991 2051 3064; baseline 0 -17"><span class='ocrx_word' id='word_1_201' title='bbox 396 2991 595 3049; x_wconf 89' lang='lat' dir='ltr'><strong>clarus</strong></span> <span class='ocrx_word' id='word_1_202' title='bbox 628 2992 913 3055; x_wconf 84' lang='lat' dir='ltr'><strong>habetur;</strong></span> <span class='ocrx_word' id='word_1_203' title='bbox 945 3006 973 3047; x_wconf 91' lang='lat' dir='ltr'><strong>a</strong></span> <span class='ocrx_word' id='word_1_204' title='bbox 1008 3007 1120 3062; x_wconf 82' lang='lat' dir='ltr'><strong>quo</strong></span> <span class='ocrx_word' id='word_1_205' title='bbox 1152 2991 1508 3049; x_wconf 86' lang='lat' dir='ltr'><strong>Athanasius</strong></span> <span class='ocrx_word' id='word_1_206' title='bbox 1535 2993 1900 3049; x_wconf 73' lang='lat' dir='ltr'><strong>Alexandrim</strong></span> <span class='ocrx_word' id='word_1_207' title='bbox 1933 2993 2051 3064; x_wconf 87' lang='lat' dir='ltr'><strong>cpi-</strong></span> 
     </span>
    </p>
   </div>
   <div class='ocr_carea' id='block_1_35' title="bbox 403 3049 2131 3153">
    <p class='ocr_par' dir='ltr' id='par_1_35' title="bbox 403 3049 2131 3153">
     <span class='ocr_line' id='line_1_35' title="bbox 403 3049 2131 3153; baseline 0 -16"><span class='ocrx_word' id='word_1_208' title='bbox 403 3095 641 3153; x_wconf 90' lang='lat' dir='ltr'><strong>scopus,</strong></span> <span class='ocrx_word' id='word_1_209' title='bbox 675 3095 705 3136; x_wconf 90' lang='lat' dir='ltr'><strong>a</strong></span> <span class='ocrx_word' id='word_1_210' title='bbox 730 3081 1045 3138; x_wconf 89' lang='lat' dir='ltr'><strong>Constante</strong></span> <span class='ocrx_word' id='word_1_211' title='bbox 1066 3082 1365 3152; x_wconf 82' lang='lat' dir='ltr'><strong>profugus,</strong></span> <span class='ocrx_word' id='word_1_212' title='bbox 1393 3081 1711 3138; x_wconf 84' lang='lat' dir='ltr'><strong>honoriﬁce</strong></span> <span class='ocrx_word' id='word_1_213' title='bbox 1736 3084 2050 3153; x_wconf 90' lang='lat' dir='ltr'><strong>susceptus</strong></span> <span class='ocrx_word' id='word_1_214' title='bbox 2083 3049 2131 3107; x_wconf 61' lang='grc' dir='ltr'>Ο</span> 
     </span>
    </p>
   </div>
   <div class='ocr_carea' id='block_1_36' title="bbox 400 3173 511 3226">
    <p class='ocr_par' dir='ltr' id='par_1_36' title="bbox 400 3173 511 3226">
     <span class='ocr_line' id='line_1_36' title="bbox 400 3173 511 3226; baseline -0.018 0"><span class='ocrx_word' id='word_1_215' title='bbox 400 3173 488 3226; x_wconf 67' lang='grc' dir='ltr'><strong>εει</strong></span> <span class='ocrx_word' id='word_1_216' title='bbox 499 3211 511 3224; x_wconf 92' lang='grc'><strong>.</strong></span> 
     </span>
    </p>
   </div>
   <div class='ocr_carea' id='block_1_37' title="bbox 469 3257 2051 3329">
    <p class='ocr_par' dir='ltr' id='par_1_37' title="bbox 469 3257 2051 3329">
     <span class='ocr_line' id='line_1_37' title="bbox 469 3257 2051 3329; baseline 0.003 -18"><span class='ocrx_word' id='word_1_217' title='bbox 469 3260 529 3314; x_wconf 82' lang='lat'><strong>9.</strong></span> <span class='ocrx_word' id='word_1_218' title='bbox 561 3260 633 3313; x_wconf 86' lang='lat' dir='ltr'><strong>A.</strong></span> <span class='ocrx_word' id='word_1_219' title='bbox 654 3258 726 3312; x_wconf 94' lang='lat' dir='ltr'><strong>D.</strong></span> <span class='ocrx_word' id='word_1_220' title='bbox 758 3260 886 3312; x_wconf 79' lang='grc'><strong>349.</strong></span> <span class='ocrx_word' id='word_1_221' title='bbox 910 3257 1265 3313; x_wconf 84' lang='lat' dir='ltr'><strong>Athanasius</strong></span> <span class='ocrx_word' id='word_1_222' title='bbox 1289 3258 1690 3329; x_wconf 89' lang='lat' dir='ltr'><strong>episcopusad</strong></span> <span class='ocrx_word' id='word_1_223' title='bbox 1716 3259 2051 3315; x_wconf 84' lang='lat' dir='ltr'><strong>Constantis</strong></span> 
     </span>
    </p>
   </div>
   <div class='ocr_carea' id='block_1_38' title="bbox 403 3344 1568 3415">
    <p class='ocr_par' dir='ltr' id='par_1_38' title="bbox 403 3344 1568 3415">
     <span class='ocr_line' id='line_1_38' title="bbox 403 3344 1568 3415; baseline 0 -13"><span class='ocrx_word' id='word_1_224' title='bbox 403 3347 638 3402; x_wconf 90' lang='lat' dir='ltr'><strong>litteras</strong></span> <span class='ocrx_word' id='word_1_225' title='bbox 670 3360 981 3415; x_wconf 82' lang='lat' dir='ltr'><strong>regressus</strong></span> <span class='ocrx_word' id='word_1_226' title='bbox 1007 3350 1099 3399; x_wconf 89' lang='lat' dir='ltr'><strong>est</strong></span> <span class='ocrx_word' id='word_1_227' title='bbox 1133 3344 1568 3402; x_wconf 87' lang='lat' dir='ltr'><strong>Alexandriam.</strong></span> 
     </span>
    </p>
   </div>
   <div class='ocr_carea' id='block_1_39' title="bbox 476 3451 2048 3526">
    <p class='ocr_par' dir='ltr' id='par_1_39' title="bbox 476 3451 2048 3526">
     <span class='ocr_line' id='line_1_39' title="bbox 476 3451 2048 3526; baseline 0.002 -20"><span class='ocrx_word' id='word_1_228' title='bbox 476 3454 568 3507; x_wconf 87' lang='lat'><strong>13.</strong></span> <span class='ocrx_word' id='word_1_229' title='bbox 603 3454 673 3506; x_wconf 93' lang='lat' dir='ltr'><strong>A.</strong></span> <span class='ocrx_word' id='word_1_230' title='bbox 705 3452 774 3505; x_wconf 93' lang='lat' dir='ltr'><strong>D.</strong></span> <span class='ocrx_word' id='word_1_231' title='bbox 806 3453 934 3505; x_wconf 85' lang='lat'><strong>353.</strong></span> <span class='ocrx_word' id='word_1_232' title='bbox 968 3453 1249 3507; x_wconf 86' lang='lat' dir='ltr'><strong>Constans</strong></span> <span class='ocrx_word' id='word_1_233' title='bbox 1280 3451 1416 3508; x_wconf 90' lang='lat' dir='ltr'><strong>haut</strong></span> <span class='ocrx_word' id='word_1_234' title='bbox 1452 3451 1623 3523; x_wconf 91' lang='lat' dir='ltr'><strong>longe</strong></span> <span class='ocrx_word' id='word_1_235' title='bbox 1656 3455 1726 3510; x_wconf 88' lang='lat' dir='ltr'><strong>ab</strong></span> <span class='ocrx_word' id='word_1_236' title='bbox 1760 3455 2048 3526; x_wconf 81' lang='lat' dir='ltr'><strong>llyspania</strong></span> 
     </span>
    </p>
   </div>
   <div class='ocr_carea' id='block_1_40' title="bbox 407 3540 1341 3610">
    <p class='ocr_par' dir='ltr' id='par_1_40' title="bbox 407 3540 1341 3610">
     <span class='ocr_line' id='line_1_40' title="bbox 407 3540 1341 3610; baseline 0.002 -15"><span class='ocrx_word' id='word_1_237' title='bbox 407 3540 781 3610; x_wconf 86' lang='lat' dir='ltr'><strong>interficitur,</strong></span> <span class='ocrx_word' id='word_1_238' title='bbox 814 3554 962 3596; x_wconf 89' lang='lat' dir='ltr'><strong>anno</strong></span> <span class='ocrx_word' id='word_1_239' title='bbox 992 3540 1188 3596; x_wconf 73' lang='lat' dir='ltr'><strong>aetatis</strong></span> <span class='ocrx_word' id='word_1_240' title='bbox 1220 3544 1341 3597; x_wconf 80' lang='lat'><strong>30°.</strong></span> 
     </span>
    </p>
   </div>
   <div class='ocr_carea' id='block_1_41' title="bbox 483 3647 2047 3723">
    <p class='ocr_par' dir='ltr' id='par_1_41' title="bbox 483 3647 2047 3723">
     <span class='ocr_line' id='line_1_41' title="bbox 483 3647 2047 3723; baseline 0.003 -19"><span class='ocrx_word' id='word_1_241' title='bbox 483 3651 573 3704; x_wconf 78' lang='grc'><strong>14.</strong></span> <span class='ocrx_word' id='word_1_242' title='bbox 601 3647 902 3719; x_wconf 76' lang='lat' dir='ltr'><strong>(H1sn.)A.</strong></span> <span class='ocrx_word' id='word_1_243' title='bbox 924 3649 992 3703; x_wconf 95' lang='lat' dir='ltr'><strong>D.</strong></span> <span class='ocrx_word' id='word_1_244' title='bbox 1012 3650 1142 3705; x_wconf 69' lang='lat'><strong>354.</strong></span> <span class='ocrx_word' id='word_1_245' title='bbox 1167 3647 1382 3720; x_wconf 88' lang='lat' dir='ltr'><strong>Gallus,</strong></span> <span class='ocrx_word' id='word_1_246' title='bbox 1401 3650 1720 3707; x_wconf 84' lang='lat' dir='ltr'><strong>Constantii</strong></span> <span class='ocrx_word' id='word_1_247' title='bbox 1740 3652 2047 3723; x_wconf 90' lang='lat' dir='ltr'><strong>patruelis,</strong></span> 
     </span>
    </p>
   </div>
   <div class='ocr_carea' id='block_1_42' title="bbox 402 3736 958 3793">
    <p class='ocr_par' dir='ltr' id='par_1_42' title="bbox 402 3736 958 3793">
     <span class='ocr_line' id='line_1_42' title="bbox 402 3736 958 3793; baseline -0.004 -1"><span class='ocrx_word' id='word_1_248' title='bbox 402 3750 587 3793; x_wconf 64' lang='lat' dir='ltr'><strong>caesar</strong></span> <span class='ocrx_word' id='word_1_249' title='bbox 624 3736 814 3793; x_wconf 85' lang='lat' dir='ltr'><strong>factus</strong></span> <span class='ocrx_word' id='word_1_250' title='bbox 845 3740 958 3793; x_wconf 92' lang='lat' dir='ltr'><strong>est.</strong></span> 
     </span>
    </p>
   </div>
   <div class='ocr_carea' id='block_1_43' title="bbox 480 3842 2049 3915">
    <p class='ocr_par' dir='ltr' id='par_1_43' title="bbox 480 3842 2049 3915">
     <span class='ocr_line' id='line_1_43' title="bbox 480 3842 2049 3915; baseline 0.004 -18"><span class='ocrx_word' id='word_1_251' title='bbox 480 3846 571 3897; x_wconf 90' lang='lat'><strong>15.</strong></span> <span class='ocrx_word' id='word_1_252' title='bbox 595 3844 666 3898; x_wconf 86' lang='lat' dir='ltr'><strong>A.</strong></span> <span class='ocrx_word' id='word_1_253' title='bbox 689 3843 759 3897; x_wconf 93' lang='lat' dir='ltr'><strong>D.</strong></span> <span class='ocrx_word' id='word_1_254' title='bbox 784 3845 912 3898; x_wconf 83' lang='lat'><strong>355.</strong></span> <span class='ocrx_word' id='word_1_255' title='bbox 945 3842 1207 3899; x_wconf 88' lang='lat' dir='ltr'><strong>Liberius</strong></span> <span class='ocrx_word' id='word_1_256' title='bbox 1232 3857 1376 3915; x_wconf 87' lang='lat' dir='ltr'><strong>papa</strong></span> <span class='ocrx_word' id='word_1_257' title='bbox 1400 3847 1527 3899; x_wconf 65' lang='lat'><strong>37‘18</strong></span> <span class='ocrx_word' id='word_1_258' title='bbox 1554 3845 1884 3902; x_wconf 71' lang='lat' dir='ltr'><strong>ordinatur.</strong></span> <span class='ocrx_word' id='word_1_259' title='bbox 1926 3848 2049 3913; x_wconf 91' lang='lat' dir='ltr'><strong>Quo</strong></span> 
     </span>
    </p>
   </div>
   <div class='ocr_carea' id='block_1_44' title="bbox 405 3931 2049 4005">
    <p class='ocr_par' dir='ltr' id='par_1_44' title="bbox 405 3931 2049 4005">
     <span class='ocr_line' id='line_1_44' title="bbox 405 3931 2049 4005; baseline 0.002 -17"><span class='ocrx_word' id='word_1_260' title='bbox 405 3931 478 3988; x_wconf 86' lang='lat' dir='ltr'><strong>ab</strong></span> <span class='ocrx_word' id='word_1_261' title='bbox 510 3931 789 3988; x_wconf 89' lang='lat' dir='ltr'><strong>hereticis</strong></span> <span class='ocrx_word' id='word_1_262' title='bbox 819 3931 893 3987; x_wconf 92' lang='lat' dir='ltr'><strong>ob</strong></span> <span class='ocrx_word' id='word_1_263' title='bbox 943 3931 1111 3988; x_wconf 88' lang='lat' dir='ltr'><strong>fidem</strong></span> <span class='ocrx_word' id='word_1_264' title='bbox 1145 3932 1201 3987; x_wconf 94' lang='lat' dir='ltr'><strong>in</strong></span> <span class='ocrx_word' id='word_1_265' title='bbox 1258 3931 1497 3991; x_wconf 78' lang='lat' dir='ltr'><strong>exilium</strong></span> <span class='ocrx_word' id='word_1_266' title='bbox 1548 3938 1734 4005; x_wconf 91' lang='lat' dir='ltr'><strong>truso,</strong></span> <span class='ocrx_word' id='word_1_267' title='bbox 1770 3934 2049 3993; x_wconf 88' lang='lat' dir='ltr'><strong>diaconus</strong></span> 
     </span>
    </p>
   </div>
   <div class='ocr_carea' id='block_1_45' title="bbox 400 4020 2048 4097">
    <p class='ocr_par' dir='ltr' id='par_1_45' title="bbox 400 4020 2048 4097">
     <span class='ocr_line' id='line_1_45' title="bbox 400 4020 2048 4097; baseline 0.002 -20"><span class='ocrx_word' id='word_1_268' title='bbox 400 4020 528 4092; x_wconf 89' lang='lat' dir='ltr'><strong>ejus</strong></span> <span class='ocrx_word' id='word_1_269' title='bbox 545 4020 705 4077; x_wconf 88' lang='lat' dir='ltr'><strong>Felix</strong></span> <span class='ocrx_word' id='word_1_270' title='bbox 717 4024 843 4077; x_wconf 56' lang='lat' dir='ltr'><strong>38M</strong></span> <span class='ocrx_word' id='word_1_271' title='bbox 861 4020 918 4076; x_wconf 91' lang='lat' dir='ltr'><strong>in</strong></span> <span class='ocrx_word' id='word_1_272' title='bbox 935 4020 1332 4077; x_wconf 88' lang='lat' dir='ltr'><strong>sacerdotium</strong></span> <span class='ocrx_word' id='word_1_273' title='bbox 1348 4022 1751 4081; x_wconf 90' lang='lat' dir='ltr'><strong>substituitur.</strong></span> <span class='ocrx_word' id='word_1_274' title='bbox 1770 4023 1877 4090; x_wconf 89' lang='lat' dir='ltr'><strong>Qui</strong></span> <span class='ocrx_word' id='word_1_275' title='bbox 1900 4025 2048 4097; x_wconf 77' lang='lat'><strong>(222)</strong></span> 
     </span>
    </p>
   </div>
   <div class='ocr_carea' id='block_1_46' title="bbox 400 4108 2048 4183">
    <p class='ocr_par' dir='ltr' id='par_1_46' title="bbox 400 4108 2048 4183">
     <span class='ocr_line' id='line_1_46' title="bbox 400 4108 2048 4183; baseline 0.002 -17"><span class='ocrx_word' id='word_1_276' title='bbox 400 4124 531 4166; x_wconf 91' lang='lat' dir='ltr'><strong>cum</strong></span> <span class='ocrx_word' id='word_1_277' title='bbox 560 4108 969 4167; x_wconf 88' lang='lat' dir='ltr'><strong>Constantium</strong></span> <span class='ocrx_word' id='word_1_278' title='bbox 996 4109 1332 4166; x_wconf 88' lang='lat' dir='ltr'><strong>devinceret</strong></span> <span class='ocrx_word' id='word_1_279' title='bbox 1356 4125 1485 4167; x_wconf 90' lang='lat' dir='ltr'><strong>esse</strong></span> <span class='ocrx_word' id='word_1_280' title='bbox 1507 4112 1850 4183; x_wconf 89' lang='lat' dir='ltr'><strong>hcrcticum,</strong></span> <span class='ocrx_word' id='word_1_281' title='bbox 1877 4114 1949 4170; x_wconf 90' lang='lat' dir='ltr'><strong>ab</strong></span> <span class='ocrx_word' id='word_1_282' title='bbox 1980 4127 2048 4170; x_wconf 93' lang='lat' dir='ltr'><strong>eo</strong></span> 
     </span>
    </p>
   </div>
   <div class='ocr_carea' id='block_1_47' title="bbox 400 4197 2049 4275">
    <p class='ocr_par' dir='ltr' id='par_1_47' title="bbox 400 4197 2049 4275">
     <span class='ocr_line' id='line_1_47' title="bbox 400 4197 2049 4275; baseline 0.002 -18"><span class='ocrx_word' id='word_1_283' title='bbox 400 4204 532 4272; x_wconf 89' lang='lat' dir='ltr'><strong>post</strong></span> <span class='ocrx_word' id='word_1_284' title='bbox 554 4213 764 4256; x_wconf 90' lang='lat' dir='ltr'><strong>annum</strong></span> <span class='ocrx_word' id='word_1_285' title='bbox 784 4197 1049 4268; x_wconf 91' lang='lat' dir='ltr'><strong>dejeetus</strong></span> <span class='ocrx_word' id='word_1_286' title='bbox 1067 4203 1179 4269; x_wconf 92' lang='lat' dir='ltr'><strong>est,</strong></span> <span class='ocrx_word' id='word_1_287' title='bbox 1195 4202 1252 4255; x_wconf 91' lang='lat' dir='ltr'><strong>et</strong></span> <span class='ocrx_word' id='word_1_288' title='bbox 1273 4203 1335 4257; x_wconf 93' lang='lat' dir='ltr'><strong>ut</strong></span> <span class='ocrx_word' id='word_1_289' title='bbox 1360 4199 1590 4271; x_wconf 84' lang='lat' dir='ltr'><strong>quidam</strong></span> <span class='ocrx_word' id='word_1_290' title='bbox 1617 4201 1807 4272; x_wconf 67' lang='grc' dir='ltr'><strong>(Βευιε</strong></span> <span class='ocrx_word' id='word_1_291' title='bbox 1824 4202 2049 4275; x_wconf 73' lang='lat' dir='ltr'><strong>Mart.)</strong></span> 
     </span>
    </p>
   </div>
   <div class='ocr_carea' id='block_1_48' title="bbox 404 4287 2053 4361">
    <p class='ocr_par' dir='ltr' id='par_1_48' title="bbox 404 4287 2053 4361">
     <span class='ocr_line' id='line_1_48' title="bbox 404 4287 2053 4361; baseline 0.002 -16"><span class='ocrx_word' id='word_1_292' title='bbox 404 4288 626 4358; x_wconf 90' lang='lat' dir='ltr'><strong>dicunt,</strong></span> <span class='ocrx_word' id='word_1_293' title='bbox 660 4287 854 4360; x_wconf 89' lang='lat' dir='ltr'><strong>capite</strong></span> <span class='ocrx_word' id='word_1_294' title='bbox 884 4290 1197 4345; x_wconf 90' lang='lat' dir='ltr'><strong>truncatus</strong></span> <span class='ocrx_word' id='word_1_295' title='bbox 1229 4291 1343 4360; x_wconf 90' lang='lat' dir='ltr'><strong>est,</strong></span> <span class='ocrx_word' id='word_1_296' title='bbox 1374 4292 1407 4343; x_wconf 83' lang='grc'><strong>4</strong></span> <span class='ocrx_word' id='word_1_297' title='bbox 1437 4288 1566 4345; x_wconf 87' lang='lat' dir='ltr'><strong>Kal.</strong></span> <span class='ocrx_word' id='word_1_298' title='bbox 1606 4293 1756 4361; x_wconf 86' lang='lat' dir='ltr'><strong>Aug.</strong></span> <span class='ocrx_word' id='word_1_299' title='bbox 1787 4291 2053 4349; x_wconf 86' lang='lat' dir='ltr'><strong>Liberius</strong></span> 
     </span>
    </p>
   </div>
   <div class='ocr_carea' id='block_1_49' title="bbox 404 4375 1144 4447">
    <p class='ocr_par' dir='ltr' id='par_1_49' title="bbox 404 4375 1144 4447">
     <span class='ocr_line' id='line_1_49' title="bbox 404 4375 1144 4447; baseline -0.003 -13"><span class='ocrx_word' id='word_1_300' title='bbox 404 4391 547 4435; x_wconf 88' lang='lat' dir='ltr'><strong>vero</strong></span> <span class='ocrx_word' id='word_1_301' title='bbox 564 4375 723 4432; x_wconf 87' lang='lat' dir='ltr'><strong>exilii</strong></span> <span class='ocrx_word' id='word_1_302' title='bbox 748 4375 908 4433; x_wconf 81' lang='lat' dir='ltr'><strong>tedio</strong></span> <span class='ocrx_word' id='word_1_303' title='bbox 930 4376 1144 4447; x_wconf 89' lang='lat' dir='ltr'><strong>victus,</strong></span> 
     </span>
    </p>
   </div>
   <div class='ocr_carea' id='block_1_50' title="bbox 402 4463 2042 4536">
    <p class='ocr_par' dir='ltr' id='par_1_50' title="bbox 402 4463 2042 4536">
     <span class='ocr_line' id='line_1_50' title="bbox 402 4463 2042 4536; baseline 0.005 -16"><span class='ocrx_word' id='word_1_304' title='bbox 402 4479 516 4534; x_wconf 89' lang='lat' dir='ltr'><strong>que</strong></span> <span class='ocrx_word' id='word_1_305' title='bbox 549 4464 712 4534; x_wconf 90' lang='lat' dir='ltr'><strong>quasi</strong></span> <span class='ocrx_word' id='word_1_306' title='bbox 762 4463 952 4521; x_wconf 90' lang='lat' dir='ltr'><strong>vietor</strong></span> <span class='ocrx_word' id='word_1_307' title='bbox 1011 4464 1253 4522; x_wconf 90' lang='lat' dir='ltr'><strong>intravit</strong></span> <span class='ocrx_word' id='word_1_308' title='bbox 1311 4466 1417 4536; x_wconf 95' lang='lat' dir='ltr'><strong>(cf.</strong></span> <span class='ocrx_word' id='word_1_309' title='bbox 1476 4466 1624 4525; x_wconf 67' lang='grc' dir='ltr'><em>σὴν.</em></span> <span class='ocrx_word' id='word_1_310' title='bbox 1675 4467 1761 4526; x_wconf 92' lang='lat' dir='ltr'><strong>W.</strong></span> <span class='ocrx_word' id='word_1_311' title='bbox 1799 4500 1869 4511; x_wconf 93' lang='lat'>—</span> <span class='ocrx_word' id='word_1_312' title='bbox 1900 4472 2042 4528; x_wconf 79' lang='lat' dir='ltr'><strong>Rur.</strong></span> 
     </span>
    </p>
   </div>
   <div class='ocr_carea' id='block_1_51' title="bbox 407 4553 651 4623">
    <p class='ocr_par' dir='ltr' id='par_1_51' title="bbox 407 4553 651 4623">
     <span class='ocr_line' id='line_1_51' title="bbox 407 4553 651 4623; baseline -0.008 -15"><span class='ocrx_word' id='word_1_313' title='bbox 407 4566 462 4623; x_wconf 76' lang='grc' dir='ltr'><strong>χ,</strong></span> <span class='ocrx_word' id='word_1_314' title='bbox 495 4553 651 4622; x_wconf 78' lang='grc'><strong>23.).</strong></span> 
     </span>
    </p>
   </div>
   <div class='ocr_carea' id='block_1_52' title="bbox 2141 417 2684 474">
    <p class='ocr_par' dir='ltr' id='par_1_52' title="bbox 2141 417 2684 474">
     <span class='ocr_line' id='line_1_52' title="bbox 2141 417 2684 474; baseline 0.002 -3"><span class='ocrx_word' id='word_1_315' title='bbox 2141 421 2313 473; x_wconf 89' lang='lat' dir='ltr'><strong>tanus</strong></span> <span class='ocrx_word' id='word_1_316' title='bbox 2343 417 2684 474; x_wconf 88' lang='lat' dir='ltr'><strong>exiliantur.</strong></span> 
     </span>
    </p>
   </div>
   <div class='ocr_carea' id='block_1_53' title="bbox 2214 507 3787 579">
    <p class='ocr_par' dir='ltr' id='par_1_53' title="bbox 2214 507 3787 579">
     <span class='ocr_line' id='line_1_53' title="bbox 2214 507 3787 579; baseline 0.005 -18"><span class='ocrx_word' id='word_1_317' title='bbox 2214 510 2302 561; x_wconf 88' lang='lat'><strong>19.</strong></span> <span class='ocrx_word' id='word_1_318' title='bbox 2346 509 2415 561; x_wconf 90' lang='lat' dir='ltr'><strong>A.</strong></span> <span class='ocrx_word' id='word_1_319' title='bbox 2458 508 2526 562; x_wconf 92' lang='lat' dir='ltr'><strong>D.</strong></span> <span class='ocrx_word' id='word_1_320' title='bbox 2567 511 2695 563; x_wconf 77' lang='lat'><strong>359.</strong></span> <span class='ocrx_word' id='word_1_321' title='bbox 2752 507 3039 565; x_wconf 85' lang='lat' dir='ltr'><strong>Antonius</strong></span> <span class='ocrx_word' id='word_1_322' title='bbox 3072 509 3253 566; x_wconf 87' lang='lat' dir='ltr'><strong>abbas</strong></span> <span class='ocrx_word' id='word_1_323' title='bbox 3312 510 3580 579; x_wconf 87' lang='lat' dir='ltr'><strong>migravit</strong></span> <span class='ocrx_word' id='word_1_324' title='bbox 3637 527 3787 569; x_wconf 91' lang='lat' dir='ltr'><strong>anno</strong></span> 
     </span>
    </p>
   </div>
   <div class='ocr_carea' id='block_1_54' title="bbox 2137 594 2516 651">
    <p class='ocr_par' dir='ltr' id='par_1_54' title="bbox 2137 594 2516 651">
     <span class='ocr_line' id='line_1_54' title="bbox 2137 594 2516 651; baseline -0.003 -1"><span class='ocrx_word' id='word_1_325' title='bbox 2137 594 2331 650; x_wconf 81' lang='lat' dir='ltr'><strong>:etatis</strong></span> <span class='ocrx_word' id='word_1_326' title='bbox 2365 599 2516 651; x_wconf 81' lang='lat'><strong>105°.</strong></span> 
     </span>
    </p>
   </div>
   <div class='ocr_carea' id='block_1_55' title="bbox 2211 682 3792 761">
    <p class='ocr_par' dir='ltr' id='par_1_55' title="bbox 2211 682 3792 761">
     <span class='ocr_line' id='line_1_55' title="bbox 2211 682 3792 761; baseline 0.004 -23"><span class='ocrx_word' id='word_1_327' title='bbox 2211 686 2306 739; x_wconf 73' lang='lat'><strong>20.</strong></span> <span class='ocrx_word' id='word_1_328' title='bbox 2344 682 2519 752; x_wconf 72' lang='lat' dir='ltr'><strong>(C’ln&#39;.</strong></span> <span class='ocrx_word' id='word_1_329' title='bbox 2569 684 2688 754; x_wconf 89' lang='lat' dir='ltr'><strong>W.)</strong></span> <span class='ocrx_word' id='word_1_330' title='bbox 2729 687 2802 739; x_wconf 88' lang='lat' dir='ltr'><strong>A.</strong></span> <span class='ocrx_word' id='word_1_331' title='bbox 2832 687 2900 740; x_wconf 95' lang='lat' dir='ltr'><strong>D.</strong></span> <span class='ocrx_word' id='word_1_332' title='bbox 2932 688 3059 741; x_wconf 87' lang='lat'><strong>360.</strong></span> <span class='ocrx_word' id='word_1_333' title='bbox 3093 686 3243 743; x_wconf 89' lang='lat' dir='ltr'><strong>Ossa</strong></span> <span class='ocrx_word' id='word_1_334' title='bbox 3267 687 3511 744; x_wconf 69' lang='lat' dir='ltr'><strong>Andreae</strong></span> <span class='ocrx_word' id='word_1_335' title='bbox 3539 689 3792 761; x_wconf 87' lang='lat' dir='ltr'><strong>apostoli</strong></span> 
     </span>
    </p>
   </div>
   <div class='ocr_carea' id='block_1_56' title="bbox 2138 772 3789 850">
    <p class='ocr_par' dir='ltr' id='par_1_56' title="bbox 2138 772 3789 850">
     <span class='ocr_line' id='line_1_56' title="bbox 2138 772 3789 850; baseline 0.003 -21"><span class='ocrx_word' id='word_1_336' title='bbox 2138 779 2195 829; x_wconf 91' lang='lat' dir='ltr'><strong>et</strong></span> <span class='ocrx_word' id='word_1_337' title='bbox 2218 773 2384 830; x_wconf 66' lang='lat' dir='ltr'><strong>Lucae</strong></span> <span class='ocrx_word' id='word_1_338' title='bbox 2404 772 2783 843; x_wconf 57' lang='lat' dir='ltr'><strong>evangelista</strong></span> <span class='ocrx_word' id='word_1_339' title='bbox 2806 778 2862 830; x_wconf 86' lang='lat' dir='ltr'><strong>et</strong></span> <span class='ocrx_word' id='word_1_340' title='bbox 2885 774 3204 831; x_wconf 88' lang='lat' dir='ltr'><strong>Thimothei</strong></span> <span class='ocrx_word' id='word_1_341' title='bbox 3226 776 3789 850; x_wconf 88' lang='lat' dir='ltr'><strong>Constantinopolim</strong></span> 
     </span>
    </p>
   </div>
   <div class='ocr_carea' id='block_1_57' title="bbox 2138 861 2510 919">
    <p class='ocr_par' dir='ltr' id='par_1_57' title="bbox 2138 861 2510 919">
     <span class='ocr_line' id='line_1_57' title="bbox 2138 861 2510 919; baseline 0.005 -3"><span class='ocrx_word' id='word_1_342' title='bbox 2138 861 2317 917; x_wconf 87' lang='lat' dir='ltr'><strong>allata</strong></span> <span class='ocrx_word' id='word_1_343' title='bbox 2345 866 2510 919; x_wconf 89' lang='lat' dir='ltr'><strong>sunt.</strong></span> 
     </span>
    </p>
   </div>
   <div class='ocr_carea' id='block_1_58' title="bbox 2209 950 3790 1027">
    <p class='ocr_par' dir='ltr' id='par_1_58' title="bbox 2209 950 3790 1027">
     <span class='ocr_line' id='line_1_58' title="bbox 2209 950 3790 1027; baseline 0.004 -22"><span class='ocrx_word' id='word_1_344' title='bbox 2209 950 2650 1024; x_wconf 68' lang='lat' dir='ltr'><strong>21.(HIER.)A.</strong></span> <span class='ocrx_word' id='word_1_345' title='bbox 2680 953 2749 1006; x_wconf 92' lang='lat' dir='ltr'><strong>D.</strong></span> <span class='ocrx_word' id='word_1_346' title='bbox 2790 956 2917 1007; x_wconf 84' lang='lat'><strong>361.</strong></span> <span class='ocrx_word' id='word_1_347' title='bbox 2953 953 3230 1010; x_wconf 90' lang='lat' dir='ltr'><strong>Paulinus</strong></span> <span class='ocrx_word' id='word_1_348' title='bbox 3259 955 3641 1013; x_wconf 84' lang='lat' dir='ltr'><strong>Treverorum</strong></span> <span class='ocrx_word' id='word_1_349' title='bbox 3671 956 3790 1027; x_wconf 89' lang='lat' dir='ltr'><strong>epi-</strong></span> 
     </span>
    </p>
   </div>
   <div class='ocr_carea' id='block_1_59' title="bbox 2140 1039 3793 1115">
    <p class='ocr_par' dir='ltr' id='par_1_59' title="bbox 2140 1039 3793 1115">
     <span class='ocr_line' id='line_1_59' title="bbox 2140 1039 3793 1115; baseline 0.004 -21"><span class='ocrx_word' id='word_1_350' title='bbox 2140 1054 2355 1109; x_wconf 91' lang='lat' dir='ltr'><strong>scopus</strong></span> <span class='ocrx_word' id='word_1_351' title='bbox 2387 1039 2440 1094; x_wconf 91' lang='lat' dir='ltr'><strong>in</strong></span> <span class='ocrx_word' id='word_1_352' title='bbox 2464 1040 2642 1097; x_wconf 87' lang='lat' dir='ltr'><strong>exilio</strong></span> <span class='ocrx_word' id='word_1_353' title='bbox 2673 1040 2838 1098; x_wconf 88' lang='lat' dir='ltr'><strong>obiit.</strong></span> <span class='ocrx_word' id='word_1_354' title='bbox 2874 1040 3145 1110; x_wconf 80' lang='lat' dir='ltr'><strong>lIylarius</strong></span> <span class='ocrx_word' id='word_1_355' title='bbox 3168 1042 3793 1115; x_wconf 89' lang='lat' dir='ltr'><strong>Pictaviensisepisco-</strong></span> 
     </span>
    </p>
   </div>
   <div class='ocr_carea' id='block_1_60' title="bbox 2145 1128 3792 1202">
    <p class='ocr_par' dir='ltr' id='par_1_60' title="bbox 2145 1128 3792 1202">
     <span class='ocr_line' id='line_1_60' title="bbox 2145 1128 3792 1202; baseline 0.003 -19"><span class='ocrx_word' id='word_1_356' title='bbox 2145 1144 2250 1199; x_wconf 91' lang='lat' dir='ltr'><strong>pus</strong></span> <span class='ocrx_word' id='word_1_357' title='bbox 2279 1128 2659 1185; x_wconf 90' lang='lat' dir='ltr'><strong>Arrianorum</strong></span> <span class='ocrx_word' id='word_1_358' title='bbox 2709 1129 2991 1187; x_wconf 91' lang='lat' dir='ltr'><strong>instinctu</strong></span> <span class='ocrx_word' id='word_1_359' title='bbox 3023 1145 3051 1186; x_wconf 90' lang='lat' dir='ltr'><strong>a</strong></span> <span class='ocrx_word' id='word_1_360' title='bbox 3085 1132 3422 1188; x_wconf 90' lang='lat' dir='ltr'><strong>Constantio</strong></span> <span class='ocrx_word' id='word_1_361' title='bbox 3455 1133 3509 1187; x_wconf 92' lang='lat' dir='ltr'><strong>in</strong></span> <span class='ocrx_word' id='word_1_362' title='bbox 3545 1132 3792 1202; x_wconf 88' lang='lat' dir='ltr'><strong>Frigiam</strong></span> 
     </span>
    </p>
   </div>
   <div class='ocr_carea' id='block_1_61' title="bbox 2146 1216 3795 1277">
    <p class='ocr_par' dir='ltr' id='par_1_61' title="bbox 2146 1216 3795 1277">
     <span class='ocr_line' id='line_1_61' title="bbox 2146 1216 3795 1277; baseline 0.002 -5"><span class='ocrx_word' id='word_1_363' title='bbox 2146 1216 2427 1274; x_wconf 88' lang='lat' dir='ltr'><strong>exiliatus</strong></span> <span class='ocrx_word' id='word_1_364' title='bbox 2443 1232 2572 1273; x_wconf 91' lang='lat' dir='ltr'><strong>cum</strong></span> <span class='ocrx_word' id='word_1_365' title='bbox 2596 1218 3280 1276; x_wconf 78' lang='lat' dir='ltr'><strong>DionisioMediolanensi</strong></span> <span class='ocrx_word' id='word_1_366' title='bbox 3305 1224 3362 1276; x_wconf 91' lang='lat' dir='ltr'><strong>et</strong></span> <span class='ocrx_word' id='word_1_367' title='bbox 3388 1221 3637 1277; x_wconf 89' lang='lat' dir='ltr'><strong>Eusebio</strong></span> <span class='ocrx_word' id='word_1_368' title='bbox 3657 1222 3795 1277; x_wconf 86' lang='lat' dir='ltr'><strong>Ver-</strong></span> 
     </span>
    </p>
   </div>
   <div class='ocr_carea' id='block_1_62' title="bbox 2142 1305 3791 1382">
    <p class='ocr_par' dir='ltr' id='par_1_62' title="bbox 2142 1305 3791 1382">
     <span class='ocr_line' id='line_1_62' title="bbox 2142 1305 3791 1382; baseline 0.002 -21"><span class='ocrx_word' id='word_1_369' title='bbox 2142 1305 2406 1375; x_wconf 89' lang='lat' dir='ltr'><strong>cellensi,</strong></span> <span class='ocrx_word' id='word_1_370' title='bbox 2448 1310 2659 1377; x_wconf 90' lang='lat' dir='ltr'><strong>quarto</strong></span> <span class='ocrx_word' id='word_1_371' title='bbox 2715 1307 2873 1363; x_wconf 83' lang='lat' dir='ltr'><strong>exilii</strong></span> <span class='ocrx_word' id='word_1_372' title='bbox 2907 1323 3081 1382; x_wconf 86' lang='lat' dir='ltr'><strong>anno,</strong></span> <span class='ocrx_word' id='word_1_373' title='bbox 3114 1323 3243 1366; x_wconf 89' lang='lat' dir='ltr'><strong>cum</strong></span> <span class='ocrx_word' id='word_1_374' title='bbox 3303 1308 3515 1366; x_wconf 89' lang='lat' dir='ltr'><strong>librum</strong></span> <span class='ocrx_word' id='word_1_375' title='bbox 3549 1312 3620 1367; x_wconf 90' lang='lat' dir='ltr'><strong>de</strong></span> <span class='ocrx_word' id='word_1_376' title='bbox 3679 1309 3791 1365; x_wconf 82' lang='lat' dir='ltr'><strong>fide</strong></span> 
     </span>
    </p>
   </div>
   <div class='ocr_carea' id='block_1_63' title="bbox 2146 1395 3613 1472">
    <p class='ocr_par' dir='ltr' id='par_1_63' title="bbox 2146 1395 3613 1472">
     <span class='ocr_line' id='line_1_63' title="bbox 2146 1395 3613 1472; baseline 0.003 -23"><span class='ocrx_word' id='word_1_377' title='bbox 2146 1395 2485 1452; x_wconf 89' lang='lat' dir='ltr'><strong>Constantio</strong></span> <span class='ocrx_word' id='word_1_378' title='bbox 2516 1396 2900 1467; x_wconf 88' lang='lat' dir='ltr'><strong>porrexisset,</strong></span> <span class='ocrx_word' id='word_1_379' title='bbox 2927 1398 3122 1457; x_wconf 84' lang='lat' dir='ltr'><strong>redire</strong></span> <span class='ocrx_word' id='word_1_380' title='bbox 3152 1399 3472 1472; x_wconf 87' lang='lat' dir='ltr'><strong>permissus</strong></span> <span class='ocrx_word' id='word_1_381' title='bbox 3501 1403 3613 1456; x_wconf 89' lang='lat' dir='ltr'><strong>est.</strong></span> 
     </span>
    </p>
   </div>
   <div class='ocr_carea' id='block_1_64' title="bbox 2215 1487 3799 1560">
    <p class='ocr_par' dir='ltr' id='par_1_64' title="bbox 2215 1487 3799 1560">
     <span class='ocr_line' id='line_1_64' title="bbox 2215 1487 3799 1560; baseline 0.003 -21"><span class='ocrx_word' id='word_1_382' title='bbox 2215 1488 2310 1539; x_wconf 75' lang='lat'><strong>23.</strong></span> <span class='ocrx_word' id='word_1_383' title='bbox 2348 1487 2418 1540; x_wconf 92' lang='lat' dir='ltr'><strong>A.</strong></span> <span class='ocrx_word' id='word_1_384' title='bbox 2477 1489 2604 1542; x_wconf 85' lang='lat'><strong>363.</strong></span> <span class='ocrx_word' id='word_1_385' title='bbox 2675 1487 3051 1545; x_wconf 88' lang='lat' dir='ltr'><strong>Constantius</strong></span> <span class='ocrx_word' id='word_1_386' title='bbox 3108 1489 3375 1560; x_wconf 83' lang='lat' dir='ltr'><strong>moritur,</strong></span> <span class='ocrx_word' id='word_1_387' title='bbox 3425 1502 3574 1547; x_wconf 89' lang='lat' dir='ltr'><strong>anno</strong></span> <span class='ocrx_word' id='word_1_388' title='bbox 3601 1488 3799 1547; x_wconf 78' lang='lat' dir='ltr'><strong>:etatis</strong></span> 
     </span>
    </p>
   </div>
   <div class='ocr_carea' id='block_1_65' title="bbox 2147 1576 2413 1630">
    <p class='ocr_par' dir='ltr' id='par_1_65' title="bbox 2147 1576 2413 1630">
     <span class='ocr_line' id='line_1_65' title="bbox 2147 1576 2413 1630; baseline 0.004 -2"><span class='ocrx_word' id='word_1_389' title='bbox 2147 1588 2267 1630; x_wconf 55' lang='lat' dir='ltr'><strong>suas</strong></span> <span class='ocrx_word' id='word_1_390' title='bbox 2299 1576 2413 1629; x_wconf 75' lang='lat'><strong>45°.</strong></span> 
     </span>
    </p>
   </div>
   <div class='ocr_carea' id='block_1_66' title="bbox 2155 1662 2881 1734">
    <p class='ocr_par' dir='ltr' id='par_1_66' title="bbox 2155 1662 2881 1734">
     <span class='ocr_line' id='line_1_66' title="bbox 2155 1662 2881 1734; baseline 0.004 -17"><span class='ocrx_word' id='word_1_391' title='bbox 2155 1662 2295 1717; x_wconf 84' lang='lat' dir='ltr'><strong>Anni</strong></span> <span class='ocrx_word' id='word_1_392' title='bbox 2324 1662 2535 1717; x_wconf 78' lang='lat' dir='ltr'><strong>Iuliani</strong></span> <span class='ocrx_word' id='word_1_393' title='bbox 2570 1667 2881 1734; x_wconf 65' lang='lat' dir='ltr'><strong>apostatae.</strong></span> 
     </span>
    </p>
   </div>
   <div class='ocr_carea' id='block_1_67' title="bbox 2227 1751 3804 1823">
    <p class='ocr_par' dir='ltr' id='par_1_67' title="bbox 2227 1751 3804 1823">
     <span class='ocr_line' id='line_1_67' title="bbox 2227 1751 3804 1823; baseline 0.002 -18"><span class='ocrx_word' id='word_1_394' title='bbox 2227 1751 2334 1819; x_wconf 83' lang='lat' dir='ltr'><strong>(H.</strong></span> <span class='ocrx_word' id='word_1_395' title='bbox 2363 1753 2658 1823; x_wconf 83' lang='lat' dir='ltr'><strong>m.)Anno</strong></span> <span class='ocrx_word' id='word_1_396' title='bbox 2683 1751 2983 1808; x_wconf 67' lang='lat' dir='ltr'><strong>dominicae</strong></span> <span class='ocrx_word' id='word_1_397' title='bbox 3022 1752 3443 1810; x_wconf 87' lang='lat' dir='ltr'><strong>incarnationis</strong></span> <span class='ocrx_word' id='word_1_398' title='bbox 3471 1756 3599 1811; x_wconf 71' lang='grc'><strong>364.</strong></span> <span class='ocrx_word' id='word_1_399' title='bbox 3628 1754 3804 1810; x_wconf 89' lang='lat' dir='ltr'><strong>Urbis</strong></span> 
     </span>
    </p>
   </div>
   <div class='ocr_carea' id='block_1_68' title="bbox 2155 1839 3799 1912">
    <p class='ocr_par' dir='ltr' id='par_1_68' title="bbox 2155 1839 3799 1912">
     <span class='ocr_line' id='line_1_68' title="bbox 2155 1839 3799 1912; baseline 0.002 -18"><span class='ocrx_word' id='word_1_400' title='bbox 2155 1839 2405 1895; x_wconf 69' lang='lat' dir='ltr'><strong>conditae</strong></span> <span class='ocrx_word' id='word_1_401' title='bbox 2431 1839 2872 1896; x_wconf 81' lang='lat' dir='ltr'><strong>millesimo115.</strong></span> <span class='ocrx_word' id='word_1_402' title='bbox 2892 1841 3167 1898; x_wconf 91' lang='lat' dir='ltr'><strong>Claudius</strong></span> <span class='ocrx_word' id='word_1_403' title='bbox 3189 1842 3799 1912; x_wconf 75' lang='lat' dir='ltr'><strong>Julianusjamczesar,</strong></span> 
     </span>
    </p>
   </div>
   <div class='ocr_carea' id='block_1_69' title="bbox 2156 1929 3807 2002">
    <p class='ocr_par' dir='ltr' id='par_1_69' title="bbox 2156 1929 3807 2002">
     <span class='ocr_line' id='line_1_69' title="bbox 2156 1929 3807 2002; baseline 0.002 -19"><span class='ocrx_word' id='word_1_404' title='bbox 2156 1932 2281 1983; x_wconf 61' lang='lat'><strong>36&quot;”</strong></span> <span class='ocrx_word' id='word_1_405' title='bbox 2304 1930 2375 1984; x_wconf 90' lang='lat' dir='ltr'><strong>ab</strong></span> <span class='ocrx_word' id='word_1_406' title='bbox 2399 1930 2684 1998; x_wconf 84' lang='lat' dir='ltr'><strong>Augusto,</strong></span> <span class='ocrx_word' id='word_1_407' title='bbox 2734 1929 3037 2000; x_wconf 88' lang='lat' dir='ltr'><strong>imperium</strong></span> <span class='ocrx_word' id='word_1_408' title='bbox 3080 1931 3331 2002; x_wconf 89' lang='lat' dir='ltr'><strong>accepit,</strong></span> <span class='ocrx_word' id='word_1_409' title='bbox 3356 1936 3415 1986; x_wconf 91' lang='lat' dir='ltr'><strong>et</strong></span> <span class='ocrx_word' id='word_1_410' title='bbox 3438 1946 3621 1987; x_wconf 92' lang='lat' dir='ltr'><strong>annos</strong></span> <span class='ocrx_word' id='word_1_411' title='bbox 3654 1932 3807 1989; x_wconf 89' lang='lat' dir='ltr'><strong>duos</strong></span> 
     </span>
    </p>
   </div>
   <div class='ocr_carea' id='block_1_70' title="bbox 2156 2018 3809 2090">
    <p class='ocr_par' dir='ltr' id='par_1_70' title="bbox 2156 2018 3809 2090">
     <span class='ocr_line' id='line_1_70' title="bbox 2156 2018 3809 2090; baseline 0.002 -20"><span class='ocrx_word' id='word_1_412' title='bbox 2156 2020 2213 2071; x_wconf 91' lang='lat' dir='ltr'><strong>et</strong></span> <span class='ocrx_word' id='word_1_413' title='bbox 2245 2022 2378 2073; x_wconf 91' lang='lat' dir='ltr'><strong>octo</strong></span> <span class='ocrx_word' id='word_1_414' title='bbox 2411 2031 2637 2072; x_wconf 86' lang='lat' dir='ltr'><strong>menses</strong></span> <span class='ocrx_word' id='word_1_415' title='bbox 2670 2018 2954 2087; x_wconf 84' lang='lat' dir='ltr'><strong>regnavit.</strong></span> <span class='ocrx_word' id='word_1_416' title='bbox 2990 2020 3067 2073; x_wconf 91' lang='lat' dir='ltr'><strong>De</strong></span> <span class='ocrx_word' id='word_1_417' title='bbox 3098 2020 3266 2090; x_wconf 91' lang='lat' dir='ltr'><strong>cujus</strong></span> <span class='ocrx_word' id='word_1_418' title='bbox 3294 2033 3507 2089; x_wconf 85' lang='lat' dir='ltr'><strong>genere</strong></span> <span class='ocrx_word' id='word_1_419' title='bbox 3532 2034 3599 2076; x_wconf 91' lang='lat' dir='ltr'><strong>ac</strong></span> <span class='ocrx_word' id='word_1_420' title='bbox 3630 2019 3809 2076; x_wconf 85' lang='lat' dir='ltr'><strong>disci-</strong></span> 
     </span>
    </p>
   </div>
   <div class='ocr_carea' id='block_1_71' title="bbox 2160 2105 3807 2178">
    <p class='ocr_par' dir='ltr' id='par_1_71' title="bbox 2160 2105 3807 2178">
     <span class='ocr_line' id='line_1_71' title="bbox 2160 2105 3807 2178; baseline 0.002 -19"><span class='ocrx_word' id='word_1_421' title='bbox 2160 2105 2313 2177; x_wconf 86' lang='lat' dir='ltr'><strong>plina</strong></span> <span class='ocrx_word' id='word_1_422' title='bbox 2338 2111 2394 2161; x_wconf 91' lang='lat' dir='ltr'><strong>et</strong></span> <span class='ocrx_word' id='word_1_423' title='bbox 2421 2105 2713 2175; x_wconf 89' lang='lat' dir='ltr'><strong>quomodo</strong></span> <span class='ocrx_word' id='word_1_424' title='bbox 2745 2107 3283 2178; x_wconf 88' lang='lat' dir='ltr'><strong>apostataveritvel</strong></span> <span class='ocrx_word' id='word_1_425' title='bbox 3336 2108 3590 2178; x_wconf 89' lang='lat' dir='ltr'><strong>qualiter</strong></span> <span class='ocrx_word' id='word_1_426' title='bbox 3612 2107 3684 2163; x_wconf 90' lang='lat' dir='ltr'><strong>ad</strong></span> <span class='ocrx_word' id='word_1_427' title='bbox 3718 2123 3807 2162; x_wconf 90' lang='lat' dir='ltr'><strong>re-</strong></span> 
     </span>
    </p>
   </div>
   <div class='ocr_carea' id='block_1_72' title="bbox 2156 2194 3805 2265">
    <p class='ocr_par' dir='ltr' id='par_1_72' title="bbox 2156 2194 3805 2265">
     <span class='ocr_line' id='line_1_72' title="bbox 2156 2194 3805 2265; baseline 0.001 -17"><span class='ocrx_word' id='word_1_428' title='bbox 2156 2210 2329 2265; x_wconf 84' lang='lat' dir='ltr'><strong>gnum</strong></span> <span class='ocrx_word' id='word_1_429' title='bbox 2358 2195 2708 2265; x_wconf 87' lang='lat' dir='ltr'><strong>pervenerit,</strong></span> <span class='ocrx_word' id='word_1_430' title='bbox 2737 2209 2918 2265; x_wconf 88' lang='lat' dir='ltr'><strong>pauca</strong></span> <span class='ocrx_word' id='word_1_431' title='bbox 2944 2194 3187 2251; x_wconf 88' lang='lat' dir='ltr'><strong>dicenda</strong></span> <span class='ocrx_word' id='word_1_432' title='bbox 3208 2199 3364 2251; x_wconf 90' lang='lat' dir='ltr'><strong>sunt.</strong></span> <span class='ocrx_word' id='word_1_433' title='bbox 3383 2195 3805 2252; x_wconf 88' lang='lat' dir='ltr'><strong>Constantinus</strong></span> 
     </span>
    </p>
   </div>
   <div class='ocr_carea' id='block_1_73' title="bbox 2158 2282 3804 2355">
    <p class='ocr_par' dir='ltr' id='par_1_73' title="bbox 2158 2282 3804 2355">
     <span class='ocr_line' id='line_1_73' title="bbox 2158 2282 3804 2355; baseline 0 -16"><span class='ocrx_word' id='word_1_434' title='bbox 2158 2285 2417 2353; x_wconf 80' lang='lat' dir='ltr'><strong>Magnus,</strong></span> <span class='ocrx_word' id='word_1_435' title='bbox 2445 2283 2542 2353; x_wconf 91' lang='lat' dir='ltr'><strong>qui</strong></span> <span class='ocrx_word' id='word_1_436' title='bbox 2567 2282 3126 2355; x_wconf 86' lang='lat' dir='ltr'><strong>Constantinopolim</strong></span> <span class='ocrx_word' id='word_1_437' title='bbox 3152 2285 3307 2354; x_wconf 89' lang='lat' dir='ltr'><strong>fecit,</strong></span> <span class='ocrx_word' id='word_1_438' title='bbox 3334 2283 3483 2342; x_wconf 91' lang='lat' dir='ltr'><strong>duos</strong></span> <span class='ocrx_word' id='word_1_439' title='bbox 3505 2299 3577 2340; x_wconf 88' lang='lat' dir='ltr'><strong>ex</strong></span> <span class='ocrx_word' id='word_1_440' title='bbox 3598 2283 3804 2340; x_wconf 89' lang='lat' dir='ltr'><strong>eodem</strong></span> 
     </span>
    </p>
   </div>
   <div class='ocr_carea' id='block_1_74' title="bbox 2159 2372 3801 2444">
    <p class='ocr_par' dir='ltr' id='par_1_74' title="bbox 2159 2372 3801 2444">
     <span class='ocr_line' id='line_1_74' title="bbox 2159 2372 3801 2444; baseline 0.001 -17"><span class='ocrx_word' id='word_1_441' title='bbox 2159 2378 2325 2444; x_wconf 89' lang='lat' dir='ltr'><strong>patre</strong></span> <span class='ocrx_word' id='word_1_442' title='bbox 2357 2372 2459 2428; x_wconf 87' lang='lat' dir='ltr'><strong>sed</strong></span> <span class='ocrx_word' id='word_1_443' title='bbox 2494 2387 2607 2428; x_wconf 91' lang='lat' dir='ltr'><strong>non</strong></span> <span class='ocrx_word' id='word_1_444' title='bbox 2659 2386 2730 2427; x_wconf 91' lang='lat' dir='ltr'><strong>ex</strong></span> <span class='ocrx_word' id='word_1_445' title='bbox 2762 2372 2962 2428; x_wconf 87' lang='lat' dir='ltr'><strong>eadem</strong></span> <span class='ocrx_word' id='word_1_446' title='bbox 2997 2378 3181 2429; x_wconf 89' lang='lat' dir='ltr'><strong>matre</strong></span> <span class='ocrx_word' id='word_1_447' title='bbox 3212 2372 3413 2429; x_wconf 89' lang='lat' dir='ltr'><strong>habuit</strong></span> <span class='ocrx_word' id='word_1_448' title='bbox 3470 2387 3801 2443; x_wconf 86' lang='lat' dir='ltr'><strong>germanos,</strong></span> 
     </span>
    </p>
   </div>
   <div class='ocr_carea' id='block_1_75' title="bbox 2159 2460 3806 2532">
    <p class='ocr_par' dir='ltr' id='par_1_75' title="bbox 2159 2460 3806 2532">
     <span class='ocr_line' id='line_1_75' title="bbox 2159 2460 3806 2532; baseline -0.001 -15"><span class='ocrx_word' id='word_1_449' title='bbox 2159 2461 2563 2517; x_wconf 86' lang='lat' dir='ltr'><strong>Constantium</strong></span> <span class='ocrx_word' id='word_1_450' title='bbox 2580 2460 2648 2493; x_wconf 74' lang='grc'><strong>⁸⁸⁸</strong></span> <span class='ocrx_word' id='word_1_451' title='bbox 2670 2466 2724 2516; x_wconf 89' lang='lat' dir='ltr'><strong>et</strong></span> <span class='ocrx_word' id='word_1_452' title='bbox 2749 2461 3130 2527; x_wconf 88' lang='lat' dir='ltr'><strong>Dalmatium;</strong></span> <span class='ocrx_word' id='word_1_453' title='bbox 3162 2476 3407 2532; x_wconf 91' lang='lat' dir='ltr'><strong>quorum</strong></span> <span class='ocrx_word' id='word_1_454' title='bbox 3437 2461 3636 2518; x_wconf 89' lang='lat' dir='ltr'><strong>senior</strong></span> <span class='ocrx_word' id='word_1_455' title='bbox 3665 2463 3806 2517; x_wconf 84' lang='lat' dir='ltr'><strong>Con-</strong></span> 
     </span>
    </p>
   </div>
   <div class='ocr_carea' id='block_1_76' title="bbox 2158 2549 3802 2619">
    <p class='ocr_par' dir='ltr' id='par_1_76' title="bbox 2158 2549 3802 2619">
     <span class='ocr_line' id='line_1_76' title="bbox 2158 2549 3802 2619; baseline -0.001 -13"><span class='ocrx_word' id='word_1_456' title='bbox 2158 2551 2414 2607; x_wconf 88' lang='lat' dir='ltr'><strong>stantius</strong></span> <span class='ocrx_word' id='word_1_457' title='bbox 2444 2550 2593 2606; x_wconf 90' lang='lat' dir='ltr'><strong>duos</strong></span> <span class='ocrx_word' id='word_1_458' title='bbox 2620 2549 2822 2606; x_wconf 87' lang='lat' dir='ltr'><strong>habuit</strong></span> <span class='ocrx_word' id='word_1_459' title='bbox 2876 2550 3323 2619; x_wconf 73' lang='lat' dir='ltr'><strong>natos,.Gallum</strong></span> <span class='ocrx_word' id='word_1_460' title='bbox 3380 2555 3439 2605; x_wconf 94' lang='lat' dir='ltr'><strong>et</strong></span> <span class='ocrx_word' id='word_1_461' title='bbox 3468 2549 3802 2613; x_wconf 79' lang='lat' dir='ltr'><strong>Iulianum;</strong></span> 
     </span>
    </p>
   </div>
   <div class='ocr_carea' id='block_1_77' title="bbox 2157 2638 3809 2709">
    <p class='ocr_par' dir='ltr' id='par_1_77' title="bbox 2157 2638 3809 2709">
     <span class='ocr_line' id='line_1_77' title="bbox 2157 2638 3809 2709; baseline -0.001 -15"><span class='ocrx_word' id='word_1_462' title='bbox 2157 2640 2479 2696; x_wconf 89' lang='lat' dir='ltr'><strong>Dalmatius</strong></span> <span class='ocrx_word' id='word_1_463' title='bbox 2509 2653 2648 2695; x_wconf 92' lang='lat' dir='ltr'><strong>vero</strong></span> <span class='ocrx_word' id='word_1_464' title='bbox 2682 2639 3047 2709; x_wconf 90' lang='lat' dir='ltr'><strong>Dalmatium,</strong></span> <span class='ocrx_word' id='word_1_465' title='bbox 3082 2653 3250 2709; x_wconf 90' lang='lat' dir='ltr'><strong>quem</strong></span> <span class='ocrx_word' id='word_1_466' title='bbox 3282 2638 3721 2707; x_wconf 88' lang='lat' dir='ltr'><strong>Constantinus,</strong></span> <span class='ocrx_word' id='word_1_467' title='bbox 3744 2642 3809 2693; x_wconf 89' lang='lat' dir='ltr'><strong>ut</strong></span> 
     </span>
    </p>
   </div>
   <div class='ocr_carea' id='block_1_78' title="bbox 2160 2725 3804 2800">
    <p class='ocr_par' dir='ltr' id='par_1_78' title="bbox 2160 2725 3804 2800">
     <span class='ocr_line' id='line_1_78' title="bbox 2160 2725 3804 2800; baseline -0.003 -16"><span class='ocrx_word' id='word_1_468' title='bbox 2160 2728 2487 2800; x_wconf 89' lang='lat' dir='ltr'><strong>predictum</strong></span> <span class='ocrx_word' id='word_1_469' title='bbox 2505 2732 2619 2798; x_wconf 92' lang='lat' dir='ltr'><strong>est,</strong></span> <span class='ocrx_word' id='word_1_470' title='bbox 2643 2728 2913 2783; x_wconf 89' lang='lat' dir='ltr'><strong>heredem</strong></span> <span class='ocrx_word' id='word_1_471' title='bbox 2932 2728 3093 2797; x_wconf 88' lang='lat' dir='ltr'><strong>regni</strong></span> <span class='ocrx_word' id='word_1_472' title='bbox 3108 2742 3237 2784; x_wconf 93' lang='lat' dir='ltr'><strong>cum</strong></span> <span class='ocrx_word' id='word_1_473' title='bbox 3252 2727 3388 2784; x_wconf 85' lang='lat' dir='ltr'><strong>flliis</strong></span> <span class='ocrx_word' id='word_1_474' title='bbox 3403 2727 3526 2783; x_wconf 89' lang='lat' dir='ltr'><strong>suis</strong></span> <span class='ocrx_word' id='word_1_475' title='bbox 3545 2725 3804 2796; x_wconf 90' lang='lat' dir='ltr'><strong>reliquit.</strong></span> 
     </span>
    </p>
   </div>
   <div class='ocr_carea' id='block_1_79' title="bbox 2161 2815 3809 2887">
    <p class='ocr_par' dir='ltr' id='par_1_79' title="bbox 2161 2815 3809 2887">
     <span class='ocr_line' id='line_1_79' title="bbox 2161 2815 3809 2887; baseline -0.002 -14"><span class='ocrx_word' id='word_1_476' title='bbox 2161 2818 2337 2883; x_wconf 84' lang='lat' dir='ltr'><strong>Quem</strong></span> <span class='ocrx_word' id='word_1_477' title='bbox 2369 2832 2497 2873; x_wconf 92' lang='lat' dir='ltr'><strong>cum</strong></span> <span class='ocrx_word' id='word_1_478' title='bbox 2533 2821 2660 2887; x_wconf 92' lang='lat' dir='ltr'><strong>post</strong></span> <span class='ocrx_word' id='word_1_479' title='bbox 2695 2821 2935 2873; x_wconf 85' lang='lat' dir='ltr'><strong>mortem</strong></span> <span class='ocrx_word' id='word_1_480' title='bbox 2986 2815 3351 2872; x_wconf 89' lang='lat' dir='ltr'><strong>Constantini</strong></span> <span class='ocrx_word' id='word_1_481' title='bbox 3384 2816 3600 2871; x_wconf 88' lang='lat' dir='ltr'><strong>milites</strong></span> <span class='ocrx_word' id='word_1_482' title='bbox 3646 2829 3809 2886; x_wconf 91' lang='lat' dir='ltr'><strong>pere-</strong></span> 
     </span>
    </p>
   </div>
   <div class='ocr_carea' id='block_1_80' title="bbox 2163 2903 3805 2975">
    <p class='ocr_par' dir='ltr' id='par_1_80' title="bbox 2163 2903 3805 2975">
     <span class='ocr_line' id='line_1_80' title="bbox 2163 2903 3805 2975; baseline -0.002 -14"><span class='ocrx_word' id='word_1_483' title='bbox 2163 2907 2428 2971; x_wconf 86' lang='lat' dir='ltr'><strong>missent,</strong></span> <span class='ocrx_word' id='word_1_484' title='bbox 2472 2903 2668 2961; x_wconf 88' lang='lat' dir='ltr'><strong>Gallus</strong></span> <span class='ocrx_word' id='word_1_485' title='bbox 2699 2920 2930 2975; x_wconf 85' lang='lat' dir='ltr'><strong>quoque</strong></span> <span class='ocrx_word' id='word_1_486' title='bbox 2980 2910 3038 2960; x_wconf 91' lang='lat' dir='ltr'><strong>et</strong></span> <span class='ocrx_word' id='word_1_487' title='bbox 3086 2904 3152 2937; x_wconf 71' lang='grc'><strong>⁸⁸⁷</strong></span> <span class='ocrx_word' id='word_1_488' title='bbox 3182 2904 3445 2960; x_wconf 84' lang='lat' dir='ltr'><strong>Julianus</strong></span> <span class='ocrx_word' id='word_1_489' title='bbox 3476 2919 3620 2975; x_wconf 92' lang='lat' dir='ltr'><strong>pene</strong></span> <span class='ocrx_word' id='word_1_490' title='bbox 3676 2918 3805 2959; x_wconf 90' lang='lat' dir='ltr'><strong>cum</strong></span> 
     </span>
    </p>
   </div>
   <div class='ocr_carea' id='block_1_81' title="bbox 2164 2991 3811 3064">
    <p class='ocr_par' dir='ltr' id='par_1_81' title="bbox 2164 2991 3811 3064">
     <span class='ocr_line' id='line_1_81' title="bbox 2164 2991 3811 3064; baseline -0.002 -15"><span class='ocrx_word' id='word_1_491' title='bbox 2164 2994 2446 3051; x_wconf 82' lang='lat' dir='ltr'><strong>Dalmatia</strong></span> <span class='ocrx_word' id='word_1_492' title='bbox 2492 2993 2815 3064; x_wconf 88' lang='lat' dir='ltr'><strong>periculum</strong></span> <span class='ocrx_word' id='word_1_493' title='bbox 2842 2994 3049 3049; x_wconf 89' lang='lat' dir='ltr'><strong>mortis</strong></span> <span class='ocrx_word' id='word_1_494' title='bbox 3080 2993 3505 3061; x_wconf 88' lang='lat' dir='ltr'><strong>sustinuerant,</strong></span> <span class='ocrx_word' id='word_1_495' title='bbox 3540 2992 3649 3048; x_wconf 91' lang='lat' dir='ltr'><strong>nisi</strong></span> <span class='ocrx_word' id='word_1_496' title='bbox 3683 2991 3811 3046; x_wconf 88' lang='lat' dir='ltr'><strong>Gal-</strong></span> 
     </span>
    </p>
   </div>
   <div class='ocr_carea' id='block_1_82' title="bbox 2164 3080 3811 3154">
    <p class='ocr_par' dir='ltr' id='par_1_82' title="bbox 2164 3080 3811 3154">
     <span class='ocr_line' id='line_1_82' title="bbox 2164 3080 3811 3154; baseline -0.001 -18"><span class='ocrx_word' id='word_1_497' title='bbox 2164 3082 2280 3139; x_wconf 83' lang='lat' dir='ltr'><strong>lum</strong></span> <span class='ocrx_word' id='word_1_498' title='bbox 2306 3082 2537 3154; x_wconf 90' lang='lat' dir='ltr'><strong>quidem</strong></span> <span class='ocrx_word' id='word_1_499' title='bbox 2570 3082 2878 3151; x_wconf 70' lang='lat' dir='ltr'><strong>azgritudo,</strong></span> <span class='ocrx_word' id='word_1_500' title='bbox 2912 3098 3037 3151; x_wconf 69' lang='lat' dir='ltr'><strong>qua:</strong></span> <span class='ocrx_word' id='word_1_501' title='bbox 3084 3080 3440 3137; x_wconf 86' lang='lat' dir='ltr'><strong>inevitabilis</strong></span> <span class='ocrx_word' id='word_1_502' title='bbox 3470 3081 3811 3152; x_wconf 87' lang='lat' dir='ltr'><strong>putabatur,</strong></span> 
     </span>
    </p>
   </div>
   <div class='ocr_carea' id='block_1_83' title="bbox 2165 3169 3813 3245">
    <p class='ocr_par' dir='ltr' id='par_1_83' title="bbox 2165 3169 3813 3245">
     <span class='ocr_line' id='line_1_83' title="bbox 2165 3169 3813 3245; baseline -0.002 -18"><span class='ocrx_word' id='word_1_503' title='bbox 2165 3172 2498 3241; x_wconf 86' lang='lat' dir='ltr'><strong>liberasset,</strong></span> <span class='ocrx_word' id='word_1_504' title='bbox 2516 3171 2809 3245; x_wconf 62' lang='lat' dir='ltr'><strong>~Julianum</strong></span> <span class='ocrx_word' id='word_1_505' title='bbox 2833 3185 2973 3227; x_wconf 83' lang='lat' dir='ltr'><strong>vero</strong></span> <span class='ocrx_word' id='word_1_506' title='bbox 2996 3173 3139 3227; x_wconf 63' lang='lat' dir='ltr'><strong>retas</strong></span> <span class='ocrx_word' id='word_1_507' title='bbox 3161 3169 3472 3236; x_wconf 88' lang='lat' dir='ltr'><strong>infantilis;</strong></span> <span class='ocrx_word' id='word_1_508' title='bbox 3505 3174 3630 3225; x_wconf 87' lang='lat' dir='ltr'><strong>erat</strong></span> <span class='ocrx_word' id='word_1_509' title='bbox 3657 3169 3813 3224; x_wconf 89' lang='lat' dir='ltr'><strong>enim</strong></span> 
     </span>
    </p>
   </div>
   <div class='ocr_carea' id='block_1_84' title="bbox 2165 3258 3808 3330">
    <p class='ocr_par' dir='ltr' id='par_1_84' title="bbox 2165 3258 3808 3330">
     <span class='ocr_line' id='line_1_84' title="bbox 2165 3258 3808 3330; baseline -0.002 -14"><span class='ocrx_word' id='word_1_510' title='bbox 2165 3275 2447 3316; x_wconf 90' lang='lat' dir='ltr'><strong>annorum</strong></span> <span class='ocrx_word' id='word_1_511' title='bbox 2479 3264 2641 3316; x_wconf 91' lang='lat' dir='ltr'><strong>octo.</strong></span> <span class='ocrx_word' id='word_1_512' title='bbox 2690 3261 2946 3330; x_wconf 87' lang='lat' dir='ltr'><strong>Cumque</strong></span> <span class='ocrx_word' id='word_1_513' title='bbox 2976 3259 3049 3315; x_wconf 89' lang='lat' dir='ltr'><strong>ab</strong></span> <span class='ocrx_word' id='word_1_514' title='bbox 3080 3258 3165 3315; x_wconf 91' lang='lat' dir='ltr'><strong>eis</strong></span> <span class='ocrx_word' id='word_1_515' title='bbox 3200 3258 3360 3314; x_wconf 91' lang='lat' dir='ltr'><strong>furor</strong></span> <span class='ocrx_word' id='word_1_516' title='bbox 3391 3258 3808 3329; x_wconf 88' lang='lat' dir='ltr'><strong>imperatorum</strong></span> 
     </span>
    </p>
   </div>
   <div class='ocr_carea' id='block_1_85' title="bbox 2166 3345 3816 3419">
    <p class='ocr_par' dir='ltr' id='par_1_85' title="bbox 2166 3345 3816 3419">
     <span class='ocr_line' id='line_1_85' title="bbox 2166 3345 3816 3419; baseline -0.002 -15"><span class='ocrx_word' id='word_1_517' title='bbox 2166 3348 2501 3419; x_wconf 90' lang='lat' dir='ltr'><strong>quievisset,</strong></span> <span class='ocrx_word' id='word_1_518' title='bbox 2566 3347 2763 3404; x_wconf 88' lang='lat' dir='ltr'><strong>Gallus</strong></span> <span class='ocrx_word' id='word_1_519' title='bbox 2794 3348 2947 3404; x_wconf 88' lang='lat' dir='ltr'><strong>circa</strong></span> <span class='ocrx_word' id='word_1_520' title='bbox 2981 3348 3268 3418; x_wconf 89' lang='lat' dir='ltr'><strong>Ephesum</strong></span> <span class='ocrx_word' id='word_1_521' title='bbox 3328 3345 3481 3417; x_wconf 87' lang='lat' dir='ltr'><strong>apud</strong></span> <span class='ocrx_word' id='word_1_522' title='bbox 3538 3346 3816 3402; x_wconf 88' lang='lat' dir='ltr'><strong>doctores</strong></span> 
     </span>
    </p>
   </div>
   <div class='ocr_carea' id='block_1_86' title="bbox 2164 3434 3818 3507">
    <p class='ocr_par' dir='ltr' id='par_1_86' title="bbox 2164 3434 3818 3507">
     <span class='ocr_line' id='line_1_86' title="bbox 2164 3434 3818 3507; baseline -0.001 -15"><span class='ocrx_word' id='word_1_523' title='bbox 2164 3440 2314 3507; x_wconf 90' lang='lat' dir='ltr'><strong>erat,</strong></span> <span class='ocrx_word' id='word_1_524' title='bbox 2342 3437 2439 3493; x_wconf 92' lang='lat' dir='ltr'><strong>ubi</strong></span> <span class='ocrx_word' id='word_1_525' title='bbox 2463 3436 2639 3492; x_wconf 88' lang='lat' dir='ltr'><strong>etiam</strong></span> <span class='ocrx_word' id='word_1_526' title='bbox 2663 3451 2691 3492; x_wconf 89' lang='lat' dir='ltr'><strong>a</strong></span> <span class='ocrx_word' id='word_1_527' title='bbox 2720 3436 3194 3507; x_wconf 85' lang='lat' dir='ltr'><strong>progenitoribus</strong></span> <span class='ocrx_word' id='word_1_528' title='bbox 3214 3435 3624 3507; x_wconf 87' lang='lat' dir='ltr'><strong>possessiones</strong></span> <span class='ocrx_word' id='word_1_529' title='bbox 3644 3434 3818 3491; x_wconf 88' lang='lat' dir='ltr'><strong>habe-</strong></span> 
     </span>
    </p>
   </div>
   <div class='ocr_carea' id='block_1_87' title="bbox 2165 3524 3818 3582">
    <p class='ocr_par' dir='ltr' id='par_1_87' title="bbox 2165 3524 3818 3582">
     <span class='ocr_line' id='line_1_87' title="bbox 2165 3524 3818 3582; baseline -0.002 -1"><span class='ocrx_word' id='word_1_530' title='bbox 2165 3526 2284 3581; x_wconf 89' lang='lat' dir='ltr'><strong>bat.</strong></span> <span class='ocrx_word' id='word_1_531' title='bbox 2309 3527 2493 3581; x_wconf 91' lang='lat' dir='ltr'><strong>Porro</strong></span> <span class='ocrx_word' id='word_1_532' title='bbox 2513 3524 2778 3582; x_wconf 87' lang='lat' dir='ltr'><strong>Julianus</strong></span> <span class='ocrx_word' id='word_1_533' title='bbox 2798 3540 3074 3582; x_wconf 90' lang='lat' dir='ltr'><strong>crescens</strong></span> <span class='ocrx_word' id='word_1_534' title='bbox 3108 3525 3163 3580; x_wconf 92' lang='lat' dir='ltr'><strong>in</strong></span> <span class='ocrx_word' id='word_1_535' title='bbox 3195 3524 3503 3581; x_wconf 90' lang='lat' dir='ltr'><strong>auditoriis</strong></span> <span class='ocrx_word' id='word_1_536' title='bbox 3536 3526 3818 3580; x_wconf 86' lang='lat' dir='ltr'><strong>Constan-</strong></span> 
     </span>
    </p>
   </div>
   <div class='ocr_carea' id='block_1_88' title="bbox 2162 3612 3815 3686">
    <p class='ocr_par' dir='ltr' id='par_1_88' title="bbox 2162 3612 3815 3686">
     <span class='ocr_line' id='line_1_88' title="bbox 2162 3612 3815 3686; baseline -0.003 -15"><span class='ocrx_word' id='word_1_537' title='bbox 2162 3615 2567 3686; x_wconf 65' lang='lat' dir='ltr'><strong>tinopolitanae</strong></span> <span class='ocrx_word' id='word_1_538' title='bbox 2618 3614 2801 3685; x_wconf 91' lang='lat' dir='ltr'><strong>urbis,</strong></span> <span class='ocrx_word' id='word_1_539' title='bbox 2868 3615 3258 3671; x_wconf 83' lang='lat' dir='ltr'><strong>exercebatur</strong></span> <span class='ocrx_word' id='word_1_540' title='bbox 3302 3614 3359 3670; x_wconf 92' lang='lat' dir='ltr'><strong>in</strong></span> <span class='ocrx_word' id='word_1_541' title='bbox 3420 3612 3683 3682; x_wconf 87' lang='lat' dir='ltr'><strong>basilica,</strong></span> <span class='ocrx_word' id='word_1_542' title='bbox 3715 3612 3815 3669; x_wconf 88' lang='lat' dir='ltr'><strong>ubi</strong></span> 
     </span>
    </p>
   </div>
   <div class='ocr_carea' id='block_1_89' title="bbox 2165 3701 3818 3775">
    <p class='ocr_par' dir='ltr' id='par_1_89' title="bbox 2165 3701 3818 3775">
     <span class='ocr_line' id='line_1_89' title="bbox 2165 3701 3818 3775; baseline -0.002 -16"><span class='ocrx_word' id='word_1_543' title='bbox 2165 3703 2437 3760; x_wconf 89' lang='lat' dir='ltr'><strong>doctores</strong></span> <span class='ocrx_word' id='word_1_544' title='bbox 2469 3708 2657 3774; x_wconf 89' lang='lat' dir='ltr'><strong>erant,</strong></span> <span class='ocrx_word' id='word_1_545' title='bbox 2688 3703 2894 3761; x_wconf 89' lang='lat' dir='ltr'><strong>habitu</strong></span> <span class='ocrx_word' id='word_1_546' title='bbox 2918 3704 3147 3775; x_wconf 89' lang='lat' dir='ltr'><strong>privato</strong></span> <span class='ocrx_word' id='word_1_547' title='bbox 3169 3703 3516 3774; x_wconf 90' lang='lat' dir='ltr'><strong>procedens,</strong></span> <span class='ocrx_word' id='word_1_548' title='bbox 3537 3701 3818 3757; x_wconf 86' lang='lat' dir='ltr'><strong>habebat-</strong></span> 
     </span>
    </p>
   </div>
   <div class='ocr_carea' id='block_1_90' title="bbox 2166 3789 3811 3864">
    <p class='ocr_par' dir='ltr' id='par_1_90' title="bbox 2166 3789 3811 3864">
     <span class='ocr_line' id='line_1_90' title="bbox 2166 3789 3811 3864; baseline -0.004 -14"><span class='ocrx_word' id='word_1_549' title='bbox 2166 3807 2276 3864; x_wconf 90' lang='lat' dir='ltr'><strong>que</strong></span> <span class='ocrx_word' id='word_1_550' title='bbox 2310 3792 2689 3864; x_wconf 70' lang='lat' dir='ltr'><strong>pzedagogum</strong></span> <span class='ocrx_word' id='word_1_551' title='bbox 2751 3792 3102 3864; x_wconf 88' lang='lat' dir='ltr'><strong>eunuchum,</strong></span> <span class='ocrx_word' id='word_1_552' title='bbox 3147 3792 3376 3850; x_wconf 89' lang='lat' dir='ltr'><strong>nomine</strong></span> <span class='ocrx_word' id='word_1_553' title='bbox 3433 3789 3811 3861; x_wconf 73' lang='lat' dir='ltr'><strong>Mardonium,</strong></span> 
     </span>
    </p>
   </div>
   <div class='ocr_carea' id='block_1_91' title="bbox 2164 3879 3818 3955">
    <p class='ocr_par' dir='ltr' id='par_1_91' title="bbox 2164 3879 3818 3955">
     <span class='ocr_line' id='line_1_91' title="bbox 2164 3879 3818 3955; baseline -0.002 -18"><span class='ocrx_word' id='word_1_554' title='bbox 2164 3887 2571 3955; x_wconf 87' lang='lat' dir='ltr'><strong>preeeptorem</strong></span> <span class='ocrx_word' id='word_1_555' title='bbox 2622 3886 3064 3952; x_wconf 79' lang='lat' dir='ltr'><strong>grammaticum</strong></span> <span class='ocrx_word' id='word_1_556' title='bbox 3093 3882 3463 3938; x_wconf 91' lang='lat' dir='ltr'><strong>Nicomedem</strong></span> <span class='ocrx_word' id='word_1_557' title='bbox 3526 3879 3818 3936; x_wconf 87' lang='lat' dir='ltr'><strong>Laconen-</strong></span> 
     </span>
    </p>
   </div>
   <div class='ocr_carea' id='block_1_92' title="bbox 2162 3968 3815 4042">
    <p class='ocr_par' dir='ltr' id='par_1_92' title="bbox 2162 3968 3815 4042">
     <span class='ocr_line' id='line_1_92' title="bbox 2162 3968 3815 4042; baseline -0.004 -13"><span class='ocrx_word' id='word_1_558' title='bbox 2162 3987 2303 4041; x_wconf 88' lang='lat' dir='ltr'><strong>sem,</strong></span> <span class='ocrx_word' id='word_1_559' title='bbox 2340 3971 2689 4028; x_wconf 86' lang='lat' dir='ltr'><strong>rethoricam</strong></span> <span class='ocrx_word' id='word_1_560' title='bbox 2740 3986 2881 4028; x_wconf 88' lang='lat' dir='ltr'><strong>vero</strong></span> <span class='ocrx_word' id='word_1_561' title='bbox 2914 3971 3142 4041; x_wconf 85' lang='lat' dir='ltr'><strong>legebat</strong></span> <span class='ocrx_word' id='word_1_562' title='bbox 3176 3970 3328 4042; x_wconf 89' lang='lat' dir='ltr'><strong>apud</strong></span> <span class='ocrx_word' id='word_1_563' title='bbox 3379 3968 3667 4027; x_wconf 89' lang='lat' dir='ltr'><strong>Eubolum</strong></span> <span class='ocrx_word' id='word_1_564' title='bbox 3723 3982 3815 4023; x_wconf 90' lang='lat' dir='ltr'><strong>so-</strong></span> 
     </span>
    </p>
   </div>
   <div class='ocr_carea' id='block_1_93' title="bbox 2163 4056 3813 4133">
    <p class='ocr_par' dir='ltr' id='par_1_93' title="bbox 2163 4056 3813 4133">
     <span class='ocr_line' id='line_1_93' title="bbox 2163 4056 3813 4133; baseline -0.004 -17"><span class='ocrx_word' id='word_1_565' title='bbox 2163 4060 2435 4133; x_wconf 90' lang='lat' dir='ltr'><strong>phistam,</strong></span> <span class='ocrx_word' id='word_1_566' title='bbox 2488 4060 2830 4129; x_wconf 89' lang='lat' dir='ltr'><strong>magistrum</strong></span> <span class='ocrx_word' id='word_1_567' title='bbox 2859 4059 3054 4115; x_wconf 88' lang='lat' dir='ltr'><strong>Basilii</strong></span> <span class='ocrx_word' id='word_1_568' title='bbox 3088 4064 3289 4130; x_wconf 87' lang='lat' dir='ltr'><strong>postea</strong></span> <span class='ocrx_word' id='word_1_569' title='bbox 3322 4057 3613 4129; x_wconf 89' lang='lat' dir='ltr'><strong>episcopi.</strong></span> <span class='ocrx_word' id='word_1_570' title='bbox 3678 4056 3813 4111; x_wconf 85' lang='lat' dir='ltr'><strong>Erat</strong></span> 
     </span>
    </p>
   </div>
   <div class='ocr_carea' id='block_1_94' title="bbox 2163 4143 3812 4215">
    <p class='ocr_par' dir='ltr' id='par_1_94' title="bbox 2163 4143 3812 4215">
     <span class='ocr_line' id='line_1_94' title="bbox 2163 4143 3812 4215; baseline -0.004 -9"><span class='ocrx_word' id='word_1_571' title='bbox 2163 4153 2357 4206; x_wconf 88' lang='lat' dir='ltr'><strong>autem</strong></span> <span class='ocrx_word' id='word_1_572' title='bbox 2405 4148 2669 4206; x_wconf 83' lang='lat' dir='ltr'><strong>Julianus</strong></span> <span class='ocrx_word' id='word_1_573' title='bbox 2700 4149 2771 4205; x_wconf 88' lang='lat' dir='ltr'><strong>ab</strong></span> <span class='ocrx_word' id='word_1_574' title='bbox 2819 4148 2993 4205; x_wconf 90' lang='lat' dir='ltr'><strong>inicio</strong></span> <span class='ocrx_word' id='word_1_575' title='bbox 3041 4147 3423 4205; x_wconf 88' lang='lat' dir='ltr'><strong>christianus.</strong></span> <span class='ocrx_word' id='word_1_576' title='bbox 3467 4148 3723 4215; x_wconf 88' lang='lat' dir='ltr'><strong>Cumque</strong></span> <span class='ocrx_word' id='word_1_577' title='bbox 3755 4143 3812 4200; x_wconf 92' lang='lat' dir='ltr'><strong>in</strong></span> 
     </span>
    </p>
   </div>
   <div class='ocr_carea' id='block_1_95' title="bbox 2164 4233 3812 4309">
    <p class='ocr_par' dir='ltr' id='par_1_95' title="bbox 2164 4233 3812 4309">
     <span class='ocr_line' id='line_1_95' title="bbox 2164 4233 3812 4309; baseline -0.004 -16"><span class='ocrx_word' id='word_1_578' title='bbox 2164 4238 2413 4295; x_wconf 89' lang='lat' dir='ltr'><strong>lectione</strong></span> <span class='ocrx_word' id='word_1_579' title='bbox 2446 4237 2780 4309; x_wconf 85' lang='lat' dir='ltr'><strong>proficeret,</strong></span> <span class='ocrx_word' id='word_1_580' title='bbox 2813 4240 2871 4293; x_wconf 90' lang='lat' dir='ltr'><strong>et</strong></span> <span class='ocrx_word' id='word_1_581' title='bbox 2903 4237 3049 4293; x_wconf 87' lang='lat' dir='ltr'><strong>fama</strong></span> <span class='ocrx_word' id='word_1_582' title='bbox 3079 4251 3184 4308; x_wconf 90' lang='lat' dir='ltr'><strong>per</strong></span> <span class='ocrx_word' id='word_1_583' title='bbox 3207 4235 3482 4309; x_wconf 89' lang='lat' dir='ltr'><strong>populum</strong></span> <span class='ocrx_word' id='word_1_584' title='bbox 3514 4233 3812 4302; x_wconf 72' lang='lat' dir='ltr'><strong>volitaret,</strong></span> 
     </span>
    </p>
   </div>
   <div class='ocr_carea' id='block_1_96' title="bbox 2165 4325 3818 4399">
    <p class='ocr_par' dir='ltr' id='par_1_96' title="bbox 2165 4325 3818 4399">
     <span class='ocr_line' id='line_1_96' title="bbox 2165 4325 3818 4399; baseline -0.005 -15"><span class='ocrx_word' id='word_1_585' title='bbox 2165 4327 2319 4399; x_wconf 89' lang='lat' dir='ltr'><strong>quod</strong></span> <span class='ocrx_word' id='word_1_586' title='bbox 2342 4328 2518 4383; x_wconf 88' lang='lat' dir='ltr'><strong>etiam</strong></span> <span class='ocrx_word' id='word_1_587' title='bbox 2539 4326 2830 4399; x_wconf 88' lang='lat' dir='ltr'><strong>publicam</strong></span> <span class='ocrx_word' id='word_1_588' title='bbox 2850 4339 2973 4383; x_wconf 89' lang='lat' dir='ltr'><strong>rem</strong></span> <span class='ocrx_word' id='word_1_589' title='bbox 2994 4326 3324 4396; x_wconf 87' lang='lat' dir='ltr'><strong>gubernare</strong></span> <span class='ocrx_word' id='word_1_590' title='bbox 3356 4328 3574 4396; x_wconf 90' lang='lat' dir='ltr'><strong>posset,</strong></span> <span class='ocrx_word' id='word_1_591' title='bbox 3608 4325 3818 4379; x_wconf 65' lang='lat' dir='ltr'><strong>aestua-</strong></span> 
     </span>
    </p>
   </div>
   <div class='ocr_carea' id='block_1_97' title="bbox 1168 4376 2037 4488">
    <p class='ocr_par' dir='ltr' id='par_1_97' title="bbox 1168 4376 2037 4488">
     <span class='ocr_line' id='line_1_97' title="bbox 1168 4376 2037 4451; baseline 0.009 -21"><span class='ocrx_word' id='word_1_592' title='bbox 1168 4376 1363 4433; x_wconf 90' lang='lat' dir='ltr'><strong>heresi</strong></span> <span class='ocrx_word' id='word_1_593' title='bbox 1388 4378 1758 4451; x_wconf 89' lang='lat' dir='ltr'><strong>subscripsit,</strong></span> <span class='ocrx_word' id='word_1_594' title='bbox 1793 4380 2037 4438; x_wconf 87' lang='lat' dir='ltr'><strong>Romam-</strong></span> 
     </span>
     <span class='ocr_line' id='line_1_98' title="bbox 1168 4464 1939 4488; baseline 0 0"><span class='ocrx_word' id='word_1_595' title='bbox 1168 4464 1247 4488; x_wconf 68' lang='grc' dir='ltr'><strong>-.τι</strong></span> <span class='ocrx_word' id='word_1_596' title='bbox 1314 4466 1397 4488; x_wconf 66' lang='grc' dir='ltr'><strong>[ΑΩ</strong></span> <span class='ocrx_word' id='word_1_597' title='bbox 1479 4466 1598 4488; x_wconf 73' lang='lat' dir='ltr'><strong>In.--</strong></span> <span class='ocrx_word' id='word_1_598' title='bbox 1675 4467 1749 4488; x_wconf 76' lang='grc' dir='ltr'><strong>ττν</strong></span> <span class='ocrx_word' id='word_1_599' title='bbox 1900 4472 1939 4488; x_wconf 75' lang='lat' dir='ltr'><strong>n</strong></span> 
     </span>
    </p>
   </div>
   <div class='ocr_carea' id='block_1_98' title="bbox 2166 4376 3815 4488">
    <p class='ocr_par' dir='ltr' id='par_1_98' title="bbox 2166 4376 3815 4488">
     <span class='ocr_line' id='line_1_99' title="bbox 2166 4376 3815 4488; baseline -0.004 -16"><span class='ocrx_word' id='word_1_600' title='bbox 2166 4376 2360 4474; x_wconf 57' lang='lat' dir='ltr'><strong>tiones</strong></span> <span class='ocrx_word' id='word_1_601' title='bbox 2391 4376 2974 4488; x_wconf 58' lang='lat' dir='ltr'><strong>induxitimperatori</strong></span> <span class='ocrx_word' id='word_1_602' title='bbox 3003 4415 3372 4473; x_wconf 88' lang='lat' dir='ltr'><strong>Constantio.</strong></span> <span class='ocrx_word' id='word_1_603' title='bbox 3425 4412 3815 4481; x_wconf 86' lang='lat' dir='ltr'><strong>Quamobrem</strong></span> 
     </span>
    </p>
   </div>
   <div class='ocr_carea' id='block_1_99' title="bbox 2167 4502 3819 4575">
    <p class='ocr_par' dir='ltr' id='par_1_99' title="bbox 2167 4502 3819 4575">
     <span class='ocr_line' id='line_1_100' title="bbox 2167 4502 3819 4575; baseline -0.004 -13"><span class='ocrx_word' id='word_1_604' title='bbox 2167 4506 2529 4562; x_wconf 82' lang='lat' dir='ltr'><strong>amoviteum</strong></span> <span class='ocrx_word' id='word_1_605' title='bbox 2562 4506 2707 4561; x_wconf 92' lang='lat' dir='ltr'><strong>urbe</strong></span> <span class='ocrx_word' id='word_1_606' title='bbox 2749 4504 2908 4575; x_wconf 88' lang='lat' dir='ltr'><strong>regia</strong></span> <span class='ocrx_word' id='word_1_607' title='bbox 2951 4504 3223 4575; x_wconf 89' lang='lat' dir='ltr'><strong>misitque</strong></span> <span class='ocrx_word' id='word_1_608' title='bbox 3245 4502 3656 4571; x_wconf 79' lang='lat' dir='ltr'><strong>Nicomediam,</strong></span> <span class='ocrx_word' id='word_1_609' title='bbox 3688 4513 3819 4571; x_wconf 87' lang='lat' dir='ltr'><strong>pre-</strong></span> 
     </span>
    </p>
   </div>
   <div class='ocr_carea' id='block_1_100' title="bbox 2165 4590 3819 4667">
    <p class='ocr_par' dir='ltr' id='par_1_100' title="bbox 2165 4590 3819 4667">
     <span class='ocr_line' id='line_1_101' title="bbox 2165 4590 3819 4667; baseline -0.005 -16"><span class='ocrx_word' id='word_1_610' title='bbox 2165 4595 2393 4667; x_wconf 91' lang='lat' dir='ltr'><strong>cipiens</strong></span> <span class='ocrx_word' id='word_1_611' title='bbox 2420 4594 2495 4665; x_wconf 91' lang='lat' dir='ltr'><strong>ei,</strong></span> <span class='ocrx_word' id='word_1_612' title='bbox 2529 4609 2600 4651; x_wconf 88' lang='lat' dir='ltr'><strong>ne</strong></span> <span class='ocrx_word' id='word_1_613' title='bbox 2657 4594 2994 4651; x_wconf 88' lang='lat' dir='ltr'><strong>conveniret</strong></span> <span class='ocrx_word' id='word_1_614' title='bbox 3026 4593 3323 4649; x_wconf 90' lang='lat' dir='ltr'><strong>Libanium</strong></span> <span class='ocrx_word' id='word_1_615' title='bbox 3364 4591 3687 4664; x_wconf 90' lang='lat' dir='ltr'><strong>sophistam</strong></span> <span class='ocrx_word' id='word_1_616' title='bbox 3720 4590 3819 4660; x_wconf 80' lang='lat' dir='ltr'><strong>Sy-</strong></span> 
     </span>
    </p>
   </div>
   <div class='ocr_carea' id='block_1_101' title="bbox 478 4657 3818 4755">
    <p class='ocr_par' dir='ltr' id='par_1_101' title="bbox 478 4657 3818 4755">
     <span class='ocr_line' id='line_1_102' title="bbox 478 4657 3818 4755; baseline 0 -24"><span class='ocrx_word' id='word_1_617' title='bbox 478 4662 537 4715; x_wconf 76' lang='grc' dir='ltr'><strong>θ·</strong></span> <span class='ocrx_word' id='word_1_618' title='bbox 576 4657 755 4755; x_wconf 50' lang='lat' dir='ltr'><strong>im”-</strong></span> <span class='ocrx_word' id='word_1_619' title='bbox 832 4658 920 4716; x_wconf 80' lang='lat' dir='ltr'><strong>W-</strong></span> <span class='ocrx_word' id='word_1_620' title='bbox 1073 4661 1313 4755; x_wconf 71' lang='lat' dir='ltr'><strong>D-_356-</strong></span> <span class='ocrx_word' id='word_1_621' title='bbox 1358 4662 1715 4755; x_wconf 34' lang='lat'><strong>13301111113</strong></span> <span class='ocrx_word' id='word_1_622' title='bbox 1769 4667 1971 4724; x_wconf 70' lang='grc' dir='ltr'><strong>ι’θιῘιοΡ</strong></span> <span class='ocrx_word' id='word_1_623' title='bbox 1997 4672 2055 4726; x_wconf 61' lang='lat' dir='ltr'><strong>et</strong></span> <span class='ocrx_word' id='word_1_624' title='bbox 2168 4657 2317 4755; x_wconf 76' lang='lat' dir='ltr'><strong>rum,</strong></span> <span class='ocrx_word' id='word_1_625' title='bbox 2372 4657 2538 4755; x_wconf 76' lang='lat' dir='ltr'><strong>quasi</strong></span> <span class='ocrx_word' id='word_1_626' title='bbox 2587 4698 2691 4754; x_wconf 88' lang='lat' dir='ltr'><strong>pro</strong></span> <span class='ocrx_word' id='word_1_627' title='bbox 2712 4698 2780 4739; x_wconf 94' lang='lat' dir='ltr'><strong>eo</strong></span> <span class='ocrx_word' id='word_1_628' title='bbox 2804 4682 2958 4753; x_wconf 91' lang='lat' dir='ltr'><strong>quod</strong></span> <span class='ocrx_word' id='word_1_629' title='bbox 2982 4695 3241 4754; x_wconf 84' lang='lat' dir='ltr'><strong>paganus</strong></span> <span class='ocrx_word' id='word_1_630' title='bbox 3267 4657 3458 4747; x_wconf 45' lang='lat' dir='ltr'><strong>esset&#39;;</strong></span> <span class='ocrx_word' id='word_1_631' title='bbox 3492 4678 3592 4736; x_wconf 90' lang='lat' dir='ltr'><strong>ille</strong></span> <span class='ocrx_word' id='word_1_632' title='bbox 3625 4657 3818 4735; x_wconf 81' lang='lat' dir='ltr'><strong>tamen</strong></span> 
     </span>
    </p>
   </div>
   <div class='ocr_carea' id='block_1_102' title="bbox 406 4747 1944 4823">
    <p class='ocr_par' dir='ltr' id='par_1_102' title="bbox 406 4747 1944 4823">
     <span class='ocr_line' id='line_1_103' title="bbox 406 4747 1944 4823; baseline 0.005 -19"><span class='ocrx_word' id='word_1_633' title='bbox 406 4749 668 4805; x_wconf 89' lang='lat' dir='ltr'><strong>Donatus</strong></span> <span class='ocrx_word' id='word_1_634' title='bbox 697 4747 1115 4818; x_wconf 82' lang='lat' dir='ltr'><strong>grammaticus</strong></span> <span class='ocrx_word' id='word_1_635' title='bbox 1137 4750 1330 4807; x_wconf 73' lang='lat' dir='ltr'><strong>Romze</strong></span> <span class='ocrx_word' id='word_1_636' title='bbox 1354 4750 1617 4823; x_wconf 86' lang='lat' dir='ltr'><strong>insignes</strong></span> <span class='ocrx_word' id='word_1_637' title='bbox 1638 4753 1944 4813; x_wconf 89' lang='lat' dir='ltr'><strong>habentur.</strong></span> 
     </span>
    </p>
   </div>
   <div class='ocr_carea' id='block_1_103' title="bbox 479 4855 2059 4921">
    <p class='ocr_par' dir='ltr' id='par_1_103' title="bbox 479 4855 2059 4921">
     <span class='ocr_line' id='line_1_104' title="bbox 479 4855 2059 4921; baseline 0.008 -11"><span class='ocrx_word' id='word_1_638' title='bbox 479 4857 570 4911; x_wconf 89' lang='lat'><strong>17.</strong></span> <span class='ocrx_word' id='word_1_639' title='bbox 614 4856 685 4911; x_wconf 88' lang='lat' dir='ltr'><strong>A.</strong></span> <span class='ocrx_word' id='word_1_640' title='bbox 725 4855 799 4912; x_wconf 94' lang='lat' dir='ltr'><strong>D.</strong></span> <span class='ocrx_word' id='word_1_641' title='bbox 838 4857 969 4912; x_wconf 88' lang='lat'><strong>357.</strong></span> <span class='ocrx_word' id='word_1_642' title='bbox 1004 4855 1272 4914; x_wconf 81' lang='lat' dir='ltr'><strong>Julianus</strong></span> <span class='ocrx_word' id='word_1_643' title='bbox 1302 4872 1334 4914; x_wconf 88' lang='lat' dir='ltr'><strong>a</strong></span> <span class='ocrx_word' id='word_1_644' title='bbox 1364 4858 1706 4917; x_wconf 88' lang='lat' dir='ltr'><strong>Constantio</strong></span> <span class='ocrx_word' id='word_1_645' title='bbox 1734 4876 1921 4921; x_wconf 64' lang='lat' dir='ltr'><strong>caesar</strong></span> <span class='ocrx_word' id='word_1_646' title='bbox 1943 4865 2059 4921; x_wconf 80' lang='lat' dir='ltr'><strong>em-</strong></span> 
     </span>
    </p>
   </div>
   <div class='ocr_carea' id='block_1_104' title="bbox 402 4943 585 5002">
    <p class='ocr_par' dir='ltr' id='par_1_104' title="bbox 402 4943 585 5002">
     <span class='ocr_line' id='line_1_105' title="bbox 402 4943 585 5002; baseline -0.005 -1"><span class='ocrx_word' id='word_1_647' title='bbox 402 4943 585 5002; x_wconf 89' lang='lat' dir='ltr'><strong>citur.</strong></span> 
     </span>
    </p>
   </div>
   <div class='ocr_carea' id='block_1_105' title="bbox 473 5033 2059 5118">
    <p class='ocr_par' dir='ltr' id='par_1_105' title="bbox 473 5033 2059 5118">
     <span class='ocr_line' id='line_1_106' title="bbox 473 5033 2059 5118; baseline 0.009 -29"><span class='ocrx_word' id='word_1_648' title='bbox 473 5036 568 5089; x_wconf 87' lang='lat'><strong>18.</strong></span> <span class='ocrx_word' id='word_1_649' title='bbox 600 5033 825 5107; x_wconf 72' lang='grc' dir='ltr'><strong>(Ηιειι.)</strong></span> <span class='ocrx_word' id='word_1_650' title='bbox 848 5035 922 5092; x_wconf 83' lang='grc' dir='ltr'><strong>Α.</strong></span> <span class='ocrx_word' id='word_1_651' title='bbox 951 5035 1024 5093; x_wconf 91' lang='lat' dir='ltr'><strong>D.</strong></span> <span class='ocrx_word' id='word_1_652' title='bbox 1054 5036 1187 5095; x_wconf 86' lang='lat'><strong>358.</strong></span> <span class='ocrx_word' id='word_1_653' title='bbox 1207 5035 1500 5096; x_wconf 89' lang='lat' dir='ltr'><strong>Eusebius</strong></span> <span class='ocrx_word' id='word_1_654' title='bbox 1518 5038 1906 5102; x_wconf 87' lang='lat' dir='ltr'><strong>Vercellensis</strong></span> <span class='ocrx_word' id='word_1_655' title='bbox 1936 5044 2059 5118; x_wconf 89' lang='lat' dir='ltr'><strong>epi-</strong></span> 
     </span>
    </p>
   </div>
   <div class='ocr_carea' id='block_1_106' title="bbox 2169 4768 3823 4842">
    <p class='ocr_par' dir='ltr' id='par_1_106' title="bbox 2169 4768 3823 4842">
     <span class='ocr_line' id='line_1_107' title="bbox 2169 4768 3823 4842; baseline -0.004 -14"><span class='ocrx_word' id='word_1_656' title='bbox 2169 4774 2454 4831; x_wconf 91' lang='lat' dir='ltr'><strong>librorum</strong></span> <span class='ocrx_word' id='word_1_657' title='bbox 2486 4771 2612 4842; x_wconf 87' lang='lat' dir='ltr'><strong>ejus</strong></span> <span class='ocrx_word' id='word_1_658' title='bbox 2645 4771 2993 4828; x_wconf 80' lang='lat' dir='ltr'><strong>lectionibus</strong></span> <span class='ocrx_word' id='word_1_659' title='bbox 3026 4772 3329 4828; x_wconf 86' lang='lat' dir='ltr'><strong>utebatur.</strong></span> <span class='ocrx_word' id='word_1_660' title='bbox 3362 4772 3618 4840; x_wconf 89' lang='lat' dir='ltr'><strong>Cumque</strong></span> <span class='ocrx_word' id='word_1_661' title='bbox 3649 4768 3823 4840; x_wconf 86' lang='lat' dir='ltr'><strong>proli-</strong></span> 
     </span>
    </p>
   </div>
   <div class='ocr_carea' id='block_1_107' title="bbox 2168 4857 3826 4933">
    <p class='ocr_par' dir='ltr' id='par_1_107' title="bbox 2168 4857 3826 4933">
     <span class='ocr_line' id='line_1_108' title="bbox 2168 4857 3826 4933; baseline -0.006 -11"><span class='ocrx_word' id='word_1_662' title='bbox 2168 4869 2330 4923; x_wconf 86' lang='lat' dir='ltr'><strong>ceret</strong></span> <span class='ocrx_word' id='word_1_663' title='bbox 2360 4862 2417 4917; x_wconf 89' lang='lat' dir='ltr'><strong>in</strong></span> <span class='ocrx_word' id='word_1_664' title='bbox 2458 4861 2773 4932; x_wconf 86' lang='lat' dir='ltr'><strong>rethorica,</strong></span> <span class='ocrx_word' id='word_1_665' title='bbox 2805 4860 3150 4933; x_wconf 86' lang='lat' dir='ltr'><strong>supervenit</strong></span> <span class='ocrx_word' id='word_1_666' title='bbox 3197 4859 3589 4917; x_wconf 87' lang='lat' dir='ltr'><strong>Nicomediam</strong></span> <span class='ocrx_word' id='word_1_667' title='bbox 3649 4857 3826 4913; x_wconf 77' lang='lat' dir='ltr'><strong>Maxi-</strong></span> 
     </span>
    </p>
   </div>
   <div class='ocr_carea' id='block_1_108' title="bbox 2162 4940 3822 5026">
    <p class='ocr_par' dir='ltr' id='par_1_108' title="bbox 2162 4940 3822 5026">
     <span class='ocr_line' id='line_1_109' title="bbox 2162 4940 3822 5026; baseline -0.007 -13"><span class='ocrx_word' id='word_1_668' title='bbox 2162 4970 2293 5013; x_wconf 86' lang='lat' dir='ltr'><strong>mus</strong></span> <span class='ocrx_word' id='word_1_669' title='bbox 2308 4950 2726 5026; x_wconf 87' lang='lat' dir='ltr'><strong>phylosophus,</strong></span> <span class='ocrx_word' id='word_1_670' title='bbox 2744 4965 2857 5008; x_wconf 92' lang='lat' dir='ltr'><strong>non</strong></span> <span class='ocrx_word' id='word_1_671' title='bbox 2879 4949 2977 5005; x_wconf 88' lang='lat' dir='ltr'><strong>ille</strong></span> <span class='ocrx_word' id='word_1_672' title='bbox 2994 4948 3314 5018; x_wconf 83' lang='lat' dir='ltr'><strong>Bizantius,</strong></span> <span class='ocrx_word' id='word_1_673' title='bbox 3342 4940 3509 5022; x_wconf 87' lang='lat' dir='ltr'><strong>pater</strong></span> <span class='ocrx_word' id='word_1_674' title='bbox 3533 4947 3822 5018; x_wconf 88' lang='lat' dir='ltr'><strong>Euclidis,</strong></span> 
     </span>
    </p>
   </div>
   <div class='ocr_carea' id='block_1_109' title="bbox 2169 5036 3827 5114">
    <p class='ocr_par' dir='ltr' id='par_1_109' title="bbox 2169 5036 3827 5114">
     <span class='ocr_line' id='line_1_110' title="bbox 2169 5036 3827 5114; baseline -0.004 -13"><span class='ocrx_word' id='word_1_675' title='bbox 2169 5044 2272 5101; x_wconf 90' lang='lat' dir='ltr'><strong>sed</strong></span> <span class='ocrx_word' id='word_1_676' title='bbox 2324 5041 2626 5114; x_wconf 86' lang='lat' dir='ltr'><strong>Ephesius,</strong></span> <span class='ocrx_word' id='word_1_677' title='bbox 2690 5054 2859 5112; x_wconf 90' lang='lat' dir='ltr'><strong>quem</strong></span> <span class='ocrx_word' id='word_1_678' title='bbox 2892 5044 3093 5114; x_wconf 88' lang='lat' dir='ltr'><strong>postea</strong></span> <span class='ocrx_word' id='word_1_679' title='bbox 3126 5039 3290 5113; x_wconf 83' lang='lat' dir='ltr'><strong>quasi</strong></span> <span class='ocrx_word' id='word_1_680' title='bbox 3346 5044 3507 5096; x_wconf 87' lang='lat' dir='ltr'><strong>artes</strong></span> <span class='ocrx_word' id='word_1_681' title='bbox 3562 5036 3827 5111; x_wconf 84' lang='lat' dir='ltr'><strong>magicas</strong></span> 
     </span>
    </p>
   </div>
   <div class='ocr_carea' id='block_1_110' title="bbox 1760 5168 2460 5231">
    <p class='ocr_par' dir='ltr' id='par_1_110' title="bbox 1760 5168 2460 5231">
     <span class='ocr_line' id='line_1_111' title="bbox 1760 5168 2460 5231; baseline 0.003 -6"><span class='ocrx_word' id='word_1_682' title='bbox 1760 5168 1998 5227; x_wconf 66' lang='lat' dir='ltr'><strong>VARIIE</strong></span> <span class='ocrx_word' id='word_1_683' title='bbox 2057 5170 2460 5231; x_wconf 86' lang='lat' dir='ltr'><strong>LECTIONES.</strong></span> 
     </span>
    </p>
   </div>
   <div class='ocr_carea' id='block_1_111' title="bbox 471 5269 806 5331">
    <p class='ocr_par' dir='ltr' id='par_1_111' title="bbox 471 5269 806 5331">
     <span class='ocr_line' id='line_1_112' title="bbox 471 5269 806 5331; baseline 0.006 -2"><span class='ocrx_word' id='word_1_684' title='bbox 471 5269 540 5307; x_wconf 76' lang='grc'><strong>⁸⁸⁸</strong></span> <span class='ocrx_word' id='word_1_685' title='bbox 571 5274 672 5330; x_wconf 88' lang='lat'>111°</span> <span class='ocrx_word' id='word_1_686' title='bbox 701 5273 806 5331; x_wconf 82' lang='lat' dir='ltr'><strong>E1.</strong></span> 
     </span>
    </p>
   </div>
   <div class='ocr_carea' id='block_1_112' title="bbox 895 5271 2081 5344">
    <p class='ocr_par' dir='ltr' id='par_1_112' title="bbox 895 5271 2081 5344">
     <span class='ocr_line' id='line_1_113' title="bbox 895 5271 2081 5344; baseline 0.01 -13"><span class='ocrx_word' id='word_1_687' title='bbox 895 5271 965 5308; x_wconf 77' lang='grc'><strong>⁶⁸⁰</strong></span> <span class='ocrx_word' id='word_1_688' title='bbox 998 5277 1399 5337; x_wconf 88' lang='lat' dir='ltr'><strong>Constantium</strong></span> <span class='ocrx_word' id='word_1_689' title='bbox 1431 5310 1498 5322; x_wconf 91' lang='lat'><strong>—</strong></span> <span class='ocrx_word' id='word_1_690' title='bbox 1533 5286 1705 5340; x_wconf 86' lang='lat' dir='ltr'><strong>natos</strong></span> <span class='ocrx_word' id='word_1_691' title='bbox 1736 5282 1951 5344; x_wconf 71' lang='lat' dir='ltr'><strong>desunt</strong></span> <span class='ocrx_word' id='word_1_692' title='bbox 1977 5286 2081 5344; x_wconf 83' lang='lat' dir='ltr'><strong>E1.</strong></span> 
     </span>
    </p>
   </div>
   <div class='ocr_carea' id='block_1_113' title="bbox 2171 5286 2566 5346">
    <p class='ocr_par' dir='ltr' id='par_1_113' title="bbox 2171 5286 2566 5346">
     <span class='ocr_line' id='line_1_114' title="bbox 2171 5286 2566 5346; baseline -0.015 1"><span class='ocrx_word' id='word_1_693' title='bbox 2171 5286 2240 5321; x_wconf 77' lang='grc'><strong>⁸⁸⁷</strong></span> <span class='ocrx_word' id='word_1_694' title='bbox 2271 5286 2433 5346; x_wconf 73' lang='lat' dir='ltr'><strong>deest</strong></span> <span class='ocrx_word' id='word_1_695' title='bbox 2461 5287 2566 5343; x_wconf 84' lang='lat' dir='ltr'><strong>E1.</strong></span> 
     </span>
    </p>
   </div>
   <div class='ocr_carea' id='block_1_114' title="bbox 1987 5410 2211 5468">
    <p class='ocr_par' dir='ltr' id='par_1_114' title="bbox 1987 5410 2211 5468">
     <span class='ocr_line' id='line_1_115' title="bbox 1987 5410 2211 5468; baseline 0 -1"><span class='ocrx_word' id='word_1_696' title='bbox 1987 5410 2211 5468; x_wconf 66' lang='lat' dir='ltr'><strong>NOTIE.</strong></span> 
     </span>
    </p>
   </div>
   <div class='ocr_carea' id='block_1_115' title="bbox 494 5494 1240 5571">
    <p class='ocr_par' dir='ltr' id='par_1_115' title="bbox 494 5494 1240 5571">
     <span class='ocr_line' id='line_1_116' title="bbox 494 5494 1240 5571; baseline 0.007 -18"><span class='ocrx_word' id='word_1_697' title='bbox 494 5494 646 5571; x_wconf 75' lang='lat'><strong>(222)</strong></span> <span class='ocrx_word' id='word_1_698' title='bbox 675 5495 811 5555; x_wconf 62' lang='lat' dir='ltr'><strong>Haec</strong></span> <span class='ocrx_word' id='word_1_699' title='bbox 838 5498 1035 5557; x_wconf 86' lang='lat' dir='ltr'><strong>nescio</strong></span> <span class='ocrx_word' id='word_1_700' title='bbox 1061 5499 1240 5558; x_wconf 88' lang='lat' dir='ltr'><strong>unde.</strong></span> 
     </span>
    </p>
   </div>
  </div>
