3986 6048
216 236 331 302 718

1083 233 1522 299 CHRONICA.
1562 268 1637 282 η·-
1668 229 2143 298 CHRONICON
2188 232 2743 297 UNIVERSALE.

3497 240 3615 305 7H

215 385 340 431 nem
357 371 510 445 apud
530 370 747 428 milites
767 369 1170 428 Valentiniano
1190 367 1578 427 resistenti”
1594 365 1854 427 oblatum
1888 372 1939 429 A
1970 366 2411 427 Valentinianus
2455 367 2743 427 Justinam
2782 366 2996 449 ducere
3035 349 3299 434 tractans
3344 389 3609 452 uxorem,

216 468 310 520 est
339 461 661 531 imperium.
698 461 955 527 Quicum
981 462 1088 516 sub
1110 460 1339 517 Iuliano
1367 463 1636 531 apostata
1667 463 1863 515 scuta-

219 551 435 607 riorum
478 549 748 606 tribunus
787 554 947 606 esset
979 555 1038 605 et
1072 548 1354 619 integram
1392 549 1558 604 Iidem
1593 548 1858 617 haberet,

218 645 275 694 et
305 637 567 695 Julianus
600 638 845 709 quadam
870 638 962 694 die
987 638 1263 709 templum
1299 639 1565 695 Fortunae
1598 636 1863 707 ingrede-

221 733 404 797 retur,
436 726 687 782 ministri
724 726 941 797 templi,
975 741 1048 782 ex
1081 732 1326 797 utraque
1362 732 1527 797 parte
1552 725 1860 795 januarum

219 820 456 886 stantes,
483 814 823 886 aspersione
842 830 1028 885 aqua},
1049 816 1197 872 sicut
1222 814 1331 886 ipsi
1354 814 1647 884 dicebant,
1676 815 1863 884 ingre-

217 904 446 961 dientes
489 905 840 976 purgabant.
877 905 1030 960 Tunc
1064 903 1506 961 Valentinianus
1540 902 1861 975 precedens

218 993 647 1065 imperatorem,
698 997 758 1049 ut
800 991 1158 1065 aspersionis
1201 997 1427 1063 guttam
1470 1006 1573 1049 sua
1617 991 1763 1048 vidit
1804 991 1860 1047 in

216 1082 481 1151 clamide,
520 1081 877 1152 indignatus,
913 1096 1103 1152 pugno
1144 1081 1440 1153 percussit
1470 1080 1669 1153 templi
1702 1078 1864 1136 mini-

217 1174 422 1241 strum,
468 1170 670 1227 dicens
713 1185 776 1227 se
820 1169 1096 1227 maculari
1142 1169 1337 1242 potius
1384 1184 1555 1241 quam
1602 1167 1858 1241 purgari.

215 1259 378 1325 Quod
428 1259 753 1330 respiciens
804 1258 1143 1329 imperator,
1190 1259 1368 1331 jussit
1414 1274 1544 1316 eum
1596 1257 1752 1315 trudi
1805 1257 1859 1312 in

211 1346 559 1419 custodiam,
583 1347 784 1404 dicens
811 1347 968 1421 :Aué
984 1349 1306 1418 sacri/lcet,
1324 1347 1435 1404 aut
1450 1348 1680 1405 militia
1701 1360 1862 1403 exce-

212 1435 335 1493 dat.
362 1436 469 1503 Qui
495 1451 624 1492 mox
647 1442 856 1507 sponte
876 1436 1171 1493 discessit.
1194 1437 1309 1493 Nec
1331 1451 1512 1505 mora,
1532 1436 1761 1492 Iuliano
1782 1435 1861 1491 in-

214 1524 485 1590 terfecto,
526 1525 886 1593 Jovianoque
929 1535 1181 1595 mortue,
1217 1525 1271 1581 in
1307 1525 1432 1582 loco
1467 1524 1859 1597 persecutoris

211 1612 304 1670 sui
340 1614 601 1685 suscepit
641 1613 963 1684 imperium.
1003 1616 1258 1685 Cumque
1294 1613 1857 1684 Constantinopolim

214 1702 597 1772 pervenisset,
627 1709 757 1773 post
778 1706 847 1758 30
868 1702 995 1758 dies
1021 1702 1244 1773 imperii
1270 1702 1360 1759 sui
1387 1702 1625 1757 fratrem
1653 1701 1854 1757 Valen-

212 1794 327 1846 tem
361 1791 415 1847 in
448 1792 904 1849 communionem
948 1791 1107 1862 regni
1141 1790 1479 1863 assumpsit,
1514 1789 1769 1861 largiens
1798 1790 1851 1846 ei
1885 1760 1936 1821 Β

211 1882 410 1953 partes
429 1880 764 1951 orientales,
788 1880 898 1937 sibi
926 1883 1225 1937 retentans
1248 1879 1664 1936 occidentales.
1692 1880 1856 1935 Cum-

210 1981 320 2039 que
346 1968 463 2040 jam
499 1982 706 2025 annum
739 1970 981 2025 tercium
1011 1985 1140 2026 cum
1167 1970 1347 2025 fratre
1379 1973 1599 2039 ageret,
1635 1968 1857 2024 Gratia-

208 2070 367 2126 num,
406 2056 582 2115 filium
613 2073 779 2115 suum
814 2059 1057 2116 necdum
1085 2057 1250 2131 plene
1283 2059 1580 2129 puberem,
1615 2057 1855 2114 hortatu

210 2159 419 2203 socrus
448 2154 507 2203 et
538 2148 738 2205 uxoris
769 2163 889 2205 suae
922 2148 1151 2205 Set-eme
1172 2146 1239 2180 7“
1262 2153 1574 2217 augustum
1608 2147 1854 2204 creavit.

211 2235 424 2294 Habuit
453 2241 728 2293 autemet
753 2236 826 2293 ali
855 2252 925 2292 am
960 2236 1136 2293 filium
1172 2237 1473 2308 parvulum
1506 2235 1856 2291 Valentinia-

208 2337 343 2382 num
372 2324 441 2383 de
464 2325 573 2382 alia
602 2341 777 2382 uxore
798 2326 1049 2396 Justina,
1077 2341 1267 2397 quam,
1298 2325 1527 2382 vivente
1556 2326 1766 2381 Severa
1788 2323 1856 2357 7“

209 2426 314 2470 nec
341 2418 532 2472 tamen
557 2414 804 2485 abjecta,
841 2415 947 2471 hoc
974 2414 1140 2471 modo
1163 2414 1400 2472 duxisse
1430 2415 1732 2485 probatur.
1762 2415 1858 2471 Ju-

210 2504 363 2571 stus,
395 2503 641 2561 Justinae
666 2510 851 2573 pater,
884 2519 1013 2561 cum
1039 2508 1199 2561 esset
1225 2503 1415 2560 Piceni
1435 2502 1614 2573 judex
1635 2508 1858 2573 tempo-

210 2589 377 2647 ribus
424 2592 769 2662 Constantii,
824 2592 965 2647 vidit
1004 2593 1055 2647 in
1089 2592 1308 2649 somnis
1347 2591 1500 2662 quod
1538 2606 1607 2648 ex
1648 2592 1857 2647 dextro

209 2678 426 2736 femore
459 2680 813 2750 imperialem
849 2696 1162 2752 purpuram
1193 2681 1514 2750 genuisset.
1550 2680 1688 2748 Qum
1713 2679 1856 2736 visio

208 2781 334 2824 cum
372 2767 443 2825 ad
477 2770 800 2826 Constantii
843 2784 1014 2827 aures
1055 2768 1440 2841 pervenisset,
1487 2775 1753 2825 metuens
1787 2783 1857 2825 ne

206 2855 527 2927 imperator
544 2872 616 2914 ex
635 2873 705 2914 eo
726 2864 1089 2926 nasceretur,
1115 2858 1352 2915 mittens
1369 2858 1588 2914 occidit
1603 2858 1851 2914 Iustum.

206 2945 384 3018 Cujus
404 2944 516 3003 lilia
537 2947 760 3003 Justina
787 2947 950 3018 virgo
974 2961 1343 3018 permanens,
1368 2962 1498 3003 cum
1524 2946 1853 3018 perveniret

206 3034 274 3090 ad
307 3034 540 3091 Severze
571 3035 866 3105 noticiam,
914 3038 1217 3093 amabatur
1247 3039 1318 3091 ab
1351 3052 1438 3106 ea,
1472 3036 1549 3091 ita
1585 3040 1647 3092 ut
1678 3035 1855 3091 etiam

1972 473 2085 515 non
2112 463 2300 515 tamen
2325 458 2535 516 Severa
2558 459 2807 530 abjecta,
2842 461 3026 531 legem
3052 466 3361 535 proposuit
3383 469 3617 538 publice

1974 562 2077 619 per
2108 549 2398 617 civitates,
2424 554 2486 605 ut
2510 565 2712 605 omnes
2735 550 2831 620 qui
2863 550 3189 608 voluissent
3222 553 3452 625 impune
3486 558 3616 616 bina

1975 636 2339 692 matrimonia
2373 637 2776 709 susciperent;
2814 652 2942 694 nam
2984 639 3114 696 ideo
3148 641 3462 712 populosas
3498 644 3617 701 fore

1972 729 2180 795 gentes
2204 725 2456 795 dicebat,
2493 726 2625 796 quia
2653 726 2761 783 hoc
2784 728 2937 797 apud
2959 741 3059 784 eas
3080 728 3402 801 sollempne
3433 736 3612 790 esset.

1973 812 2094 879 Qua
2119 804 2243 884 lege
2265 814 2589 885 proposita,
2617 814 2736 886 ipse
2759 815 3041 872 Justinam
3068 817 3264 885 duxit;
3292 833 3365 876 ex
3388 835 3497 891 qua
3524 836 3619 877 ua-

1973 906 2071 957 tns
2091 909 2185 958 est
2206 902 2258 958 ei
2284 902 2721 960 Valentinianus
2737 908 2795 960 et
2816 909 2937 960 tres
2962 904 3112 975 filiae,
3137 908 3318 976 Iusta,
3342 909 3537 979 Grata,
3559 916 3618 965 et

1975 989 2152 1045 Galla.
2207 990 2460 1057 Quarum
2507 992 2636 1049 dum
2667 992 2723 1048 in
2755 992 3093 1063 virginitate
3144 986 3614 1069 permanserunt,

1973 1076 2190 1134 Gallam
2210 1093 2350 1135 vero
2366 1080 2724 1138 Theodosius
2745 1080 2931 1151 major
2946 1080 3110 1138 duxit
3132 1099 3392 1156 uxorem,
3414 1101 3483 1143 ex
3505 1103 3616 1158 qua

1971 1164 2247 1238 Placidia,
2286 1166 2400 1224 tilia
2443 1168 2589 1238 ejus,
2634 1169 2892 1227 noscitur
2923 1185 3055 1227 esse
3089 1174 3391 1243 progenita
3426 1174 3610 1245 (Jonn.

1970 1256 2058 1313 De
2081 1270 2135 1312 γ.
2168 1270 2215 1314 s.
2254 1248 2332 1313 Ηζ
2364 1262 2489 1329 m.).
2535 1260 2674 1314 Nam
2716 1259 3069 1317 Archadium
3101 1267 3157 1316 et
3203 1262 3516 1321 Honorium
3543 1280 3616 1322 ex

1970 1344 2211 1401 Placilla
2237 1345 2416 1417 priori
2440 1347 2685 1417 conjuge
2714 1348 2936 1406 habuit.
2970 1350 3255 1407 Anxentio
3286 1351 3482 1424 itaque
3516 1357 3617 1412 Ar-

1974 1428 2133 1490 ria‘uo
2173 1434 2586 1493 M.»diolanensi
2626 1436 2900 1509 episcopo
2932 1438 3231 1509 defuncto,
3276 1442 3615 1501 Ambrosius

1973 1522 2330 1594 presidatum
2367 1525 2528 1580 urbis
2560 1539 2759 1595 agens,
2796 1525 3040 1581 necdum
3076 1527 3429 1599 baptizatus,
3465 1546 3617 1588 com-

1971 1612 2125 1668 muni
2156 1612 2368 1669 civium
2403 1628 2695 1672 consensu
2726 1614 3040 1686 episcopus
3069 1615 3617 1688 eligitur,jubente-

1971 1715 2082 1772 que
2114 1700 2517 1759 Valentiniano
2550 1703 2906 1774 baptizatur,
2932 1709 2987 1759 et
3017 1709 3285 1776 tanquam
3318 1706 3528 1777 dignus
3558 1708 3615 1766 in

1965 1790 2363 1862 episcopatun
2381 1791 2706 1848 ordinatur.
2732 1793 2902 1850 Multa
2924 1793 3122 1864 itaque
3144 1795 3341 1865 praelia
3363 1796 3616 1854 Valenti-

1966 1878 2174 1937 nianus
2200 1894 2329 1937 cum
2355 1880 2606 1937 diversis
2635 1881 2912 1952 gentibus
2942 1882 3252 1951 commisit,
3286 1884 3437 1941 inter
3470 1901 3617 1957 quas

1965 1973 2023 2025 et
2045 1968 2207 2025 Alani
2231 1968 2661 2026 rebellaverant
2680 1969 3054 2041 Romanis(G.
3082 1971 3297 2029 Frena.
3323 1989 3373 2031 c.
3400 1976 3456 2043 2)
3474 1976 3620 2032 Con-

1965 2061 2054 2113 tra
2099 2071 2246 2128 quas
2287 2073 2415 2115 cum
2460 2057 2903 2116 Valentinianus
2942 2061 3259 2118 Romanum
3303 2062 3613 2123 direxisset

1967 2146 2311 2216 exercitum,
2347 2146 2582 2218 plurimi
2605 2162 2678 2204 ex
2705 2148 2791 2204 eis
2822 2148 3005 2205 occisi
3038 2154 3196 2218 sunt,
3234 2150 3443 2221 reliqui
3476 2166 3615 2211 vero

1967 2234 2247 2290 Meotidas
2292 2234 2533 2306 paludes
2566 2236 2951 2293 intraverunt.
2986 2238 3139 2294 Tunc
3173 2238 3615 2299 Valentinianus

1967 2320 2113 2378 dixit
2147 2323 2507 2380 exercitibus
2540 2324 2684 2394 suis,
2716 2325 2892 2395 quod,
2929 2324 2978 2381 si
3004 2326 3099 2396 qui
3122 2340 3196 2382 ex
3216 2326 3303 2384 eis
3336 2328 3616 2387 Meotidas

1967 2411 2211 2483 paludes
2240 2413 2528 2469 intrarent
2552 2420 2612 2469 et
2635 2412 2850 2469 Alanos
2879 2413 3012 2470 inde
3041 2414 3478 2489 propulsarent,
3513 2432 3614 2491 per

1967 2500 2166 2555 decem
2199 2514 2381 2556 annos
2411 2501 2633 2570 absque
2664 2500 2890 2557 tributo
2912 2515 3014 2558 eos
3038 2501 3427 2572 permitteret.
3460 2505 3615 2563 Tunc

1968 2588 2199 2658 quidam
2234 2588 2304 2643 de
2337 2589 2654 2645 Sicambria
2687 2590 2939 2660 ingressi
2974 2597 3377 2663 pugnaverunt
3410 2606 3614 2653 contra

1965 2676 2202 2747 Alanos,
2230 2678 2500 2749 factaque
2525 2677 2788 2749 victoria,
2815 2677 3116 2748 ejecerunt
3137 2694 3256 2737 eos.
3289 2679 3413 2748 Quo
3438 2683 3610 2749 facto.

1966 2765 2407 2825 Valentinianus
2440 2765 2756 2839 appellavit
2780 2782 2884 2825 eos
2907 2767 3098 2825 Attica
3123 2768 3317 2840 lingua
3342 2771 3611 2844 Francos,

1966 2854 2075 2912 hoc
2100 2861 2211 2926 est,
2248 2856 2468 2913 feroces
2497 2861 2555 2912 et
2589 2857 2770 2914 duros
2804 2871 2869 2912 ac
2901 2857 3102 2914 fortes.
3139 2857 3315 2928 Cujus
3334 2857 3403 2892 7“
3422 2860 3615 2931 gentis

1967 2945 2100 3015 quia
2134 2958 2196 3001 se
2227 2945 2442 3002 obtulit
2475 2946 2691 3002 mentio
2724 2960 3041 3017 regumque
3064 2945 3189 3016 ejus
3210 2947 3265 3003 iu
3290 2945 3456 3006 libris
3484 2963 3613 3008 san-

1965 3041 2193 3090 ctorum
2226 3048 2363 3104 sepe
2398 3034 2461 3088 fit
2489 3034 2990 3104 commemoratio,
3022 3032 3160 3091 licet
3194 3036 3381 3092 facere
3412 3036 3611 3095 videar

206 3122 430 3181 balneis
481 3140 613 3183 cum
659 3139 726 3182 ea
776 3131 1064 3195 uteretur,
1124 3125 1366 3196 ejusque
1415 3123 1853 3196 pulchritudine
1888 3116 1935 3179 C
1965 3121 2406 3193 digressionem,
2456 3137 2562 3193 pro
2609 3138 2802 3179 rerum
2854 3128 3044 3179 tamen
3088 3124 3320 3195 noticia,
3359 3124 3611 3198 repetita

203 3213 458 3285 obligata
490 3218 548 3270 et
581 3229 777 3270 amore
818 3223 1009 3285 capta,
1046 3214 1268 3271 diceret
1303 3214 1659 3285 imperatori,
1698 3213 1849 3284 quod

201 3302 428 3360 Iustina
464 3306 544 3360 sic
577 3303 841 3375 speciosa
875 3301 1058 3374 esset,
1092 3310 1150 3360 ut
1184 3303 1361 3360 etiam
1417 3317 1577 3374 psam
1615 3302 1853 3359 deceret

204 3403 445 3450 uxorem
485 3393 857 3466 imperatoris
893 3407 1043 3450 esse.
1087 3393 1212 3459 Quo
1244 3407 1511 3450 sermone
1543 3396 1848 3464 concepto,

1962 3212 2221 3283 ejusdem
2253 3212 2486 3283 generis
2517 3212 2761 3282 origine,
2794 3226 2963 3283 quam
2996 3213 3232 3270 brevius
3263 3218 3489 3285 potero,
3524 3229 3612 3272 re-

1960 3315 2096 3372 gum
2128 3300 2257 3372 ejus
2287 3300 2345 3356 d.
2364 3302 2617 3358 scribam
2658 3301 3110 3359 successionem.

1378 3519 1485 3578 DE
1530 3517 1875 3581 ORIGINE
1912 3514 2424 3579 FRANCORUM

272 3650 367 3722 (θ.
390 3650 610 3708 Franc.
633 3649 763 3707 cod.
789 3651 1010 3723 Bamb.)
1033 3651 1381 3707 Francorum
1402 3651 1595 3720 gent’s
1611 3649 1853 3706 exordia

204 3739 273 3796 de
302 3740 545 3810 antiqua
578 3740 953 3810 Trojanorum
987 3740 1258 3811 prodire
1291 3740 1581 3811 prosapia.
1619 3740 1755 3794 Nam
1783 3751 1853 3795 eo

205 3834 470 3902 tempore
500 3845 615 3900 qu)
658 3839 789 3901 post
828 3830 1118 3886 excidium
1158 3830 1339 3899 Trojte
1376 3827 1586 3883 Encas
1627 3827 1851 3883 Italiam

203 3920 383 3989 venit,
420 3919 655 3989 quidam
679 3934 750 3973 ex
773 3918 992 3974 eisdem
1020 3918 1284 3988 Trojanis
1312 3918 1485 3973 simili
1521 3917 1690 3971 modo
1723 3930 1855 3986 pro-

204 4007 320 4078 fugi
355 4008 515 4065 circa
558 4005 839 4063 Meotidas
890 4006 1130 4078 paludes
1178 4006 1610 4076 applicuerunt,
1654 4004 1851 4074 ibique

202 4098 599 4166 considentes,
636 4097 915 4153 terminos
945 4110 1085 4152 suos
1117 4109 1297 4166 usque
1318 4095 1371 4149 in
1394 4093 1744 4149 Pannoniam
1768 4092 1853 4149 di-

204 4183 555 4244 lataveruut.
592 4188 1061 4243 Construxerunt
1090 4191 1283 4241 autem
1312 4183 1611 4240 civitatem
1640 4182 1852 4238 Sicam-

202 4273 409 4346 hriam,
449 4275 642 4346 ibique
673 4289 777 4346 per
816 4274 1031 4331 multos
1062 4274 1394 4330 habitantes
1424 4286 1627 4342 annos,
1663 4272 1718 4326 in
1755 4285 1853 4343 po-

1966 3649 2284 3720 imperator
2330 3662 2534 3705 eorum
2583 3648 2913 3721 factionem,
2964 3650 3138 3708 nimis
3176 3651 3385 3724 iratus,
3430 3654 3611 3726 jussit

1961 3751 2188 3793 omnem
2258 3737 2575 3793 Romanum
2643 3739 2968 3795 exercitum
3027 3755 3159 3798 cum
3221 3742 3486 3814 pluribus
3541 3743 3608 3779 ⁷¹⁶

1960 3826 2184 3882 exteris
2225 3827 2500 3896 gentibus
2541 3841 2797 3897 pugnare
2837 3835 3043 3886 contra
3074 3845 3195 3887 eos.
3234 3833 3426 3902 Pugna
3455 3847 3612 3890 com-

1964 3914 2157 3985 missa,
2175 3930 2305 3970 eum
2325 3932 2393 3970 ex
2417 3922 2663 3985 utraque
2686 3921 2850 3987 parte
2870 3918 3035 3973 multi
3055 3919 3352 3991 caderent,
3372 3922 3608 3980 tandem

1962 4002 2164 4058 Franci
2186 4002 2615 4059 multitudinem
2636 4008 2856 4059 tantam
2875 4005 3169 4063 sustinere
3189 4022 3299 4064 non
3323 4009 3605 4083 valentes,

1962 4088 2276 4159 fugierunt,
2313 4089 2509 4160 ibique
2544 4096 2810 4147 mortuus
2844 4097 2934 4148 est
2963 4093 3231 4151 Priamus
3252 4110 3356 4152 rex
3383 4112 3604 4155 eorum.

1961 4177 2198 4248 Egressi
2239 4182 2432 4233 autem
2475 4176 2546 4233 de
2587 4178 2925 4250 Sicambria,
2968 4188 3252 4238 venerunt
3294 4184 3351 4239 in
3389 4190 3607 4243 terram

1962 4267 2301 4335 Germaniae,
2337 4267 2408 4323 ad
2440 4272 2670 4337 gentem
2712 4267 2939 4325 scilicet
2981 4270 3257 4328 Romanis
3302 4272 3610 4331 infestissi-

204 4363 402 4435 pulum
465 4362 708 4420 multum
768 4367 1104 4431 creverunt,
1152 4366 1209 4417 et
1263 4359 1541 4415 Sicambri
1603 4359 1850 4429 primum
1882 4427 1924 4435 _
1960 4355 3608 4431 mam,habitaveruntquealiquantotemporeinThurin-

201 4427 340 4510 dicti
373 4457 532 4511 sunt.
567 4453 631 4508 Hi
658 4466 761 4524 pro
784 4466 854 4509 eo
877 4451 1030 4523 quod
1056 4427 1287 4520 Alanos,
1312 4454 1377 4507 ut
1400 4427 1617 4505 dictum
1642 4452 1751 4517 est,
1778 4445 1849 4502 de
1882 4427 1930 4486 Π
1960 4444 2054 4515 gia
2087 4460 2216 4501 cum
2249 4445 2630 4514 Marcomede,
2666 4427 3048 4517 illioPriami,
3080 4427 3453 4521 et'Sunnone,
3490 4450 3608 4511 filio

202 4540 449 4599 Meotida
483 4540 695 4613 palude
732 4541 1106 4612 expulerunt,
1148 4538 1348 4594 Franci
1385 4553 1415 4593 a
1447 4536 1850 4594 Valentiniano

202 4631 391 4687 vocati
447 4634 604 4699 sunt,
647 4633 706 4685 et
749 4644 854 4700 pro
905 4629 1008 4684 hac
1058 4627 1300 4684 victoria
1354 4642 1455 4699 per
1506 4624 1847 4682 decennium

203 4718 545 4777 remissione
573 4717 931 4775 tributorum
964 4717 1160 4773 donati
1192 4721 1352 4773 sunt.
1393 4714 1681 4773 Decennio
1715 4727 1850 4770 vero

203 4817 465 4881 peracto,
519 4806 674 4864 misit
719 4806 1161 4864 Valentinianus
1197 4804 1267 4839 ⁷³³
1297 4807 1366 4862 ad
1413 4820 1517 4861 eos
1561 4804 1847 4876 quendam

199 4895 404 4956 ducem
429 4912 530 4968 pro
549 4896 853 4969 exigendis
878 4897 1147 4959 tributis;
1174 4896 1278 4952 sed
1302 4894 1405 4961 illi,
1430 4901 1494 4954 ut
1513 4900 1680 4951 erant
1700 4896 1848 4951 fero-

200 4998 319 5055 ces,
344 4987 588 5043 tributis
614 4987 861 5044 ulterius
882 4984 1186 5056 subjaccre
1209 4984 1503 5057 dedignuti
1528 4990 1685 5053 sunt,
1714 4985 1847 5041 mis-

201 5088 414 5147 sosque
462 5077 534 5132 ad
589 5091 648 5132 se
699 5077 1138 5133 interfecerunt.
1190 5078 1441 5134 Fuerunt
1482 5082 1676 5131 autem
1708 5082 1845 5131 tunc

199 5167 497 5239 principes
522 5166 675 5223 inter
695 5182 798 5224 eos
820 5166 1191 5236 antiquorum
1218 5166 1631 5223 vocabuIOrum
1660 5166 1844 5237 prefe-

198 5262 400 5315 rentes
418 5256 689 5330 insignia,
712 5257 977 5315 Priamus
992 5260 1050 5313 et
1071 5258 1345 5314 Antenor.
1369 5255 1623 5313 Audiens
1643 5254 1841 5324 itaque

1960 4531 2289 4589 Antenoris.
2323 4532 2535 4589 Omnes
2566 4538 2757 4589 autem
2792 4534 2988 4606 populi
3011 4551 3083 4592 ex
3106 4536 3202 4594 illa
3231 4544 3395 4609 parte
3423 4540 3605 4598 Rheni

1961 4621 2294 4678 habitantes
2323 4622 2588 4680 Germani
2612 4622 2753 4681 dicti
2777 4628 2934 4694 sunt,
2967 4624 3099 4695 quia
3122 4610 3368 4699 corpora
3399 4643 3603 4701 magna

1962 4711 2253 4769 habebant
2291 4716 2350 4769 et
2393 4712 2694 4770 fortissimi
2744 4727 2974 4785 semper
3004 4718 3062 4770 et
3099 4715 3363 4772 indomiti
3411 4724 3600 4777 erant.

1960 4801 2117 4858 Inter
2170 4796 2288 4860 haec
2338 4803 2614 4860 defuncto
2673 4804 2961 4874 Snnnoue,
3022 4805 3222 4860 Franci
3276 4807 3605 4865 habuerunt

1957 4892 2263 4951 consilium
2298 4894 2450 4950 inter
2480 4909 2563 4964 se,
2591 4898 2655 4950 ut
2679 4908 2852 4950 unum
2888 4908 3079 4963 regem
3116 4894 3413 4965 haberent,
3450 4896 3601 4953 sicut

1955 4989 2012 5040 et
2038 4991 2242 5055 gentes
2263 4989 2499 5045 ceterae.
2520 4986 2880 5054 acceptoque
2903 4981 3150 5037 consilio
3168 4996 3197 5036 a
3218 4983 3600 5057 Marcomede,

1956 5074 2397 5141 Faramnudum,
2445 5072 2627 5144 ipsius
2667 5071 2866 5141 tilium,
2904 5084 3096 5139 regem
3127 5071 3510 5144 constituere,
3543 5079 3605 5131 et

1953 5180 2024 5221 ex
2057 5178 2126 5220 eo
2159 5171 2419 5234 tempore
2460 5162 2619 5233 leges
2658 5160 2872 5217 habere
2910 5165 3241 5232 coeperunt,
3286 5174 3429 5230 quas
3466 5176 3607 5232 gen-

1953 5252 2090 5309 tiles
2140 5267 2340 5310 eorum
2386 5249 2705 5311 consiliarii
2763 5247 3224 5320 Wisogastaldus
3255 5253 3314 5308 et
3345 5249 3609 5323 Salegast

1562 5368 1798 5427 VARUE
1845 5370 2240 5427 Ll‘lCTiONES.

268 5472 342 5514 ⁷⁵⁸
370 5474 538 5536 deest
561 5476 658 5535 Et.
735 5472 805 5510 7“
834 5474 928 5533 ita
954 5473 1118 5533 codd.

232 5546 276 5582 ¹⁸
299 5546 735 5608 valentiniauus
764 5550 816 5603 δ.
893 5544 963 5581 ⁷³⁸
994 5543 1263 5620 plurimis
1293 5543 1511 5602 ceteris
1545 5558 1602 5615 g.
1635 5545 1686 5599 li.

521 5646 783 5708 PATROL.
830 5643 1039 5708 CLIV.

1212 5472 1282 5546 Τι’
1309 5472 1579 5546 Sequens
1622 5469 1885 5546 historia
1912 5471 2287 5530 Francorum
2336 5464 2502 5526 deest
2541 5465 2641 5534 E.,
2696 5463 2755 5520 et
2800 5466 2871 5524 tot
2898 5468 2958 5521 2.
3007 5474 3241 5535 quoque
3289 5461 3606 5522 omittitur.

3274 5628 3354 5691 23
