3986 6048
387 171 506 251 ’115

1546 158 2027 235 EKKEHARDI
2070 160 2625 232 URAUGIENSIS

3672 168 3787 232 ⁸716

389 318 677 391 fecerunt.
732 332 763 376 ³
823 322 938 389 (ἶυο
994 311 1260 386 8³168³94
1324 309 1500 369 Etiam
1556 307 1650 367 Ῑθκ
1705 304 1888 366 sane?
1955 302 2535 392 in‘AGothehildaa,
2569 316 3005 392 Gothegiselum
3026 321 3088 378 et
3108 316 3540 378 Gothemarum.
3574 319 3789 379 Mortuo

390 414 565 469 venta
615 407 835 466 dicitur
878 411 935 463 et
984 403 1298 461 nominata.
1359 402 1538 458 Erant
1592 405 1785 456 autem
1832 394 2034 454 Franci

388 499 618 572 pagani.

459 588 718 658 Denique
752 588 980 642 mortuo
1013 579 1394 651 Faramundo,
1422 578 1680 649 Clodius,
1707 577 1863 635 illius
1884 577 2029 647 ejus,

390 675 650 733 Crinitus
685 674 990 741 successit,
1023 685 1053 729 a
1086 685 1199 741 quo
1241 670 1588 725 Francorum
1624 680 1794 738 reges
1826 665 2032 723 Criniti

388 763 669 837 appellati
694 766 849 819 sunt.
878 760 1036 817 Ultra
1058 759 1316 815 Rhenum
1337 771 1475 813 vero
1495 770 1676 827 usque
1695 756 1764 812 ad
1784 754 2031 825 Ligerim

392 853 628 910 fluvium
665 851 1006 909 habitabant
1049 848 1306 918 Romani,
1355 846 1510 903 ultra
1552 845 1797 915 Ligerim
1839 849 2032 901 autem

391 940 837 1001 dominabantur
856 938 1049 1003 Gothi,
1074 935 1515 1008 Burgundiones
1532 949 1668 990 vero
1693 932 2031 990 habitabant

383 1032 547 1102 juxta
614 1028 974 1097 Rhodanum,
1038 1026 1134 1084 ubi
1194 1027 1394 1098 postea
1454 1025 1603 1081 facta
1672 1028 1762 1079 est
1825 1021 2034 1078 civitas

387 1118 743 1176 Leudunum.
805 1115 1007 1173 Franci
1051 1114 1249 1186 itaque
1298 1112 1369 1169 de
1412 1111 1723 1183 Thuringia
1771 1111 2032 1167 Rhenum

388 1205 759 1278 transgressi,
803 1206 1113 1271 Romanos,
1150 1203 1245 1274 qui
1279 1209 1416 1260 tunc
1445 1201 1731 1273 temporis
1759 1214 1865 1272 per
1894 1213 2033 1256 suos

387 1295 771 1368 magistratus
802 1291 1001 1350 Gallim
1034 1292 1418 1364 imperabant,
1467 1289 1620 1346 bello
1649 1288 1841 1346 adorsi
1875 1293 2027 1359 sunt,

387 1388 448 1440 et
479 1398 665 1456 usque
697 1382 751 1439 in
784 1381 1193 1439 Carbonariam
1246 1380 1450 1437 silvam
1502 1381 1724 1449 fugant,
1762 1376 2027 1446 fundunt,

382 1471 682 1543 occidunt,
728 1471 928 1542 sicque
972 1470 1191 1526 illatam
1239 1469 1348 1534 sibi
1383 1484 1411 1525 a
1445 1468 1719 1525 Romanis
1760 1465 2028 1536 injuriam

382 1559 604 1618 acriter
660 1558 981 1618 vindicant.
1042 1558 1298 1629 lngressi
1356 1562 1552 1614 autem
1601 1558 1918 1613 Tornacum
1968 1557 2026 1610 et

2148 414 2342 468 autem
2394 409 2790 468 Gundebaudo
2838 408 3090 479 seniore,
3144 408 3578 467 Gundebaudus
3602 408 3790 480 junior

2145 500 2362 557 occidit
2393 501 2632 556 fratrem
2666 514 2835 556 suum
2870 498 3244 570 Hilpericum,
3269 505 3326 556 et
3352 514 3593 557 uxorem
3616 488 3785 574 illius,

2144 587 2324 659 ligato
2355 588 2426 644 ad
2456 587 2669 644 collum
2702 588 2829 658 ejus
2859 600 3024 657 saxo,
3050 588 3106 643 in
3135 602 3342 659 aquam
3375 590 3558 659 mergi
3591 605 3787 661 prece-

2145 677 2250 749 pit,
2286 676 2433 733 alios
2466 691 2604 733 vero
2637 674 2783 733 duos
2822 676 3037 732 fratres
3070 675 3126 731 in
3157 675 3398 733 exilium
3432 678 3609 734 misit.
3645 678 3787 737 Gun-

2145 762 2450 821 debaudus
2482 770 2698 835 autem,
2732 764 2867 821 dum
2908 769 3140 835 neptem
3181 778 3346 821 suam
3388 764 3786 823 Gothehildam

2145 852 2712 924 Hilpericimfiliam,
2736 867 2931 909 secum
2950 851 3215 923 haberet,
3236 859 3293 908 et
3316 851 3493 923 legati
3519 853 3785 911 Clodovei

2146 943 2302 1011 regis
2322 941 2459 999 illuc
2477 942 2627 998 forte
2642 941 2851 998 directi
2866 955 2992 998 eam
3007 941 3275 997 videntes
3295 942 3783 1013 pulchritudinem

2142 1029 2269 1100 ejus
2305 1031 2457 1102 apud
2500 1030 2797 1087 dominum
2829 1044 2997 1087 suum
3038 1030 3367 1101 laudarent,
3403 1031 3584 1088 misso
3615 1034 3786 1089 Aure-

2144 1117 2299 1176 liano
2330 1119 2579 1191 quodam
2601 1118 2888 1176 honorato
2911 1133 3036 1189 suo,
3063 1119 3288 1191 accepit
3314 1133 3439 1176 eam
3462 1119 3783 1178 Clodoveus

2143 1223 2407 1279 uxorem,
2450 1208 2700 1281 puellam
2738 1207 3144 1264 Christianam.
3190 1207 3329 1275 Quae
3369 1224 3501 1265 cum
3538 1210 3591 1265 ei
3638 1209 3787 1267 Chri-

2143 1302 2295 1354 stum
2319 1312 2456 1370 sepe
2480 1297 2811 1369 predicaret
2839 1296 3052 1367 illeque
3080 1296 3325 1354 credere
3354 1299 3660 1370 abnueret,
3698 1302 3784 1357 15°

2141 1398 2292 1443 anno
2311 1387 2471 1457 regni
2495 1387 2584 1444 sui
2606 1386 2937 1457 suscipiens
2960 1385 3173 1442 bellum
3194 1392 3400 1443 contra
3419 1386 3780 1460 Alamannos,

2140 1489 2271 1532 cum
2308 1490 2452 1548 pene
2474 1480 2829 1545 vmceretur,
2864 1477 3100 1531 hortatu
3132 1474 3425 1533 Aureliani
3449 1490 3512 1532 se
3534 1476 3787 1535 creditu-

2142 1577 2269 1620 rum
2290 1563 2626 1636 spopondit,
2644 1564 2690 1620 si
2705 1563 2804 1619 Dei
2821 1561 3113 1632 adjutorio
3134 1562 3482 1621 Alamannos
3499 1564 3783 1631 vinceret;

383 1651 758 1707 Camaracum
790 1647 1062 1705 civitates
1090 1646 1307 1717 Galliae,
1344 1646 1528 1718 primo
1559 1644 1829 1701 universa
1862 1643 2028 1699 mari-
2054 1657 2112 1720 Β
2143 1666 2391 1723 moxque
2414 1659 2475 1708 et
2498 1652 2633 1709 illos
2658 1652 2956 1723 superavit
2988 1658 3047 1709 et
3079 1666 3305 1709 omnem
3339 1658 3553 1709 terram
3586 1667 3785 1710 eorum

380 1737 543 1809 tima,
578 1752 707 1809 qua;
738 1736 890 1793 inter
920 1735 1187 1794 Scaldum
1211 1740 1270 1791 et
1296 1734 1544 1791 Sunnam
1576 1732 1783 1790 ﬂuvios
1806 1732 2022 1802 jacent,

381 1824 671 1883 violenter
708 1825 996 1895 obtinent,
1036 1824 1238 1895 sicque
1273 1821 1548 1895 paulatim
1580 1820 2027 1893 progredientes

382 1917 441 1970 et
471 1913 901 1985 regredientes,
938 1914 1170 1983 Remos,
1221 1912 1586 1981 Suessonam,
1635 1909 1925 1967 Aureliam
1967 1915 2024 1966 et

382 2002 757 2076 Agrippinam
781 2016 848 2060 ac
868 2001 1184 2070 Treverim,
1214 2004 1511 2072 postremo
1535 2013 1761 2057 omnem
1784 1996 2025 2056 Galliam

380 2093 503 2150 sive
526 2091 886 2149 Germaniam
910 2092 982 2148 ab
1007 2088 1317 2161 Aquitania
1351 2103 1534 2159 usque
1568 2088 1887 2144 Bawariam
1913 2087 2023 2144 sibi

380 2179 712 2253 subjugant.
737 2181 807 2237 Et
828 2179 886 2235 hi
911 2178 1141 2251 quidem
1166 2179 1263 2249 qui
1286 2177 1620 2234 Teutonicis
1640 2176 1709 2210 7“
1726 2176 2026 2233 commixti

377 2273 536 2339 sunt,
563 2268 802 2341 preprio
824 2265 1107 2324 vocabulo
1132 2265 1366 2332 Franci;
1392 2264 1488 2336 qui
1512 2269 1705 2321 autem
1734 2278 1833 2333 per
1850 2279 2027 2321 conu-

378 2356 471 2415 bia
495 2371 525 2413 a
550 2355 729 2414 Gallis
760 2362 895 2414 sunt
930 2354 1243 2428 progeniti,
1279 2353 1647 2423 Francigenae
1672 2358 1809 2409 sunt
1832 2352 2025 2424 appel-

377 2444 502 2502 lati.
561 2444 800 2503 Clodius
855 2444 1054 2516 itaque
1100 2441 1170 2476 ⁷¹⁶
1216 2458 1347 2500 cum
1399 2446 1671 2513 regnaret
1724 2441 1890 2497 annis
1933 2445 2020 2511 20,

375 2538 644 2592 mortuus
676 2539 801 2602 est;
839 2534 934 2590 cui
964 2529 1247 2590 successit
1292 2531 1610 2601 Meroveus,
1644 2545 1673 2586 a
1706 2544 1821 2601 quo
1855 2543 2025 2600 reges

374 2622 728 2679 Francorum
759 2620 1075 2690 Merovingi
1106 2618 1386 2675 nominati
1413 2616 1482 2651 7"
1516 2622 1672 2675 sunt.
1718 2617 1844 2684 Quo
1876 2632 2025 2674 mor-

373 2713 498 2781 tuo,
531 2709 687 2766 illius
734 2707 861 2779 ejus
895 2708 1221 2765 Hildericus
1252 2707 1516 2778 suscepit
1548 2721 1806 2776 regnum.
1844 2703 2023 2771 Quem

375 2796 674 2857 luxuriose
704 2798 993 2856 viventem
1018 2801 1076 2853 et
1098 2812 1228 2854 cum
1254 2795 1484 2853 filiabus
1507 2794 1706 2868 populi
1740 2795 2027 2852 fornican-

375 2892 493 2945 tem
535 2887 867 2947 interficere
906 2886 1195 2959 nolentes,
1246 2885 1607 2957 abjecerunt,
1645 2889 1702 2942 et
1734 2882 2023 2956 :Egidium

377 2976 665 3050 quendam
705 2977 1021 3073 Roman-um
1063 2988 1240 3048 super
1272 2988 1336 3031 se
1363 2979 1684 3073 posuerunt
1702 2974 2025 3073 ;"s‘ed.post
2054 3012 2105 3073 Ο

377 3080 559 3125 annos
598 3072 733 3124 octo
776 3066 1134 3139 paenitentes
1176 3079 1352 3138 super
1392 3066 1497 3121 hac
1537 3079 1619 3135 re,
1667 3062 2023 3120 Hildericum

375 3160 819 3226 revocaverunt,
882 3155 1185 3225 factusque
1233 3158 1323 3210 est
1361 3169 1465 3209 rex
1510 3154 1729 3209 virtute
1783 3165 2024 3223 magnus

374 3257 556 3315 super
576 3257 777 3300 omnes
802 3242 1031 3316 priores
1054 3243 1404 3300 Francorum
1431 3256 1618 3312 reges.
1647 3240 2023 3313 Agrippinam

371 3331 588 3405 quippe
626 3331 926 3389 civitatem
966 3331 1329 3403 temporibus
1370 3332 1518 3402 ejus,
1553 3330 1762 3389 occisis
1793 3344 1823 3386 a
1859 3335 2022 3401 parte

368 3418 578 3490 Egidii
619 3419 819 3477 multis
860 3420 1159 3492 Romanis,
1202 3419 1405 3478 Franci
1438 3423 1744 3492 ceperunt,
1779 3431 2022 3491 eamque

371 3506 664 3565 Coloniam
705 3507 1184 3581 appellaverunt;
1231 3507 1524 3565 Treverim
1555 3521 1785 3579 quoque
1819 3520 2023 3580 appre-

368 3594 699 3654 henderunt
729 3601 788 3654 et
821 3595 1226 3670 incenderunt,
1274 3600 1572 3668 totamque
1612 3594 1769 3652 illam
1802 3599 2019 3654 terram

368 3689 769 3743 vastaverunt.

438 3774 667 3834 Mortuo
698 3780 894 3834 autem
923 3776 1171 3848 Egidio,
1206 3775 1488 3847 Siagrius,
1524 3774 1678 3832 illius
1709 3774 1852 3844 ejus,
1890 3788 2019 3831 suc-

368 3862 549 3920 cessit
590 3863 647 3920 in
689 3862 879 3922 locum
920 3865 1070 3939 ejus,
1104 3865 1374 3938 seditque
1406 3864 1459 3920 in
1495 3864 1848 3920 Suessonum
1879 3862 2019 3918 civi-

367 3954 512 4023 tate,
563 3952 662 4011 ubi
710 3955 882 4012 sedes
933 3956 1095 4028 regni
1144 3959 1303 4022 erat;
1354 3952 1454 4011 sed
1507 3952 1837 4009 Hildericus
1885 3965 2017 4008 cum

365 4042 626 4099 exercitu
654 4044 1095 4116 superveniens,
1123 4059 1350 4102 omnem
1381 4047 1595 4099 terram
1626 4040 1783 4096 illam
1813 4038 2017 4111 preda-

366 4131 465 4188 tu‘s
492 4134 603 4203 est,
629 4136 686 4189 et
711 4131 1183 4191 Aurelianensem
1215 4136 1275 4189 et
1306 4130 1781 4201 Andegavensem
1814 4127 2017 4185 civita-

365 4223 483 4277 tem
516 4234 696 4291 regno
727 4235 835 4279 suo
865 4222 1099 4293 adjecit.
1135 4220 1397 4288 Quicum
1423 4222 1692 4289 regnaret
1726 4216 1892 4274 annis
1923 4219 2011 4285 24,

366 4314 630 4367 mortuus
659 4315 770 4381 est,
804 4314 862 4367 et
896 4309 1243 4381 Clodoveus,
1284 4309 1440 4368 ﬁlius
1470 4309 1619 4380 ejus,
1653 4321 1893 4378 regnum
1923 4320 2016 4363 ac-

366 4398 544 4469 cepit.
577 4398 679 4454 Hic
702 4375 833 4455 cum
856 4398 1081 4470 Siagrio
1101 4375 1315 4456 bellum
1339 4375 1647 4467 commisit,
1675 4375 2014 4467 fu'gientem-
2044 4375 2096 4435 D

369 4497 480 4558 que
498 4485 571 4543 ad
590 4484 885 4544 Alaricum
909 4500 1106 4558 regem
1126 4486 1466 4556 Gothorum,
1493 4484 1670 4542 missa
1696 4483 2008 4556 legatione,

368 4573 626 4647 reposcit
657 4571 746 4645 7“,
781 4578 837 4631 et
882 4574 1176 4632 redditum
1217 4574 1534 4645 interfecit,
1578 4577 1885 4645 totumque
1926 4585 2015 4629 re-

364 4675 540 4735 gnum
563 4661 692 4734 ejus
721 4663 831 4722 sibi
852 4663 1189 4737 subjiciens,
1220 4664 1512 4722 Romanos
1530 4662 1586 4719 in
1610 4666 1837 4719 tantum
1860 4660 2015 4718 dele-

366 4751 475 4825 vit,
516 4756 579 4811 ut
619 4752 779 4811 nulla
817 4767 1019 4812 eorum
1058 4753 1302 4826 vestigia
1344 4752 1516 4811 hodie
1554 4751 1926 4824 reperiantur
1956 4748 2013 4806 in

367 4840 570 4899 Gallia:
596 4842 838 4917 Accepit
860 4848 1054 4902 autem
1077 4857 1338 4915 uxorem,
1369 4846 1603 4915 neptem
1631 4836 2010 4898 Gundebaudi

364 4930 521 5002 regis
561 4931 1057 5004 Burgundionum,
1112 4932 1342 4990 nomine
1383 4930 1788 4988 Gothehildam
1819 4929 1889 4965 7“
1919 4926 2011 4984 vel

363 5019 714 5077 Rothildam.
745 5020 1176 5079 Gundebaudu;
1199 5021 1393 5093 itaque
1416 5035 1518 5077 rex
1539 5019 2009 5090 Burgundionum

362 5113 616 5179 quatuor
635 5108 789 5168 filios
806 5110 1030 5177 habuit,
1052 5110 1508 5168 Gundebaudum
1534 5109 1759 5166 scilicet
1783 5114 2010 5181 patrem

360 5193 717 5269 Sigismundi
780 5204 840 5256 et
902 5199 1272 5271 Gothemari;
1336 5198 1715 5274 Hilpericum,
1787 5204 2010 5271 patrem

2139 1738 2207 1773 7“
2224 1739 2335 1796 sibi
2358 1740 2714 1810 subjugavit,
2741 1754 2807 1796 ac
2828 1737 3035 1795 deinde
3060 1754 3161 1811 per
3183 1748 3447 1797 sanctum
3466 1741 3784 1811 Remigium

2138 1828 2448 1884 Remorum
2490 1829 2828 1900 episcopum
2868 1827 3213 1899 instructus,
3257 1842 3388 1885 cum
3428 1828 3581 1885 omni
3612 1835 3783 1898 gente

2138 1929 2247 1972 sua
2275 1921 2367 1973 est
2401 1915 2757 1988 baptizatus.
2791 1917 2929 1973 Post
2959 1915 3083 1974 haec
3111 1917 3253 1973 abiit
3280 1916 3335 1973 in
3359 1917 3784 1974 Pictavicnsem

2137 2004 2458 2076 civitatem,
2490 2005 2590 2062 ubi
2616 2020 2719 2062 rex
2748 2003 3019 2062 Alaricus
3048 2005 3370 2076 habitabat,
3407 2019 3784 2078 pugnansque

2135 2108 2265 2150 cum
2294 2108 2384 2165 eo,
2420 2093 2720 2150 interfecit
2749 2108 2901 2164 eum,
2938 2097 3030 2151 l2°
3064 2109 3215 2151 anno
3253 2094 3515 2164 ejusdem
3549 2092 3781 2151 Alarici.

2137 2179 2500 2239 Amalaricus
2545 2196 2706 2253 vero,
2730 2204 2735 2211 -
2760 2182 2914 2239 filius
2954 2181 3191 2251 Alarici,
3229 2182 3453 2252 fugiens
3485 2182 3538 2239 in
3573 2183 3787 2256 Hyspa-

2136 2270 2307 2342 niam,
2349 2285 2591 2342 regnum
2629 2274 2818 2343 patris
2851 2272 2939 2329 sui
2971 2277 3177 2344 postea
3217 2272 3507 2343 sagaciter
3535 2273 3781 2344 recepit.

2137 2363 2299 2416 Anno
2317 2359 2520 2430 quinto
2541 2368 2671 2433 post
2691 2360 2837 2418 hanc
2860 2360 3167 2417 victoriam
3186 2368 3453 2418 mortuus
3471 2367 3562 2417 est
3583 2361 3786 2419 Clodo-

2134 2462 2279 2505 veus
2309 2448 2365 2505 in
2404 2463 2563 2521 pace,
2617 2464 2768 2507 anno
2820 2450 2981 2520 regni
3033 2450 3122 2507 sui
3156 2454 3271 2521 30°,
3305 2463 3335 2506 a
3366 2450 3620 2509 transitu
3650 2465 3785 2509 vero

2134 2536 2319 2593 sancti
2353 2537 2579 2594 Martini
2612 2553 2760 2595 anno
2784 2544 2932 2595 112°.
2970 2539 3233 2595 Ilabebat
3259 2543 3450 2595 autem
3476 2538 3626 2596 filios
3649 2552 3787 2612 qua-

2133 2628 2271 2681 tuor
2301 2625 2450 2682 idem
2491 2640 2593 2682 rex
2630 2626 2972 2696 Clodoveus,
3025 2626 3431 2698 Clodomirem,
3478 2626 3787 2685 Theoderi-

2135 2727 2286 2784 cum,
2336 2714 2724 2771 Hildibertum
2756 2719 2814 2771 et
2848 2715 3227 2772 Clotharium.
3272 2716 3336 2772 Hi
3367 2729 3609 2787 regnum
3656 2730 3786 2787 ejus

2135 2801 2287 2857 inter
2336 2815 2401 2857 se
2452 2801 2780 2859 diviserunt
2826 2803 3153 2875 aequaliter,
3205 2809 3266 2860 et
3311 2803 3524 2861 elevati
3556 2808 3694 2863 sunt
3729 2805 3785 2861 in

2134 2904 2337 2959 magna
2390 2892 2671 2962 potentia.
2723 2891 3117 2950 Theodericus
3163 2908 3302 2950 vero
3337 2898 3481 2951 tunc
3530 2894 3789 2951 habebat

2136 2975 2315 3033 ﬁlium
2347 2978 2576 3037 nomine
2606 2979 3091 3051 Theodebertum,
3126 2987 3427 3039 strenuum
3460 2986 3520 3039 et
3560 2982 3785 3039 utilem.

2134 3065 2500 3124 Amalaricus
2529 3083 2783 3139 quoque,
2817 3068 2973 3126 illius
3003 3069 3217 3126 Alarici
3250 3069 3406 3140 regis
3440 3070 3784 3143 Gothorum,

2136 3169 2400 3214 sororem
2432 3155 2666 3214 illorum
2698 3158 2929 3214 nomine
2959 3158 3330 3215 Ruothildam
3363 3159 3527 3231 petiit
3563 3160 3620 3215 in
3652 3174 3789 3217 con-

2128 3243 2378 3317 jugium,
2400 3260 2569 3317 quam
2591 3245 2672 3302 illi
2698 3261 2809 3304 non
2832 3252 3115 3318 negantes
3137 3263 3265 3305 cum
3293 3262 3495 3319 magna
3516 3247 3708 3320 gloria
3732 3251 3788 3306 ei

2134 3331 2202 3366 ⁷³³
2217 3332 2527 3391 dederunt.
2555 3334 2664 3392 Sed
2687 3351 2817 3393 cum
2834 3335 2932 3393 ille
2947 3335 3405 3393 velutArrianus
3425 3350 3551 3393 eam
3578 3340 3787 3408 postea

2133 3421 2369 3492 indigne
2391 3426 2699 3494 tractaret,
2728 3425 2967 3481 mittens
2988 3424 3084 3480 illa
3104 3423 3372 3481 nuncium
3397 3425 3468 3481 de
3493 3425 3787 3497 Hyspania

2131 3509 2205 3567 ad
2237 3512 2478 3569 fratrem
2518 3527 2683 3570 suum
2727 3512 3114 3570 Hildibertum
3150 3514 3203 3568 in
3243 3515 3500 3569 Arverna
3540 3514 3789 3571 civitate

2132 3600 2455 3672 sedentem,
2486 3600 2896 3671 injurias'suas
2919 3602 2970 3658 ei
2993 3606 3317 3672 conquesta
3350 3607 3459 3659 est.
3493 3602 3655 3659 Unde
3685 3603 3787 3660 ille

2130 3687 2338 3758 iratus,
2371 3703 2502 3745 cum
2536 3704 2742 3760 magno
2794 3690 3061 3747 exercitu
3106 3690 3453 3763 Hyspaniam
3502 3691 3782 3762 tetendit,

2128 3776 2444 3848 occisoque
2496 3777 2843 3843 Amalarico,
2895 3793 3155 3835 sororem
3198 3793 3361 3836 suam
3392 3794 3523 3837 cum
3556 3780 3785 3850 magnis

2129 3863 2420 3922 thesauris
2452 3866 2728 3933 abstulit;
2763 3881 2892 3937 quae
2923 3871 3113 3923 tamen
3155 3865 3434 3937 languore
3475 3872 3783 3939 preventa,

2129 3953 2184 4008 in
2218 3968 2342 4024 ipso
2363 3958 2452 4011 est
2479 3954 2687 4011 itinere
2722 3952 2969 4013 mortua.
3008 3956 3064 4011 ln
3090 3955 3209 4013 illis
3230 3956 3439 4013 diebus
3469 3956 3786 4013 Gothehild

2127 4042 2326 4112 regina
2350 4042 2593 4100 veniens
2622 4043 2926 4113 Parisium,
2960 4043 3109 4099 dixit
3142 4044 3215 4101 ad
3246 4043 3396 4101 filios
3428 4058 3570 4101 suos
3598 4064 3611 4100 :
3646 4047 3789 4105 Non

2123 4143 2217 4187 me
2222 4131 2487 4203 paenitet,
2502 4132 2634 4204 ﬁlii
2655 4132 2791 4201 mei,
2812 4145 2911 4190 nos
2927 4132 3185 4191 dulciter
3205 4134 3517 4204 enutrisse,
3544 4135 3787 4191 tantum

2124 4220 2430 4291 infamiam
2457 4234 2650 4279 meam
2677 4221 3110 4293 indignemini,
3134 4224 3196 4279 et
3213 4223 3455 4280 mortem
3469 4223 3684 4295 patrie
3715 4237 3791 4282 ac

2123 4309 2342 4366 matris
2367 4322 2511 4367 mea
2538 4310 2856 4368 vindicate.
2904 4310 3009 4377 Qui
3041 4326 3175 4367 mox
3203 4310 3287 4367 ira
3317 4311 3612 4382 commoti,
3648 4326 3786 4369 cum

2125 4397 2393 4455 exercitu
2435 4412 2642 4469 magno
2681 4398 3076 4468 Burgundiam
3117 4405 3365 4471 pergunt
3394 4404 3602 4457 contra
3635 4400 3786 4471 Sigi-

2125 4485 2434 4544 smundum
2465 4492 2526 4544 et
2556 4487 2988 4558 Gothemarum,
3035 4487 3188 4545 filios
3230 4488 3634 4560 Gundebaudi,
3682 4489 3783 4561 qui

2126 4579 2351 4648 patrem
2375 4591 2442 4634 ac
2466 4580 2709 4633 matrem
2732 4576 3096 4635 Gothehildw
3116 4576 3438 4637 interfecit.
3462 4578 3786 4650 Sigismun-

2124 4663 2235 4722 dus
2275 4679 2379 4721 rex
2425 4665 2900 4736 Burgundionum
2944 4666 3044 4724 illo
3078 4667 3133 4723 in
3168 4672 3432 4740 tempore
3459 4667 3783 4726 aediﬁcavit

2123 4755 2543 4813 monasterium
2585 4755 2770 4813 sancti
2809 4755 3064 4813 Mauricii
3104 4757 3516 4829 sociorumque
3557 4771 3691 4827 ejus
3722 4757 3783 4815 in

2124 4841 2253 4901 loco
2301 4847 2560 4916 Agauno,
2614 4844 2712 4901 ubi
2753 4850 2814 4900 et
2856 4844 3010 4917 passi
3060 4852 3216 4902 sunt.
3270 4845 3527 4903 Collecto
3577 4850 3784 4903 autem

2123 4932 2407 5004 exercitu,
2455 4933 2898 5004 Burgundiones
2936 4934 3206 4991 exierunt
3235 4933 3463 4991 obviam
3496 4933 3638 4991 filiis
3671 4934 3786 4992 Go-

2127 5020 2401 5080 thehildas
2439 5027 2500 5079 et
2539 5022 2845 5091 Clodovei;
2886 5022 3010 5091 sed,
3054 5022 3355 5079 commissa
3390 5037 3604 5095 pugna,
3637 5023 3781 5081 caesi

2126 5111 2569 5181 Burgundioms
2611 5112 2901 5183 fugerunt.
2945 5111 3348 5182 Sigismundus
3378 5111 3599 5182 itaque,
3637 5113 3783 5169 dum

2124 5198 2254 5270 fuge
2264 5207 2351 5255 ret
2373 5198 2444 5257 ad
2468 5206 2703 5260 sanctos
2722 5201 3117 5274 Agauneuses,
3148 5206 3500 5262 consecutus
3520 5205 3617 5263 est
3640 5215 3782 5264 eum

1727 5295 1966 5355 VARLE
2001 5295 2402 5354 LECTIONES.

429 5391 499 5471 1“
529 5391 884 5471 thputgnjcis
922 5401 972 5454 tt.
1008 5394 1364 5471 theotonicis
1389 5400 1468 5456 9°.
1500 5393 1891 5471 smnpm“)?
1920 5393 2089 5471 deest
2110 5398 2188 5471 9°.
2267 5392 2337 5429 7"
2364 5394 2558 5471 vocati
2578 5398 2643 5471 ,ξε
2700 5393 2790 5471 ξἰθ
2819 5396 3154 5471 repoposcit
3191 5400 3273 5471 9°.
3345 5394 3418 5434 ⁷⁸³
3448 5396 3778 5459 rothildam

355 5463 452 5523 vel
479 5462 877 5539 gothehildam
903 5471 977 5527 9°.
1011 5484 1069 5527 v.
1107 5482 1153 5525 r.
1186 5469 1352 5533 deest
1372 5473 1425 5528 ι.
1458 5470 1543 5527 10.
1578 5462 1665 5528 tl.

1745 5464 1815 5501 τ²⁰
1844 5464 2124 5540 helperici
2157 5471 2232 5523 9°.
2265 5466 2499 5537 sepius.
2578 5465 2646 5501 7“
2676 5467 2841 5526 deest
2857 5464 2930 5525 9°.
2965 5464 2981 5471 ’
3011 5467 3080 5504 ⁷²²
3110 5468 3276 5528 deest
3291 5471 3367 5527 9°.
