3986 6048
208 232 317 299 717

1069 237 1513 302 CHRONICA.
1546 273 1618 284 --
1646 232 2123 300 CHRONICON
2174 234 2722 301 UNIVERSALE.

3488 235 3607 299 718

207 369 516 442 Clodomir,
550 374 905 443 captumque
934 386 1065 430 cum
1095 386 1274 430 uxore
1303 376 1360 429 et
1401 372 1553 439 ﬂliis,
1589 373 1754 430 duxit
1788 373 1843 430 in
1873 373 1933 440 Α
1961 377 2082 432 tum
2116 373 2248 445 iret,
2276 388 2477 433 omnes
2496 372 2625 445 ejus
2654 371 2799 432 socii
2824 385 2927 446 per
2948 370 3151 430 silvam
3177 371 3600 445 discurrentes,

209 475 410 533 pagum
436 460 909 518 Aurelianensem
933 465 990 518 et
1016 462 1071 518 in
1093 477 1386 521 carcerem
1410 464 1583 533 misit,
1605 469 1665 520 et
1688 468 1848 536 post-

205 565 271 606 ea
324 549 673 607 interfectos
728 549 781 605 in
832 554 1070 622 puteum
1130 552 1395 623 projecit,
1449 553 1503 608 in
1561 553 1689 609 loco
1750 552 1846 623 qui

206 638 421 695 dicitur
479 637 942 696 Columnabicus.
979 641 1116 696 Post
1167 641 1290 697 haec
1340 641 1550 697 iterum
1598 640 1848 697 collecto

206 726 491 796 exercitu,
519 726 811 783 Clodomir
842 728 895 782 in
932 728 1321 798 Burgundiam
1353 729 1611 801 perrexit
1645 733 1846 785 contra

206 815 634 885 Gotbemarum,
671 816 996 888 iterumque
1044 823 1461 888 repugnantem
1496 819 1594 876 sed
1632 818 1850 888 fugien-

208 909 319 960 tem
343 903 477 961 dum
502 909 959 975 persequeretur
979 908 1036 961 et
1054 912 1589 977 percurreretequo
1606 906 1788 962 veloci
1798 920 1850 962 s—

209 991 374 1059 sime,
403 1007 477 1049 ex
504 991 747 1049 adversa
779 998 943 1064 parte
977 1008 1288 1065 percussus
1326 995 1571 1062 corruit,
1611 1000 1671 1052 et
1704 1009 1851 1051 mor-

209 1084 344 1139 tuus
391 1085 501 1137 est.
556 1080 723 1147 Quod
773 1081 1017 1137 audiens
1067 1082 1420 1151 Clotharius,
1456 1084 1845 1153 Gundeucam,

210 1184 445 1226 uxorem
479 1170 678 1226 fratris
707 1169 795 1226 sui
829 1170 1057 1241 accepit
1087 1171 1142 1226 in
1183 1171 1536 1242 conjugium.

277 1257 669 1315 Theodericus
692 1263 886 1314 autem
912 1274 1033 1328 rex,
1059 1266 1365 1332 postquam
1389 1261 1653 1331 regnavit
1687 1260 1851 1317 annis

205 1349 295 1417 '23,
337 1352 603 1404 mortuus
652 1352 769 1418 est,
813 1351 871 1403 et
920 1348 1381 1418 Theodebertus,
1418 1348 1573 1405 ﬁlius
1624 1347 1766 1418 ejus,
1798 1348 1848 1404 ei

206 1436 515 1493 successit.
573 1436 682 1504 Qui
740 1451 870 1492 cum
915 1437 1082 1493 annis
1134 1440 1202 1494 14
1248 1442 1541 1509 regnaret,
1593 1438 1759 1505 obiit,
1793 1442 1851 1494 et

204 1523 667 1594 Theodebaldus,
703 1525 856 1582 filius
903 1525 1048 1595 ejus,
1086 1524 1169 1581 illi
1220 1527 1527 1583 successit.
1563 1525 1688 1592 Quo
1721 1529 1849 1598 post

207 1628 387 1671 annos
410 1613 757 1679 7defuncto,
780 1613 1134 1680 Clotharius,
1162 1620 1407 1687 patruus
1439 1614 1584 1684 ejus,
1612 1629 1850 1685 regnum

207 1702 393 1773 ipsius
424 1717 554 1759 cum
603 1701 902 1757 thesauris
954 1700 1153 1758 multis
1204 1702 1450 1774 accepit.
1489 1702 1851 1759 Gothehildis

205 1796 398 1846 autem
448 1789 644 1860 regina
694 1789 749 1846 in
794 1789 1146 1846 elemosinas
1203 1790 1477 1862 proilens.
1525 1791 1581 1846 in
1630 1804 1849 1846 summa

204 1877 562 1935 abstinentia
585 1883 642 1934 ct
669 1878 992 1941 sobrietate
1015 1877 1191 1935 vitam
1215 1878 1401 1948 duxit,
1424 1883 1483 1935 ct
1507 1878 1657 1950 apud
1678 1880 1854 1935 Turo-

204 1966 390 2024 nicam
427 1967 626 2023 urbem
662 1967 829 2038 plena
860 1967 1085 2023 dierum
1118 1966 1189 2023 ad
1224 1967 1523 2024 Dominum
1556 1966 1849 2037 migravit,

202 2060 260 2112 et
289 2056 350 2112 in
381 2055 616 2112 basilica
652 2055 837 2112 sancti
873 2056 1028 2111 Petri
1062 2055 1315 2127 apostoli
1346 2056 1415 2112 ad
1453 2055 1608 2112 latus
1629 2056 1734 2111 viri
1760 2055 1851 2112 sui

204 2143 481 2202 Clodovci
513 2143 743 2216 sepulta
772 2149 863 2202 est
905 2160 935 2201 a
986 2143 1120 2201 llliis
1164 2144 1289 2201 suis
1336 2143 1665 2201 flildiberto
1694 2141 1764 2177 7“
1793 2155 1850 2205 et

203 2232 483 2304 Clotario,
518 2233 615 2290 ubi
643 2239 700 2290 et
732 2233 1063 2290 beatissima
1094 2233 1380 2289 Genovefa
1412 2232 1679 2303 quiescit.

272 2321 606 2379 Clotharius
625 2326 817 2379 autem
842 2336 945 2377 rex
969 2320 1040 2377 de
1064 2321 1317 2377 diversis
1334 2320 1613 2378 uxoribus
1627 2324 1852 2392 septem

202 2410 411 2467 habuit
460 2410 631 2481 filios,
668 2410 740 2466 de
787 2411 1042 2481 lngunde
1075 2409 1271 2480 regina
1304 2409 1704 2479 Guntharium,
1740 2409 1854 2465 Hil-

203 2498 487 2570 dericum,
504 2497 956 2570 Sigibertumm,
975 2499 1434 2567 Guntrammum,
1455 2498 1723 2555 lferibert
1737 2512 1849 2567 um,

204 2593 262 2644 et
286 2587 464 2644 filiam
488 2588 898 2645 Glodesindam
924 2605 939 2652 ;
971 2588 1041 2644 de
1065 2586 1443 2657 Regingunda
1465 2600 1626 2653 vero,
1650 2600 1853 2642 sorore

204 2676 502 2747 Ingundis,
561 2675 767 2732 habuit
818 2674 1192 2746 Hilpericum.
1238 2676 1349 2731 Per
1398 2688 1652 2730 amorem
1702 2673 1851 2729 enim

205 2765 505 2835 Ingundis,
531 2779 601 2822 eo
633 2764 787 2836 quod
819 2769 973 2821 esset
1008 2764 1249 2836 pulchra
1282 2769 1338 2819 et
1374 2763 1609 2833 decora,
1635 2770 1692 2818 et
1730 2762 1852 2835 ipse

204 2852 444 2911 nimium
476 2858 630 2910 esset
665 2853 1023 2921 luxuriosus,
1063 2867 1328 2910 sororem
1366 2853 1495 2923 ejus
1526 2852 1855 2921 Regingun-

202 2942 329 2999 dam
370 2943 594 3014 accepit
627 2942 684 2998 in
715 2942 1068 3012 conjugium.
1103 2944 1180 2998 De
1230 2942 1439 2998 Gusina
1486 2953 1717 3012 quoque
1762 2954 1855 2995 ac-

201 3034 366 3105 cepit
398 3032 753 3088 Gratianum.
784 3031 889 3097 Qui
918 3045 1047 3087 cum
1079 3035 1243 3087 esset
1291 3031 1543 3087 decorus
1595 3028 1765 3085 nimis
1792 3034 1853 3084 et

202 3122 456 3180 acerbus
483 3135 550 3178 ac
578 3118 849 3190 callidus,
887 3119 1037 3192 patri
1071 3119 1398 3189 rebellavit,
1432 3118 1532 3175 sed
1564 3122 1774 3189 captus
1794 3121 1851 3173 et

202 3211 271 3269 ad
304 3216 535 3284 patrem
566 3208 856 3266 adductus
902 3207 991 3280 ⁷³⁸,
1042 3209 1097 3264 in
1143 3223 1278 3265 casa
1330 3209 1577 3278 quadam
1621 3205 1852 3263 incendi

198 3298 402 3371 jussus
434 3304 547 3356 est.
585 3297 945 3354 Hildibertus
978 3312 1134 3367 vero,
1162 3298 1343 3353 frater
1376 3295 1674 3365 Clotharii,
1701 3294 1853 3366 apud

204 3389 495 3447 Parisium
526 3387 624 3444 diu
646 3392 955 3458 aegrotans,
985 3392 1247 3443 mortuus
1276 3391 1365 3442 est
1386 3403 1399 3451 ;
1424 3386 1590 3455 cujus
1613 3398 1853 3454 regnum

204 3482 261 3535 et
324 3478 639 3535 thesauros
697 3475 1027 3533 Clotharius
1082 3490 1186 3532 rex
1244 3482 1551 3531 assecutus
1599 3478 1710 3529 est.
1759 3472 1858 3529 His

204 3568 379 3625 etiam
416 3567 784 3640 temporibus
815 3567 1020 3623 beatus
1052 3565 1357 3621 Medardus
1392 3565 1709 3634 episcopus
1742 3562 1859 3633 ple-

205 3672 315 3716 nus
345 3656 677 3714 virtutibus
724 3656 995 3726 migravit
1043 3655 1110 3711 ad
1161 3654 1483 3722 Dominum,
1537 3666 1704 3722 quem
1756 3666 1860 3706 rex

207 3746 546 3804 Clotharius
575 3745 631 3801 in
665 3745 977 3803 Suessione
1008 3744 1248 3801 civitate
1273 3757 1403 3799 cum
1438 3756 1640 3811 magna
1670 3739 1859 3811 gloria

208 3836 452 3909 sepeliri
494 3834 650 3892 fecit.

275 3925 425 3981 Post
458 3922 581 3979 haec
615 3920 948 3979 Clotharius
978 3934 1081 3978 rex
1130 3920 1291 3977 febre
1336 3922 1645 3990 correptus
1691 3917 1856 3987 obiit,

208 4027 357 4072 anno
373 4013 644 4084 reguisui
669 4018 785 4083 διο,
803 4024 1162 4083 regnumque
1184 4010 1313 4080 ejus
1338 4012 1595 4080 quatuor
1615 4007 1714 4062 filii
1733 4006 1861 4076 ejus

208 4102 363 4159 inter
394 4114 462 4160 se
498 4100 844 4170 diviserunt,
879 4099 1105 4156 scilicet
1156 4097 1519 4166 Heribertus,
1556 4095 1863 4151 Guutram-

208 4204 357 4263 mus,
392 4190 746 4263 Hilpericus,
772 4189 1124 4259 Sigibertus,
1149 4186 1496 4257 accepitque
1518 4185 1863 4241 Heribertus

209 4295 457 4353 regnum
490 4279 798 4336 Hildiberti
837 4276 1025 4350 patrui
1069 4276 1181 4347 sui,
1216 4278 1527 4345 sedemque
1554 4274 1860 4330 constituit

206 4368 520 4436 Parisius;
554 4369 963 4425 Guntrammus
992 4369 1205 4433 autem,
1242 4376 1481 4433 regnum
1512 4360 1862 4418 Clodomiris

209 4458 532 4531 accipiens,
566 4454 896 4513 Aurelianis
926 4454 1123 4511 sedem
1153 4452 1504 4519 constituit;
1536 4450 1862 4522 Hilpericus

1961 464 2120 521 illum
2165 465 2354 522 solum
2388 479 2515 521 cum
2555 478 2667 521 uno
2701 468 2864 521 tanto
2894 462 3003 519 sibi
3057 461 3397 520 fidelissimo
3444 463 3608 520 dimi-

1962 557 2164 609 serunt
2192 552 2360 622 juxta
2395 552 2643 609 rivulum
2678 550 2984 623 quendam.
3020 550 3199 616 Quem
3239 565 3367 607 cum
3409 550 3607 621 gravis

1962 656 2198 698 somnus
2229 648 2486 711 urgeret,
2511 645 2685 712 caput
2719 656 2886 697 suum
2919 640 2975 696 in
3010 638 3168 696 illius
3199 638 3389 695 fidelis
3420 638 3510 695 sui
3536 638 3608 695 si-

1960 743 2093 785 num
2128 731 2322 802 posuit
2353 735 2411 785 ct
2442 729 2740 786 dormivit.
2776 730 2913 785 Cum
2965 727 3161 784 subito
3212 726 3358 783 vidit
3409 725 3507 782 ille
3549 726 3605 782 in

1960 818 2129 887 cujus
2160 819 2290 876 sinu
2323 818 2668 887 dormiebat,
2698 816 2863 888 quasi
2892 830 3128 888 parvum
3160 814 3371 872 animal
3406 814 3475 871 de
3506 830 3608 872 ore

1963 904 2119 975 regis
2153 904 2319 963 exire
2340 910 2400 960 et
2423 904 2492 959 ad
2518 904 2701 961 rivum
2726 902 2968 959 tendere
2994 901 3292 973 multoque
3316 903 3443 960 nisu
3471 909 3610 959 tem-

1961 998 2130 1063 ptare
2145 992 2192 1049 si
2210 1008 2323 1064 quo
2340 991 2509 1048 modo
2535 996 2727 1063 posset
2749 990 3022 1047 transire.
3044 991 3298 1060 Cumque
3317 991 3609 1047 transitus

1962 1082 2183 1153 copiam
2231 1096 2341 1139 non
2393 1082 2698 1149 inveniret,
2734 1080 2832 1136 ille
2884 1079 2979 1151 qui
3032 1079 3141 1136 hoc
3175 1079 3320 1135 vidit
3350 1079 3606 1150 gladium

1962 1185 2130 1227 suum
2162 1171 2232 1227 de
2264 1171 2468 1242 vagina
2492 1171 2718 1239 eduxit,
2744 1170 2988 1240 rivoque
3010 1182 3434 1241 superponens,
3463 1169 3607 1225 illud

1962 1260 2220 1316 transire
2270 1260 2425 1316 fecit.
2461 1261 2770 1316 Transiens
2815 1263 3008 1315 autem
3057 1258 3262 1328 rivum,
3299 1272 3408 1313 non
3442 1257 3611 1329 longe

1964 1347 2097 1404 inde
2130 1348 2181 1404 in
2216 1349 2474 1405 foramen
2506 1362 2679 1405 unum
2710 1347 2925 1403 montis
2952 1346 3118 1417 juxta
3144 1346 3318 1418 positi
3345 1346 3604 1417 intravit,

1964 1451 2381 1508 reversumque
2404 1451 2508 1508 per
2526 1436 2768 1493 eandem
2790 1437 2960 1506 viam,
2982 1440 3112 1507 post
3132 1435 3331 1492 horam
3356 1449 3525 1492 unam
3549 1436 3608 1493 in

1964 1539 2033 1581 os
2057 1523 2213 1595 regis
2238 1525 2736 1582 rursusintroivit.
2757 1525 2862 1591 Qui
2881 1539 3013 1580 mox
3026 1524 3328 1594 evigilans,
3345 1538 3607 1594 magnam

1964 1614 2244 1670 visionem
2261 1628 2322 1670 se
2338 1614 2552 1671 vidisse
2566 1614 2845 1682 narravit,
2865 1612 3126 1683 dixitque
3140 1612 3247 1669 sibi
3264 1613 3611 1685 apparuisse

1966 1700 2021 1757 in
2052 1703 2291 1771 somnis,
2328 1704 2480 1774 quod
2525 1703 2639 1759 iter
2683 1716 2863 1773 agens
2913 1701 2982 1758 ad
3039 1702 3324 1772 quendam
3375 1701 3611 1759 fluvium

1966 1806 2233 1861 magnum
2266 1791 2512 1861 veniret,
2538 1805 2706 1862 quem
2738 1805 2839 1864 per
2873 1791 3122 1847 ferreum
3156 1795 3388 1863 pontem
3420 1794 3612 1848 trans-

1964 1879 2097 1949 iret,
2130 1880 2485 1951 veniensque
2509 1881 2619 1936 sub
2648 1882 2902 1936 montem
2927 1878 3234 1950 quendam,
3262 1877 3507 1936 multum
3532 1877 3610 1935 ibi

1966 1982 2169 2026 aurum
2191 1968 2437 2025 videret.
2463 1967 2627 2035 Quod
2650 1982 2781 2025 cum
2807 1967 2890 2023 illi
2925 1966 3081 2024 fideli
3116 1981 3223 2024 suo
3256 1971 3524 2024 narraret
3548 1966 3614 2024 il-

1966 2056 2137 2128 leque
2171 2056 2428 2114 vicissim
2454 2056 2564 2114 sibi
2590 2056 2777 2113 omnia
2802 2070 2931 2127 quae
2952 2059 3113 2127 gesta
3134 2060 3269 2112 sunt
3291 2054 3609 2127 intimaret,

1966 2145 2038 2202 ad
2052 2144 2241 2203 locum
2265 2145 2424 2201 illum
2442 2150 2841 2215 accesserunt,
2861 2143 3265 2215 fodientesque
3279 2144 3460 2202 multa
3476 2158 3614 2216 pon-

1967 2233 2104 2290 dera
2137 2232 2264 2292 auri
2284 2233 2353 2267 ⁷²⁶
2370 2233 2695 2305 antiquitus
2717 2233 2794 2290 ibi
2820 2232 3107 2291 reconditi
3131 2232 3477 2289 invenerunt
3505 2249 3520 2299 ;
3543 2230 3612 2289 de

1967 2336 2084 2392 quo
2118 2336 2261 2379 auro
2297 2337 2399 2378 rex
2430 2322 2581 2377 idem
2616 2326 2819 2394 postea
2862 2321 3146 2378 ciborium
3187 2335 3452 2391 magnum
3485 2318 3611 2377 fieri

1968 2410 2331 2481 diversisque
2361 2410 2608 2481 gemmis
2637 2409 2907 2466 exornari
2940 2409 3290 2482 precipiens,
3331 2408 3519 2466 voluit
3548 2407 3614 2463 il-

1967 2497 2067 2555 lud
2084 2498 2153 2533 ⁷⁷⁷
2166 2498 2610 2556 Hierosolimam
2626 2498 2697 2555 ad
2712 2498 3088 2564 sepulchrum
3112 2497 3335 2554 Domini
3355 2498 3608 2568 mittere,

1966 2588 2064 2645 se'd
2100 2604 2228 2646 cum
2269 2587 2377 2645 hoc
2424 2586 2706 2658 perlicere
2756 2602 2869 2643 non
2918 2587 3228 2659 potuisset,
3258 2586 3437 2657 jussit
3468 2584 3611 2644 illud

1968 2676 2100 2748 poni
2131 2690 2304 2749 supra
2337 2691 2553 2751 corpus
2602 2677 2753 2733 beati
2805 2677 2853 2732 Μ
2895 2676 3060 2732 rcelli
3108 2676 3369 2732 martiris
3409 2674 3463 2731 in
3516 2675 3616 2731 Ca-

1968 2764 2182 2822 billona
2205 2766 2447 2823 civitate
2466 2764 2704 2838 sepulti,
2730 2765 3065 2837 diciturque
3087 2765 3245 2823 aliud
3268 2763 3402 2822 huic
3425 2761 3614 2820 simile

1966 2869 2079 2911 non
2111 2854 2378 2912 inveniri.

2039 2944 2130 3015 (G.
2150 2944 2274 3014 Fr.)
2292 2942 2620 3015 Hilpericus
2634 2948 2825 3000 autem
2840 2943 3064 3015 accepit
3091 2957 3326 3000 uxorem
3354 2942 3618 3001 Audevo-

1966 3046 2109 3101 ram,
2144 3046 2272 3103 qua)
2305 3033 2529 3104 peperit
2553 3038 2612 3089 et
2646 3038 2767 3088 tres
2803 3032 2970 3102 filios,
2996 3031 3480 3099 Theodebertum,
3509 3033 3619 3091 Me-

1968 3135 2205 3178 rovcum
2235 3125 2291 3177 et
2323 3121 2690 3179 Clodoveum.
2718 3122 3063 3178 Heribertus
3091 3135 3229 3177 vero
3260 3121 3428 3177 duxit
3452 3122 3617 3193 lngo-

1968 3210 2223 3280 bergam.
2262 3208 2400 3276 Quae
2423 3225 2552 3267 eum
2584 3210 2825 3267 haberet
2858 3211 3005 3266 duas
3038 3208 3262 3281 puellas
3290 3210 3460 3267 nimis
3488 3209 3616 3282 pul-

1966 3299 2159 3369 chras,
2194 3299 2495 3368 cujusdam
2529 3298 2804 3371 pauperis
2837 3298 3003 3369 tilias,
3032 3314 3133 3355 rex
3157 3299 3210 3353 in
3235 3312 3490 3355 amorem
3522 3312 3619 3357 ea-

1969 3402 2095 3444 rum
2121 3388 2497 3444 vehementer
2519 3387 2760 3443 exarsit.
2789 3387 2944 3455 Quas
2968 3401 3097 3444 cum
3123 3388 3324 3458 regina
3355 3387 3491 3444 odio
3518 3386 3618 3446 ha-

1970 3473 2156 3544 beret,
2194 3489 2297 3530 rex
2327 3474 2515 3531 iratus
2542 3490 2667 3530 eam
2696 3474 2932 3545 abjecit,
2967 3480 3023 3530 et
3077 3489 3243 3531 unam
3292 3489 3365 3530 ex
3405 3472 3525 3532 illis
3558 3474 3614 3532 in

1966 3562 2301 3633 conjugium
2334 3563 2603 3634 sumpsit,
2627 3563 2836 3619 deinde
2869 3563 3113 3619 alteram
3138 3577 3369 3634 quoque
3389 3564 3499 3620 sibi
3524 3577 3618 3620 co.

1970 3650 2216 3721 pulavit.
2245 3652 2356 3706 Pro
2389 3667 2500 3722 qua
2522 3667 2583 3709 re
2606 3668 2735 3709 cum
2760 3658 3001 3709 sanctus
3026 3648 3344 3709 Germanus
3367 3652 3618 3709 Parisio-

1974 3753 2100 3796 rum
2115 3740 2432 3813 episcopus
2447 3749 2733 3813 utrosque
2747 3742 3301 3813 excommunicaret,
3318 3745 3375 3798 et
3392 3756 3494 3799 rex
3508 3741 3616 3800 hoc

1971 3830 2405 3900 parvipendens
2426 3844 2552 3886 eam
2578 3845 2691 3887 non
2716 3831 3060 3901 dimitteret,
3085 3844 3367 3902 percussa
3398 3830 3500 3887 Dei
3527 3832 3618 3903 ju-

1972 3916 2146 3988 dicio,
2170 3926 2397 3975 mortua
2417 3924 2526 3990 est,
2546 3934 2650 3977 nec
2674 3921 2857 3976 multo
2883 3925 3014 3991 post
3037 3934 3141 3974 rex
3163 3918 3286 3990 ipse
3304 3920 3618 3977 defunctus

1971 4010 2083 4060 est.
2119 4006 2300 4061 Porro
2331 4006 2661 4075 Sigibertus
2693 4021 2796 4062 rex
2827 4007 3031 4061 videns
3062 4005 3379 4074 nequitiam
3413 4006 3616 4064 fratris

1973 4094 2087 4163 sui,
2110 4092 2460 4163 dedignatus
2482 4093 2620 4149 talia
2646 4092 3296 4164 conjugla,legationem
3320 4094 3376 4149 in
3401 4095 3619 4168 Hyspa-

1974 4183 2125 4239 niam
2158 4183 2333 4253 misit,
2370 4188 2645 4253 regisque
2696 4182 2869 4236 tiliam
2918 4180 3315 4237 Brunihildem
3357 4182 3526 4253 petiit
3556 4186 3616 4241 et

1974 4271 2227 4343 accepit,
2262 4271 2513 4342 puellam
2548 4270 2849 4341 pulchram
2880 4272 2937 4326 et
2971 4269 3330 4338 ingeniosam
3357 4274 3450 4337 ;et
3484 4271 3619 4342 quia

1975 4360 2236 4416 Arrianae
2259 4359 2372 4429 legi
2397 4358 2657 4427 subjecta
2678 4363 2826 4427 erat,
2848 4357 2904 4414 in
2938 4357 3165 4414 nomine
3194 4364 3412 4415 sancta
3440 4359 3622 4416 Trini-

1976 4449 2117 4506 tatis
2139 4462 2265 4505 eam
2293 4446 2578 4518 baptizari
2596 4446 2841 4517 jubebat
2867 4464 2882 4513 ;
2903 4461 2975 4502 ex
2997 4460 3109 4517 qua
3133 4445 3311 4503 tilium
3338 4446 3624 4506 Hildiber-

209 4517 372 4620 vere,
392 4517 633 4618 regnum
658 4545 843 4618 patris
858 4517 1865 4614 suiClothariipossidens,§uessio-
1891 4517 1947 4580 Π
1974 4543 2097 4596 tum
2128 4517 2511 4609 suscipiebat.
2542 4536 2640 4592 His
2663 4535 3029 4607 temporibus
3052 4539 3295 4592 sanctus
3315 4536 3615 4594 Columba-

211 4636 302 4695 nis
333 4636 535 4695 sedem
568 4634 765 4709 posuit
791 4652 805 4699 ;
838 4633 1167 4705 Sigibertus
1194 4635 1388 4688 autem
1420 4644 1657 4702 regnum
1688 4628 1865 4686 Theo-

213 4724 422 4796 derici,
438 4724 670 4784 scilicet
684 4721 1068 4791 Austrasiam,
1086 4720 1353 4789 sortitus,
1371 4719 1522 4791 apud
1549 4720 1863 4777 Metensem

214 4813 517 4873 civitatem
570 4812 733 4886 regni
767 4818 961 4870 sedem
991 4809 1061 4844 ⁷⁸⁸
1094 4809 1328 4868 locavit.
1364 4810 1554 4880 (Pun.
1589 4808 1745 4866 Duc.
1781 4821 1862 4878 ιιι,

215 4906 329 4975 33.)
364 4904 447 4962 Ex
480 4902 693 4975 quibus
725 4904 1137 4959 Guntrammus
1170 4912 1273 4956 rex
1316 4898 1593 4969 paciﬁcus
1622 4904 1679 4952 et
1711 4895 1865 4953 omni

217 4992 485 5051 bonitate
516 4990 826 5049 laudabilis
850 4997 997 5059 erat,
1027 4988 1320 5060 vitamque
1345 4988 1399 5042 in
1424 4984 1869 5043 conversatione

217 5087 429 5140 sancta
461 5082 711 5139 ducebat
740 5099 755 5148 ;
788 5080 955 5150 cujus
986 5094 1160 5136 unum
1193 5080 1407 5134 factum
1444 5074 1706 5132 mirabile
1737 5074 1870 5131 huic

217 5172 388 5247 operi
421 5172 612 5244 placet
645 5170 926 5227 inserere.
954 5167 1216 5235 Quodam
1238 5171 1504 5239 tempore
1537 5165 1672 5222 dum
1702 5178 1873 5223 vena-

1975 4643 2087 4687 nus
2115 4628 2186 4684 de
2218 4626 2491 4683 Hibernia
2524 4625 2577 4681 in
2612 4623 2853 4681 Galliam
2884 4625 3063 4694 venit,
3089 4638 3260 4695 quem
3292 4623 3623 4696 Sigibertus

1978 4732 2082 4774 rex
2106 4716 2350 4788 benigne
2369 4714 2653 4787 suscepit.
2682 4714 3011 4787 llilpericus
3033 4718 3250 4785 autem,
3276 4714 3458 4771 frater
3479 4714 3623 4786 Sigi-

1981 4805 2153 4875 berti,
2175 4806 2379 4862 videns
2401 4820 2532 4863 cum
2555 4804 2731 4877 regali
2764 4804 2978 4875 conjug
3003 4817 3038 4860 ο
3068 4802 3463 4873 sublimatum,
3488 4817 3620 4861 cum

1973 4892 2090 4965 jam
2116 4893 2314 4966 plures
2332 4909 2544 4952 uxores
2558 4895 2822 4963 haberet,
2838 4906 3098 4949 sororem
3116 4890 3469 4948 Brunihildis
3483 4899 3624 4951 natu

1982 4984 2277 5056 majorem,
2301 4984 2527 5040 nomine
2560 4983 2976 5049 Geltsuindam,
2997 4980 3052 5035 in
3074 4979 3404 5049 conjugium
3430 4980 3622 5053 petiit,

1984 5074 2333 5145 promittens
2361 5088 2461 5143 per
2484 5072 2729 5143 legatos,
2745 5083 2945 5127 omnes
2965 5066 3109 5124 alias
3130 5081 3417 5125 uxoresse
3432 5068 3627 5127 dimis-

1984 5178 2204 5221 surum.
2234 5163 2356 5230 Qua
2381 5161 2737 5236 desponsata
2755 5166 2966 5217 etcum
2992 5156 3192 5214 multis
3216 5156 3514 5215 thesauris
3534 5171 3631 5216 ac-

1576 5314 1814 5373 VARIrE
1857 5313 2148 5371 LECTION
2155 5315 2255 5372 ES.

291 5447 1718 5555 T.§°dd.;."i€‘§?..'1“.d°b;.iZ"°.d0..h"‘39.b;.if’ffﬁo
1754 5448 1845 5555 ⁸ἐὲ

220 5519 441 5605 recipi.
468 5519 492 5521 7'
512 5530 581 5566 7"
610 5532 825 5590 ductus
850 5535 899 5587 δ.
978 5519 1047 5561 ⁷⁸⁵
1074 5540 1123 5586 s.
1156 5538 1202 5582 r.
1240 5528 1290 5579 5.
1368 5521 1437 5556 ⁷³⁸
1470 5521 1632 5579 deest
1655 5523 1706 5577 Β.
1785 5519 1853 5555 ⁷⁸⁷

1852 5447 1925 5506 ib.
1957 5447 2127 5505 modo
2158 5444 2344 5517 sigeb.
2378 5442 2660 5517 Priorem
2682 5444 3054 5516 scriptu/ram
3077 5453 3153 5499 ea:
3177 5438 3461 5513 plu/ﬁmi:
3494 5437 3638 5496 locis

1884 5536 1939 5577 v.
1972 5518 2044 5575 ad
2077 5514 2398 5574 iherfillud
2430 5517 2501 5570 ad
2525 5521 2603 5572 9°.
