3986 6048
409 224 528 292 ’719

1582 214 2067 283 EKKEHARDI
2112 213 2640 283 URAUGENSIS

3695 220 3819 286 720

412 372 604 439 cepta,
632 361 1034 433 Fridegundis,
1062 358 1328 433 quaedam
1359 373 1430 417 ex
1460 355 1743 416 uxoribus
1769 355 1897 427 ejus
1929 352 2054 426 plu-
2083 354 2137 418 Α
2153 350 2368 426 frater
2388 353 3563 428 tuus,seddsmereh-ieequadam,patris
3576 357 3816 419 tutacu-

412 456 595 523 rimis,
621 466 835 525 genere
867 449 1055 506 infima
1081 449 1182 506 sed
1207 449 1466 521 speciosa
1490 453 1549 504 et
1568 446 1802 515 callida,
1831 446 1976 501 hanc
1997 445 2052 500 in

411 551 605 601 stratu
636 557 743 598 suo
776 555 877 613 per
900 544 1129 595 noctem
1155 536 1566 607 strangulavit,
1589 541 1644 591 et
1671 536 1920 606 priorem
1944 537 2055 590 Au-

411 634 684 690 devoram
705 629 775 664 ⁷²⁸
795 628 1044 685 consilio
1078 627 1326 699 pessimo
1357 626 1429 681 ab
1460 639 1529 681 eo
1562 624 1877 695 separavit,
1905 622 2053 694 ipsa-

411 736 522 795 que
552 721 606 776 in
639 719 833 777 Iecum
866 732 1064 773 earum
1099 715 1266 785 quasi
1299 713 1555 783 legitima
1602 712 1904 768 successit.

479 811 558 867 Eo
579 813 845 880 tempore
867 805 1229 861 Justinianus
1253 804 1573 874 imperator
1594 801 1744 873 apud
1772 803 2051 857 Constan-

407 898 712 971 tinopolim
745 896 913 960 obiit,
944 894 1208 950 Justinus
1249 906 1388 949 vero
1436 891 1738 962 imperium
1785 889 2044 945 ambivit.

476 980 615 1041 Post
638 986 761 1041 hzec
789 978 1861 1053 llilpericusTheodebcrtum7”filium
1880 992 2047 1033 suum

406 1075 556 1134 ultra
592 1075 848 1145 Ligerem
883 1072 936 1127 in
981 1085 1219 1141 regnum
1258 1068 1455 1125 fratris
1489 1068 1579 1125 sui
1609 1068 1883 1137 Sigiberti
1916 1082 2046 1122 cum

400 1163 664 1221 exercitu
694 1162 908 1218 direxit
934 1179 948 1223 ;
974 1160 1073 1230 qui
1107 1173 1235 1214 mox
1256 1159 1544 1214 Turonum
1570 1163 1627 1211 et
1649 1155 1931 1212 Pictavim
1958 1170 2049 1210 ce-

398 1258 675 1324 terasque
695 1252 871 1308 urbes
891 1250 1124 1317 invasit,
1143 1247 1442 1304 zecclesias
1468 1244 1742 1314 incendit,
1761 1249 2046 1299 monaste-

399 1343 483 1399 ria
516 1341 831 1410 destruxit,
881 1338 1132 1395 clericos
1180 1336 1471 1392 interfecit
1507 1349 1677 1397 eum;
1717 1333 2045 1404 llilpericus

396 1445 535 1487 vero
558 1445 687 1487 cum
711 1443 893 1486 uxore
931 1426 1001 1459 ⁷³⁰
1034 1424 1393 1495 Fridegunda
1430 1422 1573 1491 fugit
1609 1422 1662 1476 in
1696 1424 2037 1477 Turnacum.

399 1519 725 1590 Sigibertus
758 1521 949 1574 autem
972 1513 1245 1570 civitates
1267 1528 1392 1582 quae
1418 1511 1569 1567 ultra
1592 1510 2039 1581 Parisium_sunt

396 1607 706 1679 accipiens,
741 1620 868 1663 cum
904 1603 1127 1674 Franci,
1162 1602 1257 1672 qui
1288 1601 1355 1633 ⁷³¹
1390 1600 1676 1671 quondam
1714 1598 2038 1653 llildiberto

396 1695 609 1753 seniori
644 1693 865 1751 subditi
900 1696 1087 1761 erant,
1116 1692 1267 1747 hunc
1291 1690 1506 1744 vellent
1539 1703 1717 1757 super
1746 1702 1806 1742 sc
1842 1700 2035 1756 regem
2067 1712 2123 1772 Β

393 1783 754 1841 constituere
781 1786 838 1837 et
875 1779 1226 1851 llilpcricum
1265 1778 1614 1847 relinquere,
1645 1775 1948 1831 fraudibus
1976 1781 2033 1831 et

391 1871 635 1929 consilio
650 1868 1053 1939 Fridegundis,
1071 1882 1197 1937 quae
1213 1866 1447 1921 nimium
1464 1862 1672 1920 callida
1697 1868 1843 1931 erat,
1864 1864 2040 1919 inter-

395 1962 583 2027 fectus
612 1964 722 2027 est,
751 1973 899 2014 anno
932 1956 1091 2025 regni
1124 1955 1213 2010 sui
1250 1957 1360 2023 140,
1386 1957 1581 2009 aetatis
1613 1958 1804 2008 autem
1828 1951 1897 1984 τ³²
1920 1956 2031 2009 400.

391 2026 553 2107 Tune
579 2046 932 2104 Brunihildis
964 2060 1092 2101 cum
1128 2044 1261 2098 filiis
1294 2043 1418 2098 suis
1452 2042 1601 2113 apud
1634 2042 1917 2097 Parisium
1951 2056 2036 2097 sc-

392 2133 1003 2203 dehat;Gundoaldus
1033 2138 1225 2188 autem
1267 2131 1402 2197 dux,
1430 2130 1525 2201 qui
1574 2137 1700 2185 erat
1734 2132 1913 2199 major
1937 2129 2036 2187 Jo-

391 2240 537 2295 mus,
566 2222 744 2280 filium
778 2221 1052 2292 Sigiberti
1087 2218 1392 2290 parvulum
1421 2218 1806 2273 llildibertum
1836 2218 2031 2274 furtim

390 2329 493 2387 per
525 2317 753 2370 noctem
786 2308 1053 2376 abstulit,
1084 2314 1142 2363 et
1175 2324 1303 2364 eum
1338 2322 1406 2362 eo
1451 2307 1614 2375 fugit,
1651 2306 2031 2376 collectisque

384 2404 681 2473 gentibus,
708 2415 887 2471 super
918 2414 1062 2469 quas
1091 2401 1256 2469 pater
1288 2396 1413 2465 ejus
1442 2403 1810 2465 regnaverat,
1840 2412 2029 2463 regem

386 2490 546 2547 illum
579 2488 904 2546 constituit.
926 2490 1206 2557 Tempore
1231 2485 1330 2539 illo
1359 2486 1563 2539 beatus
1587 2486 1906 2539 Germanus
1933 2486 2032 2540 Pa-

386 2577 657 2635 risiorum
690 2576 1027 2647 epiSCOpus,
1069 2573 1271 2645 plenus
1320 2572 1640 2627 virtutibus
1690 2572 1911 2641 magnis
1938 2572 2026 2642 ⁷³³,

384 2665 652 2736 migravit
687 2665 758 2721 ad
791 2662 1110 2719 Dominum.
1136 2661 1339 2716 Mortui
1372 2664 1564 2717 autem
1590 2659 1812 2715 suntm
1835 2666 1891 2715 et
1927 2660 2027 2715 filii

385 2752 876 2827 Hilpericiomnes
889 2765 1037 2821 quos
1050 2750 1299 2805 habebat
1318 2750 1388 2805 de
1413 2749 1805 2819 Fridegunde;
1831 2749 1932 2805 sed
1958 2750 2027 2806 ad

384 2841 650 2901 ultimum
672 2840 869 2912 genuit
889 2838 1268 2907 Clotharium,
1286 2838 1381 2908 qui
1401 2843 1600 2907 postea
1620 2837 1807 2894 factus
1821 2843 1908 2893 est
1928 2854 2027 2894 rex

384 2946 644 3003 magnus,
669 2935 728 2988 et
751 2930 843 2987 hic
866 2928 1067 3001 genuit
1091 2929 1503 2997 Dagobertum.
1530 2929 1684 2983 Inter
1708 2927 1827 2983 haec
1853 2929 2028 2983 maxi-

381 3035 485 3079 mae
510 3020 818 3078 discordiae
833 3024 977 3075 orta:
992 3024 1126 3074 sunt
1144 3016 1297 3071 inter
1312 3015 1664 3087 llilpcricum
1681 3021 1736 3071 et
1756 3022 2023 3087 nepotem

380 3125 543 3168 suum
576 3109 985 3175 Hildibcrtum,
1024 3105 1200 3161 filium
1253 3104 1551 3174 Sigiberti,
1596 3104 2025 3175 irritabantque

373 3213 477 3255 eos
495 3212 566 3254 ex
589 3198 857 3267 utrisque
878 3194 1161 3267 partibus
1178 3193 1629 3261 Fridegundiset
1647 3193 2015 3249 Brunihildis.

373 3288 452 3342 Eo
485 3300 715 3356 quoque
747 3290 842 3339 ten
870 3297 1009 3354 pore
1042 3287 1304 3337 mortuus
1355 3287 1446 3336 est
1503 3282 1666 3336 bona:
1726 3281 2020 3338 memoriae

372 3375 785 3431 Guntrammus
817 3385 921 3426 rex
954 3370 1210 3438 inclitus,
1240 3369 1420 3424 frater
1446 3368 1742 3437 Hilperici,
1768 3385 1898 3425 cum
1935 3385 2020 3424 re-

369 3465 575 3532 gnaret
618 3460 785 3517 annis
835 3462 940 3524 31;
986 3457 1157 3528 cujus
1200 3471 1458 3527 regnum,
1493 3456 1723 3512 scilicet
1760 3458 2018 3528 Burgun-

369 3549 543 3619 diam,
569 3547 954 3615 Hildibertus,
982 3544 1280 3601 fratruelis
1302 3546 1449 3615 ejus,
1468 3545 1712 3616 accepit.
1733 3547 1861 3602 Post
1891 3547 2013 3603 haec

367 3651 496 3694 eum
513 3636 897 3706 Fridegundis
913 3634 1263 3691 adulterium
1278 3649 1407 3690 cum
1426 3634 1737 3690 Landerico
1763 3635 2011 3704 quodam

365 3725 758 3783 committeret
782 3728 841 3780 et
864 3723 969 3779 hoc
995 3722 1113 3792 regi
1140 3721 1430 3793 llilperieo
1463 3722 1882 3787 innotesceret,
1913 3723 2009 3779 illa

363 3828 492 3871 eum
512 3819 795 3883 metuens,
813 3811 1255 3882 egitconsilium
1280 3826 1408 3866 cum
1433 3810 2004 3881 duobusjuvenibus.

363 3903 461 3975 qui
495 3917 687 3973 regem
720 3916 853 3957 sero
885 3901 957 3957 de
988 3900 1297 3956 venatione
1329 3900 1676 3968 venientem,
1712 3901 1907 3955 statim
1943 3905 2004 3956 ut

364 3991 435 4048 de
484 4006 636 4062 equo
685 3988 1007 4060 descendit,
1043 3989 1482 4057 interfecerunt,
1518 3988 1859 4057 clamantes,
1898 3990 2003 4059 ipsi

362 4081 602 4137 insidias
631 4095 763 4136 esse
798 4081 867 4135 de
900 4083 1066 4150 parte
1099 4077 1450 4142 Hildiberti;
1483 4077 1685 4146 sicque
1718 4077 1839 4147 ipsa
1873 4093 2003 4133 cum

361 4169 478 4225 filio
503 4184 610 4226 suo
636 4169 878 4241 parvulo
903 4167 1198 4223 Clothario
1224 4180 1461 4235 regnum
1487 4166 1691 4221 tcnuit.
1720 4166 2003 4221 llildiber-

357 4263 454 4314 tus
487 4259 685 4329 igitur,
722 4257 875 4313 filius
909 4256 1204 4325 Sigiberti,
1239 4269 1366 4309 cum
1403 4261 1673 4323 regnaret
1719 4256 1881 4312 annis
1910 4261 1997 4327 20,

357 4352 622 4403 mortuus
649 4351 758 4416 est,
794 4346 1016 4401 habens
1050 4345 1195 4399 duos
1226 4342 1399 4413 filios,
1436 4343 1722 4399 seniorem
1772 4346 1998 4401 nomine

2165 442 2402 512 culn’na,
2434 444 2521 501 sit
2537 443 2775 503 editus?
2798 444 2898 500 Ille
2927 458 3066 503 vero
3118 444 3241 501 haec
3291 445 3552 515 audiens,
3589 452 3654 503 ut
3681 456 3815 505 erat

2165 533 2393 588 acerbis
2409 534 2667 589 moribus
2680 534 2998 590 exercitum
3015 533 3325 605 plurimum
3340 540 3542 591 contra
3569 536 3811 594 fratrem

2163 619 2400 677 direxit.
2446 623 2701 692 Cumque
2730 623 3109 678 convenirent
3145 623 3197 678 in
3234 622 3520 695 praelium,
3552 624 3813 682 Theode-

2163 709 2367 765 bertus
2393 711 2604 781 vietus,
2625 712 2767 781 fugit
2784 710 3099 767 Coloniam.
3116 711 3508 769 Theodericus
3531 717 3726 770 autem
3744 714 3809 770 il-

2162 797 2277 852 lum
2306 805 2670 869 persecutus,
2689 814 2818 855 cum
2840 804 3048 856 cuncta
3066 804 3382 870 vastasset,
3399 806 3454 857 et
3473 802 3727 874 populus
3742 810 3804 859 ut

2162 886 2444 955 subjectis
2466 893 2733 959 parceret
2748 888 2815 943 ad
2831 902 2959 943 cum
2974 888 3306 958 clamasset,
3324 890 3402 944 ait
3423 891 3812 949 :Sivnltisut

2147 989 2401 1045 parcam
2412 975 2595 1045 vobis,
2622 972 3075 1034 Theodebertnm
3092 978 3488 1035 miclu’eivnm
3503 980 3802 1049 adducite,

2157 1064 2269 1119 aut
2289 1065 2472 1135 caput
2496 1065 2625 1134 ejus
2654 1066 2866 1138 aferte
2916 1064 2986 1099 ⁷³⁵
3011 1069 3022 1121 !
3050 1064 3157 1131 Qui
3190 1066 3491 1122 civitatem
3526 1067 3799 1139 ingressi,

2157 1167 2284 1206 eum
2302 1153 2614 1209 suaderent
2628 1154 3046 1223 Theodeberto,
3064 1154 3482 1212 utthesaurum
3500 1157 3799 1227 redderet,

2158 1241 2433 1310 quatinus
2448 1243 2628 1298 frater
2642 1242 2769 1311 ejus
2787 1243 3107 1309 recederet,
3124 1242 3223 1299 ille
3239 1244 3436 1299 verbis
3454 1258 3658 1301 eorum
3675 1260 3802 1301 cre-

2156 1326 2349 1398 dulus,
2370 1330 2697 1398 ingreditur
2713 1330 3136 1386 thesaurarium
3156 1334 3555 1399 suum,etcum
3576 1332 3802 1403 precio-

2155 1415 2381 1472 sissima
2409 1433 2652 1489 quaeque
2678 1419 3024 1489 requireret,
3051 1435 3199 1475 unus
3222 1435 3293 1475 ex
3316 1420 3404 1475 eis
3425 1424 3590 1476 retro
3614 1422 3802 1477 cervi-

2152 1519 2275 1559 cem
2301 1505 2425 1573 ejus
2456 1506 2650 1575 gladio
2685 1508 2970 1578 percussit
3002 1513 3061 1563 et
3090 1514 3263 1579 caput
3293 1507 3420 1577 ejus
3452 1509 3795 1580 amputavit.

2151 1594 2541 1651 Theodericus
2574 1612 2710 1652 vero
2750 1597 3195 1667 apprehendens
3245 1597 3426 1668 ipsam
3476 1596 3795 1669 civitatem,

2153 1682 2369 1739 multos
2395 1685 2704 1741 thesauros
2726 1685 2973 1755 accepit,
2998 1686 3345 1756 rediensque
3367 1686 3438 1741 ad
3464 1688 3666 1743 urbem
3691 1688 3800 1743 Me-

2150 1775 2394 1842 tensem,
2414 1772 2585 1829 filiam
2601 1774 2980 1829 Theodeberti
2999 1775 3295 1845 pulchram
3313 1776 3483 1833 nimis
3502 1792 3630 1832 cum
3658 1777 3799 1834 duo-

2153 1861 2260 1916 bus
2286 1861 2419 1918 filiis
2442 1863 2699 1934 parvulis
2718 1864 2981 1931 abduxit,
3006 1863 3273 1934 ﬁliosque
3292 1866 3592 1937 occidens,
3618 1867 3793 1923 filiam

2151 1948 2205 2003 in
2240 1949 2570 2019 conjugium
2595 1951 2864 2021 accipere
2896 1952 3102 2007 voluit.
3129 1953 3227 2008 Cui
3253 1968 3382 2009 cum
3407 1953 3630 2011 diceret
3657 1956 3796 2012 Bru-

2150 2052 2183 2092 n
2194 2037 2388 2094 ihildis
2415 2059 2426 2093 :
2451 2041 2583 2095 Non
2598 2039 2767 2097 debes
2781 2041 3431 2114 ducereﬂliamfratris
3444 2043 3555 2113 tui,
3574 2043 3671 2100 ille
3688 2044 3796 2101 ira-

2153 2133 2245 2183 tus
2268 2128 2345 2183 ait
2371 2146 2383 2181 :
2410 2129 2615 2184 Nonne
2628 2129 2693 2185 tu
2707 2130 2928 2187 dixiin
2940 2129 3125 2187 michi
3142 2132 3424 2201 quodnon
3435 2132 3795 2204 esset/mter

2144 2229 2235 2270 me
2247 2216 2345 2272 vs?
2368 2217 2491 2272 Cur
2502 2218 2563 2273 in
2573 2216 3401 2290 duxistisupermepeccatum
3412 2220 3532 2289 Ιιοο,
3549 2221 3796 2279 auctr-ia:

2142 2303 2388 2361 mortis?
2411 2306 2475 2359 Et
2498 2310 2803 2375 evaginato
2827 2308 3041 2377 cultro,
3058 2308 3243 2363 voluit
3264 2323 3387 2365 eam
3415 2309 3789 2379 transfigere;

2145 2392 2243 2447 sed
2279 2391 2374 2448 illa
2395 2407 2424 2448 a
2448 2394 2970 2453 circumstantibus
2992 2402 3191 2468 erepta
3217 2405 3327 2453 est.
3356 2400 3493 2454 Post
3515 2397 3638 2455 hac
3656 2400 3790 2456 odio

2145 2480 2320 2537 nimio
2352 2482 2585 2551 infecta,
2624 2485 2915 2554 po'ioncm
2950 2490 3290 2541 venenatam
3337 2502 3443 2557 per
3489 2487 3791 2545 ministros

2144 2584 2285 2625 suos
2308 2569 2358 2624 ei
2384 2570 2598 2626 direxit
2628 2589 2642 2637 ;
2668 2586 2836 2641 quam
2864 2571 2961 2628 ille
2988 2573 3207 2642 bibens,
3229 2579 3491 2631 mortuus
3510 2579 3620 2631 est.
3648 2575 3792 2631 Tali-

2143 2662 2234 2713 ter
2267 2660 2443 2715 refert
2477 2659 2682 2730 hystor
2708 2675 2737 2715 a
2761 2662 3128 2718 Francorum.
3156 2661 3265 2719 Sed
3290 2663 3345 2719 in
3371 2663 3520 2720 libro
3553 2669 3788 2721 actuum

2144 2747 2326 2800 sancti
2362 2745 2696 2802 Columbani
2757 2747 2830 2816 (c.
2867 2752 2952 2804 57.
3007 2750 3121 2820 sq.)
3172 2747 3386 2818 legitur
3430 2750 3583 2820 quod
3635 2752 3788 2822 apud

2140 2833 2470 2890 Tulbiacum
2491 2835 3239 2909 pugnaverint,victumque
3252 2837 3715 2895 Theodebertum
3729 2845 3789 2895 et

2143 2922 2456 2990 fugientem
2479 2922 2872 2980 Theodericus
2907 2925 3211 2982 insecutus
3240 2926 3634 2997 apprehende.
3654 2928 3697 2983 it
3729 2932 3788 2984 et

2139 3011 2209 3066 ad
2226 3011 2408 3067 aviam
2426 3026 2585 3069 suam
2606 3013 2996 3071 Brunihildem
3013 3016 3343 3086 adduxerit,
3362 3031 3531 3087 quem
3560 3016 3659 3074 illa
3674 3017 3789 3074 ele-

2139 3100 2319 3156 ricum
2343 3101 2467 3156 fieri
2495 3103 2807 3172 rogaverit,
2825 3104 2927 3159 sed
2944 3118 3055 3159 non
3076 3110 3202 3176 post
3226 3104 3442 3161 multos
3464 3105 3589 3161 dies
3608 3107 3787 3179 impie

2135 3190 2863 3260 peremerit,Theodericus
2886 3207 3024 3249 vero
3056 3194 3206 3264 apud
3234 3194 3545 3250 Metensem
3577 3195 3787 3252 civita-

2137 3283 2248 3334 tem
2282 3294 2663 3348 commorans,
2701 3281 2896 3336 divino
2930 3281 3045 3351 igni
3081 3288 3378 3339 crematus
3425 3284 3525 3339 sit.
3562 3284 3640 3340 De
3674 3284 3781 3342 hac

2133 3369 2532 3424 controversia
2550 3368 2873 3439 scriptores
2889 3369 3141 3425 videant.
3153 3371 3379 3427 Mortuo
3394 3379 3587 3428 autem
3601 3374 3781 3431 'l‘beo-

2131 3454 2345 3524 derico,
2371 3456 2524 3513 filius
2538 3456 2665 3526 ejus
2681 3457 3006 3527 Sigibertus
3022 3458 3074 3513 iu
3093 3473 3330 3529 regnum
3347 3462 3657 3523 successit.
3678 3463 3779 3519 ille

2128 3542 2355 3600 scilicet
2377 3546 2448 3601 de
2472 3560 2586 3616 quo
2611 3546 2663 3601 in
2690 3546 2840 3603 libro
2871 3553 3101 3604 actuum
3136 3548 3323 3604 sancti
3356 3549 3501 3605 Galli
3537 3550 3772 3621 legitur,

2129 3631 2281 3703 quod
2296 3633 2582 3690 Gonzonis
2597 3634 2763 3691 ducis
2778 3634 2948 3690 filiam
2964 3634 3246 3707 desponsa
3257 3638 3605 3709 verit,quam
3623 3639 3773 3696 idem

2126 3721 2334 3777 beatus
2374 3722 2573 3778 Gallus
2613 3737 2642 3777 a
2681 3722 2965 3780 daemonio
2989 3725 3281 3782 liberavit.
3309 3726 3610 3795 (πείθοι
3638 3727 3674 3782 1.
3708 3727 3771 3797 1.)

2123 3809 2456 3867 Clotharius
2479 3812 2695 3881 itaque,
2716 3811 2868 3869 filius
2891 3813 3189 3884 Hilperici,
3205 3814 3457 3871 collecto
3479 3816 3767 3887 exercitu,

2122 3895 2266 3954 fines
2300 3900 2481 3968 regni,
2510 3901 2606 3970 qui
2640 3915 2758 3956 suae
2792 3900 2997 3956 ditioni
3032 3900 3417 3970 debebantur,
3444 3918 3575 3960 cum
3597 3920 3771 3962 cona-

2121 3986 2293 4042 batur
2316 3988 2599 4058 recipere,
2619 3988 2945 4057 Sigibertus
2968 3990 3016 4045 ei
3042 4005 3169 4047 cum
3186 3992 3450 4048 exercitu
3472 3995 3766 4060 occurrit;

2119 4089 2286 4144 quem
2318 4075 2414 4130 ille
2445 4080 2676 4147 captum
2711 4077 2950 4146 occidit,
2984 4085 3044 4133 et
3076 4080 3332 4149 quinque
3375 4083 3586 4137 fratres
3617 4082 3764 4152 ejus,

2118 4162 2267 4219 filios
2297 4164 2636 4221 Theoderici
2687 4165 2957 4221 similiter
3009 4168 3325 4224 interemit.
3362 4169 3455 4235 (Θ.
3492 4171 3592 4227 Fr.
3630 4171 3664 4227 Ι.
3704 4172 3765 4244 1.)

2114 4254 2253 4309 Post
2276 4255 2396 4311 haec
2424 4254 2861 4324 Burgundiones
2879 4260 2931 4311 et
2961 4258 3271 4327 Austrasii,
3291 4260 3438 4315 facta
3467 4274 3607 4323 pace
3631 4277 3765 4319 cum

2115 4343 2370 4414 Francis,
2389 4343 2742 4400 Cloi‘iarium
2760 4345 2813 4399 in
2838 4346 3165 4402 monarchia
3184 4348 3367 4405 totius
3385 4350 3545 4417 regni
3566 4364 3762 4421 regem

352 4433 815 4489 Theodebertum
838 4448 907 4487 ex
922 4430 1565 4500 concubina,juniorem
1580 4432 1993 4490 Theodericum
2026 4422 2079 4483 D
2110 4432 2591 4489 sublimaverunt.
2618 4434 2772 4489 Tunc
2793 4433 3297 4493 conclamantibus
3318 4438 3588 4494 omnibus
3622 4440 3762 4497 Bru-

351 4535 423 4577 ex
438 4521 633 4590 regina
652 4521 782 4587 ;sed
807 4520 1000 4576 senior
1020 4519 1459 4575 Theodcbertus
1485 4534 1720 4588 regnum
1746 4523 1989 4595 accepit,

349 4609 577 4667 scilicet
628 4608 983 4665 Austrasiam
1012 4625 1027 4675 ;
1055 4607 1340 4677 juniorem
1390 4623 1529 4664 vero
1575 4609 1991 4668 Theodericum

346 4698 477 4756 avia
507 4713 610 4755 sua
645 4696 1002 4755 Brunihildis
1034 4696 1246 4753 direxit
1280 4697 1337 4754 in
1369 4711 1609 4768 regnum
1633 4700 1990 4757 Guntrammi

342 4787 521 4859 regis,
554 4786 826 4845 videlicet
870 4785 1279 4858 Burgundiam.

410 4878 490 4935 Eo
521 4885 787 4951 tempore
819 4876 1204 4947 Fridegundis
1238 4879 1463 4933 mortua
1495 4881 1603 4934 est.
1634 4877 1989 4937 Brunihildis

335 4970 528 5024 autem
561 4981 803 5040 parvum
835 4965 1141 5023 consilium
1166 4964 1632 5021 subministravit
1658 4968 1851 5039 nepoti
1878 4983 1985 5026 suo

334 5054 711 5123 Theoderico,
738 5054 971 5112 dicens:
1000 5055 1123 5112 Car
1139 5067 1255 5109 non
1273 5054 1542 5125 requiris
1562 5055 1907 5113 thesaurum
1928 5057 1989 5113 et

331 5153 584 5213 regnum
597 5141 797 5215 patris
819 5142 909 5200 tui
930 5140 1002 5200 de
1018 5155 1206 5200 manu
1222 5139 1623 5214 Tlteodebertt',
1638 5156 1889 5202 cwmnon
1897 5145 1987 5206 sit

2108 4521 2384 4578 nihildem
2419 4526 2607 4577 morte
2636 4522 2969 4594 turpissima
3002 4538 3131 4579 esse
3161 4526 3530 4596 condignam,
3568 4528 3756 4599 primo

2103 4610 2326 4667 camelo
2388 4610 2715 4683 impositam
2773 4615 2960 4667 totum
2991 4614 3314 4669 exercitum
3347 4629 3558 4685 gyrare
3594 4617 3754 4688 fecit,

2103 4698 2311 4756 deinde
2336 4699 2744 4756 indomitorum
2772 4700 3019 4771 pedibus
3041 4715 3323 4772 equorum
3347 4702 3650 4774 alligatam
3670 4708 3758 4763 in-

2100 4790 2270 4845 terim
2305 4788 2584 4860 precepit,
2612 4786 3104 4860 sepulchrumque
3126 4790 3255 4861 ejus
3277 4791 3430 4861 ignis
3454 4793 3580 4849 fuit.
3612 4795 3754 4852 Erat

2098 4882 2291 4936 autem
2317 4878 2614 4934 Clothario
2637 4877 2792 4935 illius
2815 4878 3042 4935 nomine
3064 4879 3452 4951 Dagobertus,
3472 4897 3618 4954 puer
3633 4884 3753 4941 emo

2096 4983 2203 5025 cax
2234 4973 2289 5024 et
2325 4972 2601 5025 strenuus
2631 4972 2688 5024 et
2723 4967 2793 5023 ad
2825 4968 3014 5025 omnia
3047 4968 3518 5041 sollertissimus,
3554 4986 3747 5044 quem-

2096 5071 2197 5115 rex
2222 5058 2484 5115 adultum
2505 5070 2633 5115 cum
2659 5056 2902 5129 Pippino
2923 5057 3138 5115 ducein
3156 5060 3522 5117 Austrasiam
3541 5074 3742 5132 regna-

2093 5154 2287 5207 turum
2319 5146 2551 5206 direxit.
2580 5145 2910 5206 Clotharius
2939 5151 3133 5205 autem
3163 5162 3293 5206 cum
3328 5152 3606 5222 regnaret
3636 5164 3737 5210 an-

1679 5306 1918 5366 VARIIE
1976 5310 2375 5371 LECTIONES.

398 5436 469 5475 π’
494 5437 841 5501 andoveram
872 5446 944 5503 9°.
1023 5441 1095 5479 ⁷³³
1124 5442 1526 5505 theodoricnm
1559 5450 1636 5505 9ο.

321 5504 391 5546 ⁷³⁸
419 5509 584 5574 deut
606 5512 683 5573 9°.
760 5511 831 5555 ἰιι
857 5527 904 5573 ε.
938 5531 989 5579 a.
1025 5518 1078 5573 ὅ.
1156 5504 1484 5578 ⁷⁸⁸ίειιῑθιιιθ
1514 5522 1565 5576 5.

1742 5446 1813 5483 ⁷⁸⁰
1842 5465 1898 5509 u.
1934 5465 2037 5508 sua
2069 5455 2145 5506 9".
2225 5449 2293 5485 ⁷⁸1
2332 5466 2380 5507 a.
2417 5448 2512 5523 qui
2559 5449 2759 5508 Franci
2802 5449 3092 5524 quondam
3131 5454 3208 5508 9°.
3286 5447 3357 5485 ⁷³⁸
3394 5465 3446 5509 a.
3498 5464 3607 5511 suo
3658 5454 3731 5507 9ο.
