3986 6048
220 213 349 283 ’725

1097 212 1538 280 CHRONICA.
1576 248 1649 262 —
1680 204 2161 281 CHRO'NICON
2204 216 2754 284 UNIVERSALE.

3512 214 3633 284 728

216 351 474 413 nudatos
496 349 814 412 deseruere
833 349 1082 426 pedites,
1104 364 1252 425 quos
1275 349 1447 408 Gothi
1472 364 1604 409 mox
1624 348 1872 410 circum-
1899 352 1954 414 A
1983 351 2443 427 stantinopolim,
2498 354 2596 413 ubi
2645 358 2787 414 tunc
2816 351 3136 429 Dominica,
3167 368 3315 414 uxor
3343 350 3624 429 Valentis,

221 442 537 514 dederunt,
554 456 623 499 ac
636 440 980 513 sagittarum
1007 440 1260 498 nubibus
1286 439 1395 497 huc
1412 443 1469 496 et
1492 439 1629 499 illuc
1655 441 1877 512 fugien-

219 538 321 591 tes
335 533 680 590 obruerunt.
703 532 833 601 lpse
850 544 1078 602 quoque
1100 530 1417 603 imperator
1429 528 1608 586 Valen
1628 548 1639 580 ς
1656 534 1874 601 sagitta

218 619 528 678 sauciatus
549 622 607 676 et
633 619 688 674 in
715 619 904 690 fugam
940 632 1163 689 versus,
1194 633 1324 675 cum
1349 619 1424 675 ob
1449 618 1682 675 nimium
1717 617 1876 674 dolo-

218 722 347 766 rem
380 708 451 764 de
482 722 634 779 equo
661 707 980 777 laberetur,
1009 707 1061 763 in
1090 707 1425 764 vilissimam
1448 721 1643 764 casam
1667 707 1876 780 depor-

217 801 407 867 tatur,
459 796 582 867 ubi,
626 795 827 853 Gothis
872 796 1422 869 supervenientibus
1469 796 1775 867 ipsumque
1804 793 1873 829 ⁷⁸⁸

220 886 309 943 ibi
338 885 759 957 nescientibus,
792 885 922 956 igne
958 885 1233 958 imposito
1264 888 1690 955 concrematur,
1724 898 1874 941 anno

216 976 361 1034 vitae
390 975 461 1010 ⁷⁸⁸
490 979 606 1047 50°,
643 976 806 1046 regni
854 982 1046 1033 autem
1077 980 1192 1047 15°,
1228 990 1475 1048 quorum
1509 980 1567 1031 11
1605 974 1869 1045 regnavit

215 1080 354 1123 cum
380 1066 583 1136 fratre,
609 1066 642 1121 4
660 1070 791 1137 post
817 1063 999 1122 illum.
1024 1066 1191 1122 Iusto
1216 1064 1412 1136 itaque
1436 1064 1535 1120 Dei
1553 1062 1775 1135 judicio
1797 1064 1870 1120 ab

214 1153 343 1212 illis
364 1154 479 1224 igni
502 1158 800 1211 crematus
819 1158 928 1224 est,
952 1168 1099 1225 quos
1120 1154 1245 1225 ipse
1270 1153 1529 1226 perﬁdiae
1553 1151 1871 1210 succende-

214 1247 314 1300 rat
367 1242 514 1313 igne.
570 1244 751 1299 Antea
801 1242 1015 1314 quippe
1062 1242 1403 1313 petentibus
1456 1241 1658 1298 Gothis
1688 1245 1752 1298 ut
1784 1241 1870 1299 eis

215 1333 487 1389 mitteret
521 1331 925 1404 predicatores
954 1335 1014 1388 et
1044 1335 1335 1401 doctores,
1372 1330 1469 1401 qui
1498 1344 1601 1388 eos
1626 1329 1869 1387 catholi-

212 1436 346 1480 cam
371 1421 539 1478 fidem
560 1421 943 1491 instruerent,
969 1419 1125 1477 misit
1144 1421 1422 1478 Arrianos
1441 1421 1733 1489 doctores,
1756 1420 1868 1477 sic-

214 1524 334 1582 que
359 1510 546 1567 omnis
568 1509 664 1566 illa
687 1523 831 1580 gens
855 1510 1096 1566 Arriana
1119 1511 1267 1566 facta
1288 1513 1397 1567 est.
1428 1510 1650 1567 Mortuo
1670 1512 1864 1566 autem

214 1599 484 1670 Valente,
527 1598 695 1656 Gothi
724 1599 839 1670 jam
872 1598 1064 1656 securi
1099 1602 1352 1670 pergunt
1382 1597 1454 1655 ad
1487 1598 1689 1654 urbem
1721 1597 1864 1661 Con-

1986 443 2258 510 sedebat;
2294 458 2421 515 quae
2452 459 2522 501 ex
2552 445 2761 503 aerario
2798 445 3035 517 publico
3075 445 3291 518 premia
3326 446 3471 503 bene
3502 460 3629 505 cer-

1987 532 2247 591 tantibus
2314 536 2593 608 prebens,
2664 539 2866 595 urbem
2940 536 3195 594 viriliter
3253 534 3621 593 defendebat.

1986 622 2197 695 (Ηιειι.)
2231 624 2347 680 Sub
2371 624 2458 681 his
2487 625 2852 699 temporibus
2888 625 3237 698 Apollinaris
3268 624 3624 683 Laodicenus

1983 713 2300 784 episcopus
2339 712 2521 770 multa
2563 723 2779 773 nostrae
2820 715 3119 786 religionis
3147 717 3365 784 scripta
3396 727 3627 785 compo-

1985 800 2130 867 suit;
2165 802 2259 871 qui
2289 808 2493 875 postea
2516 802 2756 861 devians
2778 817 2808 859 a
2832 802 2964 873 fide,
2990 801 3239 859 heresim
3263 800 3351 858 sui
3378 799 3625 857 nominis

1985 889 2258 947 instituit.
2296 890 2438 957 Quia
2459 889 2529 925 ⁷⁸⁷
2554 907 2690 948 vero
2714 891 3030 949 Gothorum
3056 889 3273 946 mentio
3298 904 3411 945 non
3435 887 3624 945 solum

1981 976 2037 1033 in
2060 977 2167 1034 hoc
2191 978 2319 1036 loco
2342 980 2444 1035 sed
2469 985 2524 1036 et
2552 980 2605 1035 in
2630 979 3087 1052 precedentibus
3111 992 3249 1050 sepe
3279 982 3372 1035 est
3401 976 3618 1045 habita,

1978 1070 2036 1123 et
2057 1066 2112 1122 in
2131 1068 2514 1138 sequentibus
2533 1068 2731 1141 sepius
2746 1066 3111 1139 habendam,
3130 1082 3242 1124 non
3262 1065 3620 1137 superﬂuum

1978 1154 2232 1226 videtur,
2260 1156 2307 1213 si
2332 1156 2403 1213 de
2425 1156 2650 1228 origine
2672 1171 2875 1214 eorum
2899 1157 3077 1213 altius
3099 1156 3170 1212 ab
3193 1154 3362 1211 initio
3395 1158 3622 1226 repeta-

1977 1246 2093 1313 tur,
2120 1247 2179 1298 et
2204 1244 2300 1315 qui
2324 1247 2422 1300 aut
2447 1244 2597 1301 unde
2618 1249 2841 1314 essent,
2875 1259 3043 1315 quam
3068 1241 3409 1298 brevissime
3439 1238 3621 1296 veris-

1976 1330 2238 1402 simeque
2271 1336 2483 1404 potest,
2510 1333 2603 1408 hic
2625 1332 2845 1404 aliquid
2873 1333 3179 1400 inseratur,
3207 1330 3337 1401 quia
3362 1332 3419 1385 et
3444 1326 3615 1397 Huni,

1978 1420 2075 1490 qui
2106 1433 2210 1477 eos
2239 1420 2311 1477 de
2344 1421 2586 1479 sedibus
2628 1422 2748 1479 suis
2787 1420 3084 1492 expulisse
3115 1419 3469 1488 referuntur,
3505 1415 3618 1473 ori-

1973 1509 2165 1579 ginem
2212 1525 2285 1567 ex
2334 1510 2425 1568 his
2472 1511 2726 1568 traxisse
2776 1509 3068 1579 dicuntur,
3130 1507 3331 1580 chidi
3388 1520 3616 1577 quoque

1977 1600 2295 1655 Amazones
2324 1612 2395 1655 ex
2427 1599 2513 1656 eis
2546 1599 2903 1672 processisse
2926 1599 3219 1668 leguntur.

1401 1747 1819 1811 HYSTORIA
1862 1746 2323 1810 GOTHOHUM
2364 1749 2435 1788 τεο

290 1886 507 1955 (lenm)
539 1882 815 1941 Claudius
840 1866 1234 1953 Ptholomeus,
1260 1883 1421 1941 orbis
1447 1888 1620 1941 terrae
1643 1883 1864 1941 descri-
1892 1883 1944 1943 B
1977 1882 2096 1939 Kal.
2131 1884 2400 1954 Augusti,
2435 1883 2591 1955 quod
2620 1885 2674 1941 in
2707 1884 2914 1941 diebus
2943 1882 3099 1941 circa
3130 1880 3393 1939 aestivale
3421 1876 3617 1937 solsti-
3681 1948 3685 1953 ἡ

213 1978 320 2046 pto
342 1973 633 2045 egregius,
660 1972 839 2029 refert
859 1972 915 2027 in
936 1972 1193 2029 secundo
1213 1973 1299 2029 sui
1320 1973 1520 2045 operis
1538 1972 1711 2044 libro,
1737 1986 1865 2029 esse

209 2062 269 2119 in
315 2062 518 2119 oceani
560 2061 742 2118 arctoi
782 2059 906 2117 salo
948 2060 1194 2117 insulam
1242 2062 1529 2133 quandam
1576 2075 1862 2132 magnam,

209 2151 448 2229 nomine
489 2150 806 2220 Scanziam,
853 2150 910 2205 in
953 2150 1184 2206 modum
1228 2150 1349 2206 folii
1391 2152 1539 2207 eetri
1583 2150 1864 2207 lateribus

208 2238 426 2312 pandis
465 2253 567 2309 per
606 2236 844 2308 longum
889 2236 1143 2307 ductam,
1200 2253 1369 2309 quam
1411 2244 1468 2295 et
1508 2239 1864 2311 Pomponius

209 2327 358 2385 Mela
381 2328 435 2384 in
462 2328 635 2384 maris
656 2327 785 2384 sinu
818 2327 1048 2384 Codano
1078 2327 1328 2399 positam
1363 2329 1564 2400 refert,
1597 2328 1766 2398 cujus
1790 2328 1865 2384 ri-

213 2432 320 2490 pas
348 2417 535 2474 influit
557 2430 831 2474 oceanus.
865 2416 997 2473 Haec
1022 2430 1050 2472 a
1077 2416 1269 2473 fronte
1293 2417 1483 2489 posita
1505 2421 1596 2474 est
1621 2414 1863 2474 Vistula:

211 2506 489 2573 ﬂuminis,
535 2505 631 2577 qui
673 2504 1011 2561 Sarmaticis
1061 2504 1358 2562 montibus
1398 2509 1587 2575 ortus,
1632 2506 1689 2561 in
1730 2519 1865 2562 con-

211 2598 422 2667 spectu
447 2593 699 2650 Seanzia
720 2592 1165 2664 septentrionali
1190 2607 1409 2651 oceano
1429 2592 1719 2651 trisulcus
1741 2592 1864 2649 illa-

208 2680 396 2751 bitur,
441 2680 800 2737 Germaniam
845 2680 1256 2753 Scythiamque
1297 2681 1713 2738 determinans.
1756 2673 1863 2735 Ubi

204 2769 385 2825 etiam
404 2768 535 2826 aliae
554 2767 832 2841 pluresm
848 2767 1052 2825 insulae
1074 2769 1349 2827 dicuntur
1367 2784 1501 2826 esse
1522 2768 1861 2850 dispositae;

206 2858 274 2914 ad
316 2872 467 2929 quas
505 2857 551 2915 si
589 2857 898 2928 congelato
940 2857 1082 2914 mari
1118 2858 1194 2914 ob
1236 2858 1472 2914 nimium
1516 2857 1699 2927 frigus
1742 2854 1863 2928 lupl

209 2945 577 3014 transierint,
610 2944 926 3003 luminibus
957 2946 1223 3003 feruntur
1254 2945 1490 3018 privari.
1524 2947 1608 3003 lta
1633 2961 1746 3003 non
1773 2960 1864 3002 so-

205 3034 319 3091 lum
375 3034 706 3092 hominibus
756 3034 1139 3107 inhospitales
1186 3049 1387 3092 verum
1435 3035 1611 3092 etiam
1654 3033 1860 3092 bestiis

213 3130 391 3182 terrm
425 3127 560 3181 sunt
591 3122 881 3182 crudeles.
918 3125 977 3179 In
1002 3124 1241 3180 Seanzia
1270 3138 1410 3180 vero
1440 3123 1627 3182 insula
1660 3123 1857 3181 multis

205 3217 263 3268 et
293 3212 548 3269 diversae
590 3218 823 3269 manent
853 3212 1140 3283 nationes,
1175 3226 1418 3284 quarum
1450 3218 1673 3285 septem
1704 3227 1856 3270 com-

208 3303 491 3358 memorat
523 3299 926 3368 Ptholomcus;
957 3314 1030 3357 ex
1061 3300 1275 3372 quibus
1306 3315 1418 3358 una
1451 3300 1607 3358 dicta
1640 3301 1854 3371 Adogit

1972 1972 2125 2031 cium
2156 1975 2214 2029 in
2241 1973 2577 2045 vespertina
2609 1974 2749 2031 hora
2780 1972 3101 2031 abscondat
3125 1985 3189 2028 se
3210 1967 3317 2039 sol,
3340 1967 3617 2026 occidens

1975 2061 2142 2132 quasi
2195 2067 2323 2135 post
2373 2062 2676 2134 parvulum
2729 2062 3033 2131 tumulum,
3086 2061 3167 2118 ita
3196 2064 3259 2117 ut
3292 2059 3349 2115 in
3381 2057 3615 2114 minimo

1976 2149 2076 2206 illo
2123 2151 2315 2222 spatio
2363 2150 2540 2208 nichil
2588 2150 2689 2207 flat
2736 2151 3132 2219 tenebrarum,
3183 2147 3286 2205 sed
3335 2143 3613 2219 quicquid

1973 2239 2145 2296 homo
2175 2240 2407 2312 operari
2438 2238 2713 2309 voluerit,
2748 2244 3022 2310 tanquam
3053 2238 3110 2293 in
3142 2236 3437 2308 presentia
3470 2232 3613 2291 solis

1977 2328 2194 2401 possit;
2236 2333 2297 2385 et
2328 2328 2374 2386 si
2408 2328 2463 2384 in
2496 2327 2808 2385 altitudine
2838 2327 3117 2383 montium
3148 2324 3408 2395 ejusdem
3440 2330 3613 2378 terrae

1976 2416 2242 2487 fuissent,
2287 2416 2529 2475 forsitan
2561 2415 2650 2473 sol
2682 2428 2974 2487 nunquam
3007 2415 3093 2471 eis
3125 2413 3399 2470 latuisset
3429 2409 3516 2467 ⁷⁸⁸.
3551 2412 3609 2466 In

1976 2505 2165 2562 medio
2204 2509 2399 2564 autem
2440 2504 2631 2576 spatio
2671 2503 2832 2561 illius
2864 2502 3081 2559 minimi
3115 2499 3394 2573 temporis
3424 2496 3611 2554 media

1976 2609 2089 2652 nox
2118 2594 2181 2651 fit
2202 2594 2257 2651 in
2282 2593 2469 2652 medio
2500 2597 2789 2651 terrarum
2818 2592 2995 2650 orbis.
3032 2591 3142 2649 Sed
3172 2594 3229 2648 et
3264 2590 3472 2646 beatus
3504 2589 3615 2642 Au-

1973 2683 2246 2755 gustinus
2295 2683 2349 2738 in
2401 2682 2714 2751 sententia,
2749 2696 2878 2753 quae
2910 2681 2966 2736 in
2995 2676 3416 2738 aacclesiastice
3449 2676 3513 2731 [lt
3542 2673 3613 2731 de

1976 2773 2123 2843 sole,
2157 2772 2228 2829 de
2259 2772 2481 2829 ambitu
2512 2770 2656 2828 solis
2688 2769 2827 2827 dicit
2863 2770 2972 2841 (De
2993 2768 3208 2828 Genesi
3228 2767 3331 2822 lib.
3358 2781 3395 2822 ι.
3423 2766 3609 2836 Opera

1974 2861 2066 2918 ed.
2101 2862 2345 2919 Froben.
2390 2861 2483 2929 Ill,
2517 2875 2572 2931 p.
2606 2860 2731 2931 506)
2762 2879 2775 2915 :
2808 2858 3116 2918 Australis
3145 2871 3280 2929 ergo
3306 2868 3453 2928 pars
3480 2867 3612 2912 cum

1975 2949 2155 3008 habet
2177 2950 2375 3019 solem,
2403 2947 2571 3008 nobis
2601 2947 2729 3006 dies
2757 2948 2877 3018 est;
2904 2962 3037 3006 cum
3065 2948 3263 3004 autem.
3283 2944 3367 3002 ad
3374 2944 3612 3016 partem

1969 3041 2276 3113 aquilonis
2305 3041 2600 3099 circuiens
2623 3038 2993 3110 pervehitur,
3025 3035 3193 3093 nobis
3213 3048 3334 3091 non:
3354 3036 3476 3106 est;
3493 3048 3612 3091 non

1970 3130 2166 3187 tamen
2184 3130 2253 3186 in
2271 3128 2403 3185 alia
2411 3126 2593 3199 parte
2611 3139 2728 3184 non
2744 3131 2829 3183 est
2848 3125 2996 3195 dies,
3020 3123 3125 3182 ubi
3141 3123 3446 3193 presentia
3463 3120 3611 3181 solis

1884 3235 1935 3298 α
1966 3218 2071 3289 est,
2104 3216 2230 3277 nisi
2250 3216 2419 3289 forte
2453 3215 2702 3287 poeticis
2724 3213 3038 3286 ﬁgmentis
3068 3227 3167 3271 cor
3194 3210 3612 3269 inclinandum

1964 3306 2071 3377 est,
2104 3307 2177 3363 ut
2197 3305 2508 3364 credamus
2554 3304 2736 3362 solem
2780 3302 2941 3360 mari
2968 3314 3032 3360 se
3058 3303 3402 3372 immergere
3429 3300 3612 3370 atque

206 3389 260 3446 in
303 3394 509 3448 arctoa
549 3393 715 3462 parte
754 3389 1013 3459 ejusdem
1052 3389 1260 3447 insulae
1298 3389 1593 3461 consistit,
1639 3404 1767 3461 quae
1799 3389 1855 3446 in
1960 3395 2102 3455 inde
2118 3394 2302 3452 lotum
2318 3407 2394 3451 ea:
2410 3391 3606 3464 aliapartemaneswgere;guamguam,

208 3479 395 3536 media
439 3481 645 3536 estate
676 3480 744 3535 40
784 3478 991 3535 diebus
1031 3481 1088 3535 et
1128 3478 1403 3536 noctibus
1443 3477 1631 3537 lucem
1671 3477 1857 3535 conti-

206 3580 378 3624 nuam
417 3566 605 3624 fertur
635 3566 870 3637 habere,
913 3566 1169 3638 itemque
1211 3567 1402 3624 medio
1436 3566 1683 3625 brumali
1716 3570 1858 3623 tem-

207 3669 347 3727 pore
372 3655 581 3714 eodem
605 3654 830 3713 dierum
859 3656 1237 3727 noctiumque
1269 3670 1529 3727 numero,
1565 3655 1856 3714 alternata

207 3758 463 3803 mmrore
483 3758 613 3801 cum
635 3742 868 3815 gaudio,
901 3743 1117 3801 claram
1149 3743 1335 3802 lucem
1370 3745 1615 3803 nescire.
1653 3747 1721 3803 Et
1747 3746 1857 3803 hoc

207 3833 337 3891 inde
367 3832 554 3903 venit,
589 3833 722 3904 quia
746 3832 1168 3905 prolixioribus
1196 3833 1405 3891 diebus
1432 3848 1533 3906 per
1555 3835 1681 3892 axis
1712 3850 1859 3892 mar-

207 3923 398 3993 ginem
441 3921 626 3979 solem
668 3920 865 3978 vident
908 3921 1251 3979 redeuntem
1286 3923 1357 3978 ad
1389 3923 1692 3994 orientem,
1730 3924 1859 3982 bre-

207 4010 476 4068 vioribus
507 4023 649 4068 vero
681 4024 794 4066 non
818 4010 904 4067 sic
927 4009 1077 4082 apud
1102 4009 1234 4068 illos
1255 4010 1636 4083 conspicitur,
1674 4016 1739 4069 ut
1762 4027 1860 4070 au-

211 4098 430 4156 strales
457 4097 804 4171 conspicere
833 4102 1208 4156 censuerunt.
1242 4098 1420 4156 Nobis
1444 4099 1595 4155 enim
1627 4099 1861 4158 videtur

209 4186 292 4243 sol
324 4188 402 4245 ab
437 4187 551 4244 imo
584 4200 849 4256 surgere,
896 4186 1016 4243 illis
1054 4201 1192 4243 vero
1233 4187 1549 4258 marginem
1583 4187 1855 4247 circuire.

208 4272 319 4332 Nec
371 4275 485 4332 hoc
536 4271 712 4332 alicui
763 4274 1107 4332 incredibile
1155 4274 1443 4346 videatur,
1474 4276 1606 4347 quia
1637 4276 1858 4335 Plinius

210 4360 288 4434 (η,
329 4379 395 4422 c.
443 4365 557 4436 75),
614 4363 970 4421 secularium
1019 4363 1454 4422 eruditissimus
1502 4364 1854 4437 litterarum,

211 4452 416 4510 eodem
446 4451 574 4509 fleri
604 4451 774 4509 modo
798 4452 854 4508 in
878 4452 1068 4510 insula
1097 4452 1255 4509 Thile
1282 4456 1543 4510 testatur
1564 4454 1717 4511 circa
1743 4454 1860 4512 sol-

1963 3485 2019 3542 si
2038 3484 2132 3542 ita
2153 3482 2318 3553 esset,
2340 3480 2593 3553 abyssus
2612 3481 2748 3554 ipsa
2767 3478 2913 3538 solis
2936 3477 3245 3551 presentia
3271 3475 3612 3535 illustrare-

1966 3573 2065 3630 tur
2094 3572 2277 3644 atgue
2302 3569 2392 3627 ibi
2418 3570 2546 3628 dies
2572 3568 2756 3639 esset;
2769 3568 2978 3640 posset
3000 3567 3160 3624 enim
3178 3565 3239 3623 et
3251 3577 3447 3637 aquas
3470 3561 3611 3622 illu-

1962 3662 2212 3729 minare,
2246 3659 2486 3733 guando
2513 3656 2588 3715 ab
2611 3659 2698 3716 eis
2717 3655 2786 3690 ⁷⁸³
2805 3670 2921 3714 non
2943 3654 3143 3726 posset
3168 3652 3480 3725 extingui;
3509 3650 3614 3709 sed

1965 3747 2073 3805 hoc
2096 3747 2536 3805 monstruosum
2566 3745 2655 3803 est
2693 3743 3013 3815 suspicari.

2038 3834 2251 3906 (Ιοιιο.)
2284 3834 2409 3892 Alia
2443 3847 2673 3904 quoque
2692 3846 2836 3903 gens
2857 3831 2935 3886 ibi
2958 3833 3067 3900 est,
3095 3830 3223 3900 quin
3245 3828 3507 3885 Suehans
3527 3827 3612 3884 di-

1967 3922 2141 3993 citur,
2176 3921 2344 3991 cujus
2375 3920 2568 3990 gentis
2599 3919 2860 3975 homines
2890 3917 3059 3989 equis
3091 3920 3338 3974 utuntur
3358 3914 3607 3985 eximiis,

1967 4013 2024 4067 et
2057 4009 2112 4066 hi
2143 4013 2276 4067 sunt
2310 4007 2405 4080 qui
2439 4008 2492 4063 in
2530 4021 2670 4064 usus
2699 4008 2986 4063 Romanos
3019 4004 3369 4077 Sapheriuas
3402 4002 3608 4075 pelles,

1969 4097 2320 4156 commercio
2351 4096 2797 4164 interveniente,
2823 4108 2927 4165 per
2949 4092 3095 4150 alias
3119 4091 3453 4148 innumeras
3475 4104 3613 4161 gen-

1967 4193 2060 4245 tes
2083 4186 2515 4255 transmittunt,
2552 4182 2756 4239 famosi
2779 4182 2987 4239 decora
3010 4179 3249 4254 pellium
3282 4178 3606 4250 nigredine.

1969 4276 2035 4333 Hi
2056 4274 2124 4310 ⁷⁸³
2147 4290 2277 4334 cum
2300 4274 2503 4346 inopes
2526 4272 2742 4342 vivant,
2776 4272 2830 4329 di
2841 4271 3065 4328 tissime
3088 4268 3440 4326 vcstiuntur.
3467 4269 3613 4324 Sunt

1971 4365 2048 4420 ibi
2071 4371 2131 4421 et
2156 4362 2398 4433 Suetidi,
2423 4361 2640 4432 cogniti
2666 4361 2720 4418 in
2743 4361 2852 4417 hac
2873 4363 3069 4431 gente,
3102 4357 3344 4430 reliquis
3362 4371 3611 4429 corpore

1968 4452 2402 4522 eminentiores,
2430 4450 2695 4523 quamvis
2712 4450 2875 4520 Dani,
2897 4464 2970 4506 ex
2987 4448 3249 4521 ipsorum
3275 4446 3463 4519 stirpe
3488 4460 3616 4518 pro-

212 4540 446 4599 sticium
474 4539 739 4599 aestivale
771 4545 832 4597 et
864 4539 1125 4598 brumale
1153 4539 1448 4612 aliquibus
1478 4546 1703 4599 tantum
1738 4543 1857 4599 die-
1890 4538 1939 4596 D
1969 4541 2179 4613 gressi,
2207 4539 2453 4598 Herulos
2479 4539 2734 4611 propriis
2753 4538 2994 4596 sedibus
3023 4535 3378 4609 expulerint,
3411 4534 3510 4607 qui
3533 4534 3616 4590 in-

214 4626 335 4687 bus.
404 4628 571 4696 Quod
618 4633 676 4686 et
726 4628 1081 4686 venerabilis
1140 4628 1292 4685 Beda
1349 4631 1712 4702 comprobat,
1775 4630 1859 4689 di-

208 4728 344 4776 cens
370 4716 525 4789 (226)
554 4717 664 4774 sibi
700 4715 919 4774 dictum
954 4716 1130 4773 fuisse
1158 4732 1189 4773 a
1223 4718 1572 4788 quibusdam
1596 4719 1855 4791 clericis,

214 4804 306 4874 qui
338 4805 399 4863 in
431 4804 636 4864 eadem
664 4803 856 4861 insula
890 4804 1124 4861 fuerunt
1157 4820 1187 4861 a
1218 4804 1338 4861 Kal.
1378 4806 1541 4863 Febr.
1578 4822 1763 4879 usque
1787 4809 1858 4865 ad

1968 4635 2061 4688 ter
2092 4643 2289 4688 omnes
2319 4628 2575 4686 Seanzia)
2605 4629 2875 4685 nationes
2906 4640 3114 4685 nomen
3137 4624 3247 4683 sibi
3273 4623 3614 4697 preeipuum

1969 4722 2044 4777 ob
2075 4719 2307 4776 nimiam
2342 4717 2756 4789 proceritatem
2790 4716 3068 4772 affectant
3096 4713 3185 4770 7“.

2040 4810 2123 4865 Ex
2162 4810 2269 4864 hac
2302 4807 2480 4877 igitur
2513 4806 2753 4863 Seanzia
2788 4803 2998 4874 insula,
3034 4816 3209 4873 quam
3241 4800 3339 4858 alii
3367 4798 3617 4856 Scanda-

1569 4922 1806 4980 VARUE
1847 4924 2142 4981 LECTION
2146 4923 2244 4980 ES.

281 5023 348 5058 ⁷⁸⁸
381 5024 567 5097 ipsum
591 5030 694 5097 9¢._
747 5023 815 5058 ⁷⁵⁸
847 5039 899 5080 v.
924 5039 1027 5082 sue
1042 5029 1099 5097 5.
1125 5029 1200 5082 9°.
1278 5024 1346 5060 ⁷³⁷
1373 5026 1652 5085 Historia
1675 5029 2000 5088 Gothorum
2022 5029 2187 5087 deest
2203 5031 2280 5096 E;
2298 5028 2366 5085 in
2385 5029 2483 5085 D1.
2509 5040 2645 5086 vero
2664 5026 2731 5083 in
2751 5020 3247 5097 quaternionibus
3266 5019 3610 5097 XILIIII.

206 5095 337 5164 jam
366 5092 776 5171 deﬁcientibus
803 5096 1133 5171 separatim
1173 5097 1579 5171 scriptaerat.
1613 5099 1693 5171 In
1716 5102 1768 5157 2.
1802 5102 1909 5170 qui
1930 5101 2207 5171 plurima
2231 5092 2439 5171 entisit
2477 5098 2678 5171 omnia
2705 5092 2842 5168 jam
2873 5095 3012 5171 inde
3044 5108 3083 5152 a
3115 5092 3617 5171 perbisihtortuo

218 5171 404 5243 autem
436 5166 926 5243 Valenteomissa
953 5168 1110 5243 sunt.
1189 5166 1377 5243 7"_e_st
1410 5170 1465 5243 ῃ·
1499 5174 1549 5225 5.
1628 5167 1697 5202 ⁷⁵⁸
1728 5166 2071 5243 Gottho'rum
2101 5178 2151 5229 5.
2228 5169 2299 5203 τ⁶⁰
2331 5184 2501 5242 quam
2527 5166 2722 5243 plures
2751 5171 2827 5225 9°.

2905 5164 2975 5199 7“
3004 5171 3043 5223 ι.
3076 5165 3164 5222 eis
3187 5171 3237 5222 5.
3314 5162 3383 5199 ⁷⁶²
3414 5179 3468 5236 q.
3505 5178 3616 5220 non

218 5249 272 5305 p.
305 5238 377 5295 ab
406 5238 494 5295 eis
524 5242 573 5294 5.
653 5236 723 5271 ⁷⁸³
752 5238 831 5293 hii
867 5243 915 5295 5.
950 5240 1188 5310 sapius.
1268 5237 1335 5271 7“
1369 5238 1645 5297 aﬂ‘ectent
1676 5244 1725 5298 4.
1763 5246 1847 5297 10.
1882 5241 2174 5300 aﬂlectent
2203 5246 2281 5299 9°.

1818 5346 2021 5405 ΝΟΤιΕ
2035 5389 2051 5405 .

1818 5349 1864 5404 Ν
1915 5348 2051 5405 TE.

288 5438 433 5523 (229)
458 5441 599 5523 llaec
631 5437 887 5523 in‘Bedaa
917 5439 1448 5523 operibusofrustra
1482 5441 1795 5523 quaeri,se_d
1826 5348 1912 5505 in0
1998 5446 2399 5520 Lappenberg.
2436 5439 2668 5500 Archiv.
2704 5458 2785 5515 v1,
2819 5458 2874 5516 p.
2908 5442 3014 5498 890
3050 5437 3344 5499 adnotavit

224 5505 424 5569 Dicuili
458 5512 630 5572 libro.
670 5514 748 5571 De
783 5505 1050 5573 mensura
1085 5511 1246 5571 orbis
1273 5528 1372 5585 vn,
1406 5519 1458 5585 2,
1492 5505 1543 5583 ὁ,
1582 5505 1713 5588 legi,
1743 5518 1860 5589 jam
