3992 6054
329 251 445 316 727

1485 246 1973 316 EKKEHARDI
2012 244 2579 316 URAUGIENSIS

3621 246 3743 313 τε

330 390 555 450 naviam
583 389 785 450 dicunt
814 391 1008 464 (Pana.
1040 390 1196 447 Duc.
1234 405 1273 462 ι,
1300 393 1353 448 2.
1391 389 1470 448 Cf.
1504 405 1554 446 e.
1588 390 1662 463 1),
1695 388 1859 460 quasi
1892 389 1971 446 of-
2002 388 2058 449 A
2091 388 2436 446 Marsianum
2469 386 2770 457 dilatatur,
2797 399 2985 458 usque
3008 383 3080 443 ad
3102 383 3427 444 Danubium
3460 388 3749 446 montem'

331 482 496 540 ﬂcina
526 480 804 551 gentium,
839 483 941 537 aut
969 485 1131 538 certe
1157 480 1321 538 velut
1348 495 1379 536 e
1410 480 1614 549 vagina
1650 481 1968 549 nationum,

331 571 577 628 diversze
610 570 878 627 nationes
905 583 1161 636 egressa;
1193 575 1350 636 sunt,
1381 569 1539 634 Dani,
1568 570 1721 639 Daci,
1750 569 1970 640 Heruli,

328 660 496 730 Rugi,
516 658 851 729 Turcilingi,
874 658 1158 727 Wandali,
1178 659 1303 714 Win
1332 659 1368 715 h
1389 658 1484 729 qui
1504 664 1565 714 et
1586 658 1971 729 Longobardi,

328 752 386 807 et
419 748 475 804 bi
510 749 606 818 qui
651 752 851 819 postea
894 747 1338 817 Burgundiones
1377 747 1517 804 dicti
1559 752 1717 817 sunt,
1752 752 1810 803 et
1844 747 1974 804 alite

329 837 525 895 multae
551 838 815 894 barbarae
838 836 1125 891 nationes.
1163 836 1377 907 Noun.)
1408 837 1485 893 Ex
1516 836 1716 894 eadem
1743 850 1975 908 quoque

326 942 455 985 cum
485 941 622 997 rege
652 941 756 983 suo
789 926 1018 983 nomine
1058 925 1264 983 Berieh
1305 925 1496 995 Gothi,
1533 927 1628 997 qui
1659 932 1719 985 et
1750 928 1971 998 Gethze,

324 1016 610 1089 quondam
653 1020 1046 1072 memorantur
1089 1016 1310 1085 egressi
1352 1029 1481 1072 cum
1521 1016 1710 1073 tribus
1750 1022 1973 1073 tantum

325 1106 587 1162 navibus.
617 1103 724 1161 Sed
750 1104 846 1175 qui
875 1105 926 1159 in
955 1120 1063 1162 una
1088 1110 1253 1162 erant
1279 1106 1432 1175 navi,
1453 1106 1879 1174 aliquantulum
1905 1105 1975 1141 ’³⁸⁸

330 1198 392 1252 ut
427 1194 550 1251 ﬂeri
591 1195 764 1265 solet,
806 1196 1114 1259 tardiores,
1149 1211 1276 1252 cum
1321 1195 1467 1252 alios
1501 1196 1664 1264 sequi
1702 1210 1812 1252 non
1853 1210 1980 1265 pos-

331 1289 481 1356 sent,
514 1285 568 1340 in
593 1285 878 1356 quandam
909 1284 1151 1341 Vistulaa
1185 1285 1437 1342 ﬂuminis
1466 1284 1713 1340 insulam
1745 1285 1981 1341 venien'

328 1380 421 1434 tes
444 1390 751 1447 quousque
774 1375 1045 1431 meliores
1069 1374 1394 1431 invenirent
1419 1375 1612 1446 sedes,
1641 1376 1717 1431 ibi
1746 1377 1979 1433 resede-

330 1471 489 1535 runt,
535 1480 859 1534 nomenque
910 1464 1067 1535 genti
1110 1479 1179 1521 ex
1217 1465 1499 1520 tarditate
1542 1479 1644 1521 sua
1686 1465 1976 1522 dederunt

331 1554 547 1625 (Ibid.,
578 1570 629 1611 e.
669 1554 756 1624 17)
798 1555 935 1609 Nam
978 1554 1172 1623 lingua
1215 1568 1411 1609 eorum
1446 1554 1682 1625 pigr’tia
1717 1555 1973 1624 Gepanta

332 1643 568 1709 dicitur,
603 1644 844 1714 ipsaque
865 1657 1009 1709 gens
1034 1648 1227 1709 postea
1262 1642 1537 1711 pau‘atim
1562 1646 1844 1713 corrupto
1878 1659 1976 1700 no-

2090 494 2202 550 que
2231 480 2500 540 Taurum.
2525 494 2635 536 non
2663 478 2823 536 illum
2849 478 2997 535 Asiae
3020 478 3121 533 sed
3143 477 3440 549 proprium
3468 478 3743 551 Scythia,

2090 585 2193 643 per
2214 584 2438 625 omnem
2464 569 2732 627 Meotidis
2754 568 3054 631 ambitum,
3085 570 3253 636 cujus
3276 567 3508 639 paludis
3530 568 3747 627 circui-

2084 658 2272 718 tusm
2294 665 2382 718 est
2413 673 2687 728 passuum
2720 658 2875 715 mille
2904 663 3135 714 centum
3169 660 3256 723 44,
3294 671 3571 727 nusquam
3600 664 3743 717 octo

2086 750 2304 808 cubitis
2336 750 2514 806 altius
2543 748 2927 805 subsidentia.
2955 748 3015 802 In
3041 761 3150 817 qua
3184 747 3414 818 Scythia
3448 748 3631 820 prima
3664 750 3743 805 ab

2086 839 2390 896 occidente
2410 854 2554 909 gens
2574 843 2666 894 est
2688 837 3195 907 Gepiderum,quae
3221 837 3441 907 magnis
3457 837 3743 910 opinatis-

2090 944 2201 1001 que
2234 929 2490 985 ambitur
2539 928 2891 993 ﬂuminibus,
2922 924 3302 983 introrsus"m
3344 928 3506 984 Datia
3525 934 3635 995 est,
3667 929 3738 987 ad

2087 1034 2318 1077 coronae
2348 1019 2604 1090 speciem
2638 1017 2839 1074 arduis
2872 1016 3117 1087 Alpibus
3147 1017 3436 1083 emunita;
3467 1016 3597 1074 dein
3633 1033 3740 1090 per

2090 1110 2367 1165 immensa
2410 1109 2599 1178 spatia
2640 1107 3009 1163 Venetiarum
3043 1105 3202 1162 natio
3238 1106 3512 1176 populosa
3546 1108 3739 1164 consi-

2090 1200 2208 1268 det,
2237 1215 2478 1268 quornm
2502 1198 2726 1253 nomina
2751 1197 2886 1254 licet
2909 1212 3059 1252 nunc
3081 1210 3181 1265 per
3199 1197 3392 1252 varias
3414 1197 3659 1253 familias
3677 1201 3739 1255 et

2090 1287 2211 1345 loca
2248 1292 2567 1355 mutentur,
2604 1286 3007 1359 principaliter
3042 1290 3154 1342 tam
3198 1302 3229 1342 n
3264 1286 3526 1342 Selaveni
3562 1288 3739 1344 nomi-

2089 1382 2322 1434 nantnr.
2375 1378 2563 1433 Prima
2614 1391 2755 1432 vero
2789 1377 3007 1430 mansio
3053 1376 3365 1432 Gothorum
3397 1377 3451 1431 in
3487 1376 3736 1446 Scythia

2089 1465 2213 1520 solo
2239 1465 2526 1533 fuitjuxta
2564 1463 2828 1533 paludem
2863 1463 3186 1529 Mrotidem,
3218 1462 3469 1519 secunda
3496 1464 3547 1518 in
3573 1464 3736 1521 Misia

2088 1555 2404 1623 Traciaque
2426 1560 2485 1609 et
2509 1552 2691 1614 Datia,
2720 1553 2899 1608 tercia
2925 1567 3102 1621 supra
3130 1566 3286 1608 mare
3308 1553 3629 1610 Vont‘cum.
3665 1554 3737 1610 Et

2091 1642 2224 1698 dum
2251 1644 2304 1698 in
2331 1643 2512 1712 prima
2536 1642 2854 1708 sedejuxta
2882 1641 3187 1697 Meotidem
3222 1641 3572 1697 habitarent.
3609 1641 3738 1697 Fili-

333 1733 482 1788 mine
505 1747 572 1788 ex
595 1732 738 1788 vitio
767 1731 1063 1788 tarditatis
1090 1732 1437 1803 Gepi'lorum
1472 1732 1816 1788 vocabulum
1852 1747 1974 1788 sor-
2003 1750 2058 1811 Β
2093 1746 2303 1787 merem
2335 1746 2523 1795 regem
2550 1729 2899 1791 habuerunt,
2927 1730 2981 1784 in
3003 1730 3275 1785 secunda.
3301 1730 3353 1786 id
3377 1734 3464 1785 est
3486 1730 3538 1785 in
3560 1731 3739 1788 Misiae

330 1821 498 1877 titur.
525 1820 688 1887 Quod
711 1821 893 1891 ipsum
915 1835 1019 1877 nec
1038 1821 1217 1876 credo
1242 1820 1643 1885 falsissimum;
1669 1825 1800 1877 sunt
1821 1822 1971 1878 enim

335 1909 566 1978 ingenio
594 1908 885 1965 tardiores
905 1913 962 1964 et
987 1908 1294 1965 velocitate
1317 1924 1623 1981 corporum
1648 1910 1969 1979 graviores.

335 1999 417 2069 (C.
446 2001 480 2055 4
500 2000 655 2070 sqq.)
690 1997 799 2055 Alii
836 2012 971 2055 vero
1003 1998 1180 2068 quiin
1206 1997 1432 2055 duabus
1460 2005 1629 2054 erant
1663 2014 1789 2055 mox
1814 1999 1977 2055 utei-

332 2088 612 2145 teriorem
655 2087 853 2143 oceani
888 2087 1067 2159 ripam
1101 2087 1446 2156 attigerunt,
1481 2102 1686 2145 nomen
1722 2088 1849 2145 loco
1880 2088 1977 2144 de-

332 2176 567 2236 derunt.
594 2176 688 2246 qui
714 2176 1022 2247 hodieque,
1050 2180 1108 2231 ut
1138 2177 1342 2241 fertur,
1375 2177 1778 2233 Gothiscanzia
1811 2192 1978 2233 voca-

332 2270 449 2322 tur.
480 2265 616 2321 Inde
638 2279 759 2321 mox
784 2270 1206 2337 promoventes,
1231 2264 1301 2321 ad
1323 2265 1763 2334 Ulmerugorum
1786 2266 1972 2329 sedes,

334 2353 432 2424 qui
476 2356 615 2410 tunc
661 2354 859 2410 oceani
908 2353 1061 2426 ripas
1110 2354 1474 2421 insederunt,
1527 2360 1725 2411 castra
1774 2355 1978 2412 metati

334 2443 490 2511 sunt,
533 2455 774 2513 eosque,
818 2442 1130 2498 commisso
1168 2441 1372 2514 praelio
1439 2443 1692 2513 prepriis
1737 2443 1977 2501 sedibus

335 2529 709 2601 expulerunt,
752 2531 1089 2601 vicinosque
1126 2546 1325 2586 eorum
1367 2530 1681 2586 Wandalos
1713 2538 1851 2589 tunc
1886 2547 1980 2588 su-

335 2617 664 2688 bjugantes,
686 2620 811 2675 suis
832 2619 1098 2676 victoriis
1117 2619 1576 2690 applicaverunt.
1607 2621 1710 2677 Ubi
1735 2636 1871 2677 vero
1886 2619 1975 2691 7“,

336 2720 539 2775 magna
565 2707 762 2777 populi
791 2708 1213 2763 numerositate
1235 2712 1561 2773 crescente,
1599 2709 1837 2778 quintus
1860 2709 1978 2779 jam

338 2808 483 2865 pene
524 2810 624 2851 rex
668 2800 799 2866 post
839 2795 1039 2852 Bericli
1081 2796 1381 2865 regnabat,
1430 2795 1678 2866 Filimer,
1713 2798 1978 2854 Gadarici

338 2883 521 2951 Magni
566 2882 738 2954 ﬂlius,
781 2885 1084 2941 consilium
1127 2885 1309 2955 dedit,
1345 2889 1406 2941 ut
1435 2900 1563 2941 cum
1597 2884 1829 2942 familiis
1861 2886 1983 2944 suis

338 2971 655 3030 Gothorum
683 2972 815 3029 inde
835 2972 904 3008 ⁷⁸⁷
933 2978 1297 3044 promoveret
1323 2974 1640 3031 exercitus.
1668 2974 1773 3041 Qui
1802 2976 1982 3047 aptis-

337 3059 513 3117 simas
542 3060 711 3117 sedes
738 3061 984 3132 locaque
1007 3061 1140 3118 dum
1166 3068 1441 3133 quereret
1467 3078 1744 3133 congrua,
1781 3078 1984 3135 perve-

340 3148 425 3204 nit
441 3149 510 3207 ad
532 3148 780 3220 Scythiae
799 3155 1012 3221 terras,
1034 3165 1161 3211 ante
1182 3150 1374 3220 lingua
1395 3165 1598 3208 eorum
1625 3152 1784 3208 Ovim
1801 3150 1870 3186 ⁷⁸⁸
1888 3166 1982 3208 vo-

338 3236 641 3293 rabantur.
673 3242 682 3257 '
718 3238 771 3294 hi
792 3237 1123 3296 delectatus
1145 3253 1344 3309 magna
1366 3240 1636 3296 ubertate
1656 3240 1977 3310 regionum,

340 3338 443 3396 per
484 3329 715 3397 pontem
758 3327 1119 3398 transposuit
1149 3327 1472 3385 exercitum
1507 3328 1657 3385 ultra
1694 3328 1980 3400 quendam

340 3412 598 3469 ﬂuvium.
653 3414 962 3472 Medietatc
1010 3419 1203 3472 autem
1251 3415 1551 3473 exercitus
1601 3417 1977 3489 transposita,

342 3513 509 3571 pons,
543 3499 639 3558 ubi
664 3515 887 3558 amnem
912 3502 1246 3573 trajecerat,
1278 3502 1498 3561 dicitur
1520 3503 1984 3576 irreparabiliter

339 3588 655 3659 corruisse,
693 3605 797 3648 nec
829 3590 1077 3649 ulterius
1109 3592 1272 3650 licuit
1297 3593 1412 3665 jam
1443 3592 1616 3651 alicui
1649 3594 1733 3650 ire
1763 3600 1865 3651 aut
1898 3610 1987 3652 re-

343 3676 488 3733 dire.
514 3678 652 3734 Nam
672 3693 721 3734 IS
741 3679 926 3750 locus,
949 3684 1013 3737 ut
1036 3680 1236 3750 fertur,
1268 3681 1532 3738 tremulis
1556 3682 1866 3754 paludibus
1890 3698 1985 3741 vo-

344 3765 542 3835 ragine
566 3766 939 3838 circumjecta
962 3768 1359 3837 concluditur,
1389 3784 1558 3840 quem
1584 3776 1830 3842 utraque
1852 3787 1985 3829 con-

343 3854 569 3912 fusione
582 3860 787 3913 natura
807 3856 993 3914 reddit
1009 3858 1372 3930 impervium.
1389 3859 1794 3917 Verumtamen
1814 3860 1984 3920 hodie

342 3940 463 4000 illic
480 3948 539 4000 et
557 3958 733 4001 voces
752 3951 1148 4005 armentorum
1167 3947 1357 4005 audiri
1377 3953 1435 4005 et
1458 3949 1512 4004 in
1540 3951 1666 4006 .icia
1692 3950 1983 4008 hominum

291 4064 293 4067 ι
341 4029 718 4106 deprehendi,
736 4036 1181 4093 commeantium
1197 4037 1520 4107 attestatio,
1540 4037 1985 4109 quamvislonge

341 4120 721 4193 audientium,
755 4123 904 4180 solet
928 4125 1257 4196 perhibere.
1286 4126 1348 4181 Hi
1373 4141 1532 4197 ergo,
1559 4127 1653 4198 qui
1678 4128 1832 4197 apud
1856 4127 1987 4184 Fili-

342 4222 463 4267 mer
491 4209 764 4269 dicuntur
788 4212 843 4270 in
866 4220 1060 4270 terras
1084 4214 1246 4271 Ovim
1268 4228 1503 4272 emenso
1527 4228 1692 4272 amne
1719 4221 1987 4288 transpo-

341 4296 459 4368 siti,
502 4304 705 4371 optato
746 4301 915 4373 potiti
958 4301 1104 4370 solo,
1139 4302 1275 4360 ilico
1306 4302 1377 4359 ad
1410 4308 1642 4374 gentem
1679 4302 1981 4375 Spalorum

340 4385 678 4456 adveniunt,
737 4392 1127 4461 consertoque
1175 4391 1396 4462 praelio,
1451 4391 1753 4448 victoriam
1803 4392 1985 4465 adipi-

342 4478 608 4530 scuntur.
642 4476 861 4532 Exinde
905 4478 1020 4548 jam
1071 4476 1234 4535 velut
1270 4479 1530 4537 victores
1559 4482 1627 4537 ad
1662 4485 1981 4538 extremam
2011 4470 2069 4534 D

343 4561 593 4633 Scythiae
627 4568 848 4635 partem
881 4580 1011 4637 qua:
1040 4567 1226 4623 Ponto
1258 4568 1396 4624 mari
1430 4569 1618 4626 vicina
1640 4573 1753 4640 est,
1781 4585 1985 4643 prope-

343 4653 494 4719 rant,
520 4653 1005 4722 quemadmodum
1024 4658 1081 4710 et
1102 4655 1156 4711 in
1179 4656 1391 4727 priscis
1407 4672 1604 4715 eorum
1630 4659 1987 4716 carminibus

345 4751 488 4809 pene
512 4738 807 4810 bystorico
827 4740 942 4798 ritu
963 4741 1017 4798 in
1038 4757 1341 4801 commune
1361 4744 1717 4814 celebratur,
1739 4750 1798 4802 et
1818 4746 1985 4802 Abla-

344 4840 493 4897 vws,
528 4826 859 4901 descriptor
897 4830 1213 4888 Gothorum
1244 4832 1439 4903 gentis
1475 4835 1769 4904 egregius,
1802 4834 1984 4890 veris-

344 4913 487 4973 sima
528 4920 786 4975 testatur
828 4920 1119 4992 hystoria;
1163 4920 1217 4977 in
1261 4936 1432 4994 quam
1466 4922 1815 4979 sententiam
1848 4937 1986 4979 non-

342 5003 484 5062 nulli
498 5020 850 5065 consensere
871 5009 1170 5082 majorum,
1188 5024 1409 5082 eosque
1428 5010 1669 5080 Scythas
1685 5010 1984 5083 appellare

340 5101 713 5152 consuerunt.
741 5096 974 5169 Scythia
999 5098 1288 5171 siquidem
1310 5097 1379 5133 ⁷⁸³
1401 5098 1720 5157 Germaniae
1737 5100 1983 5159 continis

341 5185 457 5252 est,
490 5186 732 5242 eote-nus
755 5185 853 5243 ubi
875 5186 1026 5244 Ister
1045 5186 1115 5222 77°
1135 5186 1344 5246 ﬂuvius
1372 5187 1563 5246 oritur
1591 5187 1683 5244 vel
1712 5192 1981 5259 stagnum

2013 3109 2062 3172 C

2088 1820 2420 1888 Tracimque
2437 1824 2496 1875 ct
2514 1820 2693 1874 Datiae
2717 1819 2857 1881 solo,
2880 1818 3205 1881 Zalmoxen,
3229 1834 3397 1888 quem
3419 1819 3578 1876 mirae
3601 1820 3737 1892 phy-

2090 1908 2371 1979 losophiaa
2408 1914 2468 1964 et
2504 1907 2855 1965 eruditionis
2895 1908 3070 1963 fuisse
3108 1912 3424 1964 testantur.
3466 1907 3735 1978 Plerique

2089 2002 2283 2055 autem
2324 1999 2647 2069 scriptores
2687 1997 2976 2053 annalium
3018 1998 3253 2053 tradunt
3297 2013 3401 2053 eos
3439 1997 3597 2068 prius
3637 1997 3735 2052 ha-

2089 2087 2285 2144 buisse
2308 2087 2665 2143 eruditorem
2687 2088 2941 2152 Zeutem,
2966 2090 3165 2155 postea
3188 2086 3504 2150 Dicineum,
3527 2086 3621 2156 qui
3642 2099 3735 2142 ve-

2088 2177 2174 2232 nit
2196 2176 2266 2231 ad
2291 2190 2395 2232 eos
2418 2191 2485 2231 eo
2509 2181 2773 2246 tempore
2796 2191 2908 2243 quo
2933 2176 3083 2245 Sylla
3118 2176 3373 2231 Romano
3404 2175 3733 2246 principatu

2087 2266 2315 2338 potitus
2343 2269 2455 2329 est,
2488 2270 2622 2334 post
2652 2266 2942 2320 Dicineum
2978 2264 3250 2319 habuisse
3280 2264 3599 2335 sapientem
3635 2264 3738 2319 Co-

2088 2355 2392 2421 mosicum,
2420 2354 2514 2424 qui
2542 2358 2783 2424 propter
2808 2368 2970 2408 suam
3000 2352 3272 2421 periciam
3295 2358 3354 2408 et
3381 2367 3479 2409 rex
3503 2353 3619 2409 illis
3640 2353 3736 2408 ha-

2090 2444 2332 2499 beretur
2360 2446 2417 2499 et
2453 2442 2730 2512 pontilex.
2767 2446 3035 2511 quartum
3061 2457 3198 2497 vero
3224 2442 3495 2497 habuisse
3521 2440 3735 2497 Zalmo-

2088 2547 2218 2588 xen.
2239 2534 2352 2587 Nec
2371 2531 2683 2588 defuerunt
2703 2531 2797 2599 qui
2822 2545 2921 2587 eos
2939 2530 3219 2597 sapientia
3244 2530 3567 2594 erudirent;
3582 2529 3736 2586 unde

2089 2623 2150 2674 et
2196 2633 2343 2690 pene
2389 2616 2458 2651 ⁷⁷⁸
2499 2618 2767 2674 omnibus
2816 2616 3083 2673 barbaris
3131 2618 3296 2673 Gothi
3348 2617 3740 2686 sapientiores

2090 2708 2447 2763 exstiterunt
2492 2706 2806 2775 Grecisque
2851 2721 2994 2777 pene
3038 2706 3278 2771 similes,
3314 2711 3374 2763 ut
3408 2707 3589 2763 refert
3616 2707 3740 2777 Dio,

2094 2796 2188 2867 qui
2221 2796 2516 2868 bystorias
2543 2795 2895 2865 annal-‘sque
2920 2810 3117 2851 eorum
3144 2796 3326 2851 Greco
3352 2794 3488 2850 stilo
3513 2809 3742 2866 compo-

2093 2885 2210 2941 suit
2227 2902 2242 2949 ;
2262 2884 2354 2951 qui
2377 2884 2550 2940 etiam
2573 2883 2712 2940 dicit
2733 2898 2835 2941 eos
2856 2884 3101 2954 primum
3116 2882 3743 2951 Tarabosteos,deinde

2092 2972 2376 3029 Pilleatos
2399 2972 2693 3028 vocitasse
2717 2972 2822 3029 bos
2842 2973 2936 3042 qui
2961 2972 3112 3028 inter
3133 2985 3236 3028 eos
3258 2970 3527 3040 generosi
3552 2976 3745 3028 exsta-

2096 3063 2232 3118 bant
2254 3060 2342 3129 7'“,
2369 3076 2441 3116 ex
2473 3060 2685 3131 quibus
2716 3076 2887 3129 reges
2913 3066 2973 3117 et
3002 3061 3340 3118 sacerdotes
3370 3060 3478 3118 sibi
3512 3061 3746 3117 ordina-

2095 3150 2252 3205 hant.
2308 3148 2466 3205 Adeo
2507 3164 2647 3218 ergo
2686 3148 2907 3207 laudati
2943 3151 3100 3206 fuere
3134 3148 3353 3217 Gethze,
3384 3154 3448 3205 ut
3478 3150 3741 3218 Martem,

2095 3254 2261 3311 quem
2283 3244 2583 3311 poetarum
2608 3239 2831 3296 fallacia
2853 3239 3021 3296 deum
3044 3239 3179 3296 belli
3200 3237 3744 3311 pronunciat,apud

2094 3342 2156 3385 se
2176 3327 2438 3384 dlCBl‘B‘lt
2460 3327 2638 3385 fuisse
2659 3328 3048 3399 progenitum.
3077 3327 3234 3384 Unde
3259 3326 3402 3383 dicit
3426 3326 3739 3396 Virgilius:

2165 3416 2613 3487 Gradivumque
2635 3418 2868 3487 patrem
2898 3417 3123 3476 Geticis
3143 3417 3251 3487 qui
3262 3415 3534 3488 preside!
3550 3415 3740 3473 areis.

2094 3505 2271 3572 Quem
2305 3506 2541 3561 Martem
2574 3506 2741 3561 Gothi
2787 3520 3018 3577 semper
3064 3505 3382 3576 asperrima
3435 3503 3744 3575 placavere

2093 3592 2344 3660 cultura,
2371 3593 2600 3649 scilicet
2619 3598 2803 3650 morte
2821 3594 3207 3665 captivorum,
3232 3593 3542 3664 opinantes
3565 3592 3745 3648 bello-

2093 3697 2217 3739 rum
2237 3682 2531 3754 presulem
2554 3689 2691 3754 apte
2711 3681 2779 3717 τ⁷⁸
2798 3684 3044 3739 humano
3067 3682 3345 3751 sanguine
3373 3680 3738 3752 placandum.

2094 3771 2211 3826 Hac
2244 3771 2440 3841 itaque
2469 3771 2607 3827 sede
2642 3772 3006 3827 morantibus
3043 3770 3264 3840 Gothis,
3296 3770 3390 3841 qui
3425 3774 3482 3825 et
3513 3768 3743 3839 Scytha

2095 3857 2237 3916 dicti
2263 3865 2419 3929 sunt,
2445 3860 2694 3917 Vesoces
2718 3875 2819 3915 rex
2840 3859 3089 3932 Egypti,
3117 3860 3210 3931 qui
3231 3859 3491 3930 regnavit
3512 3873 3581 3915 eo
3598 3863 3746 3914 tem-

2097 3961 2238 4019 pore
2279 3964 2393 4019 quo
2432 3950 2738 4005 Sosarmus
2772 3948 3077 4021 imperavit
3117 3949 3372 4019 Assyriis
3401 3953 3460 4005 et
3494 3946 3742 4004 Inachus

2096 4037 2401 4106 Sycioniis,
2421 4036 2631 4093 bellum
2658 4037 2881 4109 primus
2905 4037 3098 4094 intulit
3122 4038 3165 4094 G
3206 4037 3346 4104 this,
3365 4036 3578 4108 quibus
3603 4040 3744 4092 tunc

2094 4132 2220 4184 erat
2242 4141 2343 4184 rex
2361 4126 2662 4197 Tanausis,
2686 4128 2782 4198 qui
2802 4128 2988 4184 eidem
3008 4142 3328 4185 occurrens
3344 4141 3591 4197 eumque
3613 4139 3744 4195 gra-

2093 4216 2248 4272 viter
2271 4215 2590 4287 debellans,
2618 4231 2803 4288 usque
2828 4217 2880 4273 in
2902 4217 3203 4288 Egyptum
3232 4216 3452 4283 fugavit
3476 4214 3673 4282 (Ouos.
3698 4229 3739 4283 ι,

2098 4307 2206 4377 14),
2255 4304 2599 4363 destitutum
2647 4306 2971 4362 exercitum
3023 4304 3245 4362 invadit
3272 4303 3362 4375 ⁷⁷⁸,
3397 4315 3742 4374 omnemque

2098 4392 2232 4448 belli
2264 4399 2607 4465 apparatum
2630 4394 2910 4465 capessit,
2936 4407 3002 4451 ac
3028 4398 3207 4450 totum
3234 4391 3543 4464 Egyptum
3572 4390 3745 4447 deva-

2098 4485 2337 4550 stasset,
2364 4481 2410 4537 si
2435 4480 2681 4553 paludes
2698 4482 2806 4538 Nili
2823 4497 2932 4538 non
2951 4482 3337 4539 obstitissent.
3369 4481 3503 4537 lude
3523 4478 3742 4537 reversi

2099 4569 2288 4639 Gothi,
2322 4584 2546 4625 omnem
2582 4585 2726 4641 pene
2751 4571 2962 4639 Asiam,
2990 4570 3232 4626 infinitis
3254 4570 3515 4627 caedibus
3538 4568 3745 4641 perdo-

2098 4657 2316 4726 mitam,
2345 4658 2692 4727 vectigalem
2728 4659 3009 4728 fecerunt,
3044 4658 3141 4715 ubi
3174 4673 3279 4731 per
3310 4663 3376 4715 15
3404 4672 3586 4714 annos
3618 4656 3743 4713 sine

2099 4747 2365 4818 pactione
2394 4746 2705 4816 immorati,
2740 4746 2971 4802 tandem
3005 4762 3247 4804 uxorum
3274 4746 3634 4817 ﬂagitatione
3656 4758 3744 4802 re-

2096 4840 2397 4903 vocantur,
2432 4833 2927 4905 denunciantium,
2960 4834 3017 4891 ni
3051 4834 3314 4905 redeant,
3338 4849 3402 4891 se
3423 4849 3452 4890 a
3481 4832 3743 4889 ﬂuitimis

2096 4921 2352 4980 sobolem
2378 4921 2733 4995 quesituras.
2772 4924 2960 4990 (toan.
2982 4938 3033 4980 c.
3060 4925 3137 4995 7.)
3170 4924 3285 4979 Hoc
3308 4926 3501 4979 autem
3525 4920 3737 4993 spatio,

2097 5027 2210 5085 quo
2239 5011 2349 5068 viri
2380 5011 2724 5069 commorati
2748 5018 2883 5069 sunt
2914 5012 2968 5068 in
3001 5013 3157 5083 Asia,
3195 5012 3418 5070 feminae
3450 5011 3686 5069 illorum
3708 5023 3737 5066 a

2094 5100 2285 5158 vicina
2309 5099 2555 5172 quadam
2577 5103 2748 5172 gente
2771 5100 3198 5173 temptanturin
3218 5099 3426 5173 preda;
3452 5100 3552 5158 sed
3572 5098 3688 5156 illae
3706 5112 3737 5155 a

2095 5188 2238 5245 Viris
2252 5189 2376 5246 suis
2389 5189 2634 5260 edoctm,
2655 5190 2907 5261 sumptis
2920 5189 3118 5260 armis,
3144 5188 3741 5247 fortiterrestiterunt

852 5366 857 5369 .
1705 5312 1938 5370 VARIE
1984 5312 2381 5371 LECTIONES.

412 5411 481 5446 ⁷⁸⁸
510 5414 869 5518 aliqgantum
898 5420 950 5497 gs.
1029 5413 1097 5449 ⁷⁸⁸
1127 5421 1372 5518 ergout).
1449 5416 1518 5453 ⁷⁸⁷
1550 5418 1713 5476 deest
1739 5423 1788 5475 5.
1868 5416 1937 5453 ⁷⁸⁸
1964 5419 2118 5476 oium
2150 5422 2200 5473 5.
2235 5418 2295 5475 et
2336 5418 2429 5476 ita
2474 5418 2667 5490 infra.
2747 5416 2816 5452 7”
2847 5416 3078 5490 quidem
3111 5422 3161 5475 5.
3240 5416 3310 5452 77°
3337 5417 3524 5474 hister
3553 5421 3602 5474 δ.
3640 5416 3739 5489 hy-

412 5498 464 5518 :m
498 5486 520 5518 ι
671 5483 690 5517 ι
717 5492 1011 5518 ηνοιοηιθηο
1032 5492 1091 5518 nn.
1185 5489 1205 5518 7
1232 5488 1254 5518 I
1278 5493 1570 5518 ..ιδυωωη
1598 5495 1625 5518 κ
1724 5488 1793 5518 ττι
1818 5489 1978 5518 ΑΔ..4
1997 5495 2025 5518 ιι
2122 5487 2191 5518 ’1³η
2223 5489 2553 5518 ...ρεηιηιυιηι
2586 5493 2606 5518 ι
2659 5488 2983 5518 Annua...“
3009 5492 3068 5518 nn
3140 5487 3209 5518 'I'ﬂ
3240 5493 3374 5518 ηνιδΛ
3395 5493 3455 5518 nn
3502 5488 3663 5518 2...}
3684 5492 3707 5518 ι

343 5488 464 5541 ster
495 5486 545 5541 4.
611 5483 690 5518 Ἧι
717 5485 1013 5543 exercitus
1032 5492 1105 5542 9r.

341 5553 411 5587 ⁷⁷⁸
443 5554 653 5613 invasit
682 5554 733 5612 4.
769 5561 843 5613 9°.

1185 5487 1254 5522 ⁷⁷²
1278 5488 1571 5547 introrsus
1596 5495 1643 5547 ὅ.
1724 5488 1793 5524 ⁷⁷³
1813 5489 1978 5549 deest
1996 5495 2042 5546 5.
2122 5487 2191 5524 7'“
2220 5487 2557 5546 existebant
2581 5493 2629 5545 4.
2657 5487 2987 5548 existebant
3009 5492 3068 5545 9°
3140 5487 3209 5523 ⁷⁷⁵
3238 5493 3375 5563 apto
3395 5493 3471 5545 9°.
3498 5487 3729 5547 does“.
