3992 6054
183 297 300 368 ’119

1050 297 1492 366 CHRONICA.
1527 335 1608 350 -
1633 295 2112 366 CHRONICON
2152 297 2698 364 UNIVERSALE.

3464 295 3583 362 780

184 439 503 511 hostesque
547 434 1028 509 supervenientes
1073 451 1203 494 cum
1238 451 1440 507 magna
1471 437 1822 495 verecundia
1854 439 1908 498 A
1941 435 2194 493 revocati
2222 435 2516 506 leguntur,
2543 435 2770 493 illarum
2793 433 3138 492 veromariti
3163 433 3373 505 partim
3399 431 3572 504 bello,

183 533 530 604 abegeruut.
563 527 723 586 Unde
773 526 1007 599 quidam
1068 526 1292 600 Nono.)
1354 527 1668 600 opinantur
1725 529 1828 585 has

184 620 368 678 fuisse
391 632 520 690 quae
559 619 880 673 Amazones
898 617 1207 683 dicuntur;
1245 617 1344 674 sed
1367 617 1470 673 hoc
1502 631 1828 688 repugnare

183 708 440 779 videtur,
473 705 628 779 quod
660 705 864 762 harum
894 703 1002 763 viri
1038 710 1168 776 post
1195 709 1260 762 15
1289 719 1472 763 annos
1508 707 1578 762 ab
1608 705 1826 762 eisdem

1939 527 2147 598 partim
2167 529 2238 583 ab
2264 527 2408 598 ipsis
2429 525 2603 583 occisi
2621 525 2980 582 scribuntur.
3011 527 3360 581 Amazonum
3381 527 3572 581 autem

1937 616 2102 687 origo
2129 616 2458 686 hujusmodi
2479 615 2658 672 fuisse
2679 613 2915 684 legitur.

1531 834 1638 895 DE
1692 833 2235 900 AMAZONIBUS.

260 947 436 1007 Osos.
467 963 507 1019 ι,
539 948 652 1021 15.)
683 946 872 1006 Medio
916 951 1182 1020 tempore
1213 947 1596 1007 habitationis
1623 950 1836 1008 Gotho-

185 1053 315 1096 rum
343 1038 400 1094 in
429 1037 537 1094 hac
567 1037 726 1104 sede,
762 1036 878 1094 duo
900 1037 1045 1108 regii
1069 1038 1336 1108 juvenes,
1371 1039 1573 1096 Plinus
1619 1046 1678 1095 ct
1701 1041 1835 1096 Sco-

183 1127 465 1200 10petius,
497 1125 650 1198 apud
684 1141 788 1183 eos
825 1141 926 1198 per
958 1129 1264 1184 factionem
1293 1129 1636 1200 optimatum
1662 1130 1833 1186 domo

185 1216 672 1291 pulsi,ingentem
691 1215 934 1285 juventu
949 1222 1057 1272 tem
1083 1232 1278 1274 secum
1296 1221 1549 1289 traxere,
1574 1223 1630 1274 et
1655 1219 1712 1274 in
1736 1222 1835 1275 Ca-

186 1307 449 1380 padociae
471 1305 724 1362 Ponticae
747 1321 846 1362 ora
866 1305 1032 1375 juxta
1057 1307 1294 1364 ﬂuvium
1316 1308 1834 1366 Thermodoontem

182 1396 578 1464 consideutcs,
639 1409 878 1466 campos
907 1396 1334 1468 Themiscyrios
1363 1397 1474 1455 sibi
1509 1398 1830 1468 subjecere.

183 1485 294 1542 Ubi
309 1484 571 1556 proxima
587 1499 832 1555 quaeque
848 1483 982 1540 dum
1001 1485 1373 1556 populantur,
1399 1487 1836 1557 conspiratione

184 1573 562 1631 ﬁnitimorum
582 1588 684 1645 per
703 1572 944 1631 insidias
965 1589 1094 1630 cum
1129 1575 1330 1632 suism
1352 1577 1666 1632 comitibus
1693 1591 1836 1646 pene

184 1663 457 1720 omnibus
479 1661 868 1718 trucidantur.
896 1663 1110 1718 Horum
1143 1679 1356 1720 uxores
1371 1665 1548 1720 exilio
1567 1679 1633 1720 ac
1650 1664 1836 1720 vidui-

184 1758 312 1810 tate
328 1757 630 1824 permotze,
648 1766 803 1808 arma
820 1753 1172 1823 corripiunt,
1189 1758 1247 1808 et
1273 1757 1332 1809 ut
1350 1754 1619 1810 omnibus
1645 1771 1748 1826 par
1766 1771 1839 1811 ex

181 1842 361 1900 simili
383 1839 719 1899 conditione
749 1841 977 1897 animus
1017 1841 1201 1909 fieret,
1232 1842 1385 1898 viros
1417 1843 1511 1912 qui
1539 1845 1838 1914 superfue-

182 1935 318 1990 rant
345 1930 726 1997 interiiciunt,
753 1934 928 2000 atque
947 1939 1208 1988 accensa:
1227 1931 1277 1986 in
1297 1931 1838 2002 hostem,sanguine

1942 955 2021 1011 tis
2046 954 2268 1011 feminm
2294 953 2444 1011 Asiae
2475 967 2715 1023 regnum
2741 966 2842 1024 per
2891 955 3127 1008 centum
3173 964 3354 1008 annos
3405 953 3583 1006 tenue

1943 1050 2111 1111 runt;
2143 1045 2342 1115 sicque
2375 1059 2577 1114 magna
2632 1057 2763 1114 pars
2793 1042 3090 1098 exercitus
3139 1038 3580 1111 opulentissima

1946 1133 2120 1206 preda
2147 1137 2352 1190 onusta
2379 1133 2433 1189 in
2457 1137 2658 1189 cautes
2681 1131 2994 1202 Marpesias
3014 1129 3083 1186 ad
3105 1129 3294 1186 socias
3318 1125 3586 1198 proprias

1945 1223 2266 1293 repedavit,
2296 1223 2533 1292 re'iquze
2553 1237 2691 1278 vero
2715 1221 2784 1277 ad
2805 1222 3080 1278 tuendum
3107 1219 3260 1274 Asize
3279 1217 3581 1286 imperium

1945 1314 2186 1381 relictui,
2213 1314 2448 1368 incursu
2491 1312 2740 1368 hostium
2770 1326 2901 1368 cum
2938 1307 3210 1380 Marpesia
3244 1305 3440 1376 regina
3463 1307 3586 1360 tru-

1945 1404 2156 1460 cidatee
2180 1407 2335 1458 sunt.
2364 1401 2538 1471 Cujus
2563 1402 2746 1456 locum
2779 1401 2893 1455 ﬁlia
2915 1398 3041 1468 ejus
3074 1396 3282 1467 Sinope
3303 1393 3578 1466 capessit,

1947 1508 2058 1563 que
2075 1492 2425 1560 singularem
2444 1490 2934 1560 virtutisgloriam
2952 1493 3231 1559 perpetua
3251 1484 3584 1554 virginitate

1944 1583 2283 1639 cumulavit.
2313 1583 2427 1636 llac
2453 1582 2595 1636 fama
2611 1587 2818 1650 gentes
2837 1578 3062 1635 excitus
3082 1581 3241 1632 tanta
3261 1573 3504 1629 formido
3526 1577 3584 1627 et

1947 1670 2273 1726 ammirali.)
2303 1671 2534 1738 invasit,
2571 1675 2633 1726 ut
2660 1668 2937 1739 Hercules
2961 1680 3210 1738 quoque,
3236 1679 3366 1720 cum
3385 1663 3586 1732 jussus

1951 1761 2220 1817 fuissetet
2238 1759 2587 1816 dominosuo
2602 1759 2878 1815 exhibere
2895 1757 3002 1812 sibi
3021 1770 3176 1811 arma
3199 1755 3410 1824 reginae
3428 1755 3589 1808 Ama—

1950 1849 2176 1900 zonum,
2204 1833 2365 1902 quasi
2383 1833 2452 1887 ad
2477 1831 2813 1886 inevitabile
2831 1827 3584 1900 periculumdestinaretur,

1947 1937 2018 1978 ex
2054 1921 2322 1977 universa
2353 1921 2556 1977 Grecia
2591 1919 2802 1976 lectam
2849 1934 2913 1974 ac
2946 1916 3195 1972 nobilem
3222 1915 3584 1983 iuventutem

180 2037 294 2080 suo
317 2020 595 2078 ultionem
618 2034 904 2076 caesorum
932 2021 1184 2078 virorum
1211 2021 1440 2077 excidio
1459 2001 1834 2080 finitimorum

1957 2011 2334 2074 contraxerit,
2365 2025 2567 2066 novem
2593 2009 2797 2078 longas
2823 2023 2995 2063 naves
3019 2001 3460 2077 przeparaverit,
3486 2015 3590 2056 nec

179 2115 564 2169 exsecuntur.
600 2109 786 2178 (Jono.
827 2124 876 2166 c.
912 2111 990 2179 8.)
1022 2112 1176 2166 Tunc
1201 2126 1345 2182 pace
1377 2111 1554 2168 armis
1589 2113 1838 2182 quesita,

180 2200 390 2259 veritze
413 2213 484 2256 ne
505 2197 665 2270 prole
691 2203 1029 2255 rarescente
1051 2200 1390 2271 deficerent,
1408 2205 1688 2258 externos
1709 2218 1844 2258 con-

179 2289 422 2348 cubitus
449 2287 769 2344 vicinarum
801 2289 1060 2357 gentium
1097 2289 1318 2358 ineunt,
1357 2290 1532 2346 factis
1568 2291 1842 2348 nundinis

183 2379 368 2436 semel
403 2378 456 2433 in
481 2392 649 2446 anno,
679 2377 760 2433 ita
785 2381 848 2434 ut
873 2378 1074 2434 eadem
1100 2377 1192 2434 die
1238 2379 1414 2434 futuri
1441 2381 1724 2450 temporis
1759 2395 1844 2436 re-

183 2471 492 2523 vertentes
518 2466 571 2520 in
598 2463 656 2520 id
680 2465 888 2537 ipsum,
910 2465 1184 2537 quicquid
1207 2467 1508 2522 masculini
1537 2468 1845 2524 sexusedi-

190 2555 439 2620 dissent,
476 2554 743 2625 patribus
774 2552 1107 2623 redderent,
1143 2555 1418 2625 quicqu'd
1455 2557 1704 2616 feminei.
1731 2571 1845 2612 ma-

193 2649 320 2701 tres
339 2643 408 2699 ad
433 2657 589 2699 arma
618 2643 824 2699 bellica
849 2643 1171 2700 erudirent.
1202 2647 1396 2715 Neque
1414 2646 1564 2700 enim
1592 2645 1736 2716 virgi
1763 2661 1844 2702 les

191 2746 396 2789 earum
423 2731 611 2788 fusum
647 2731 716 2788 ad
749 2732 970 2801 aliquid
1002 2732 1359 2804 operantium
1412 2735 1707 2798 tenebant,
1742 2733 1842 2790 sed

191 2821 433 2890 equiset
450 2820 628 2876 armis
643 2826 702 2876 et
717 2821 1128 2878 venationibus
1144 2837 1204 2878 se
1217 2823 1842 2889 exercebant.deam

192 2916 389 2966 autem
415 2909 637 2973 dicunt,
676 2908 850 2978 quod,
883 2911 1061 2967 editis
1088 2925 1195 2965 mm
1215 2911 1364 2978 ibus,
1393 2911 1684 2968 novercali
1710 2911 1844 2968 odio

191 2997 768 3054 infantismiseraudi
807 2999 921 3054 fata
956 3004 1315 3070 rumperent,
1342 3003 1400 3054 et
1426 2999 1501 3055 ita
1526 3000 1679 3071 apud
1714 2999 1844 3056 illas

191 3086 549 3144 detestabile
579 3092 736 3143 esset
773 3087 1166 3159 puerperium,
1194 3092 1348 3158 quod
1375 3089 1589 3158 ubique
1613 3093 1844 3146 constat

191 3190 328 3233 esse
351 3175 627 3232 votivum.
651 3175 789 3241 Quae
807 3175 1130 3232 crudelitas
1147 3176 1376 3232 illarum
1405 3177 1710 3233 maximum
1730 3185 1848 3234 ter-

194 3279 389 3322 rorem
421 3263 629 3321 vicinis
658 3265 934 3334 gentibus
979 3265 1315 3322 cumulabat
1346 3265 1596 3336 vulgataa
1627 3267 1848 3338 opinio-

1953 2105 2142 2156 tamen
2169 2115 2251 2156 εις
2285 2105 2599 2156 contentus
2621 2098 2884 2153 examine
2912 2095 3141 2161 virium,
3172 2109 3242 2149 ex
3276 2091 3590 2164 improviso

1951 2206 2051 2246 eas
2079 2189 2315 2260 aggredi
2361 2194 2420 2243 et
2462 2188 2792 2258 insperatus
2832 2183 3255 2241 circumven‘re
3298 2181 3585 2237 maluerit.

1953 2281 2087 2336 Diue
2123 2283 2517 2334 sororestunc
2553 2292 2725 2346 regno
2764 2272 3424 2346 preerant,Antbicpect
3469 2270 3591 2324 Ori-

1955 2369 2093 2424 thia.
2116 2367 2601 2424 llerculcsautem
2626 2366 2921 2431 advectus,
2945 2361 3589 2428 incautasinermesque

1951 2465 2010 2514 et
2031 2458 2188 2528 pacis
2205 2457 2424 2512 incuria
2444 2456 2676 2512 desides
2691 2452 2983 2524 obpressit
3009 2453 3344 2518 Amazones,
3362 2455 3418 2502 et
3441 2447 3590 2502 inter

1953 2561 2134 2604 cmsas
2157 2550 2213 2601 et
2234 2549 2433 2615 captas
2463 2544 2741 2615 plurimas
2764 2544 2892 2599 diue
2913 2555 3148 2596 sorores
3176 2538 3479 2608 Anthiopze
3505 2553 3590 2592 rc-

1955 2642 2130 2693 tentie
2163 2639 2319 2697 sunt.
2353 2634 2670 2704 Melanippe
2703 2635 2774 2687 ab
2802 2631 3064 2698 llercnle,
3097 2627 3364 2700 Yppolitc
3396 2641 3426 2682 a
3456 2626 3593 2681 Tlle-

1954 2741 2076 2784 seo.
2096 2723 2204 2782 Sed
2219 2724 2475 2779 Theseus
2489 2721 2667 2793 Yppol
2683 2723 2796 2777 iten
2824 2719 3192 2776 matrimonio
3212 2716 3440 2786 ascivit,
3459 2717 3594 2770 Her-

1953 2815 2116 2873 cules
2149 2829 2286 2870 vero
2344 2811 2662 2882 Melanippe
2703 2810 2892 2866 sorori
2927 2807 3206 2876 reddidit,
3239 2811 3295 2862 et
3327 2820 3482 2861 arma
3509 2819 3595 2860 rc-

1952 2905 2101 2975 giuze
2117 2905 2170 2959 in
2188 2903 2446 2976 precium
2465 2898 3288 2971 redemptionisaccepit.Post
3305 2894 3586 2951 Oritbiam

1954 2994 2279 3050 Pentiselea
2300 3007 2477 3059 regno
2500 2995 2590 3048 est
2609 2991 2812 3060 petita,
2830 2989 2999 3055 cujus
3013 2985 3336 3042 clarissima
3355 2981 3590 3038 virtutis

1956 3085 2298 3141 documenta
2335 3083 2487 3138 inter
2517 3080 2676 3136 viros
2703 3078 2944 3147 Trojano
2968 3075 3301 3146 accepimus
3332 3072 3502 3140 bello,
3532 3072 3585 3126 in

1957 3189 2070 3244 quo
2105 3173 2222 3244 ipsa
2263 3171 2459 3228 occisa
2491 3169 2707 3226 dicitur
2737 3169 2808 3223 ab
2835 3166 3074 3222 Achille.
3113 3167 3363 3220 Fuerunt
3397 3170 3587 3218 autem

1956 3277 2083 3319 cum
2107 3277 2170 3318 ea
2195 3265 2264 3317 70
2288 3260 2438 3316 milia
2465 3262 2837 3326 Amazonum,
2855 3269 3096 3326 quarum
3117 3266 3317 3324 paucae
3345 3264 3590 3305 revcrsm

194 3353 304 3410 nis.
333 3354 468 3409 Nam
495 3368 643 3424 quin,
671 3368 831 3422 rogo,
867 3369 1004 3424 spes
1033 3359 1195 3410 esset
1218 3360 1410 3426 capto,
1438 3356 1532 3410 ubi
1560 3337 1722 3411 nefas
1753 3357 1849 3411 ha-
1879 3375 1926 3436 ρ
1958 3355 2108 3408 sunt.
2139 3353 2275 3406 Post
2297 3347 2678 3405 Pentiseleam
2716 3360 2952 3414 regnum
2981 3343 3168 3399 tenuit
3193 3337 3472 3396 Thalisari
3499 3338 3591 3398 !i=,

195 3440 450 3498 bebatur
473 3440 692 3510 ignosci
718 3440 805 3496 vel
834 3440 986 3496 lilio?
1008 3441 1206 3504 (Onos.
1233 3443 1268 3499 ἱ.
1309 3444 1375 3514 l.)
1408 3443 1623 3500 Puellis
1653 3458 1720 3498 an
1735 3449 1844 3498 tem

194 3529 474 3587 dexteras
505 3529 813 3587 inurebant
847 3529 1155 3600 mamillas,
1189 3545 1258 3586 ne
1292 3531 1637 3601 sagittarum
1663 3531 1850 3600 vclja-

195 3618 466 3676 culorum
490 3618 914 3689 impedirentur
931 3619 1146 3688 jactus,
1179 3621 1325 3676 unde
1349 3625 1406 3675 et
1427 3624 1746 3677 Amazones
1767 3619 1842 3675 di-

197 3711 435 3777 cuntur,
453 3707 563 3763 hoc
577 3712 668 3763 est
684 3707 808 3763 sine
827 3721 1087 3763 mamma.
1108 3709 1295 3776 (Ione.
1317 3723 1369 3764 c.
1396 3711 1474 3779 7.)
1493 3710 1700 3764 [larum
1723 3707 1848 3764 duas

198 3796 417 3868 regium
453 3795 612 3851 fuere
643 3795 929 3866 Lampedo
963 3802 1018 3852 et
1055 3797 1356 3868 Marpesia,
1379 3811 1523 3866 quas
1553 3796 1851 3852 audentio-

199 3897 296 3940 res
317 3882 534 3939 ceteris
562 3883 870 3953 eligentes,
897 3899 1094 3940 earum
1120 3899 1183 3940 se
1211 3883 1560 3955 principatui
1582 3883 1853 3940 subdide-

201 3975 360 4030 runt.
396 3971 556 4039 Quae,
591 3971 817 4042 agmine
857 3971 1044 4030 diviso
1078 3974 1131 4028 in
1163 3973 1308 4030 duas
1343 3976 1562 4044 partes,
1593 3971 1850 4027 vicissim

199 4073 400 4117 curam
430 4059 566 4116 belli
589 4066 648 4116 et
681 4060 889 4117 domus
925 4061 1250 4118 custodiam
1286 4061 1706 4117 sortiebantur.
1743 4058 1850 4114 Sed

203 4149 341 4205 dum
365 4148 652 4220 Lampedo
686 4149 959 4220 proprios
982 4151 1123 4206 lines
1146 4149 1299 4204 domi
1326 4153 1610 4216 tueretur,
1638 4149 1854 4220 Marpe-

204 4237 312 4307 sia,
341 4236 685 4295 feminarum
708 4238 936 4306 agmine
959 4242 1214 4309 sumpto,
1257 4251 1465 4294 novum
1490 4251 1672 4306 genus
1692 4251 1857 4292 excr-

203 4325 362 4382 citus
385 4323 549 4382 duxit
567 4325 620 4381 in
646 4325 863 4396 Asiam,
879 4325 1475 4395 diversasquegentes
1491 4323 1643 4380 bello
1657 4339 1858 4396 super-

207 4427 333 4483 ans,
367 4412 513 4469 alias
567 4427 704 4484 pace
750 4411 1090 4482 concilians,
1123 4413 1194 4468 ad
1227 4413 1545 4468 Caucasum
1603 4416 1856 4468 montem

205 4501 389 4572 venit,
416 4501 613 4572 ibique
635 4506 861 4559 certum
885 4507 1118 4572 tempus
1145 4499 1268 4556 dem
1281 4515 1474 4569 orans,
1498 4500 1628 4556 loco
1651 4515 1858 4557 nomen

207 4589 370 4645 dedit
402 4604 602 4647 saxum
637 4589 936 4662 Marpesia;
991 4589 1154 4645 Unde
1185 4588 1465 4658 Virgilius
1497 4589 1577 4644 ait
1613 4631 1626 4644 .

276 4679 362 4736 Ac
386 4679 443 4736 si
472 4679 630 4736 dura
653 4678 814 4736 silex
832 4691 1006 4750 super
1033 4678 1122 4734 est
1147 4675 1454 4748 Marpesia
1481 4692 1588 4735 cae
1599 4679 1700 4736 tes.

1958 3454 2085 3510 quae
2109 3438 2312 3495 habuit
2337 3452 2530 3508 pacem
2554 3451 2682 3492 cum
2710 3433 3037 3490 Alexandro
3065 3432 3286 3498 Magno.
3314 3427 3595 3482 Dicuntur

1957 3535 2149 3584 autem
2179 3531 2492 3582 Amazones
2525 3540 2552 3580 r
2589 3538 2803 3595 gnasse
2833 3537 2937 3594 per
2969 3535 3152 3577 annos
3176 3517 3390 3574 multos
3414 3528 3594 3584 usque

1959 3617 2027 3673 ad
2041 3616 2252 3674 Iulium
2271 3618 2574 3672 Caesarem.
2611 3615 2953 3668 Iloecautcm
2970 3609 3040 3665 de
3057 3605 3442 3664 Amazonibus
3463 3603 3599 3658 huic

1959 3705 2236 3778 hystoriie
2261 3703 2693 3770 subintulimus,
2723 3707 2786 3758 ut
2811 3700 2912 3756 has
2940 3711 3172 3769 quoque
3194 3695 3264 3750 de
3287 3693 3472 3760 stirpe
3497 3691 3600 3746 Go-

1958 3794 2195 3850 thorum
2228 3792 2606 3848 descendise
2665 3793 3140 3855 monstraremus,
3177 3798 3327 3839 nunc
3358 3795 3495 3839 vero
3529 3778 3597 3834 ad

1961 3886 2208 3951 coeptam
2244 3880 2559 3936 eorundem
2593 3878 2909 3948 hysteriam
2943 3876 3268 3931 redeamus.

2035 3969 2220 4036 (Juno.
2255 3984 2306 4024 c.
2328 3973 2361 4025 9
2391 3968 2545 4038 sqq.)
2599 3967 2698 4021 Dio
2731 3964 3066 4036 hystericus
3093 3966 3154 4017 et
3184 3959 3598 4032 antiquitatum

1964 4057 2454 4126 diligentissimus
2475 4054 2808 4125 inquisitor,
2835 4052 2932 4122 qui
2956 4050 3117 4122 operi
3135 4065 3239 4105 suo
3260 4048 3520 4105 Geticum
3541 4047 3606 4102 ti-

1963 4147 2146 4204 tulum
2179 4144 2360 4213 dedit,
2397 4157 2588 4213 regem
2623 4141 2739 4196 illis
2770 4145 2898 4212 post
2923 4139 3098 4194 multa
3133 4143 3396 4206 tempora
3423 4136 3599 4192 fuisse

1963 4237 2377 4292 commemorat
2431 4231 2656 4288 nomine
2684 4229 3056 4300 Thelcphum,
3093 4223 3338 4282 Herlim
3395 4223 3596 4291 filium,

1967 4337 2270 4396 procerum
2287 4319 2519 4392 quidem
2554 4332 2820 4390 corpore,
2840 4316 2941 4374 sed
2981 4314 3330 4388 plusvigore
3372 4311 3603 4370 terribi-

1967 4411 2212 4482 lem,qui
2232 4418 2529 4481 paternam
2555 4406 2955 4464 fortitudinem
2991 4403 3244 4476 propriis
3279 4401 3600 4457 virtutibus

1969 4515 2224 4572 eequans,
2245 4497 2546 4556 Herculeis
2573 4497 2821 4567 genibus
2842 4499 2902 4550 et
2937 4495 3132 4550 formte
3165 4489 3602 4549 similitudinem

1971 4590 2280 4646 referebat.
2301 4586 2483 4656 Hujus
2517 4599 2753 4656 regnum
2770 4583 3022 4640 Moesiam
3047 4579 3418 4654 appellavere
3433 4579 3608 4650 maju-

1971 4692 2082 4733 res.
2101 4675 2436 4745 lseonjugio
2464 4673 2684 4731 sororis
2699 4671 3256 4743 Priamicopulatus,
3274 4667 3489 4724 bellum
3511 4668 3607 4722 ha-

276 4725 356 4736 --ν
386 4725 442 4736 ν-
472 4725 569 4736 υ--ν-
591 4725 628 4736 π
653 4725 805 4736 vm—
832 4725 986 4750 υ--ιη-
1033 4725 1114 4734 -ν-
1147 4725 1453 4748 nm..-"—
1482 4725 1574 4735 --η
1599 4725 1700 4736 --υ-
1971 4725 2082 4733 η-.
2103 4725 2430 4745 “we—0--
2464 4725 2546 4731 ---
2570 4725 2717 4729 --η-
2931 4725 2950 4728 -
2971 4725 3028 4743 -r
3051 4725 3075 4727 -κ
3225 4725 3255 4737 ν,

207 4766 348 4822 Inde
364 4780 635 4837 egressae.
663 4765 881 4822 Etalem
905 4765 1141 4823 ﬂuvium
1168 4766 1552 4838 transierunt,
1579 4771 1637 4822 et
1661 4769 1856 4822 Arme-
1888 4725 1938 4786 Β
1970 4765 2238 4822 buitcum
2271 4763 2571 4834 Danais,in
2613 4777 2721 4834 qua
2740 4775 2928 4833 pugna
2968 4757 3352 4816 Tessandrum
3401 4757 3602 4812 ducem

209 4854 362 4910 niam
385 4859 443 4910 et
469 4854 707 4926 Syriam,
725 4853 1004 4922 Ciliciam,
1031 4853 1336 4922 Galatiam,
1358 4855 1632 4910 Pisidiam
1651 4856 1857 4912 multa-

211 4956 338 5014 quae
354 4942 644 4999 Asiieloca
666 4943 1070 5012 obtinuerunt,
1093 4942 1290 5014 ibique
1313 4943 1537 5000 diutius
1560 4945 1857 5002 dominan-

207 5035 320 5100 tes,
339 5029 624 5102 Ephesum
655 5031 875 5087 etalias
915 5030 1190 5088 civitates
1229 5035 1542 5102 castraque
1582 5033 1857 5090 condide-

209 5122 348 5175 runt
369 5131 594 5188 suoque
635 5116 851 5174 nomini
903 5117 1580 5191 dicaverunt;templum
1625 5134 1854 5193 quoque

205 5203 401 5262 Dianae
422 5212 498 5261 ou
521 5205 833 5274 sagittandi
851 5219 918 5261 ac
932 5205 1178 5262 venandi
1203 5205 1703 5278 studium,quibus
1717 5207 1855 5263 arti-

207 5292 319 5350 bus
331 5306 394 5350 se
407 5291 941 5363 tradiderant,mira
959 5293 1398 5365 pulchritudine
1411 5295 1854 5366 apudEphesum

203 5380 1139 5456 construxerunt.(ans.1.1.)Tali
1153 5396 1293 5453 ergo
1305 5397 1447 5440 casu
1461 5383 1709 5457 Scythia;
1721 5399 1858 5455 gen~

1967 4853 2186 4911 Grecis:
2205 4850 2704 4925 peremit;etdum
2739 4849 3232 4921 Ajaceminfestus
3261 4843 3607 4901 invaditUli-

1967 4956 2212 5012 xcmque
2228 4958 2278 5012 p.
2303 4940 2602 5012 rsequitur
2619 4939 2853 5008 ictibus,
2889 4951 2958 5008 eq
2969 4951 3039 4993 uo
3052 4934 3320 5001 cadente,
3341 4933 3466 5004 ipse
3480 4947 3583 4988 cor

1965 5032 2106 5094 ruit,
2123 5027 2685 5100 Achillisqucjaculo
2720 5028 2932 5084 femore
2945 5023 3230 5092 suuciato,
3247 5021 3346 5078 diu
3389 5020 3604 5076 mederi

1965 5118 2474 5190 uequivit;Grecos
2491 5123 2678 5172 tamen
2696 5115 2956 5188 quamvis
2971 5129 3027 5168 sa
3042 5112 3245 5168 uciusa
3263 5110 3384 5168 suis
3399 5110 3612 5168 finibus

1969 5207 2358 5280 proturbavit.
2373 5206 2665 5276 Thelepho
2698 5218 2834 5260 vero
2849 5202 3142 5272 defuncto,
3163 5199 3521 5272 Euriphilus,
3547 5198 3608 5254 li-

1966 5295 2080 5354 lius
2093 5297 2242 5368 ejus,
2259 5295 2543 5352 successit
2565 5294 2618 5350 in
2635 5307 2896 5364 regnum.
2918 5307 2989 5348 ex
3007 5289 3216 5348 Priami
3235 5288 3390 5360 regis
3404 5301 3608 5345 sorore
3697 5317 3700 5320 ι

1967 5385 2330 5458 progenitus,
2352 5383 2449 5454 qui
2490 5398 2620 5440 cum
2649 5381 2724 5438 ob
2773 5380 3113 5440 Cassandrae
3165 5391 3418 5437 amorem
3452 5375 3608 5436 bello

1571 5507 1804 5564 VARUS
1845 5509 2247 5565 LECTIONES.

279 5609 348 5644 ⁷⁷⁷
381 5609 558 5671 deost.
593 5616 668 5669 9°.
747 5609 817 5645 ⁷⁷⁸
849 5611 961 5668 beli
996 5614 1048 5668 4.
1081 5612 1249 5672 herili
1281 5617 1357 5671 9°.
1395 5613 1654 5673 herculis
1684 5619 1768 5672 11.
