3992 6054
320 300 329 303 Α
361 235 476 303 ⁸781
1518 235 2003 303 EKKEHARDI
2044 235 2604 310 URAUGIENSIS
3648 240 3771 307 ‘78!

366 374 682 437 interesset
711 376 975 450 Trojano,
1009 380 1075 435 ut
1100 376 1443 451 parentibus
1474 390 1794 452 soceroque
1826 380 2006 438 ferret
2033 372 2093 439 Α
2126 394 2275 437 mum
2299 381 2484 452 Datia,
2512 386 2718 454 postea
2739 380 2967 453 Gothia,
2999 393 3154 438 nunc
3174 376 3331 437 dicta
3354 375 3612 453 Gepidia.

365 467 666 538 auxilium,
702 482 832 524 mox
864 469 1196 526 exstinctus
1238 473 1349 526 est.
2129 540 2133 543 Α
2193 468 2275 537 (C.
2313 472 2666 540 5.)Terciam
2690 470 2885 529 sedem
2921 486 3099 543 super
3146 484 3304 526 mare
3325 470 3627 528 Ponticum
3660 469 3775 527 Go-

437 558 577 614 Post
620 556 851 625 longum
884 558 1253 615 intervallum
1294 559 1588 616 Thameris
1617 559 1818 628 regina
1876 576 2006 617 cum
2122 558 2202 613 thi
2229 558 2344 628 jam
2379 559 2750 616 humaniores
2774 565 2832 616 et
2858 560 3268 631 prudentiores
3289 558 3599 624 habebant,
3625 558 3775 614 divi-

368 643 487 703 lilio
510 661 617 703 suo
646 645 849 703 Gothis
879 646 1235 718 presidebat,
1269 663 1395 716 quze
1420 649 1623 717 Cyrum
1659 664 1849 718 regem
1875 652 2008 706 Per-
2121 647 2314 718 sisque
2334 664 2437 719 per
2459 648 2707 705 familias
2727 647 2793 681 7“
2819 647 3065 720 populis,
3096 647 3460 718 Wisigothae,
3486 646 3538 703 id
3558 652 3651 703 est
3672 661 3772 704 oc-

369 734 2007 806 sarum,bellumScythisinl‘erentcm,interﬁciebat.Post
2118 736 2440 793 cidentalcs
2473 738 2663 807 Gothi,
2721 737 2949 792 familiae
2983 736 3315 793 serviebant
3371 734 3767 806 Ewaldorum,

368 823 491 881 hac
524 824 772 880 Antinus
823 824 1026 880 Gothis
1060 826 1344 893 regnavit,
1376 826 1543 897 cujus
1576 827 1744 884 filiam
1778 827 2002 897 Darius,
2119 825 2491 896 Ostrogothze
2522 841 2682 894 vero,
2719 826 2774 882 id
2797 830 2888 881 est
2921 824 3241 882 orientales
3269 824 3460 890 Gothi,
3483 822 3770 896 preclaris

366 912 649 985 Hydaspis
674 913 848 983 ﬁlius,
877 928 975 970 rex
995 916 1325 985 Persarum,
1363 916 1683 987 postulans,
1711 918 1810 973 sed
1839 932 2009 988 repu-
2119 915 2499 986 subjacebant
2532 915 2768 972 Amalis.
2805 914 3058 980 Quorum
3093 912 3348 971 studium
3379 913 3488 970 fuit
3517 913 3765 986 primum

368 1002 579 1069 diatus,
598 1017 727 1058 cum
753 1003 1143 1074 septingentis
1161 1003 1396 1060 milibus
1420 1009 1774 1061 armatorum
1792 1005 1826 1060 b
1868 1005 2006 1063 llum
2121 1003 2272 1059 inter
2296 1005 2514 1062 vicinas
2533 1009 2741 1075 gentes
2760 1019 2957 1061 areum
2977 1002 3282 1060 intendere
3302 1004 3518 1073 nervis,
3540 1004 3765 1059 Lucano

367 1090 595 1161 Scythis
613 1089 831 1159 intulit,
852 1092 974 1161 sed,
995 1093 1542 1161 octogintamilibus
1557 1094 1829 1165 perditis,
1856 1096 2009 1152 refu-
2120 1096 2397 1163 testante,
2425 1095 2521 1164 qui
2555 1094 2636 1150 ait
2668 1113 2680 1147 :

364 1178 468 1248 git.
497 1180 636 1235 Post
661 1195 829 1250 quem
854 1182 1089 1251 Xerses,
1118 1182 1272 1239 ﬁlius
1294 1184 1441 1252 ejus,
1471 1189 1746 1253 paternas
1768 1184 2009 1255 injurias
2217 1183 2638 1253 Armeniosque
2659 1196 2837 1240 arcus
2860 1181 3115 1241 Gesticis
3135 1180 3428 1238 intendite
3445 1182 3662 1239 nervis.

366 1266 624 1325 ulturum
662 1283 723 1325 se
751 1269 1052 1331 estimans.
1088 1285 1217 1327 cum
1250 1276 1357 1327 700
1382 1270 1618 1327 milibus
1651 1277 2005 1329 armatorum
2123 1270 2507 1340 Antiquorum
2532 1271 2705 1326 etiam
2738 1271 2887 1326 facta
2904 1271 3183 1341 majorum
3203 1272 3475 1325 cantuum
3510 1266 3768 1325 modula~

369 1355 441 1412 de
463 1372 641 1426 regno
658 1359 1084 1415 et300milihus
1107 1359 1177 1415 de
1200 1360 1453 1429 auxiliis,
1489 1348 1891 1432 millcquoquo
1917 1377 2010 1418 na-
2120 1359 2381 1415 tionibus
2412 1360 2787 1431 cytharisque
2818 1359 3123 1428 canebant,
3160 1356 3587 1429 Erpantalaam,
3618 1358 3766 1413 Han-

370 1445 539 1502 vibus
558 1447 904 1502 rostratiset
924 1448 1113 1505 tribus
1129 1448 1745 1506 milibusoncrariisad
1762 1466 1865 1507 eos
1881 1467 2012 1521 pro-
2123 1447 2288 1515 nalre,
2324 1448 2647 1517 Fridigerni
2681 1447 2769 1517 7“,
2801 1447 3098 1517 Widigojaa
3131 1450 3187 1501 et
3216 1446 3482 1516 aliorum,
3517 1460 3765 1517 quorum

370 1532 671 1604 ﬂciscitur,
709 1535 810 1591 sed
838 1551 940 1591 nec
967 1541 1253 1607 temptare
1278 1537 1333 1593 in
1366 1538 1642 1594 conﬂictu
1679 1539 2012 1595 animosita-
2122 1536 2178 1591 in
2213 1536 2318 1592 hac
2348 1542 2519 1605 gente
2551 1550 2753 1605 magna
2796 1536 2993 1607 opinio
3024 1540 3137 1605 est,
3171 1534 3373 1605 quales
3404 1534 3497 1590 vix
3557 1534 3770 1591 heroas

369 1628 483 1679 tem
504 1638 703 1680 eorum
719 1638 1080 1695 presumens,
1115 1641 1242 1683 cum
1269 1628 1485 1683 rubore
1510 1628 1848 1695 revertitur,
1883 1628 2012 1683 Phi-
2127 1626 2301 1682 fuisse
2325 1624 3142 1695 mirandajactatantiquitas.
3178 1622 3262 1694 (C.
3294 1623 3406 1695 Η.)
3434 1623 3543 1681 Diu
3571 1623 3769 1694 itaque

367 1709 564 1782 lippus
596 1727 845 1783 quoque,
899 1717 1067 1784 pater
1119 1715 1431 1771 Alexandri
1484 1716 1688 1787 Magni,
1721 1733 1850 1773 cum
1887 1718 2011 1789 ipsc
2042 1733 2096 1794 Β
2127 1714 2295 1771 Gothi
2329 1717 2742 1783 regnaverunt,
2770 1714 2913 1769 adeo
2947 1718 3010 1770 ut
3035 1714 3245 1783 Caesar,
3279 1712 3373 1785 qui
3400 1713 3621 1785 primus
3649 1726 3768 1768 om-

370 1798 488 1855 filio
511 1813 617 1856 suo
658 1800 728 1856 ad
752 1802 1042 1871 Scythiam
1076 1804 1356 1874 predandi
1390 1805 1624 1861 transiit
1661 1805 2009 1878 intentione,
2126 1803 2281 1858 nium
2298 1805 2612 1858 Romanum
2632 1801 3406 1874 sibivendicavitimperium
3422 1815 3768 1872 omnemque

364 1888 793 1960 commissoque
818 1890 1039 1960 praelia,
1065 1907 1193 1947 cum
1220 1892 1447 1962 Scythae
1470 1898 1527 1949 et
1562 1909 1800 1951 numero
1822 1899 1880 1951 et
1902 1895 2015 1951 vir-
2125 1906 2270 1963 pene
2302 1907 2422 1949 suae
2454 1892 2661 1948 ditioni
2704 1892 3014 1961 subegerat
3047 1890 3340 1959 mundum,
3376 1890 3596 1947 Gothos
3628 1904 3769 1961 sepe

364 1978 491 2033 tute
517 1982 859 2047 prestarent,
891 1978 1089 2035 fraude
1114 1980 1363 2051 Philippi
1400 1982 1640 2038 nimium
1664 1983 1863 2039 callidi
1890 1984 2014 2039 vin-
2124 1985 2546 2051 pertemptans,
2583 1980 2872 2049 subjicere
2904 1994 3017 2036 non
3044 1984 3262 2050 posset.
3291 1979 3465 2037 Gaius
3487 1978 3769 2050 Tyberius

368 2068 601 2123 cuntur.
628 2067 684 2120 ln
718 2081 826 2136 qua
865 2082 1052 2138 pugna
1077 2073 1148 2124 20
1171 2068 1730 2141 iiiilia77’puerorum
1761 2075 1819 2126 et
1855 2072 2013 2127 femi-
2118 2068 2233 2139 jam
2270 2069 2488 2125 tercius
2518 2068 2790 2126 Romanis
2820 2068 3106 2139 regnavit,
3151 2067 3317 2124 Gothi
3348 2072 3538 2124 tamen
3573 2068 3628 2123 in
3662 2081 3768 2124 suo

368 2168 569 2210 narum
595 2155 878 2227 Scythicae
899 2157 1092 2226 gentis
1127 2162 1294 2228 capta
1322 2162 1477 2229 sunt,
1505 2174 1705 2228 magna
1732 2175 2011 2230 pecorum
2123 2173 2303 2228 regno
2328 2157 2648 2214 incolomes
2670 2165 3064 2229 perseverant.
3086 2157 3167 2226 (C.
3187 2160 3251 2213 13
3268 2156 3770 2229 sqq.)l)omiciano

367 2241 530 2312 copia
562 2242 835 2315 abducta,
895 2245 1018 2301 auri
1052 2247 1396 2317 argentique
1443 2247 1620 2303 nichil
1679 2253 2001 2319 repertum.
2125 2262 2261 2304 vero
2283 2246 2714 2317 undecimojam
2740 2248 2812 2303 ab
2835 2249 3094 2316 Augusto
3126 2250 3428 2317 regnante,
3456 2245 3638 2317 ripam
3666 2247 3773 2301 Da-

365 2331 576 2386 Postea
609 2347 737 2388 cum
769 2333 855 2389 eis
896 2334 1217 2390 amicicfam
1254 2335 1562 2404 foederans,
1627 2337 2006 2408 Medumpam,
2123 2336 2440 2407 nuhii,jam
2479 2336 2576 2391 diu
2611 2350 2639 2390 a
2672 2336 2943 2392 Romanis
2975 2336 3298 2405 obsessam,
3333 2334 3523 2405 Gothi,
3557 2333 3767 2390 deletis

368 2418 587 2476 Gudilze
620 2421 776 2490 regis
809 2423 1123 2480 Gothorum
1172 2423 1364 2491 filiam,
1399 2426 1626 2497 accepit
1655 2441 1910 2495 uxorem,
1948 2431 2011 2483 ut
2123 2424 2408 2480 militibus
2430 2424 2702 2480 Romanis
2723 2439 3043 2495 eorumque
3066 2423 3336 2493 ducibus,
3362 2427 3761 2480 vastaverunt.

367 2507 469 2564 tali
501 2508 781 2567 aﬂinitate
813 2513 1129 2569 roboratus
1160 2513 1530 2570 Macedonum
1565 2529 1805 2585 regnum
1827 2514 1896 2549 ⁷⁸⁰
1918 2516 2011 2571 lir-
2123 2514 2553 2584 Cuiprovinciae
2586 2518 2725 2569 tunc
2773 2514 2900 2583 post
2925 2513 3235 2584 Agrippam
3280 2518 3510 2583 precrat
3544 2512 3766 2584 Oppius

367 2600 578 2654 maret.
1242 2600 1248 2606 '
2122 2602 2388 2670 Sabinus,
2416 2602 2617 2658 Gothis
2635 2605 2826 2657 autem
2854 2600 3661 2672 principabaturDorpaneus.
3684 2600 3767 2655 ln-

435 2686 652 2743 Dehinc
676 2693 957 2756 regnante
982 2688 1035 2744 in
1072 2689 1276 2747 Gothis
1301 2691 1591 2759 Borbista,
1619 2691 1887 2749 Dicineus
1918 2708 2011 2749 ve-
2119 2695 2213 2747 ter
2234 2706 2381 2761 quos
2409 2691 2561 2747 bello
2584 2691 2910 2759 commisso,
2958 2689 3128 2746 Gothi
3162 2690 3444 2746 Romanos
3467 2688 3754 2757 vicerunt,

367 2774 451 2829 nit
474 2774 529 2830 in
554 2776 838 2847 Gothiam,
862 2792 932 2833 eo
974 2782 1233 2850 tempore
1259 2795 1372 2849 quo
1404 2779 1558 2850 Sylla
1583 2781 1895 2837 Romanum
1926 2788 2011 2838 te-
2118 2779 2477 2850 caputOppii
2504 2778 2694 2834 Sabini
2729 2778 3129 2848 absciderunt,
3167 2776 3378 2834 multas
3398 2776 3672 2834 civitates
3699 2781 3758 2832 et

368 2864 494 2921 nuit
517 2865 938 2938 principatum;
979 2882 1145 2937 quem
1171 2867 1466 2925 Dicineum
1514 2870 1842 2940 suscipiens
1871 2871 2010 2927 Bor-
2116 2867 2360 2924 castella
2395 2868 2467 2923 de
2501 2873 2666 2940 parte
2699 2867 3072 2939 imperatoris
3092 2866 3327 2938 publice
3351 2864 3574 2938 predati
3599 2868 3754 2922 sunt.

368 2952 540 3023 hista,
563 2954 798 3011 deditei
822 2956 1036 3025 regiam
1067 2960 1623 3029 potestatem,cujus
1643 2959 1886 3016 consilio
1905 2962 2010 3017 Go-
2117 2957 2237 3024 Qua
2270 2956 2619 3013 necessitate
2649 2954 3006 3026 compulsus,
3041 2954 3406 3012 Domicianus
3445 2969 3574 3012 cum
3607 2953 3760 3011 omni

367 3044 960 3150 thiGermanorum"1
993 3052 1354 3119 terras,quas
1379 3064 1530 3105 nunc
1562 3051 2003 3119 Francitenent,
2037 3086 2087 3150 α
2117 3048 2337 3104 virtute
2368 3045 2666 3102 Ylliricum
2698 3030 3054 3117 properavit,
3103 3044 3444 3117 prelatoque
3478 3044 3763 3102 militibus

366 3132 625 3204 populati
675 3138 841 3202 sunt;
877 3136 1087 3205 quibus
1119 3137 1228 3193 hoc
1259 3142 1385 3194 erat
1434 3137 1687 3202 salubre,
1722 3139 1829 3195 hoc
1856 3154 2009 3208 com-
2040 3132 2087 3150 υ
2119 3139 2300 3193 Fusco
2321 3134 2585 3204 ductore,
2608 3149 2739 3191 cum
2762 3133 3141 3190 electissimis
3165 3133 3306 3191 viris
3328 3147 3551 3189 amnem
3577 3135 3765 3191 Danu-

366 3220 616 3292 modum,
660 3222 768 3279 hoc
792 3224 1070 3295 votivum,
1105 3229 1165 3281 ut
1198 3225 1478 3296 quiequid
1503 3226 1774 3284 Dicineus
1806 3242 2006 3283 eorum
2118 3225 2218 3295 bii,
2249 3223 2539 3282 consertis
2563 3223 3009 3280 navibusinstar
3025 3222 3765 3294 pontis,eumt1‘ansmeare

363 3309 737 3367 consiliarius
770 3313 1145 3384 precepisset,
1180 3314 1288 3369 hoc
1318 3314 1506 3370 modis
1537 3315 1807 3371 omnibus
1836 3330 2008 3388 expe-
2122 3313 2383 3387 precepit
2408 3326 2584 3384 super
2611 3310 2934 3369 exercitum
2964 3311 3271 3382 Dorpanei.
3307 3311 3474 3367 Gothi
3506 3311 3647 3368 haut
3677 3324 3767 3367 se-

363 3396 595 3452 tissent.
620 3396 806 3464 (Jonn.
832 3413 881 3455 e.
921 3404 977 3456 1|
1031 3402 1186 3471 sqq.)
1220 3400 1325 3467 Qui
1357 3416 1603 3458 cernens
1660 3417 1859 3460 eorum
1892 3404 2009 3459 ani-
2116 3416 2262 3473 gnes
2295 3416 2452 3457 arma
2478 3405 2819 3471 capessunt,
2847 3401 3148 3472 primoque
3177 3399 3455 3457 conﬂictu
3478 3401 3768 3457 Romanos

362 3499 485 3540 mos
518 3484 630 3540 sibi
664 3486 717 3541 in
751 3487 1020 3545 omnibus
1052 3488 1289 3544 obedire
1320 3493 1380 3545 et
1411 3489 1681 3548 naturale
1714 3491 2007 3560 ingenium
2119 3490 2457 3559 devincunt,
2494 3494 2554 3546 et
2583 3488 2875 3545 exstincto
2906 3489 3087 3545 Fusco
3111 3489 3279 3558 duce,
3300 3487 3546 3545 militum
3567 3492 3764 3544 castra

363 3585 466 3629 eos
495 3573 731 3644 habere,
764 3576 915 3632 omni
968 3590 1113 3648 pene
1144 3577 1523 3650 phylosophia
1574 3594 1674 3635 eos
1703 3580 2004 3651 instruxit,
2121 3578 2474 3650 predantur;
2508 3590 2831 3647 magnaque
2864 3575 3035 3647 potiti
3056 3576 3319 3645 victoria,
3348 3576 3463 3646 jam
3483 3588 3765 3647 proceres

362 3661 656 3733 elegitque
687 3678 760 3720 ex
781 3665 866 3720 eis
890 3665 1283 3723 nobilissimos
1317 3671 1373 3722 et
1401 3667 1809 3739 prudentiores
1828 3669 2005 3741 viros,
2117 3682 2274 3737 suos,
2300 3682 2412 3723 non
2440 3665 2602 3737 quasi
2638 3680 2819 3737 puros
2850 3665 3113 3721 homines
3137 3663 3241 3721 sed
3264 3664 3425 3736 quasi
3451 3663 3761 3733 semideos,

364 3765 511 3820 quos
536 3750 889 3823 theologiam
912 3753 1398 3824 docens,numina
1428 3757 1687 3827 quaedam
1713 3762 1771 3814 et
1792 3758 2008 3815 sacella
2119 3758 2305 3813 Anses
2334 3758 2694 3812 vocaverunt
2753 3753 3006 3821 Quorum
3037 3753 3430 3824 genealogiam
3462 3758 3526 3808 ut
3560 3753 3763 3822 paucis

362 3839 629 3895 venerari
654 3842 858 3912 suasit,
882 3857 1103 3914 ensque
1125 3844 1461 3902 sacerdotes
1489 3845 1867 3914 fecit,nomen
1894 3847 2010 3905 illis
2119 3859 2479 3917 percurram,
2532 3843 2753 3915 Primus
2785 3842 2987 3898 horum
3020 3841 3260 3898 heroum
3294 3841 3397 3897 Γυίι
3429 3839 3628 3913 eam”:
3664 3840 3761 3912 qui

361 3926 733 4001 pilleatorum
760 3930 1018 4001 tradens,
1047 3932 1177 4003 quia
1203 3934 1741 4006 opertiscapitibus
1763 3938 2003 4009 thyaris,
2115 3934 2315 4005 genuit
2336 3932 2542 4002 Ulmal,
2581 3930 2765 3987 Ulmal
2792 3945 2930 3988 vero
2951 3929 3151 4001 genuit
3176 3929 3518 4001 Anguisath,
3554 3929 3766 3998 Angui-

361 4019 469 4074 hoc
491 4021 581 4075 est
601 4016 810 4089 pilleis,
834 4019 1099 4091 litabant,
1118 4022 1403 4093 reliquam
1422 4037 1558 4081 vero
1581 4029 1814 4095 gentem
1831 4024 2009 4096 capil-
2118 4020 2330 4079 sathm
2353 4021 2554 4092 genuit
2571 4034 2701 4077 eum
2717 4020 2812 4091 qui
2839 4019 3034 4076 dictus
3057 4022 3148 4076 est
3175 4018 3392 4089 Amala,
3414 4033 3444 4075 a
3460 4022 3645 4090 quoet
3667 4030 3767 4087 ge-

362 4104 535 4163 latam
556 4105 1057 4178 dicijussit.Quod
1100 4125 1304 4167 nomen
1329 4112 1497 4168 Gothi
1518 4127 1619 4183 pro
1645 4129 1851 4184 magno
1882 4128 2009 4172 sus-
2117 4126 2225 4168 nus
2261 4110 2594 4167 Amalorum
2619 4108 2910 4173 decurrit;
2946 4107 3142 4164 Amala
3175 4122 3316 4165 vero
3336 4107 3538 4178 genuit
3572 4107 3767 4162 lIisar-

361 4194 668 4266 cipientes,
697 4195 882 4253 adhuc
909 4197 964 4252 in
988 4197 1111 4255 suis
1132 4199 1503 4257 cantionibus
1526 4202 2001 4259 reminiscuntur.
2116 4215 2266 4271 nam,
2294 4198 2554 4257 llisarnis
2577 4203 2770 4255 autem
2793 4196 2995 4268 genuit
3027 4197 3462 4268 Ostrogotham,
3490 4195 3766 4265 Ostrogo-

361 4283 687 4340 Decedente
725 4283 794 4318 ⁷⁸³
825 4299 961 4342 vero
1011 4286 1264 4356 Dicineo,
1298 4288 1423 4359 pari
1456 4303 1602 4360 pene
1631 4291 2006 4347 veneratione
2116 4291 2211 4346 tha
2237 4289 2436 4360 genuit
2461 4287 2671 4356 Hunul,
2706 4285 2894 4343 Ilunul
2924 4286 3126 4356 genuit
3149 4285 3339 4355 Athal,
3369 4283 3535 4340 Athal
3562 4282 3768 4355 genuit

358 4370 1087 4445 habueruntCumosicum,
1131 4374 1347 4446 quinec
1376 4376 1759 4447 impariserat
1800 4379 2005 4435 soller-
2032 4442 2073 4447 _
2120 4377 2427 4434 Achiull‘et
2455 4374 2672 4444 Odiulf,
2709 4373 2943 4431 Achiqu
2968 4378 3161 4430 autem
3188 4373 3392 4443 genuit
3423 4371 3674 4430 Ansilam
3705 4378 3765 4428 et

363 4458 476 4515 tiae.
497 4460 597 4517 Hic
615 4442 1164 4518 etenimrexilliset'
1196 4442 1717 4534 pontifex-obsuam
1736 4468 2002 4538 peritiam
2032 4442 2085 4503 D
2118 4466 2388 4522 lidiulfet
2411 4442 2766 4520 Witull‘met
2808 4442 3266 4533 Hermenricum,
3311 4460 3589 4518 Witull‘m
3625 4474 3767 4517 vero

362 4546 416 4602 in
437 4548 907 4618 summajusticia
936 4550 1211 4622 populum
1231 4553 1565 4622 regebat.Et
1590 4555 1694 4610 hoc
1715 4555 2005 4612 rebushu-
2115 4553 2318 4625 genuit
2348 4550 2836 4621 Walaradantem,
2892 4550 3266 4606 Walaradans
3323 4549 3579 4606 Hiarium
3607 4546 3676 4582 ⁷⁸⁸
3706 4553 3768 4604 et

361 4636 546 4692 manis
565 4636 907 4708 excedente,
932 4639 1230 4696 Zalmoxes
1243 4656 1345 4697 rex
1359 4642 1675 4699 Gothorum
1694 4644 1746 4699 in
1764 4658 2003 4714 regnum
2116 4641 2550 4710 Venetharium,
2595 4639 2982 4696 Venetharius
3003 4637 3491 4708 Wandalaricum,
3522 4636 3770 4693 Wanda-

361 4725 722 4797 conscendit,
772 4730 832 4782 et
864 4742 967 4798 per
999 4729 1066 4784 40
1094 4743 1275 4785 annos
1307 4729 1361 4785 in
1392 4730 1555 4786 Datia
1580 4732 1700 4787 suis
1728 4733 2005 4802 gentibus
2118 4731 2335 4788 laricus
2350 4728 2549 4799 genuit
2573 4727 2928 4784 Dietmarum
2949 4726 3020 4760 ⁷⁹⁰
3040 4732 3100 4783 et
3123 4725 3488 4783 Walamirem
3518 4730 3576 4783 et
3608 4724 3770 4781 Witi-

361 4814 686 4887 imperavit.
722 4815 942 4872 Datiam
975 4822 1167 4873 autem
1198 4816 1267 4850 ⁷⁸³
1296 4818 1425 4875 dico
1458 4819 1777 4890 antiquam,
1835 4835 2005 4892 quam
2118 4833 2337 4878 marum
2358 4816 2446 4887 τοι,
2473 4817 2729 4874 Dietmar
2754 4816 2953 4887 genuit
2987 4815 3426 4887 Theodoricum,
3456 4815 3772 4873 Theodori-

362 4915 514 4960 nunc
550 4903 783 4976 Gepida)
843 4905 1145 4977 possidere
1180 4912 1524 4963 noscuntur.
1564 4907 1700 4973 Quae
1732 4909 1917 4980 patria
1951 4909 2007 4965 in
2117 4923 2221 4965 cus
2275 4906 2475 4977 genuit
2536 4903 3026 4975 Amalasuindam,
3096 4903 3509 4962 Amalasuinda
3564 4902 3769 4975 genuit

362 4996 683 5064 conspectu
705 4993 916 5050 Moesiae
940 4994 1052 5050 sita
1073 4998 1240 5051 trans
1259 4994 1606 5065 Danubium,
1632 5010 1847 5054 corona
1889 4998 2009 5054 cin-
2118 4995 2510 5054 Athalaricum
2540 4999 2597 5051 et
2656 4992 3072 5051 Matesuindam
3105 4993 3175 5051 de
3210 4992 3528 5051 Eutharico
3542 4991 3614 5026 7”
3636 4991 3764 5048 viro

362 5078 522 5149 gitur
555 5082 856 5154 montium,
884 5081 1030 5140 duos
1076 5088 1296 5140 tantum
1324 5082 1543 5139 habens
1570 5098 1861 5157 accessus,
1894 5087 2009 5159 pri-
2121 5101 2248 5157 suo,
2277 5085 2374 5157 qui
2397 5082 2676 5142 affinitate
2693 5081 2927 5154 generis
2950 5082 3032 5139 sic
3056 5080 3126 5139 ad
3148 5094 3273 5138 eam
3287 5080 3635 5151 coniunctus
3656 5083 3769 5137 est.

1723 5227 1961 5287 VARIIE
2000 5229 2401 5289 LECTIONES.

430 5324 500 5361 7"
528 5326 617 5384 XX
647 5332 705 5384 9°
776 5326 846 5362 ⁷⁸⁰
878 5342 926 5384 r.
960 5343 1107 5388 mae.
1143 5337 1193 5389 5.
1281 5330 1350 5366 πί
1402 5336 1448 5389 t.
1482 5346 1853 5391 romanorum
1897 5339 1974 5393 9ο.
2054 5334 2123 5371 ⁷⁸³
2155 5334 2464 5392 decidente
2495 5335 2545 5389 4.
2609 5337 2658 5389 δ.
2693 5335 2777 5388 10.
2855 5329 2926 5364 ⁷⁸³
2982 5343 3123 5389 vero
3152 5335 3212 5387 ὅ.
3302 5329 3372 5365 ⁷⁸⁸
3404 5329 3677 5387 familiam
3707 5336 3768 5387 5.

361 5394 430 5431 ⁸⁸⁸
462 5397 844 5479 θνρθῃιειεξέ.
881 5406 1217 5479 erpanta‘naa
1245 5407 1678 5479 bl‘expantana
1704 5409 1796 5461 10.
1836 5406 2215 5479 herpantalze
2236 5414 2313 5463 9°.
2400 5403 2470 5439 ’⁷⁸⁸
2503 5402 2844 5479 [rigdigefpi
2874 5405 2974 5479 9?;
3040 5400 3111 5435 ⁷⁸⁷
3136 5401 3302 5479 dem
3324 5405 3384 5458 9"
3412 5402 3480 5479 ἐρ
3506 5401 3781 5479 iurari“

358 5468 549 5549 δριρρι.
577 5474 689 5549 βο..
715 5542 725 5549 _
753 5468 822 5502 ⁷⁸⁸
852 5468 1093 5549 Withqu
1115 5475 1199 5529 9ο.
1265 5472 1352 5549 ff”
1388 5468 1646 5549 qiarrum
1671 5479 1759 5549 9°.
1803 5481 1894 5535 10.
1946 5468 2047 5512 ’⁷⁹⁰
2077 5477 2468 5535 diethmarum
2499 5476 2548 5531 4.
2579 5468 2709 5531 ῡοῖ
2751 5472 2820 5507 ⁷⁹¹
2849 5471 3220 5529 withmarnm
3245 5477 3321 5530 9°.
3413 5472 3780 5549 "(codicum

346 5539 535 5610 ﬁdem
565 5542 631 5599 in
662 5539 758 5600 his
792 5541 1129 5601 nominibus
1153 5539 1486 5605 scribendis
1516 5547 1750 5606 secutus
1778 5561 1926 5606 sum.
