3986 6048
154 295 280 358 788

1039 289 1484 356 CHRONICA.
1520 325 1599 336 —-
1629 282 2103 352 CHRONICOIV
2154 284 2703 347 UNIVERSALE.

3462 280 3581 345 784

151 428 538 490 Ermenricus
573 426 646 465 ⁷⁸⁸
686 426 1079 501 supradictus,
1136 427 1288 484 ﬁlius
1329 425 1578 495 Achiull‘,
1617 421 1816 495 genuit
1849 421 1902 481 A
1932 419 2295 477 obsidionem
2327 418 2518 485 ditati,
2544 418 2613 476 ad
2644 416 2873 491 propria
2908 415 3212 474 redierunt
3266 432 3486 489 suaque
3521 418 3576 474 in

151 519 616 588 Hunimundum,
666 518 1072 574 Hunimundus
1116 515 1624 583 Thurismundum,
1674 514 1819 568 Thu-

149 610 501 669 rismundus
524 607 959 677 Herimundum,
987 606 1377 663 Herimundus
1401 610 1593 661 autem
1617 601 1817 673 genuit

152 699 516 768 Betericum,
546 698 848 755 Betericus
870 696 1232 765 Eutaricum,
1261 695 1355 766 qui
1381 695 1730 765 conjunctus
1749 688 1820 724 7”

150 788 553 847 Amalsuindw
581 787 783 857 genuit.
815 785 1211 843 Athalaricum
1240 790 1296 841 et
1330 782 1816 864 Mathesuindam.

151 879 423 935 Mortuus
450 882 544 934 est
570 882 764 933 autem
797 876 1168 933 Athalaricus
1195 875 1250 931 in
1276 875 1442 931 annis
1476 872 1818 950 puerilibus,

150 969 216 1023 et
250 965 667 1023 Mathesuindm
706 965 938 1036 Witigis
971 969 1064 1021 est
1096 965 1431 1037 copulatus,
1468 963 1538 1019 de
1573 977 1686 1032 quo
1718 960 1821 1018 illa

150 1070 273 1113 non
305 1055 568 1125 suscepit
599 1054 805 1113 lilium.
849 1055 987 1110 Cum
1020 1058 1213 1110 autem
1245 1052 1478 1122 Witigis
1508 1053 1683 1108 rebus
1717 1051 1823 1107 hu-

149 1144 347 1202 manis
393 1143 729 1213 excederet,
783 1143 1108 1200 Germanus
1160 1143 1467 1214 patricius,
1523 1139 1823 1198 fratruelis

149 1234 359 1291 domni
403 1233 614 1291 Justini
668 1232 1062 1303 imperatoris,
1114 1247 1352 1289 sumens
1391 1246 1516 1289 eam
1548 1232 1601 1286 in
1638 1246 1823 1288 conu-

149 1323 341 1393 bium,
377 1321 681 1395 patriciam
708 1323 841 1379 l‘ecit
865 1322 1240 1390 ordinariam,
1275 1322 1597 1392 genuitque
1634 1320 1815 1376 lilium

147 1426 228 1468 ex
252 1426 322 1468 ea
346 1412 575 1469 nomine
599 1412 963 1468 Germanum.
992 1411 1275 1468 Defuncto
1309 1415 1502 1466 autem
1534 1410 1820 1464 Germano

148 1500 286 1558 viro
308 1515 435 1571 suo,
461 1500 584 1569 ipsa
610 1499 780 1556 vidua
808 1514 1187 1571 perseverare
1221 1498 1534 1569 disposuit.
1573 1497 1823 1566 Conjun'

148 1590 280 1647 ctio
310 1588 841 1659 consanguinitatis
870 1588 1189 1645 Ermenrici
1223 1592 1285 1643 et
1312 1586 1648 1643 Theoderici
1684 1586 1822 1642 talis

148 1678 285 1735 fuit.
321 1677 692 1735 Ermenricus
725 1682 782 1733 et
821 1677 1094 1733 Witulfus
1126 1676 1227 1732 filii
1264 1676 1497 1732 fuerunt
1532 1674 1807 1731 Achiulll.

515 1774 928 1832 Hermenricus
1143 1773 1423 1829 Witulfns

515 1849 923 1973 Hunim|undus
1160 1848 1541 1972 Wal'aradans
1571 1912 1638 1948 7"

512 2055 972 2117 ThuriSmundus
1154 2056 1544 2113 Winitharius

515 2142 904 2267 Herimbndus
923 2208 993 2243 ⁷⁸⁸
1159 2133 1601 2265 WarIidalaricus

514 2282 817 2418 Beterilcus
1166 2361 1494 2416 Dietmarus

514 2446 862 2569 Eutharicus
1147 2433 1556 2567 Theddericus.
1622 2508 1798 2578 Cujus

148 2601 345 2659 ﬁliam
392 2600 859 2658 Amalasuindam
894 2600 1245 2657 Eutharicus
1276 2599 1587 2671 accipiens,
1620 2591 1818 2667 genuit

152 2689 561 2747 Athalaricum
595 2694 651 2745 et
686 2688 1167 2758 Mathesuindam,
1203 2688 1563 2760 stirpemque
1600 2685 1822 2742 Amalo'

156 2796 291 2837 rum
326 2779 446 2850 jam
487 2793 634 2851 pene
678 2777 921 2835 divisam
964 2777 1286 2849 conjunxit.
1336 2777 1433 2833 His
1467 2777 1543 2832 ita
1579 2775 1820 2832 insertis

153 2883 270 2925 non
299 2868 374 2923 ab
399 2882 480 2937 re,
507 2870 570 2923 ut
591 2865 903 2936 credimus,
929 2866 1000 2923 ad
1026 2864 1287 2921 ordinem
1312 2864 1588 2935 hystoriaa
1620 2862 1819 2919 redea-

156 2972 320 3116 ωῗὲ.
368 3047 432 3100 14
463 3045 618 3116 sqq.)
651 3044 952 3114 Dorpaneo
988 3042 1167 3113 igitur
1202 3056 1337 3113 rege
1370 3041 1686 3098 Gothorum
1724 3040 1819 3097 de-

1934 510 2119 581 patria
2149 509 2397 565 feliciter
2419 510 2826 573 versabantur,
2856 523 3161 578 quousque
3190 509 3461 579 princeps
3484 522 3579 565 eo-

1936 613 2059 655 rum
2078 599 2306 653 exstitit
2333 598 2705 665 Ostrogotha.
2736 600 2872 653 Post
2888 597 3054 665 cujus
3071 612 3372 654 excessum
3394 597 3576 653 Oniba

1932 688 2243 754 successit,
2273 688 2369 757 qui
2396 686 2573 743 ducto
2595 688 2859 743 exercitu
2885 702 3014 742 eum
3038 688 3425 742 Romanorum
3452 700 3581 757 par-

1933 779 2025 831 tes
2056 776 2417 843 devastaret,
2457 776 2663 832 Decius
2689 776 2804 845 jam
2832 776 3148 847 imperator
3170 791 3297 831 cum
3324 774 3578 853 liliosuo

1933 863 1985 919 ei
2010 865 2291 934 occurrit,
2322 870 2713 935 consertoque
2746 863 2966 934 prazlio,
2994 864 3143 920 Decii
3173 863 3345 933 illius,
3371 867 3431 919 et
3454 863 3580 935 ipse

1934 950 2128 1008 dictus
2151 952 2380 1021 Decius,
2405 952 2616 1022 sagitta
2644 952 2953 1021 occiditur,
2981 958 3146 1024 pater
3170 967 3421 1023 quoque,
3447 965 3578 1008 cum

1935 1041 2114 1098 lilium
2138 1040 2420 1098 ulciscim
2437 1041 2759 1110 moliretur,
2784 1042 3161 1099 interimitur.
3184 1044 3326 1099 Post
3341 1042 3577 1099 Decium

1934 1130 2132 1187 Gallus
2163 1135 2220 1187 et
2252 1131 2601 1187 Volusianus
2633 1146 2810 1199 regno
2850 1131 3041 1202 potiti,
3078 1146 3277 1202 pacem
3309 1146 3437 1188 cum
3472 1131 3580 1187 Go-

1935 1219 2052 1275 this
2067 1220 2547 1290 pepigerunt,nec
2567 1220 2734 1288 longo
2752 1219 3062 1275 intervallo
3078 1220 3343 1290 utrisque
3356 1232 3580 1276 occum-

1936 1308 2227 1373 bentibus,
2252 1306 2631 1364 Gallienus"97
2649 1308 2899 1379 arripuit
2920 1309 3327 1379 principatum.
3356 1309 3479 1375 Quo
3499 1307 3578 1364 la-

1932 1396 2108 1453 scivia
2130 1396 2412 1467 resoluto,
2434 1398 2618 1467 Rcspa
2639 1402 2694 1451 et
2715 1396 2984 1452 Veducus
3000 1398 3453 1467 Thurbarusque
3477 1396 3577 1454 du-

1932 1500 2033 1541 ces
2055 1486 2373 1542 Gothorum
2396 1486 2604 1541 fretum
2628 1486 3079 1557 Ellesponticum
3104 1488 3574 1555 transfretantes,

1931 1573 2146 1629 multas
2164 1574 2310 1629 Asiae
2332 1575 2508 1629 urbes
2528 1574 2830 1644 depredati
2852 1579 3008 1643 sunt,
3028 1573 3291 1643 illudque
3308 1573 3580 1646 opinatis-

1931 1678 2138 1719 sunum
2172 1662 2363 1718 Dianae
2389 1662 2665 1733 templum
2686 1664 2759 1718 ab
2785 1662 3175 1718 Amazonibus
3200 1663 3412 1733 Ephesi
3445 1678 3579 1719 con-

1846 1780 1900 1840 B
1930 1751 2136 1821 ditum,
2170 1748 2618 1819 succenderunt,
2645 1756 2854 1806 etcum
2881 1750 3059 1806 multa
3084 1750 3263 1821 preda
3295 1751 3573 1821 regressi,

1927 1840 2311 1909 Trojam,quze
2327 1839 2421 1894 vix
2436 1840 2507 1894 ab
2524 1838 2624 1895 illo
2638 1839 3025 1908 Agamennico
3042 1838 3195 1895 bello
3212 1839 3583 1909 quantulum-

1927 1942 2175 1998 cumque
2208 1932 2477 1998 reparata
2508 1933 2657 1997 erat,
2700 1942 2931 1984 rursum
2974 1926 3342 1996 deleverunt,
3377 1927 3579 1998 sicque

1930 2024 2065 2080 Asia
2090 2028 2337 2093 vastata,
2363 2024 2621 2079 Traciam
2648 2025 3030 2089 devenerunt,
3054 2029 3111 2079 et
3132 2023 3295 2094 juxta
3322 2006 3593 2081 radicem‘

1930 2121 2088 2177 Hemi
2121 2121 2335 2177 montis
2366 2136 2645 2192 aquarum
2670 2121 2989 2177 calidarum
3016 2121 3250 2177 lavacro
3274 2121 3574 2191 delectati,

1932 2217 2131 2273 multis
2161 2218 2367 2274 diebus
2398 2224 2845 2289 commorantes,
2883 2218 2953 2274 ad
2985 2218 3217 2290 propria
3252 2219 3574 2289 redierunt,

1931 2316 2115 2385 (Jonn.
2142 2332 2190 2372 c.
2219 2322 2287 2373 20
2308 2318 2496 2390 seqq.)
2528 2319 2667 2373 Post
2689 2317 2812 2373 haec
2835 2318 2906 2373 ab
2932 2316 3203 2400 llerculio
3236 2316 3575 2373 Maximiano

1931 2414 1985 2469 in
2006 2414 2284 2471 auxilium
2312 2417 2697 2473 Romanorum
2719 2421 2919 2470 contra
2941 2414 3185 2469 Parthos
3204 2414 3415 2484 rogati,
3441 2414 3579 2469 lide-

1931 2512 2067 2567 liter
2100 2511 2573 2581 decertaverunt,
2607 2518 2667 2566 et
2695 2513 2972 2567 Narseum
3007 2526 3199 2580 regem
3243 2512 3573 2581 Persarum,

1931 2601 2167 2672 Saporis
2192 2601 2379 2670 magni
2405 2605 2692 2671 nepotem,
2724 2602 3090 2671 fugaverunt.
3130 2603 3171 2655 A
3198 2600 3577 2657 Constantino

1933 2704 2161 2760 quoque
2186 2689 2539 2761 imperatore
2564 2690 2772 2759 rogati,
2810 2688 2992 2745 multo
3018 2689 3306 2745 affuerunt
3334 2687 3574 2759 auxilio,

1930 2782 1985 2835 et
2024 2783 2084 2834 ut
2121 2779 2562 2835 famosissimam
2598 2780 2791 2835 Romae
2822 2777 3085 2834 azmulam
3118 2778 3172 2832 in
3209 2793 3313 2834 suo
3345 2778 3577 2834 nomine

1930 2868 2213 2923 conderet
2253 2868 2570 2936 civitatem,
2618 2866 2938 2924 Gothorum
2981 2866 3241 2923 interfuit
3288 2866 3573 2938 operatio.

1930 2955 2037 3021 Qui
2074 2955 2288 3011 foedere
2319 2955 2464 3013 inito
2491 2970 2620 3012 cum
2656 2955 3027 3026 imperatore,
3064 2957 3131 3011 40
3153 2954 3309 3010 milia
3340 2969 3576 3011 suorum

1930 3044 2011 3099 illi
2038 3044 2091 3100 in
2119 3045 2393 3101 solatium
2418 3052 2618 3101 contra
2656 3044 2848 3100 varias
2878 3049 3084 3114 gentes
3114 3043 3404 3112 obtulere,
3440 3058 3581 3115 quo-

155 3136 383 3205 functo,
403 3132 687 3191 successit
704 3132 1079 3202 Ostrogotba,
1095 3138 1154 3187 et
1174 3146 1309 3203 pars
1325 3132 1664 3202 Gothorum,
1691 3146 1816 3202 quae
1849 3139 1898 3203 Ο
1930 3149 2055 3191 rum
2075 3138 2134 3189 et
2154 3147 2431 3190 numerus
2452 3139 2510 3189 et
2532 3132 2733 3188 militia
2761 3147 2943 3202 usque
2966 3133 3033 3187 ad
3054 3146 3299 3203 presens
3320 3132 3372 3187 in
3394 3146 3456 3189 re
3475 3147 3578 3204 pu-

153 3221 509 3281 orientalem
542 3221 771 3293 plagam
804 3221 1061 3290 tenebat,
1095 3221 1581 3291 Ostrogotharum
1614 3235 1817 3277 nomen

151 3310 414 3384 accepit,
440 3310 560 3367 sive
581 3323 610 3365 a
633 3324 791 3380 rege,
817 3309 940 3365 sive
960 3324 986 3364 a
1012 3308 1277 3379 regione;
1302 3308 1513 3379 reliqui
1536 3324 1693 3379 vero,
1722 3313 1818 3381 qui

157 3402 213 3458 in
240 3399 490 3458 occidua
516 3404 680 3455 erant
708 3402 893 3470 parte,
926 3396 1260 3465 Wisigothae
1283 3397 1425 3454 dicti
1446 3404 1600 3468 sunt,
1636 3400 1818 3455 ambio

150 3494 354 3547 tamen
406 3493 606 3561 partes
637 3488 761 3557 regi
793 3488 1167 3557 Ostrogothze
1218 3486 1667 3557 subjacuerunt;
1722 3489 1821 3544 mi-

151 3592 405 3649 rumque
438 3577 493 3633 in
526 3577 755 3632 modum
801 3575 918 3633 illis
960 3575 1421 3646 proficientibus,
1467 3578 1576 3632 sub
1620 3592 1818 3633 eorum

150 3667 403 3724 dextera
428 3662 740 3721 Wandalus
765 3665 972 3736 jacuit,
1005 3665 1446 3720 Marcomannus
1481 3666 1587 3721 sub
1623 3667 1819 3737 precio

151 3753 352 3822 stetit,
401 3751 671 3823 princeps
711 3749 1044 3817 Quadorum
1078 3750 1132 3805 in
1166 3750 1512 3807 servitutem
1546 3752 1823 3809 redactus

150 3848 263 3899 est.
301 3841 575 3914 Philippo
608 3842 803 3912 itaque
837 3841 1113 3897 Romanis
1148 3840 1489 3912 imperante,
1528 3842 1623 3912 qui
1658 3842 1820 3898 solus

152 3936 289 3989 ante
316 3930 766 3987 Constantinum
787 3945 917 3987 cum
944 3929 1062 3985 lilio
1084 3945 1190 3986 suo
1213 3930 1348 3984 item
1371 3930 1638 4002 Philippo
1664 3932 1823 3986 Chri-

153 4021 389 4077 stianus
434 4019 625 4075 factus
666 4023 779 4088 est,
825 4018 1172 4089 Ostrogotha
1209 4034 1337 4075 cum
1373 4019 1497 4075 suis
1528 4020 1823 4075 transiens

153 4108 505 4178 Danubium,
572 4106 901 4179 provincias
961 4108 1350 4163 Romanorum
1399 4108 1684 4174 vastavit;
1751 4109 1822 4165 ad

155 4211 332 4268 quem
367 4194 778 4252 debellandum
811 4195 1022 4252 Decius
1056 4199 1293 4251 senator
1324 4209 1353 4250 a
1387 4196 1653 4269 Philippo
1685 4196 1825 4253 diri-

151 4286 341 4355 gitur.
368 4283 476 4351 Qui
506 4285 764 4355 veniens,
801 4286 1090 4342 Romanos
1122 4285 1339 4341 milites
1369 4300 1515 4357 quos
1548 4286 1766 4342 invenit
1793 4302 1823 4342 a

155 4373 369 4431 militia
395 4372 666 4445 deposuit
685 4378 742 4429 et
764 4373 817 4429 in
846 4373 1070 4445 privata
1096 4373 1212 4429 vita
1238 4372 1453 4443 degere
1480 4373 1638 4445 fecit,
1659 4362 1826 4445 quasi

1932 3222 2081 3278 blira
2114 3222 2468 3290 nominatur,
2505 3221 2560 3277 id
2590 3226 2678 3277 est
2712 3220 3000 3277 foederati.
3036 3222 3190 3277 Tunc
3219 3221 3431 3276 etenim
3465 3221 3577 3277 sub

1929 3310 2175 3367 Ariarici
2193 3314 2249 3367 et
2268 3310 2510 3367 Ariorici
2533 3325 2731 3380 regum
2752 3324 2989 3366 suorum
3010 3308 3296 3365 ﬂorebant
3311 3308 3573 3380 imperio.

1928 3399 2066 3454 Post
2099 3414 2343 3470 quorum
2375 3398 2696 3455 discessum
2730 3412 3038 3454 successor
3060 3397 3223 3467 regni
3250 3397 3447 3453 extitit
3475 3397 3577 3451 Ge-

1930 3487 2151 3556 berich,
2174 3488 2392 3543 virtute
2409 3492 2467 3542 et
2492 3486 2799 3542 nobilitate
2821 3486 3087 3542 eximius.
3117 3487 3254 3541 Nam
3279 3490 3442 3557 patre
3464 3485 3578 3541 Hil-

1931 3574 2127 3632 derico
2149 3581 2339 3643 natus,
2357 3591 2465 3633 avo
2481 3575 2718 3646 Hovida,
2736 3589 2951 3646 proavo
2974 3576 3134 3646 Nida,
3151 3574 3394 3645 gloriam
3413 3589 3579 3646 gene-

1930 3664 2011 3720 ris
2043 3664 2130 3720 sui
2168 3665 2335 3721 factis
2366 3664 2715 3735 exaequavit.
2751 3665 2809 3720 In
2846 3664 3130 3736 principio
3171 3665 3385 3737 quippe
3417 3664 3578 3735 regni

1930 3753 2020 3809 sui
2056 3768 2183 3809 mox
2214 3752 2624 3810 Wandalorum
2655 3752 2835 3822 genti,
2864 3753 2959 3824 qui
2989 3768 3059 3808 eo
3089 3757 3354 3824 tempore
3388 3766 3580 3809 mane-

1933 3842 2069 3896 bant
2104 3842 2199 3897 ubi
2247 3845 2448 3912 postea
2491 3839 2691 3912 Gepidi
2735 3840 3041 3911 sedebant,
3086 3841 3300 3898 bellum
3343 3841 3573 3911 indixit,

1932 3944 2246 3999 regemque
2296 3944 2496 3986 eorum
2548 3929 2928 3986 Wisamarum
2975 3944 3106 3986 cum
3154 3945 3356 3999 magna
3410 3933 3578 4000 parte

1930 4019 2125 4088 gentis
2146 4033 2266 4074 suae
2294 4017 2636 4089 prostravit,
2670 4018 3126 4089 depredatisque
3157 4017 3469 4086 Wandalis,
3498 4017 3578 4074 vi-

1933 4112 2064 4164 ctor
2082 4107 2380 4163 remeavit.
2406 4106 2684 4178 Perpauei
2710 4120 2845 4161 vero
2868 4104 3148 4175 Wandali,
3173 4105 3267 4176 qui
3290 4119 3579 4161 remanse-

1935 4203 2063 4253 rant
2098 4197 2511 4254 infortunatam
2543 4196 2654 4251 sibi
2689 4194 2933 4267 patriam
2974 4194 3391 4265 relinquentes,
3436 4195 3581 4249 Pan-

1936 4287 2187 4355 noniam,
2223 4301 2251 4342 a
2287 4285 2669 4342 Constantino
2714 4284 3068 4356 imperatore
3105 4283 3217 4339 sibi
3248 4281 3317 4316 ⁷⁰⁸
3346 4297 3579 4339 conces-

1936 4391 2077 4445 sam,
2102 4375 2417 4447 petierunt,
2435 4374 2629 4444 ibique
2649 4372 2857 4429 locatis
2877 4372 3135 4443 sedibus,
3152 4387 3256 4443 per
3276 4371 3576 4442 sexaginta

155 4476 366 4521 eorum
397 4462 667 4532 neglectu
701 4461 873 4518 Gothi
904 4461 1228 4519 Danubium
1254 4462 1619 4533 transierint,
1648 4466 1826 4528 facta_
1856 4496 1909 4557 Β
1938 4479 2119 4521 annos
2152 4464 2567 4535 imperatorum
2600 4461 2855 4519 decretis
2876 4461 3038 4518 velut
3061 4461 3267 4519 incolae
3290 4460 3581 4517 deservie-

156 4566 291 4623 que,
322 4555 386 4607 ut
413 4551 659 4623 putavit,
695 4551 750 4606 in
781 4565 919 4607 suos
947 4550 1225 4619 vindicta,
1258 4551 1583 4607 revertitur
1605 4552 1675 4608 ad
1701 4554 1827 4609 Phi-

157 4637 406 4712 lippum.
434 4638 644 4696 Milites
667 4644 860 4695 autem
881 4638 1170 4707 videntes,
1197 4654 1259 4694 se
1282 4643 1408 4711 post
1432 4643 1520 4697 tot
1544 4639 1777 4698 labores
1798 4658 1825 4697 a

158 4729 371 4785 militia
400 4727 618 4800 pulsos,
646 4727 717 4784 ad
737 4727 1112 4798 Ostrogothzc
1138 4727 1292 4798 regis
1317 4729 1530 4785 auxilia
1555 4731 1830 4803 confuge-

161 4823 319 4874 runt.
351 4816 462 4884 Qui
482 4817 782 4888 excipiens
805 4831 926 4885 eos,
955 4831 1277 4886 eorumque
1301 4817 1499 4874 verbis
1522 4833 1824 4893 accensus,

162 4921 292 4964 mox
322 4910 588 4962 trecenta
620 4904 773 4961 milia
807 4919 1044 4962 suorum
1069 4913 1289 4962 armata
1316 4907 1585 4977 producit
1610 4909 1678 4965 ad
1710 4910 1827 4966 bel'

163 4992 303 5065 lum,
330 4993 702 5065 transitoque
732 4992 1011 5063 Danubio,
1039 4993 1292 5051 Moesiam
1312 4994 1574 5066 populati
1591 5004 1746 5067 sunt,
1768 5002 1824 5054 et

164 5080 661 5154 Marcianopolim,
687 5080 947 5153 ejusdem
975 5081 1181 5153 patriae
1207 5083 1407 5139 urbem
1435 5085 1824 5156 metropolim,

1938 4557 2095 4610 runt.
2130 4553 2264 4608 Inde
2282 4552 2397 4621 jam
2424 4556 2556 4624 post
2580 4550 2810 4621 longum
2836 4556 3067 4622 tempus
3088 4564 3118 4606 a
3142 4550 3441 4621 Stilicone,
3467 4565 3580 4606 ma-

1937 4642 2127 4711 gistro
2170 4641 2415 4697 militum
2459 4646 2516 4696 et
2554 4639 2869 4696 exconsule
2911 4654 2976 4697 ac
3014 4639 3285 4711 patricio,
3329 4638 3576 4709 invitati,

1940 4729 2617 4801 Galliasoccupaverunt,
2636 4728 2732 4785 ubi
2752 4728 3449 4800 ﬁnitimosdepredantes,
3467 4741 3578 4782 non

1939 4819 2085 4874 adeo
2110 4817 2253 4874 lixas
2277 4818 2446 4873 sedes
2470 4818 2818 4874 habuerunt.
2855 4816 3131 4873 Geherico
3165 4830 3411 4887 namque
3443 4830 3578 4885 rege

1938 4906 2254 4963 Gothorum
2288 4907 2463 4963 rebus
2495 4905 2761 4962 humanis
2791 4904 3132 4975 excedente,
3168 4910 3299 4977 post
3322 4904 3581 4975 aliquan-

1938 5000 2060 5052 tum
2083 4996 2364 5068 temporis
2387 4995 2779 5065 Ermenricus,
2802 4993 3133 5050 Amalorum
3156 4993 3575 5065 nobilissimus,

1938 5084 2228 5140 successit
2254 5084 2308 5138 in
2335 5098 2595 5153 regnum,
2624 5082 2719 5152 qui
2749 5081 2957 5136 multis
2982 5082 3165 5137 arctoi
3189 5086 3397 5152 gentes
3416 5080 3582 5136 belli-

168 5186 342 5241 quam
373 5169 652 5240 Trajanus
682 5169 819 5226 olim
844 5184 915 5227 ex
938 5170 1167 5227 nomine
1198 5169 1415 5227 sororis
1449 5186 1569 5228 sure
1603 5172 1827 5229 Marciae
1936 5186 2106 5230 cosas
2133 5172 2461 5244 perdomuit
2484 5172 2724 5240 suisque
2752 5170 2979 5240 legibus
3004 5183 3207 5241 parere
3232 5168 3386 5238 fecit,
3409 5183 3579 5240 quem

168 5259 850 5329 condidit,obsederunt;
864 5265 1223 5332 acceptoque
1237 5260 1435 5332 precio
1450 5266 1583 5333 post
1596 5262 1825 5332 longam

1936 5261 2146 5318 merito
2179 5258 2440 5318 nonnulli
2472 5260 2725 5331 majores
2758 5256 3087 5315 Alexandro
3118 5272 3324 5330 magno
3355 5270 3583 5329 compa-

1536 5427 1771 5484 VARl/E
1816 5428 2210 5486 LECTIONES.

243 5566 313 5601 7"
335 5584 387 5626 c.
425 5571 519 5625 est
554 5569 630 5625 9ο.
716 5568 782 5603 ⁷⁰⁴
815 5569 1174 5629 Vualaradus
1205 5574 1280 5627 οε.
1370 5569 1439 5604 ⁷⁸⁸
1467 5570 1877 5631 herismundus
1910 5579 1959 5630 δ.
2049 5570 2119 5605 ⁷⁹⁶
2151 5588 2205 5628 u.
2245 5570 2280 5625 f.
2317 5574 2367 5625 :5.
2456 5567 2525 5602 "7
2556 5562 2841 5638 galienus
2871 5571 2928 5625 0°
3006 5566 3074 5601 7”
3105 5568 3265 5627 deest
3290 5573 3367 5622 ac.
