  <div class='ocr_page' id='page_1' title='image "/cluster/home/n/w/nwhite01/storage/ocr_20150623/154/hvd.32044054760129/373.png"; bbox 0 0 3992 6054; ppageno 0'>
   <div class='ocr_carea' id='block_1_1' title="bbox 392 286 509 351">
    <p class='ocr_par' dir='ltr' id='par_1_1' title="bbox 392 286 509 351">
     <span class='ocr_line' id='line_1_1' title="bbox 392 286 509 351; baseline 0.017 -4"><span class='ocrx_word' id='word_1_1' title='bbox 392 286 509 351; x_wconf 63' lang='lat' dir='ltr'><strong>H85</strong></span> 
     </span>
    </p>
   </div>
   <div class='ocr_carea' id='block_1_2' title="bbox 1561 280 2644 351">
    <p class='ocr_par' dir='ltr' id='par_1_2' title="bbox 1561 280 2644 351">
     <span class='ocr_line' id='line_1_2' title="bbox 1561 280 2644 351; baseline 0.005 -5"><span class='ocrx_word' id='word_1_2' title='bbox 1561 280 2044 348; x_wconf 80' lang='lat' dir='ltr'><strong>EKKEHARDI</strong></span> <span class='ocrx_word' id='word_1_3' title='bbox 2086 280 2644 351; x_wconf 80' lang='lat' dir='ltr'><strong>URAUGIENSIS</strong></span> 
     </span>
    </p>
   </div>
   <div class='ocr_carea' id='block_1_3' title="bbox 3685 284 3810 353">
    <p class='ocr_par' dir='ltr' id='par_1_3' title="bbox 3685 284 3810 353">
     <span class='ocr_line' id='line_1_3' title="bbox 3685 284 3810 353; baseline 0.016 -2"><span class='ocrx_word' id='word_1_4' title='bbox 3685 284 3810 353; x_wconf 80' lang='lat'><strong>786</strong></span> 
     </span>
    </p>
   </div>
   <div class='ocr_carea' id='block_1_4' title="bbox 389 417 3813 497">
    <p class='ocr_par' dir='ltr' id='par_1_4' title="bbox 389 417 3813 497">
     <span class='ocr_line' id='line_1_4' title="bbox 389 417 3813 497; baseline 0.001 -17"><span class='ocrx_word' id='word_1_5' title='bbox 389 437 613 481; x_wconf 89' lang='lat' dir='ltr'><strong>ravere.</strong></span> <span class='ocrx_word' id='word_1_6' title='bbox 650 422 911 482; x_wconf 81' lang='lat' dir='ltr'><strong>Habebat</strong></span> <span class='ocrx_word' id='word_1_7' title='bbox 945 421 1159 496; x_wconf 89' lang='lat' dir='ltr'><strong>quippe</strong></span> <span class='ocrx_word' id='word_1_8' title='bbox 1183 421 1290 481; x_wconf 87' lang='lat' dir='ltr'><strong>sub</strong></span> <span class='ocrx_word' id='word_1_9' title='bbox 1313 419 1540 480; x_wconf 85' lang='lat' dir='ltr'><strong>ditione</strong></span> <span class='ocrx_word' id='word_1_10' title='bbox 1561 435 1661 480; x_wconf 87' lang='lat' dir='ltr'><strong>sua</strong></span> <span class='ocrx_word' id='word_1_11' title='bbox 1686 417 1928 479; x_wconf 90' lang='lat' dir='ltr'><strong>Golthes</strong></span> <span class='ocrx_word' id='word_1_12' title='bbox 1950 418 2040 493; x_wconf 77' lang='grc'><strong>⁷⁸⁸,</strong></span> <span class='ocrx_word' id='word_1_13' title='bbox 2074 429 2129 491; x_wconf 85' lang='grc' dir='ltr'><strong>Α</strong></span> <span class='ocrx_word' id='word_1_14' title='bbox 2157 422 2490 494; x_wconf 85' lang='lat' dir='ltr'><strong>commovit,</strong></span> <span class='ocrx_word' id='word_1_15' title='bbox 2519 422 2615 496; x_wconf 87' lang='lat' dir='ltr'><strong>qui</strong></span> <span class='ocrx_word' id='word_1_16' title='bbox 2640 421 3067 482; x_wconf 75' lang='lat' dir='ltr'><strong>numerositate</strong></span> <span class='ocrx_word' id='word_1_17' title='bbox 3087 420 3399 496; x_wconf 84' lang='lat' dir='ltr'><strong>pollentes,</strong></span> <span class='ocrx_word' id='word_1_18' title='bbox 3425 421 3613 497; x_wconf 90' lang='lat' dir='ltr'><strong>primo</strong></span> <span class='ocrx_word' id='word_1_19' title='bbox 3635 424 3813 484; x_wconf 78' lang='lat' dir='ltr'><strong>resis-</strong></span> 
     </span>
    </p>
   </div>
   <div class='ocr_carea' id='block_1_5' title="bbox 386 510 2039 585">
    <p class='ocr_par' dir='ltr' id='par_1_5' title="bbox 386 510 2039 585">
     <span class='ocr_line' id='line_1_5' title="bbox 386 510 2039 585; baseline -0.001 -14"><span class='ocrx_word' id='word_1_20' title='bbox 386 514 757 572; x_wconf 88' lang='lat' dir='ltr'><strong>Citatbiudos</strong></span> <span class='ocrx_word' id='word_1_21' title='bbox 785 512 873 581; x_wconf 66' lang='lat'><strong>“0,</strong></span> <span class='ocrx_word' id='word_1_22' title='bbox 913 515 1161 571; x_wconf 84' lang='lat' dir='ltr'><strong>lnanxos</strong></span> <span class='ocrx_word' id='word_1_23' title='bbox 1188 511 1276 585; x_wconf 67' lang='lat'><strong>“1,</strong></span> <span class='ocrx_word' id='word_1_24' title='bbox 1315 513 1549 584; x_wconf 90' lang='lat' dir='ltr'><strong>Suasos,</strong></span> <span class='ocrx_word' id='word_1_25' title='bbox 1584 513 1919 569; x_wconf 89' lang='lat' dir='ltr'><strong>Narboncas</strong></span> <span class='ocrx_word' id='word_1_26' title='bbox 1951 510 2039 584; x_wconf 79' lang='grc'>⁸⁰²,</span> 
     </span>
    </p>
   </div>
   <div class='ocr_carea' id='block_1_6' title="bbox 388 601 2044 674">
    <p class='ocr_par' dir='ltr' id='par_1_6' title="bbox 388 601 2044 674">
     <span class='ocr_line' id='line_1_6' title="bbox 388 601 2044 674; baseline -0.002 -12"><span class='ocrx_word' id='word_1_27' title='bbox 388 605 699 672; x_wconf 83' lang='lat' dir='ltr'><strong>Merentes,</strong></span> <span class='ocrx_word' id='word_1_28' title='bbox 720 605 1070 674; x_wconf 84' lang='lat' dir='ltr'><strong>Mordentes,</strong></span> <span class='ocrx_word' id='word_1_29' title='bbox 1091 604 1463 660; x_wconf 83' lang='lat' dir='ltr'><strong>Ymniscaros</strong></span> <span class='ocrx_word' id='word_1_30' title='bbox 1477 601 1565 673; x_wconf 72' lang='grc' dir='ltr'><strong>δοθ,</strong></span> <span class='ocrx_word' id='word_1_31' title='bbox 1589 602 2044 659; x_wconf 83' lang='lat' dir='ltr'><strong>Roscathaizau-</strong></span> 
     </span>
    </p>
   </div>
   <div class='ocr_carea' id='block_1_7' title="bbox 391 690 2036 764">
    <p class='ocr_par' dir='ltr' id='par_1_7' title="bbox 391 690 2036 764">
     <span class='ocr_line' id='line_1_7' title="bbox 391 690 2036 764; baseline -0.002 -13"><span class='ocrx_word' id='word_1_32' title='bbox 391 700 480 751; x_wconf 91' lang='lat' dir='ltr'><strong>tes</strong></span> <span class='ocrx_word' id='word_1_33' title='bbox 511 693 598 764; x_wconf 79' lang='grc'><strong>⁸⁰⁴,</strong></span> <span class='ocrx_word' id='word_1_34' title='bbox 637 693 933 762; x_wconf 84' lang='lat' dir='ltr'><strong>Atbaalos,</strong></span> <span class='ocrx_word' id='word_1_35' title='bbox 982 694 1347 763; x_wconf 79' lang='lat' dir='ltr'><strong>Mavegones,</strong></span> <span class='ocrx_word' id='word_1_36' title='bbox 1392 691 1754 761; x_wconf 82' lang='lat' dir='ltr'><strong>Rubegenas,</strong></span> <span class='ocrx_word' id='word_1_37' title='bbox 1801 690 2036 748; x_wconf 86' lang='lat' dir='ltr'><strong>Holdas.</strong></span> 
     </span>
    </p>
   </div>
   <div class='ocr_carea' id='block_1_8' title="bbox 389 780 2038 850">
    <p class='ocr_par' dir='ltr' id='par_1_8' title="bbox 389 780 2038 850">
     <span class='ocr_line' id='line_1_8' title="bbox 389 780 2038 850; baseline -0.002 -11"><span class='ocrx_word' id='word_1_38' title='bbox 389 784 460 839; x_wconf 89' lang='lat' dir='ltr'><strong>Et</strong></span> <span class='ocrx_word' id='word_1_39' title='bbox 508 798 638 840; x_wconf 91' lang='lat' dir='ltr'><strong>cum</strong></span> <span class='ocrx_word' id='word_1_40' title='bbox 686 788 981 841; x_wconf 88' lang='lat' dir='ltr'><strong>tantorum</strong></span> <span class='ocrx_word' id='word_1_41' title='bbox 1026 782 1268 837; x_wconf 88' lang='lat' dir='ltr'><strong>servitio</strong></span> <span class='ocrx_word' id='word_1_42' title='bbox 1310 780 1504 838; x_wconf 90' lang='lat' dir='ltr'><strong>clarus</strong></span> <span class='ocrx_word' id='word_1_43' title='bbox 1542 780 1881 850; x_wconf 74' lang='lat' dir='ltr'><strong>haberetur,</strong></span> <span class='ocrx_word' id='word_1_44' title='bbox 1925 794 2038 836; x_wconf 91' lang='lat' dir='ltr'><strong>non</strong></span> 
     </span>
    </p>
   </div>
   <div class='ocr_carea' id='block_1_9' title="bbox 390 870 2036 943">
    <p class='ocr_par' dir='ltr' id='par_1_9' title="bbox 390 870 2036 943">
     <span class='ocr_line' id='line_1_9' title="bbox 390 870 2036 943; baseline -0.002 -15"><span class='ocrx_word' id='word_1_45' title='bbox 390 872 611 943; x_wconf 91' lang='lat' dir='ltr'><strong>quievit</strong></span> <span class='ocrx_word' id='word_1_46' title='bbox 656 872 763 928; x_wconf 86' lang='lat' dir='ltr'><strong>nisi</strong></span> <span class='ocrx_word' id='word_1_47' title='bbox 796 877 856 927; x_wconf 92' lang='lat' dir='ltr'><strong>et</strong></span> <span class='ocrx_word' id='word_1_48' title='bbox 884 872 1227 927; x_wconf 83' lang='lat' dir='ltr'><strong>Herulorum</strong></span> <span class='ocrx_word' id='word_1_49' title='bbox 1273 877 1500 939; x_wconf 85' lang='lat' dir='ltr'><strong>gentes,</strong></span> <span class='ocrx_word' id='word_1_50' title='bbox 1548 870 1761 940; x_wconf 88' lang='lat' dir='ltr'><strong>quibus</strong></span> <span class='ocrx_word' id='word_1_51' title='bbox 1804 872 2036 940; x_wconf 89' lang='lat' dir='ltr'><strong>preerat</strong></span> 
     </span>
    </p>
   </div>
   <div class='ocr_carea' id='block_1_10' title="bbox 393 958 2036 1030">
    <p class='ocr_par' dir='ltr' id='par_1_10' title="bbox 393 958 2036 1030">
     <span class='ocr_line' id='line_1_10' title="bbox 393 958 2036 1030; baseline -0.003 -12"><span class='ocrx_word' id='word_1_52' title='bbox 393 961 678 1029; x_wconf 83' lang='lat' dir='ltr'><strong>Alaricus,</strong></span> <span class='ocrx_word' id='word_1_53' title='bbox 706 961 815 1018; x_wconf 73' lang='lat' dir='ltr'><strong>sibi</strong></span> <span class='ocrx_word' id='word_1_54' title='bbox 840 960 1175 1030; x_wconf 87' lang='lat' dir='ltr'><strong>subjiceret.</strong></span> <span class='ocrx_word' id='word_1_55' title='bbox 1205 961 1342 1027; x_wconf 74' lang='lat' dir='ltr'><strong>Quae</strong></span> <span class='ocrx_word' id='word_1_56' title='bbox 1364 975 1507 1029; x_wconf 88' lang='lat' dir='ltr'><strong>gens</strong></span> <span class='ocrx_word' id='word_1_57' title='bbox 1530 958 1695 1029; x_wconf 86' lang='lat' dir='ltr'><strong>juxta</strong></span> <span class='ocrx_word' id='word_1_58' title='bbox 1731 958 2036 1014; x_wconf 82' lang='lat' dir='ltr'><strong>Meotidem</strong></span> 
     </span>
    </p>
   </div>
   <div class='ocr_carea' id='block_1_11' title="bbox 391 1047 2034 1122">
    <p class='ocr_par' dir='ltr' id='par_1_11' title="bbox 391 1047 2034 1122">
     <span class='ocr_line' id='line_1_11' title="bbox 391 1047 2034 1122; baseline -0.002 -17"><span class='ocrx_word' id='word_1_59' title='bbox 391 1048 659 1122; x_wconf 78' lang='lat' dir='ltr'><strong>paludem</strong></span> <span class='ocrx_word' id='word_1_60' title='bbox 686 1050 975 1119; x_wconf 79' lang='lat' dir='ltr'><strong>habitans,</strong></span> <span class='ocrx_word' id='word_1_61' title='bbox 997 1064 1069 1106; x_wconf 82' lang='lat' dir='ltr'><strong>ex</strong></span> <span class='ocrx_word' id='word_1_62' title='bbox 1089 1048 1234 1105; x_wconf 90' lang='lat' dir='ltr'><strong>locis</strong></span> <span class='ocrx_word' id='word_1_63' title='bbox 1255 1048 1682 1117; x_wconf 76' lang='lat' dir='ltr'><strong>stagnantibus,</strong></span> <span class='ocrx_word' id='word_1_64' title='bbox 1706 1061 1851 1117; x_wconf 89' lang='lat' dir='ltr'><strong>quas</strong></span> <span class='ocrx_word' id='word_1_65' title='bbox 1870 1047 2034 1103; x_wconf 90' lang='lat' dir='ltr'><strong>Greci</strong></span> 
     </span>
    </p>
   </div>
   <div class='ocr_carea' id='block_1_12' title="bbox 394 1136 2031 1208">
    <p class='ocr_par' dir='ltr' id='par_1_12' title="bbox 394 1136 2031 1208">
     <span class='ocr_line' id='line_1_12' title="bbox 394 1136 2031 1208; baseline -0.001 -14"><span class='ocrx_word' id='word_1_66' title='bbox 394 1139 546 1195; x_wconf 85' lang='lat' dir='ltr'><strong>belle</strong></span> <span class='ocrx_word' id='word_1_67' title='bbox 586 1144 818 1208; x_wconf 88' lang='lat' dir='ltr'><strong>vocant,</strong></span> <span class='ocrx_word' id='word_1_68' title='bbox 862 1138 1058 1194; x_wconf 91' lang='lat' dir='ltr'><strong>Heruli</strong></span> <span class='ocrx_word' id='word_1_69' title='bbox 1100 1138 1263 1208; x_wconf 89' lang='lat' dir='ltr'><strong>quasi</strong></span> <span class='ocrx_word' id='word_1_70' title='bbox 1309 1137 1517 1193; x_wconf 89' lang='lat' dir='ltr'><strong>Hellnli</strong></span> <span class='ocrx_word' id='word_1_71' title='bbox 1560 1136 1837 1193; x_wconf 86' lang='lat' dir='ltr'><strong>nominati</strong></span> <span class='ocrx_word' id='word_1_72' title='bbox 1875 1140 2031 1206; x_wconf 91' lang='lat' dir='ltr'><strong>sunt,</strong></span> 
     </span>
    </p>
   </div>
   <div class='ocr_carea' id='block_1_13' title="bbox 391 1225 2035 1299">
    <p class='ocr_par' dir='ltr' id='par_1_13' title="bbox 391 1225 2035 1299">
     <span class='ocr_line' id='line_1_13' title="bbox 391 1225 2035 1299; baseline -0.004 -15"><span class='ocrx_word' id='word_1_73' title='bbox 391 1243 533 1297; x_wconf 88' lang='lat' dir='ltr'><strong>gens</strong></span> <span class='ocrx_word' id='word_1_74' title='bbox 575 1232 852 1299; x_wconf 91' lang='lat' dir='ltr'><strong>quantum</strong></span> <span class='ocrx_word' id='word_1_75' title='bbox 886 1227 1053 1283; x_wconf 88' lang='lat' dir='ltr'><strong>velox</strong></span> <span class='ocrx_word' id='word_1_76' title='bbox 1084 1232 1309 1282; x_wconf 87' lang='lat' dir='ltr'><strong>tantum</strong></span> <span class='ocrx_word' id='word_1_77' title='bbox 1344 1228 1613 1297; x_wconf 89' lang='lat' dir='ltr'><strong>superba.</strong></span> <span class='ocrx_word' id='word_1_78' title='bbox 1660 1225 1823 1280; x_wconf 84' lang='lat' dir='ltr'><strong>Nulla</strong></span> <span class='ocrx_word' id='word_1_79' title='bbox 1858 1225 2035 1295; x_wconf 92' lang='lat' dir='ltr'><strong>siqui-</strong></span> 
     </span>
    </p>
   </div>
   <div class='ocr_carea' id='block_1_14' title="bbox 393 1314 2032 1387">
    <p class='ocr_par' dir='ltr' id='par_1_14' title="bbox 393 1314 2032 1387">
     <span class='ocr_line' id='line_1_14' title="bbox 393 1314 2032 1387; baseline -0.002 -14"><span class='ocrx_word' id='word_1_80' title='bbox 393 1316 521 1373; x_wconf 87' lang='lat' dir='ltr'><strong>dem</strong></span> <span class='ocrx_word' id='word_1_81' title='bbox 555 1333 698 1387; x_wconf 84' lang='lat' dir='ltr'><strong>gens</strong></span> <span class='ocrx_word' id='word_1_82' title='bbox 730 1322 869 1373; x_wconf 89' lang='lat' dir='ltr'><strong>tunc</strong></span> <span class='ocrx_word' id='word_1_83' title='bbox 900 1322 1045 1386; x_wconf 86' lang='lat' dir='ltr'><strong>erat,</strong></span> <span class='ocrx_word' id='word_1_84' title='bbox 1083 1332 1209 1387; x_wconf 75' lang='lat' dir='ltr'><strong>quze</strong></span> <span class='ocrx_word' id='word_1_85' title='bbox 1244 1332 1353 1371; x_wconf 89' lang='lat' dir='ltr'><strong>non</strong></span> <span class='ocrx_word' id='word_1_86' title='bbox 1386 1316 1564 1371; x_wconf 84' lang='lat' dir='ltr'><strong>levem</strong></span> <span class='ocrx_word' id='word_1_87' title='bbox 1590 1314 1659 1348; x_wconf 80' lang='grc'><strong>⁸⁰⁵</strong></span> <span class='ocrx_word' id='word_1_88' title='bbox 1680 1319 2032 1371; x_wconf 80' lang='lat' dir='ltr'><strong>armaturam</strong></span> 
     </span>
    </p>
   </div>
   <div class='ocr_carea' id='block_1_15' title="bbox 395 1405 2034 1477">
    <p class='ocr_par' dir='ltr' id='par_1_15' title="bbox 395 1405 2034 1477">
     <span class='ocr_line' id='line_1_15' title="bbox 395 1405 2034 1477; baseline -0.002 -14"><span class='ocrx_word' id='word_1_89' title='bbox 395 1408 449 1463; x_wconf 90' lang='lat' dir='ltr'><strong>in</strong></span> <span class='ocrx_word' id='word_1_90' title='bbox 475 1409 596 1464; x_wconf 90' lang='lat' dir='ltr'><strong>acie</strong></span> <span class='ocrx_word' id='word_1_91' title='bbox 620 1423 720 1463; x_wconf 88' lang='lat' dir='ltr'><strong>sua</strong></span> <span class='ocrx_word' id='word_1_92' title='bbox 746 1422 818 1462; x_wconf 81' lang='lat' dir='ltr'><strong>ex</strong></span> <span class='ocrx_word' id='word_1_93' title='bbox 842 1407 981 1477; x_wconf 82' lang='lat' dir='ltr'><strong>ipsis</strong></span> <span class='ocrx_word' id='word_1_94' title='bbox 1002 1406 1118 1475; x_wconf 89' lang='lat' dir='ltr'><strong>elig</strong></span> <span class='ocrx_word' id='word_1_95' title='bbox 1158 1412 1266 1462; x_wconf 92' lang='lat' dir='ltr'><strong>ret.</strong></span> <span class='ocrx_word' id='word_1_96' title='bbox 1295 1406 1403 1461; x_wconf 88' lang='lat' dir='ltr'><strong>Sed</strong></span> <span class='ocrx_word' id='word_1_97' title='bbox 1429 1405 1690 1476; x_wconf 87' lang='lat' dir='ltr'><strong>quamvis</strong></span> <span class='ocrx_word' id='word_1_98' title='bbox 1713 1420 1914 1461; x_wconf 89' lang='lat' dir='ltr'><strong>eorum</strong></span> <span class='ocrx_word' id='word_1_99' title='bbox 1940 1420 2034 1460; x_wconf 88' lang='lat' dir='ltr'><strong>ve-</strong></span> 
     </span>
    </p>
   </div>
   <div class='ocr_carea' id='block_1_16' title="bbox 390 1495 2034 1563">
    <p class='ocr_par' dir='ltr' id='par_1_16' title="bbox 390 1495 2034 1563">
     <span class='ocr_line' id='line_1_16' title="bbox 390 1495 2034 1563; baseline -0.001 -13"><span class='ocrx_word' id='word_1_100' title='bbox 390 1496 597 1553; x_wconf 81' lang='lat' dir='ltr'><strong>locitas</strong></span> <span class='ocrx_word' id='word_1_101' title='bbox 616 1497 685 1551; x_wconf 89' lang='lat' dir='ltr'><strong>ab</strong></span> <span class='ocrx_word' id='word_1_102' title='bbox 706 1495 835 1551; x_wconf 91' lang='lat' dir='ltr'><strong>aliis</strong></span> <span class='ocrx_word' id='word_1_103' title='bbox 860 1497 1068 1551; x_wconf 87' lang='lat' dir='ltr'><strong>crebro</strong></span> <span class='ocrx_word' id='word_1_104' title='bbox 1096 1495 1449 1551; x_wconf 87' lang='lat' dir='ltr'><strong>bellantibus</strong></span> <span class='ocrx_word' id='word_1_105' title='bbox 1470 1510 1568 1550; x_wconf 73' lang='lat' dir='ltr'><strong>eos</strong></span> <span class='ocrx_word' id='word_1_106' title='bbox 1589 1498 1900 1563; x_wconf 83' lang='lat' dir='ltr'><strong>tutaretur,</strong></span> <span class='ocrx_word' id='word_1_107' title='bbox 1930 1495 2034 1549; x_wconf 92' lang='lat' dir='ltr'><strong>Go-</strong></span> 
     </span>
    </p>
   </div>
   <div class='ocr_carea' id='block_1_17' title="bbox 393 1584 2033 1652">
    <p class='ocr_par' dir='ltr' id='par_1_17' title="bbox 393 1584 2033 1652">
     <span class='ocr_line' id='line_1_17' title="bbox 393 1584 2033 1652; baseline 0 -13"><span class='ocrx_word' id='word_1_108' title='bbox 393 1586 625 1640; x_wconf 81' lang='lat' dir='ltr'><strong>thorum</strong></span> <span class='ocrx_word' id='word_1_109' title='bbox 662 1590 848 1641; x_wconf 89' lang='lat' dir='ltr'><strong>tamen</strong></span> <span class='ocrx_word' id='word_1_110' title='bbox 883 1584 1190 1640; x_wconf 87' lang='lat' dir='ltr'><strong>stabilitati</strong></span> <span class='ocrx_word' id='word_1_111' title='bbox 1217 1590 1275 1639; x_wconf 89' lang='lat' dir='ltr'><strong>et</strong></span> <span class='ocrx_word' id='word_1_112' title='bbox 1301 1584 1563 1639; x_wconf 86' lang='lat' dir='ltr'><strong>tarditati</strong></span> <span class='ocrx_word' id='word_1_113' title='bbox 1597 1584 2033 1652; x_wconf 86' lang='lat' dir='ltr'><strong>subjaeueruut,</strong></span> 
     </span>
    </p>
   </div>
   <div class='ocr_carea' id='block_1_18' title="bbox 394 1672 2038 1744">
    <p class='ocr_par' dir='ltr' id='par_1_18' title="bbox 394 1672 2038 1744">
     <span class='ocr_line' id='line_1_18' title="bbox 394 1672 2038 1744; baseline -0.001 -16"><span class='ocrx_word' id='word_1_114' title='bbox 394 1675 647 1744; x_wconf 78' lang='lat' dir='ltr'><strong>fecitque</strong></span> <span class='ocrx_word' id='word_1_115' title='bbox 670 1688 843 1729; x_wconf 86' lang='lat' dir='ltr'><strong>causa</strong></span> <span class='ocrx_word' id='word_1_116' title='bbox 872 1673 1124 1740; x_wconf 82' lang='lat' dir='ltr'><strong>fortium,</strong></span> <span class='ocrx_word' id='word_1_117' title='bbox 1154 1678 1211 1728; x_wconf 90' lang='lat' dir='ltr'><strong>ut</strong></span> <span class='ocrx_word' id='word_1_118' title='bbox 1245 1673 1352 1743; x_wconf 85' lang='lat' dir='ltr'><strong>ipsi</strong></span> <span class='ocrx_word' id='word_1_119' title='bbox 1380 1674 1531 1728; x_wconf 86' lang='lat' dir='ltr'><strong>inter</strong></span> <span class='ocrx_word' id='word_1_120' title='bbox 1556 1672 1812 1741; x_wconf 86' lang='lat' dir='ltr'><strong>reliquas</strong></span> <span class='ocrx_word' id='word_1_121' title='bbox 1833 1677 2038 1739; x_wconf 75' lang='lat' dir='ltr'><strong>gentes</strong></span> 
     </span>
    </p>
   </div>
   <div class='ocr_carea' id='block_1_19' title="bbox 394 1761 2039 1832">
    <p class='ocr_par' dir='ltr' id='par_1_19' title="bbox 394 1761 2039 1832">
     <span class='ocr_line' id='line_1_19' title="bbox 394 1761 2039 1832; baseline 0 -14"><span class='ocrx_word' id='word_1_122' title='bbox 394 1763 706 1818; x_wconf 86' lang='lat' dir='ltr'><strong>Getharum</strong></span> <span class='ocrx_word' id='word_1_123' title='bbox 751 1762 869 1832; x_wconf 88' lang='lat' dir='ltr'><strong>regi</strong></span> <span class='ocrx_word' id='word_1_124' title='bbox 915 1763 1248 1818; x_wconf 84' lang='lat' dir='ltr'><strong>Ermenrico</strong></span> <span class='ocrx_word' id='word_1_125' title='bbox 1289 1763 1595 1817; x_wconf 80' lang='lat' dir='ltr'><strong>servirent.</strong></span> <span class='ocrx_word' id='word_1_126' title='bbox 1632 1764 1770 1818; x_wconf 81' lang='lat' dir='ltr'><strong>Post</strong></span> <span class='ocrx_word' id='word_1_127' title='bbox 1802 1761 2039 1818; x_wconf 87' lang='lat' dir='ltr'><strong>Herulo-</strong></span> 
     </span>
    </p>
   </div>
   <div class='ocr_carea' id='block_1_20' title="bbox 396 1850 2038 1907">
    <p class='ocr_par' dir='ltr' id='par_1_20' title="bbox 396 1850 2038 1907">
     <span class='ocr_line' id='line_1_20' title="bbox 396 1850 2038 1907; baseline 0.001 -2"><span class='ocrx_word' id='word_1_128' title='bbox 396 1865 519 1906; x_wconf 89' lang='lat' dir='ltr'><strong>rum</strong></span> <span class='ocrx_word' id='word_1_129' title='bbox 575 1850 791 1906; x_wconf 59' lang='lat' dir='ltr'><strong>caedem</strong></span> <span class='ocrx_word' id='word_1_130' title='bbox 845 1851 982 1905; x_wconf 82' lang='lat' dir='ltr'><strong>item</strong></span> <span class='ocrx_word' id='word_1_131' title='bbox 1033 1851 1403 1907; x_wconf 86' lang='lat' dir='ltr'><strong>Ermenricus</strong></span> <span class='ocrx_word' id='word_1_132' title='bbox 1446 1850 1498 1905; x_wconf 92' lang='lat' dir='ltr'><strong>in</strong></span> <span class='ocrx_word' id='word_1_133' title='bbox 1540 1851 1833 1905; x_wconf 85' lang='lat' dir='ltr'><strong>Venethos</strong></span> <span class='ocrx_word' id='word_1_134' title='bbox 1882 1864 2038 1906; x_wconf 89' lang='lat' dir='ltr'><strong>arma</strong></span> 
     </span>
    </p>
   </div>
   <div class='ocr_carea' id='block_1_21' title="bbox 2158 513 3807 583">
    <p class='ocr_par' dir='ltr' id='par_1_21' title="bbox 2158 513 3807 583">
     <span class='ocr_line' id='line_1_21' title="bbox 2158 513 3807 583; baseline 0.002 -14"><span class='ocrx_word' id='word_1_135' title='bbox 2158 517 2279 569; x_wconf 91' lang='lat' dir='ltr'><strong>tere</strong></span> <span class='ocrx_word' id='word_1_136' title='bbox 2303 515 2669 571; x_wconf 87' lang='lat' dir='ltr'><strong>conabantur</strong></span> <span class='ocrx_word' id='word_1_137' title='bbox 2686 532 2700 579; x_wconf 87' lang='lat'><strong>;</strong></span> <span class='ocrx_word' id='word_1_138' title='bbox 2718 514 2818 570; x_wconf 89' lang='lat' dir='ltr'><strong>sed</strong></span> <span class='ocrx_word' id='word_1_139' title='bbox 2844 513 3021 570; x_wconf 90' lang='lat' dir='ltr'><strong>nichil</strong></span> <span class='ocrx_word' id='word_1_140' title='bbox 3044 514 3196 571; x_wconf 89' lang='lat' dir='ltr'><strong>valet</strong></span> <span class='ocrx_word' id='word_1_141' title='bbox 3216 514 3531 572; x_wconf 88' lang='lat' dir='ltr'><strong>multitudo</strong></span> <span class='ocrx_word' id='word_1_142' title='bbox 3551 515 3605 571; x_wconf 92' lang='lat' dir='ltr'><strong>in</strong></span> <span class='ocrx_word' id='word_1_143' title='bbox 3628 514 3807 583; x_wconf 87' lang='lat' dir='ltr'><strong>bello,</strong></span> 
     </span>
    </p>
   </div>
   <div class='ocr_carea' id='block_1_22' title="bbox 2154 603 3807 675">
    <p class='ocr_par' dir='ltr' id='par_1_22' title="bbox 2154 603 3807 675">
     <span class='ocr_line' id='line_1_22' title="bbox 2154 603 3807 675; baseline 0.002 -17"><span class='ocrx_word' id='word_1_144' title='bbox 2154 603 2249 658; x_wconf 92' lang='lat' dir='ltr'><strong>ubi</strong></span> <span class='ocrx_word' id='word_1_145' title='bbox 2284 607 2337 658; x_wconf 94' lang='lat' dir='ltr'><strong>el</strong></span> <span class='ocrx_word' id='word_1_146' title='bbox 2376 605 2529 659; x_wconf 86' lang='lat' dir='ltr'><strong>Deus</strong></span> <span class='ocrx_word' id='word_1_147' title='bbox 2557 604 2845 675; x_wconf 85' lang='lat' dir='ltr'><strong>permittit</strong></span> <span class='ocrx_word' id='word_1_148' title='bbox 2877 610 2938 658; x_wconf 90' lang='lat' dir='ltr'><strong>et</strong></span> <span class='ocrx_word' id='word_1_149' title='bbox 2968 603 3285 660; x_wconf 90' lang='lat' dir='ltr'><strong>multitudo</strong></span> <span class='ocrx_word' id='word_1_150' title='bbox 3319 604 3551 661; x_wconf 80' lang='lat' dir='ltr'><strong>fortium</strong></span> <span class='ocrx_word' id='word_1_151' title='bbox 3583 610 3807 663; x_wconf 85' lang='lat' dir='ltr'><strong>armata</strong></span> 
     </span>
    </p>
   </div>
   <div class='ocr_carea' id='block_1_23' title="bbox 2153 691 3812 764">
    <p class='ocr_par' dir='ltr' id='par_1_23' title="bbox 2153 691 3812 764">
     <span class='ocr_line' id='line_1_23' title="bbox 2153 691 3812 764; baseline 0.002 -17"><span class='ocrx_word' id='word_1_152' title='bbox 2153 691 2480 748; x_wconf 85' lang='lat' dir='ltr'><strong>advenerit.</strong></span> <span class='ocrx_word' id='word_1_153' title='bbox 2515 692 2907 747; x_wconf 87' lang='lat' dir='ltr'><strong>Venethorum</strong></span> <span class='ocrx_word' id='word_1_154' title='bbox 2950 707 3089 747; x_wconf 89' lang='lat' dir='ltr'><strong>vero</strong></span> <span class='ocrx_word' id='word_1_155' title='bbox 3125 693 3306 761; x_wconf 90' lang='lat' dir='ltr'><strong>natio,</strong></span> <span class='ocrx_word' id='word_1_156' title='bbox 3352 698 3414 749; x_wconf 90' lang='lat' dir='ltr'><strong>ut</strong></span> <span class='ocrx_word' id='word_1_157' title='bbox 3453 709 3628 764; x_wconf 86' lang='lat' dir='ltr'><strong>supra</strong></span> <span class='ocrx_word' id='word_1_158' title='bbox 3661 693 3812 750; x_wconf 82' lang='lat' dir='ltr'><strong>dixi-</strong></span> 
     </span>
    </p>
   </div>
   <div class='ocr_carea' id='block_1_24' title="bbox 2153 781 3807 852">
    <p class='ocr_par' dir='ltr' id='par_1_24' title="bbox 2153 781 3807 852">
     <span class='ocr_line' id='line_1_24' title="bbox 2153 781 3807 852; baseline 0.002 -17"><span class='ocrx_word' id='word_1_159' title='bbox 2153 795 2297 849; x_wconf 88' lang='lat' dir='ltr'><strong>mus,</strong></span> <span class='ocrx_word' id='word_1_160' title='bbox 2325 781 2607 852; x_wconf 89' lang='lat' dir='ltr'><strong>populosa</strong></span> <span class='ocrx_word' id='word_1_161' title='bbox 2634 786 2748 851; x_wconf 89' lang='lat' dir='ltr'><strong>est,</strong></span> <span class='ocrx_word' id='word_1_162' title='bbox 2771 781 2866 851; x_wconf 86' lang='lat' dir='ltr'><strong>qui</strong></span> <span class='ocrx_word' id='word_1_163' title='bbox 2888 782 2960 837; x_wconf 91' lang='lat' dir='ltr'><strong>ab</strong></span> <span class='ocrx_word' id='word_1_164' title='bbox 2981 795 3085 837; x_wconf 91' lang='lat' dir='ltr'><strong>una</strong></span> <span class='ocrx_word' id='word_1_165' title='bbox 3112 782 3297 851; x_wconf 84' lang='lat' dir='ltr'><strong>stirpe</strong></span> <span class='ocrx_word' id='word_1_166' title='bbox 3321 782 3534 852; x_wconf 87' lang='lat' dir='ltr'><strong>exorti,</strong></span> <span class='ocrx_word' id='word_1_167' title='bbox 3554 783 3664 839; x_wconf 87' lang='lat' dir='ltr'><strong>tria</strong></span> <span class='ocrx_word' id='word_1_168' title='bbox 3688 783 3807 839; x_wconf 90' lang='lat' dir='ltr'><strong>sibi</strong></span> 
     </span>
    </p>
   </div>
   <div class='ocr_carea' id='block_1_25' title="bbox 2149 868 3803 942">
    <p class='ocr_par' dir='ltr' id='par_1_25' title="bbox 2149 868 3803 942">
     <span class='ocr_line' id='line_1_25' title="bbox 2149 868 3803 942; baseline 0.002 -19"><span class='ocrx_word' id='word_1_169' title='bbox 2149 868 2377 925; x_wconf 86' lang='lat' dir='ltr'><strong>nomina</strong></span> <span class='ocrx_word' id='word_1_170' title='bbox 2404 870 2761 933; x_wconf 90' lang='lat' dir='ltr'><strong>indiderunt,</strong></span> <span class='ocrx_word' id='word_1_171' title='bbox 2788 869 3051 939; x_wconf 80' lang='lat' dir='ltr'><strong>Venethi,</strong></span> <span class='ocrx_word' id='word_1_172' title='bbox 3079 870 3316 939; x_wconf 83' lang='lat' dir='ltr'><strong>Anthes,</strong></span> <span class='ocrx_word' id='word_1_173' title='bbox 3343 870 3622 940; x_wconf 89' lang='lat' dir='ltr'><strong>Sclaveni,</strong></span> <span class='ocrx_word' id='word_1_174' title='bbox 3649 871 3803 942; x_wconf 90' lang='lat' dir='ltr'><strong>quod</strong></span> 
     </span>
    </p>
   </div>
   <div class='ocr_carea' id='block_1_26' title="bbox 2148 959 3802 1031">
    <p class='ocr_par' dir='ltr' id='par_1_26' title="bbox 2148 959 3802 1031">
     <span class='ocr_line' id='line_1_26' title="bbox 2148 959 3802 1031; baseline 0.001 -18"><span class='ocrx_word' id='word_1_175' title='bbox 2148 973 2355 1014; x_wconf 91' lang='lat' dir='ltr'><strong>nomen</strong></span> <span class='ocrx_word' id='word_1_176' title='bbox 2390 959 2475 1015; x_wconf 82' lang='lat' dir='ltr'><strong>eis</strong></span> <span class='ocrx_word' id='word_1_177' title='bbox 2511 959 2830 1030; x_wconf 82' lang='lat' dir='ltr'><strong>principale</strong></span> <span class='ocrx_word' id='word_1_178' title='bbox 2863 963 2972 1014; x_wconf 89' lang='lat' dir='ltr'><strong>est.</strong></span> <span class='ocrx_word' id='word_1_179' title='bbox 3018 959 3125 1025; x_wconf 86' lang='lat' dir='ltr'><strong>Qui</strong></span> <span class='ocrx_word' id='word_1_180' title='bbox 3167 959 3431 1030; x_wconf 87' lang='lat' dir='ltr'><strong>quamvis</strong></span> <span class='ocrx_word' id='word_1_181' title='bbox 3462 966 3688 1031; x_wconf 89' lang='lat' dir='ltr'><strong>postea,</strong></span> <span class='ocrx_word' id='word_1_182' title='bbox 3726 962 3802 1016; x_wconf 89' lang='lat' dir='ltr'><strong>fa-</strong></span> 
     </span>
    </p>
   </div>
   <div class='ocr_carea' id='block_1_27' title="bbox 2147 1048 3797 1119">
    <p class='ocr_par' dir='ltr' id='par_1_27' title="bbox 2147 1048 3797 1119">
     <span class='ocr_line' id='line_1_27' title="bbox 2147 1048 3797 1119; baseline 0.001 -16"><span class='ocrx_word' id='word_1_183' title='bbox 2147 1048 2443 1104; x_wconf 89' lang='lat' dir='ltr'><strong>cientibus</strong></span> <span class='ocrx_word' id='word_1_184' title='bbox 2496 1049 2753 1119; x_wconf 85' lang='lat' dir='ltr'><strong>peccatis</strong></span> <span class='ocrx_word' id='word_1_185' title='bbox 2802 1048 3205 1118; x_wconf 88' lang='lat' dir='ltr'><strong>quorumdam,</strong></span> <span class='ocrx_word' id='word_1_186' title='bbox 3259 1049 3475 1119; x_wconf 91' lang='lat' dir='ltr'><strong>ubique</strong></span> <span class='ocrx_word' id='word_1_187' title='bbox 3516 1050 3797 1119; x_wconf 84' lang='lat' dir='ltr'><strong>sevirent,</strong></span> 
     </span>
    </p>
   </div>
   <div class='ocr_carea' id='block_1_28' title="bbox 2145 1137 3799 1195">
    <p class='ocr_par' dir='ltr' id='par_1_28' title="bbox 2145 1137 3799 1195">
     <span class='ocr_line' id='line_1_28' title="bbox 2145 1137 3799 1195; baseline 0.002 -4"><span class='ocrx_word' id='word_1_188' title='bbox 2145 1140 2285 1194; x_wconf 90' lang='lat' dir='ltr'><strong>tunc</strong></span> <span class='ocrx_word' id='word_1_189' title='bbox 2309 1143 2499 1193; x_wconf 89' lang='lat' dir='ltr'><strong>tamen</strong></span> <span class='ocrx_word' id='word_1_190' title='bbox 2524 1152 2723 1193; x_wconf 73' lang='lat' dir='ltr'><strong>omnes</strong></span> <span class='ocrx_word' id='word_1_191' title='bbox 2743 1138 3077 1193; x_wconf 84' lang='lat' dir='ltr'><strong>Ermenrico</strong></span> <span class='ocrx_word' id='word_1_192' title='bbox 3103 1137 3454 1193; x_wconf 84' lang='lat' dir='ltr'><strong>servierunt.</strong></span> <span class='ocrx_word' id='word_1_193' title='bbox 3490 1140 3799 1195; x_wconf 86' lang='lat' dir='ltr'><strong>llestorum</strong></span> 
     </span>
    </p>
   </div>
   <div class='ocr_carea' id='block_1_29' title="bbox 2146 1226 3798 1299">
    <p class='ocr_par' dir='ltr' id='par_1_29' title="bbox 2146 1226 3798 1299">
     <span class='ocr_line' id='line_1_29' title="bbox 2146 1226 3798 1299; baseline 0.002 -19"><span class='ocrx_word' id='word_1_194' title='bbox 2146 1240 2377 1295; x_wconf 91' lang='lat' dir='ltr'><strong>quoque</strong></span> <span class='ocrx_word' id='word_1_195' title='bbox 2430 1226 2741 1295; x_wconf 90' lang='lat' dir='ltr'><strong>nationem,</strong></span> <span class='ocrx_word' id='word_1_196' title='bbox 2785 1226 2881 1295; x_wconf 87' lang='lat' dir='ltr'><strong>qui</strong></span> <span class='ocrx_word' id='word_1_197' title='bbox 2924 1226 3321 1295; x_wconf 73' lang='lat' dir='ltr'><strong>longissimam</strong></span> <span class='ocrx_word' id='word_1_198' title='bbox 3369 1227 3565 1282; x_wconf 89' lang='lat' dir='ltr'><strong>oceani</strong></span> <span class='ocrx_word' id='word_1_199' title='bbox 3614 1227 3798 1299; x_wconf 90' lang='lat' dir='ltr'><strong>ripam</strong></span> 
     </span>
    </p>
   </div>
   <div class='ocr_carea' id='block_1_30' title="bbox 2145 1312 3800 1386">
    <p class='ocr_par' dir='ltr' id='par_1_30' title="bbox 2145 1312 3800 1386">
     <span class='ocr_line' id='line_1_30' title="bbox 2145 1312 3800 1386; baseline 0.001 -17"><span class='ocrx_word' id='word_1_200' title='bbox 2145 1314 2467 1370; x_wconf 87' lang='lat' dir='ltr'><strong>Germanici</strong></span> <span class='ocrx_word' id='word_1_201' title='bbox 2499 1315 2856 1384; x_wconf 85' lang='lat' dir='ltr'><strong>insederant,</strong></span> <span class='ocrx_word' id='word_1_202' title='bbox 2877 1314 3025 1370; x_wconf 90' lang='lat' dir='ltr'><strong>idem</strong></span> <span class='ocrx_word' id='word_1_203' title='bbox 3053 1312 3357 1386; x_wconf 74' lang='lat' dir='ltr'><strong>pru‘dentia</strong></span> <span class='ocrx_word' id='word_1_204' title='bbox 3383 1315 3682 1372; x_wconf 81' lang='lat' dir='ltr'><strong>etvirtute</strong></span> <span class='ocrx_word' id='word_1_205' title='bbox 3704 1332 3800 1371; x_wconf 87' lang='lat' dir='ltr'><strong>su-</strong></span> 
     </span>
    </p>
   </div>
   <div class='ocr_carea' id='block_1_31' title="bbox 2145 1402 3798 1473">
    <p class='ocr_par' dir='ltr' id='par_1_31' title="bbox 2145 1402 3798 1473">
     <span class='ocr_line' id='line_1_31' title="bbox 2145 1402 3798 1473; baseline 0.001 -14"><span class='ocrx_word' id='word_1_206' title='bbox 2145 1404 2325 1473; x_wconf 81' lang='lat' dir='ltr'><strong>begit,</strong></span> <span class='ocrx_word' id='word_1_207' title='bbox 2355 1402 2742 1473; x_wconf 89' lang='lat' dir='ltr'><strong>omnibusque</strong></span> <span class='ocrx_word' id='word_1_208' title='bbox 2767 1404 3015 1473; x_wconf 57' lang='lat' dir='ltr'><strong>Scythia:</strong></span> <span class='ocrx_word' id='word_1_209' title='bbox 3038 1407 3093 1458; x_wconf 91' lang='lat' dir='ltr'><strong>et</strong></span> <span class='ocrx_word' id='word_1_210' title='bbox 3120 1404 3439 1460; x_wconf 71' lang='lat' dir='ltr'><strong>Germaniae</strong></span> <span class='ocrx_word' id='word_1_211' title='bbox 3465 1405 3798 1461; x_wconf 89' lang='lat' dir='ltr'><strong>nationibus</strong></span> 
     </span>
    </p>
   </div>
   <div class='ocr_carea' id='block_1_32' title="bbox 2125 1492 3798 1563">
    <p class='ocr_par' dir='ltr' id='par_1_32' title="bbox 2125 1492 3798 1563">
     <span class='ocr_line' id='line_1_32' title="bbox 2125 1492 3798 1563; baseline 0.001 -15"><span class='ocrx_word' id='word_1_212' title='bbox 2125 1493 2260 1548; x_wconf 73' lang='lat' dir='ltr'><strong>«acsi</strong></span> <span class='ocrx_word' id='word_1_213' title='bbox 2301 1492 2556 1563; x_wconf 88' lang='lat' dir='ltr'><strong>prepriis</strong></span> <span class='ocrx_word' id='word_1_214' title='bbox 2590 1492 2812 1547; x_wconf 86' lang='lat' dir='ltr'><strong>laribus</strong></span> <span class='ocrx_word' id='word_1_215' title='bbox 2842 1493 3169 1563; x_wconf 85' lang='lat' dir='ltr'><strong>imperavit.</strong></span> <span class='ocrx_word' id='word_1_216' title='bbox 3207 1494 3342 1548; x_wconf 85' lang='lat' dir='ltr'><strong>Post</strong></span> <span class='ocrx_word' id='word_1_217' title='bbox 3373 1492 3495 1549; x_wconf 72' lang='lat' dir='ltr'><strong>haec</strong></span> <span class='ocrx_word' id='word_1_218' title='bbox 3526 1509 3665 1550; x_wconf 86' lang='lat' dir='ltr'><strong>vero</strong></span> <span class='ocrx_word' id='word_1_219' title='bbox 3687 1495 3798 1550; x_wconf 85' lang='lat' dir='ltr'><strong>Hu-</strong></span> 
     </span>
    </p>
   </div>
   <div class='ocr_carea' id='block_1_33' title="bbox 2149 1581 3800 1649">
    <p class='ocr_par' dir='ltr' id='par_1_33' title="bbox 2149 1581 3800 1649">
     <span class='ocr_line' id='line_1_33' title="bbox 2149 1581 3800 1649; baseline 0.001 -12"><span class='ocrx_word' id='word_1_220' title='bbox 2149 1597 2353 1637; x_wconf 88' lang='lat' dir='ltr'><strong>norum</strong></span> <span class='ocrx_word' id='word_1_221' title='bbox 2384 1597 2526 1649; x_wconf 85' lang='lat' dir='ltr'><strong>gcns</strong></span> <span class='ocrx_word' id='word_1_222' title='bbox 2553 1582 2707 1636; x_wconf 87' lang='lat' dir='ltr'><strong>oumi</strong></span> <span class='ocrx_word' id='word_1_223' title='bbox 2745 1582 3052 1637; x_wconf 90' lang='lat' dir='ltr'><strong>ferocitate</strong></span> <span class='ocrx_word' id='word_1_224' title='bbox 3086 1581 3340 1637; x_wconf 88' lang='lat' dir='ltr'><strong>atrocior</strong></span> <span class='ocrx_word' id='word_1_225' title='bbox 3369 1583 3588 1638; x_wconf 78' lang='lat' dir='ltr'><strong>exarsit</strong></span> <span class='ocrx_word' id='word_1_226' title='bbox 3613 1582 3667 1638; x_wconf 91' lang='lat' dir='ltr'><strong>in</strong></span> <span class='ocrx_word' id='word_1_227' title='bbox 3692 1584 3800 1639; x_wconf 84' lang='lat' dir='ltr'><strong>Go-</strong></span> 
     </span>
    </p>
   </div>
   <div class='ocr_carea' id='block_1_34' title="bbox 2151 1671 3799 1741">
    <p class='ocr_par' dir='ltr' id='par_1_34' title="bbox 2151 1671 3799 1741">
     <span class='ocr_line' id='line_1_34' title="bbox 2151 1671 3799 1741; baseline 0 -15"><span class='ocrx_word' id='word_1_228' title='bbox 2151 1672 2300 1739; x_wconf 88' lang='lat' dir='ltr'><strong>thos,</strong></span> <span class='ocrx_word' id='word_1_229' title='bbox 2332 1684 2572 1740; x_wconf 87' lang='lat' dir='ltr'><strong>eosque,</strong></span> <span class='ocrx_word' id='word_1_230' title='bbox 2607 1671 2700 1740; x_wconf 88' lang='lat' dir='ltr'><strong>qui</strong></span> <span class='ocrx_word' id='word_1_231' title='bbox 2738 1672 2897 1741; x_wconf 90' lang='lat' dir='ltr'><strong>prius</strong></span> <span class='ocrx_word' id='word_1_232' title='bbox 2927 1671 3121 1725; x_wconf 71' lang='grc' dir='ltr'><strong>ὶὶιιίοιτὶ</strong></span> <span class='ocrx_word' id='word_1_233' title='bbox 3156 1676 3323 1726; x_wconf 88' lang='lat' dir='ltr'><strong>erant</strong></span> <span class='ocrx_word' id='word_1_234' title='bbox 3355 1671 3573 1727; x_wconf 80' lang='lat' dir='ltr'><strong>ceteris</strong></span> <span class='ocrx_word' id='word_1_235' title='bbox 3612 1673 3799 1741; x_wconf 83' lang='lat' dir='ltr'><strong>genti-</strong></span> 
     </span>
    </p>
   </div>
   <div class='ocr_carea' id='block_1_35' title="bbox 2151 1760 3797 1831">
    <p class='ocr_par' dir='ltr' id='par_1_35' title="bbox 2151 1760 3797 1831">
     <span class='ocr_line' id='line_1_35' title="bbox 2151 1760 3797 1831; baseline 0.001 -15"><span class='ocrx_word' id='word_1_236' title='bbox 2151 1760 2280 1829; x_wconf 86' lang='lat' dir='ltr'><strong>bus,</strong></span> <span class='ocrx_word' id='word_1_237' title='bbox 2316 1761 2386 1815; x_wconf 89' lang='lat' dir='ltr'><strong>ab</strong></span> <span class='ocrx_word' id='word_1_238' title='bbox 2421 1760 2677 1829; x_wconf 77' lang='lat' dir='ltr'><strong>antiquis</strong></span> <span class='ocrx_word' id='word_1_239' title='bbox 2710 1760 3068 1816; x_wconf 81' lang='lat' dir='ltr'><strong>conterritos</strong></span> <span class='ocrx_word' id='word_1_240' title='bbox 3095 1760 3319 1831; x_wconf 80' lang='lat' dir='ltr'><strong>expulit</strong></span> <span class='ocrx_word' id='word_1_241' title='bbox 3353 1760 3611 1817; x_wconf 85' lang='lat' dir='ltr'><strong>sedibus.</strong></span> <span class='ocrx_word' id='word_1_242' title='bbox 3657 1762 3797 1827; x_wconf 86' lang='lat' dir='ltr'><strong>Hos,</strong></span> 
     </span>
    </p>
   </div>
   <div class='ocr_carea' id='block_1_36' title="bbox 2150 1848 3613 1921">
    <p class='ocr_par' dir='ltr' id='par_1_36' title="bbox 2150 1848 3613 1921">
     <span class='ocr_line' id='line_1_36' title="bbox 2150 1848 3613 1921; baseline -0.001 -16"><span class='ocrx_word' id='word_1_243' title='bbox 2150 1853 2211 1905; x_wconf 91' lang='lat' dir='ltr'><strong>ut</strong></span> <span class='ocrx_word' id='word_1_244' title='bbox 2236 1850 2414 1905; x_wconf 85' lang='lat' dir='ltr'><strong>refert</strong></span> <span class='ocrx_word' id='word_1_245' title='bbox 2443 1848 2783 1918; x_wconf 86' lang='lat' dir='ltr'><strong>antiquitas,</strong></span> <span class='ocrx_word' id='word_1_246' title='bbox 2810 1849 2886 1904; x_wconf 91' lang='lat' dir='ltr'><strong>ita</strong></span> <span class='ocrx_word' id='word_1_247' title='bbox 2913 1849 3181 1905; x_wconf 89' lang='lat' dir='ltr'><strong>extitisse</strong></span> <span class='ocrx_word' id='word_1_248' title='bbox 3206 1850 3613 1921; x_wconf 87' lang='lat' dir='ltr'><strong>comperimus.</strong></span> 
     </span>
    </p>
   </div>
   <div class='ocr_carea' id='block_1_37' title="bbox 1614 1989 2559 2053">
    <p class='ocr_par' dir='ltr' id='par_1_37' title="bbox 1614 1989 2559 2053">
     <span class='ocr_line' id='line_1_37' title="bbox 1614 1989 2559 2053; baseline -0.004 -3"><span class='ocrx_word' id='word_1_249' title='bbox 1614 1992 1721 2050; x_wconf 80' lang='lat' dir='ltr'><strong>DE</strong></span> <span class='ocrx_word' id='word_1_250' title='bbox 1766 1990 2104 2053; x_wconf 78' lang='lat' dir='ltr'><strong>ORIGINE</strong></span> <span class='ocrx_word' id='word_1_251' title='bbox 2148 1989 2559 2050; x_wconf 74' lang='lat' dir='ltr'><strong>HUNORUM</strong></span> 
     </span>
    </p>
   </div>
   <div class='ocr_carea' id='block_1_38' title="bbox 467 2102 3798 2179">
    <p class='ocr_par' dir='ltr' id='par_1_38' title="bbox 467 2102 3798 2179">
     <span class='ocr_line' id='line_1_38' title="bbox 467 2102 3798 2179; baseline 0 -20"><span class='ocrx_word' id='word_1_252' title='bbox 467 2102 696 2159; x_wconf 83' lang='lat' dir='ltr'><strong>Filimer</strong></span> <span class='ocrx_word' id='word_1_253' title='bbox 724 2117 828 2159; x_wconf 88' lang='lat' dir='ltr'><strong>rex</strong></span> <span class='ocrx_word' id='word_1_254' title='bbox 859 2104 1194 2170; x_wconf 87' lang='lat' dir='ltr'><strong>Gothorum,</strong></span> <span class='ocrx_word' id='word_1_255' title='bbox 1228 2104 1490 2160; x_wconf 79' lang='lat' dir='ltr'><strong>Gadarici</strong></span> <span class='ocrx_word' id='word_1_256' title='bbox 1522 2105 1704 2174; x_wconf 84' lang='lat' dir='ltr'><strong>Magni</strong></span> <span class='ocrx_word' id='word_1_257' title='bbox 1736 2104 1911 2173; x_wconf 81' lang='lat' dir='ltr'><strong>illius,</strong></span> <span class='ocrx_word' id='word_1_258' title='bbox 1939 2105 2034 2175; x_wconf 90' lang='lat' dir='ltr'><strong>qui</strong></span> <span class='ocrx_word' id='word_1_259' title='bbox 2068 2119 2120 2179; x_wconf 78' lang='grc' dir='ltr'>Β</span> <span class='ocrx_word' id='word_1_260' title='bbox 2152 2104 2328 2159; x_wconf 88' lang='lat' dir='ltr'><strong>thiam</strong></span> <span class='ocrx_word' id='word_1_261' title='bbox 2362 2107 2698 2174; x_wconf 86' lang='lat' dir='ltr'><strong>properant,</strong></span> <span class='ocrx_word' id='word_1_262' title='bbox 2724 2107 2779 2159; x_wconf 88' lang='lat' dir='ltr'><strong>et</strong></span> <span class='ocrx_word' id='word_1_263' title='bbox 2807 2108 3309 2174; x_wconf 75' lang='lat' dir='ltr'><strong>quantoscumque</strong></span> <span class='ocrx_word' id='word_1_264' title='bbox 3334 2103 3673 2175; x_wconf 83' lang='lat' dir='ltr'><strong>Scytharum</strong></span> <span class='ocrx_word' id='word_1_265' title='bbox 3697 2104 3798 2160; x_wconf 83' lang='lat' dir='ltr'><strong>ob-</strong></span> 
     </span>
    </p>
   </div>
   <div class='ocr_carea' id='block_1_39' title="bbox 394 2194 2037 2265">
    <p class='ocr_par' dir='ltr' id='par_1_39' title="bbox 394 2194 2037 2265">
     <span class='ocr_line' id='line_1_39' title="bbox 394 2194 2037 2265; baseline 0.003 -20"><span class='ocrx_word' id='word_1_266' title='bbox 394 2198 527 2265; x_wconf 83' lang='lat' dir='ltr'><strong>post</strong></span> <span class='ocrx_word' id='word_1_267' title='bbox 560 2208 859 2264; x_wconf 87' lang='lat' dir='ltr'><strong>egressum</strong></span> <span class='ocrx_word' id='word_1_268' title='bbox 892 2208 1089 2251; x_wconf 89' lang='lat' dir='ltr'><strong>eorum</strong></span> <span class='ocrx_word' id='word_1_269' title='bbox 1116 2196 1187 2250; x_wconf 87' lang='lat' dir='ltr'><strong>de</strong></span> <span class='ocrx_word' id='word_1_270' title='bbox 1209 2195 1445 2250; x_wconf 83' lang='lat' dir='ltr'><strong>Seanzia</strong></span> <span class='ocrx_word' id='word_1_271' title='bbox 1472 2194 1662 2250; x_wconf 85' lang='lat' dir='ltr'><strong>insula</strong></span> <span class='ocrx_word' id='word_1_272' title='bbox 1689 2194 1803 2263; x_wconf 90' lang='lat' dir='ltr'><strong>jam</strong></span> <span class='ocrx_word' id='word_1_273' title='bbox 1834 2194 2037 2264; x_wconf 90' lang='lat' dir='ltr'><strong>quinto</strong></span> 
     </span>
    </p>
   </div>
   <div class='ocr_carea' id='block_1_40' title="bbox 396 2283 2039 2356">
    <p class='ocr_par' dir='ltr' id='par_1_40' title="bbox 396 2283 2039 2356">
     <span class='ocr_line' id='line_1_40' title="bbox 396 2283 2039 2356; baseline 0.001 -20"><span class='ocrx_word' id='word_1_274' title='bbox 396 2283 524 2340; x_wconf 90' lang='lat' dir='ltr'><strong>loco</strong></span> <span class='ocrx_word' id='word_1_275' title='bbox 556 2286 743 2342; x_wconf 88' lang='lat' dir='ltr'><strong>tenuit</strong></span> <span class='ocrx_word' id='word_1_276' title='bbox 775 2302 1016 2356; x_wconf 83' lang='lat' dir='ltr'><strong>regnum</strong></span> <span class='ocrx_word' id='word_1_277' title='bbox 1061 2285 1394 2353; x_wconf 84' lang='lat' dir='ltr'><strong>Getharum,</strong></span> <span class='ocrx_word' id='word_1_278' title='bbox 1439 2284 1653 2354; x_wconf 89' lang='lat' dir='ltr'><strong>quique</strong></span> <span class='ocrx_word' id='word_1_279' title='bbox 1688 2288 1877 2339; x_wconf 87' lang='lat' dir='ltr'><strong>terras</strong></span> <span class='ocrx_word' id='word_1_280' title='bbox 1909 2286 2039 2354; x_wconf 79' lang='lat' dir='ltr'><strong>Scy-</strong></span> 
     </span>
    </p>
   </div>
   <div class='ocr_carea' id='block_1_41' title="bbox 395 2373 2041 2447">
    <p class='ocr_par' dir='ltr' id='par_1_41' title="bbox 395 2373 2041 2447">
     <span class='ocr_line' id='line_1_41' title="bbox 395 2373 2041 2447; baseline 0 -20"><span class='ocrx_word' id='word_1_281' title='bbox 395 2374 601 2445; x_wconf 88' lang='lat' dir='ltr'><strong>thicas,</strong></span> <span class='ocrx_word' id='word_1_282' title='bbox 626 2381 686 2431; x_wconf 93' lang='lat' dir='ltr'><strong>ut</strong></span> <span class='ocrx_word' id='word_1_283' title='bbox 705 2376 980 2447; x_wconf 88' lang='lat' dir='ltr'><strong>superius</strong></span> <span class='ocrx_word' id='word_1_284' title='bbox 1008 2373 1224 2430; x_wconf 73' lang='lat' dir='ltr'><strong>dictum</strong></span> <span class='ocrx_word' id='word_1_285' title='bbox 1249 2378 1359 2439; x_wconf 91' lang='lat' dir='ltr'><strong>est,</strong></span> <span class='ocrx_word' id='word_1_286' title='bbox 1386 2389 1514 2429; x_wconf 89' lang='lat' dir='ltr'><strong>eum</strong></span> <span class='ocrx_word' id='word_1_287' title='bbox 1539 2379 1714 2441; x_wconf 85' lang='lat' dir='ltr'><strong>gente</strong></span> <span class='ocrx_word' id='word_1_288' title='bbox 1739 2388 1839 2429; x_wconf 90' lang='lat' dir='ltr'><strong>sua</strong></span> <span class='ocrx_word' id='word_1_289' title='bbox 1866 2374 2041 2428; x_wconf 88' lang='lat' dir='ltr'><strong>intra-</strong></span> 
     </span>
    </p>
   </div>
   <div class='ocr_carea' id='block_1_42' title="bbox 395 2461 2041 2533">
    <p class='ocr_par' dir='ltr' id='par_1_42' title="bbox 395 2461 2041 2533">
     <span class='ocr_line' id='line_1_42' title="bbox 395 2461 2041 2533; baseline 0 -16"><span class='ocrx_word' id='word_1_290' title='bbox 395 2463 497 2531; x_wconf 83' lang='lat' dir='ltr'><strong>vit,</strong></span> <span class='ocrx_word' id='word_1_291' title='bbox 534 2464 809 2533; x_wconf 90' lang='lat' dir='ltr'><strong>quasdam</strong></span> <span class='ocrx_word' id='word_1_292' title='bbox 854 2464 1131 2519; x_wconf 89' lang='lat' dir='ltr'><strong>mulieres</strong></span> <span class='ocrx_word' id='word_1_293' title='bbox 1165 2477 1379 2531; x_wconf 86' lang='lat' dir='ltr'><strong>magas.</strong></span> <span class='ocrx_word' id='word_1_294' title='bbox 1418 2477 1561 2532; x_wconf 90' lang='lat' dir='ltr'><strong>quas</strong></span> <span class='ocrx_word' id='word_1_295' title='bbox 1593 2461 1672 2515; x_wconf 93' lang='lat' dir='ltr'><strong>illi</strong></span> <span class='ocrx_word' id='word_1_296' title='bbox 1708 2461 1908 2516; x_wconf 87' lang='lat' dir='ltr'><strong>Getico</strong></span> <span class='ocrx_word' id='word_1_297' title='bbox 1942 2476 2041 2517; x_wconf 88' lang='lat' dir='ltr'><strong>no-</strong></span> 
     </span>
    </p>
   </div>
   <div class='ocr_carea' id='block_1_43' title="bbox 394 2549 2040 2621">
    <p class='ocr_par' dir='ltr' id='par_1_43' title="bbox 394 2549 2040 2621">
     <span class='ocr_line' id='line_1_43' title="bbox 394 2549 2040 2621; baseline 0 -16"><span class='ocrx_word' id='word_1_298' title='bbox 394 2551 543 2607; x_wconf 90' lang='lat' dir='ltr'><strong>mine</strong></span> <span class='ocrx_word' id='word_1_299' title='bbox 592 2552 850 2608; x_wconf 91' lang='lat' dir='ltr'><strong>alirunas</strong></span> <span class='ocrx_word' id='word_1_300' title='bbox 903 2556 1132 2614; x_wconf 82' lang='lat' dir='ltr'><strong>vocant,</strong></span> <span class='ocrx_word' id='word_1_301' title='bbox 1169 2551 1223 2605; x_wconf 90' lang='lat' dir='ltr'><strong>in</strong></span> <span class='ocrx_word' id='word_1_302' title='bbox 1255 2550 1517 2606; x_wconf 88' lang='lat' dir='ltr'><strong>exercitu</strong></span> <span class='ocrx_word' id='word_1_303' title='bbox 1553 2549 1790 2621; x_wconf 90' lang='lat' dir='ltr'><strong>reperit,</strong></span> <span class='ocrx_word' id='word_1_304' title='bbox 1822 2564 2040 2620; x_wconf 89' lang='lat' dir='ltr'><strong>easque</strong></span> 
     </span>
    </p>
   </div>
   <div class='ocr_carea' id='block_1_44' title="bbox 391 2639 2036 2711">
    <p class='ocr_par' dir='ltr' id='par_1_44' title="bbox 391 2639 2036 2711">
     <span class='ocr_line' id='line_1_44' title="bbox 391 2639 2036 2711; baseline -0.002 -15"><span class='ocrx_word' id='word_1_305' title='bbox 391 2646 700 2711; x_wconf 89' lang='lat' dir='ltr'><strong>suspectas</strong></span> <span class='ocrx_word' id='word_1_306' title='bbox 735 2642 971 2710; x_wconf 86' lang='lat' dir='ltr'><strong>habens,</strong></span> <span class='ocrx_word' id='word_1_307' title='bbox 999 2640 1070 2696; x_wconf 86' lang='lat' dir='ltr'><strong>de</strong></span> <span class='ocrx_word' id='word_1_308' title='bbox 1095 2639 1284 2697; x_wconf 85' lang='lat' dir='ltr'><strong>medio</strong></span> <span class='ocrx_word' id='word_1_309' title='bbox 1307 2639 1395 2695; x_wconf 91' lang='lat' dir='ltr'><strong>sui</strong></span> <span class='ocrx_word' id='word_1_310' title='bbox 1422 2640 1538 2709; x_wconf 87' lang='lat' dir='ltr'><strong>jam</strong></span> <span class='ocrx_word' id='word_1_311' title='bbox 1576 2642 1945 2708; x_wconf 86' lang='lat' dir='ltr'><strong>pregnantes,</strong></span> <span class='ocrx_word' id='word_1_312' title='bbox 1976 2642 2036 2694; x_wconf 92' lang='lat' dir='ltr'><strong>ut</strong></span> 
     </span>
    </p>
   </div>
   <div class='ocr_carea' id='block_1_45' title="bbox 395 2726 2038 2799">
    <p class='ocr_par' dir='ltr' id='par_1_45' title="bbox 395 2726 2038 2799">
     <span class='ocr_line' id='line_1_45' title="bbox 395 2726 2038 2799; baseline -0.001 -15"><span class='ocrx_word' id='word_1_313' title='bbox 395 2728 628 2798; x_wconf 89' lang='lat' dir='ltr'><strong>quidam</strong></span> <span class='ocrx_word' id='word_1_314' title='bbox 663 2730 846 2799; x_wconf 87' lang='lat' dir='ltr'><strong>(Jonn.</strong></span> <span class='ocrx_word' id='word_1_315' title='bbox 874 2744 923 2784; x_wconf 92' lang='lat' dir='ltr'><strong>c.</strong></span> <span class='ocrx_word' id='word_1_316' title='bbox 951 2728 1042 2797; x_wconf 75' lang='grc'><strong>24)</strong></span> <span class='ocrx_word' id='word_1_317' title='bbox 1073 2728 1293 2793; x_wconf 88' lang='lat' dir='ltr'><strong>dicunt,</strong></span> <span class='ocrx_word' id='word_1_318' title='bbox 1329 2726 1717 2797; x_wconf 87' lang='lat' dir='ltr'><strong>proturbavit,</strong></span> <span class='ocrx_word' id='word_1_319' title='bbox 1752 2731 2038 2796; x_wconf 83' lang='lat' dir='ltr'><strong>longeque</strong></span> 
     </span>
    </p>
   </div>
   <div class='ocr_carea' id='block_1_46' title="bbox 394 2814 2036 2886">
    <p class='ocr_par' dir='ltr' id='par_1_46' title="bbox 394 2814 2036 2886">
     <span class='ocr_line' id='line_1_46' title="bbox 394 2814 2036 2886; baseline -0.001 -15"><span class='ocrx_word' id='word_1_320' title='bbox 394 2816 465 2871; x_wconf 88' lang='lat' dir='ltr'><strong>ab</strong></span> <span class='ocrx_word' id='word_1_321' title='bbox 496 2818 756 2873; x_wconf 88' lang='lat' dir='ltr'><strong>exercitu</strong></span> <span class='ocrx_word' id='word_1_322' title='bbox 811 2819 1036 2886; x_wconf 85' lang='lat' dir='ltr'><strong>fugatas</strong></span> <span class='ocrx_word' id='word_1_323' title='bbox 1080 2816 1134 2871; x_wconf 92' lang='lat' dir='ltr'><strong>in</strong></span> <span class='ocrx_word' id='word_1_324' title='bbox 1177 2815 1494 2872; x_wconf 90' lang='lat' dir='ltr'><strong>solitudine</strong></span> <span class='ocrx_word' id='word_1_325' title='bbox 1545 2829 1775 2870; x_wconf 88' lang='lat' dir='ltr'><strong>manere</strong></span> <span class='ocrx_word' id='word_1_326' title='bbox 1822 2814 2036 2884; x_wconf 80' lang='lat' dir='ltr'><strong>coegit.</strong></span> 
     </span>
    </p>
   </div>
   <div class='ocr_carea' id='block_1_47' title="bbox 308 2902 2041 2976">
    <p class='ocr_par' dir='ltr' id='par_1_47' title="bbox 308 2902 2041 2976">
     <span class='ocr_line' id='line_1_47' title="bbox 308 2902 2041 2976; baseline -0.003 -15"><span class='ocrx_word' id='word_1_327' title='bbox 308 2906 313 2913; x_wconf 78' lang='grc'><em>’</em></span> <span class='ocrx_word' id='word_1_328' title='bbox 394 2904 634 2970; x_wconf 80' lang='lat' dir='ltr'><strong>Quidam</strong></span> <span class='ocrx_word' id='word_1_329' title='bbox 670 2905 901 2976; x_wconf 79' lang='lat' dir='ltr'><strong>(idem?)</strong></span> <span class='ocrx_word' id='word_1_330' title='bbox 934 2920 1072 2961; x_wconf 80' lang='lat' dir='ltr'><strong>vero</strong></span> <span class='ocrx_word' id='word_1_331' title='bbox 1109 2903 1311 2960; x_wconf 88' lang='lat' dir='ltr'><strong>dicunt</strong></span> <span class='ocrx_word' id='word_1_332' title='bbox 1350 2903 1503 2974; x_wconf 85' lang='lat' dir='ltr'><strong>quod</strong></span> <span class='ocrx_word' id='word_1_333' title='bbox 1540 2902 1843 2960; x_wconf 88' lang='lat' dir='ltr'><strong>silvestres</strong></span> <span class='ocrx_word' id='word_1_334' title='bbox 1862 2902 2041 2958; x_wconf 91' lang='lat' dir='ltr'><strong>homi-</strong></span> 
     </span>
    </p>
   </div>
   <div class='ocr_carea' id='block_1_48' title="bbox 390 2992 2042 3064">
    <p class='ocr_par' dir='ltr' id='par_1_48' title="bbox 390 2992 2042 3064">
     <span class='ocr_line' id='line_1_48' title="bbox 390 2992 2042 3064; baseline 0 -16"><span class='ocrx_word' id='word_1_335' title='bbox 390 3008 509 3061; x_wconf 88' lang='lat' dir='ltr'><strong>nes,</strong></span> <span class='ocrx_word' id='word_1_336' title='bbox 549 3010 694 3064; x_wconf 83' lang='lat' dir='ltr'><strong>quos</strong></span> <span class='ocrx_word' id='word_1_337' title='bbox 726 2996 951 3051; x_wconf 84' lang='lat' dir='ltr'><strong>Faunos</strong></span> <span class='ocrx_word' id='word_1_338' title='bbox 985 2994 1219 3051; x_wconf 88' lang='lat' dir='ltr'><strong>ﬁcarios</strong></span> <span class='ocrx_word' id='word_1_339' title='bbox 1247 2997 1473 3063; x_wconf 89' lang='lat' dir='ltr'><strong>vocant,</strong></span> <span class='ocrx_word' id='word_1_340' title='bbox 1509 2992 1642 3048; x_wconf 90' lang='lat' dir='ltr'><strong>dum</strong></span> <span class='ocrx_word' id='word_1_341' title='bbox 1677 3007 1776 3049; x_wconf 91' lang='lat' dir='ltr'><strong>eas</strong></span> <span class='ocrx_word' id='word_1_342' title='bbox 1814 3007 1915 3064; x_wconf 92' lang='lat' dir='ltr'><strong>per</strong></span> <span class='ocrx_word' id='word_1_343' title='bbox 1945 2992 2042 3048; x_wconf 86' lang='lat' dir='ltr'><strong>de-</strong></span> 
     </span>
    </p>
   </div>
   <div class='ocr_carea' id='block_1_49' title="bbox 388 3080 2038 3153">
    <p class='ocr_par' dir='ltr' id='par_1_49' title="bbox 388 3080 2038 3153">
     <span class='ocr_line' id='line_1_49' title="bbox 388 3080 2038 3153; baseline -0.002 -14"><span class='ocrx_word' id='word_1_344' title='bbox 388 3088 607 3139; x_wconf 88' lang='lat' dir='ltr'><strong>sertum</strong></span> <span class='ocrx_word' id='word_1_345' title='bbox 627 3097 826 3140; x_wconf 88' lang='lat' dir='ltr'><strong>errare</strong></span> <span class='ocrx_word' id='word_1_346' title='bbox 847 3082 1128 3151; x_wconf 81' lang='lat' dir='ltr'><strong>viderent,</strong></span> <span class='ocrx_word' id='word_1_347' title='bbox 1150 3096 1467 3153; x_wconf 89' lang='lat' dir='ltr'><strong>earumque</strong></span> <span class='ocrx_word' id='word_1_348' title='bbox 1482 3080 1888 3152; x_wconf 86' lang='lat' dir='ltr'><strong>complexibus</strong></span> <span class='ocrx_word' id='word_1_349' title='bbox 1903 3096 1965 3137; x_wconf 91' lang='lat' dir='ltr'><strong>se</strong></span> <span class='ocrx_word' id='word_1_350' title='bbox 1984 3081 2038 3135; x_wconf 94' lang='lat' dir='ltr'><strong>in</strong></span> 
     </span>
    </p>
   </div>
   <div class='ocr_carea' id='block_1_50' title="bbox 383 3170 2041 3241">
    <p class='ocr_par' dir='ltr' id='par_1_50' title="bbox 383 3170 2041 3241">
     <span class='ocr_line' id='line_1_50' title="bbox 383 3170 2041 3241; baseline -0.002 -13"><span class='ocrx_word' id='word_1_351' title='bbox 383 3172 536 3228; x_wconf 89' lang='lat' dir='ltr'><strong>coitu</strong></span> <span class='ocrx_word' id='word_1_352' title='bbox 574 3172 935 3241; x_wconf 85' lang='lat' dir='ltr'><strong>miscuerint,</strong></span> <span class='ocrx_word' id='word_1_353' title='bbox 962 3176 1021 3227; x_wconf 89' lang='lat' dir='ltr'><strong>et</strong></span> <span class='ocrx_word' id='word_1_354' title='bbox 1042 3186 1226 3241; x_wconf 86' lang='lat' dir='ltr'><strong>genus</strong></span> <span class='ocrx_word' id='word_1_355' title='bbox 1257 3172 1363 3227; x_wconf 90' lang='lat' dir='ltr'><strong>hoc</strong></span> <span class='ocrx_word' id='word_1_356' title='bbox 1400 3170 1819 3227; x_wconf 85' lang='lat' dir='ltr'><strong>ferocissimum</strong></span> <span class='ocrx_word' id='word_1_357' title='bbox 1844 3170 2041 3225; x_wconf 89' lang='lat' dir='ltr'><strong>edide-</strong></span> 
     </span>
    </p>
   </div>
   <div class='ocr_carea' id='block_1_51' title="bbox 385 3258 2043 3332">
    <p class='ocr_par' dir='ltr' id='par_1_51' title="bbox 385 3258 2043 3332">
     <span class='ocr_line' id='line_1_51' title="bbox 385 3258 2043 3332; baseline -0.001 -17"><span class='ocrx_word' id='word_1_358' title='bbox 385 3261 517 3316; x_wconf 84' lang='lat' dir='ltr'><strong>rint.</strong></span> <span class='ocrx_word' id='word_1_359' title='bbox 537 3261 702 3327; x_wconf 83' lang='lat' dir='ltr'><strong>Quod</strong></span> <span class='ocrx_word' id='word_1_360' title='bbox 724 3260 823 3317; x_wconf 86' lang='lat' dir='ltr'><strong>t‘uil</strong></span> <span class='ocrx_word' id='word_1_361' title='bbox 852 3261 1093 3332; x_wconf 89' lang='lat' dir='ltr'><strong>primum</strong></span> <span class='ocrx_word' id='word_1_362' title='bbox 1116 3261 1269 3315; x_wconf 82' lang='lat' dir='ltr'><strong>inter</strong></span> <span class='ocrx_word' id='word_1_363' title='bbox 1291 3259 1534 3331; x_wconf 90' lang='lat' dir='ltr'><strong>paludes</strong></span> <span class='ocrx_word' id='word_1_364' title='bbox 1554 3258 1837 3315; x_wconf 87' lang='lat' dir='ltr'><strong>Meotidas</strong></span> <span class='ocrx_word' id='word_1_365' title='bbox 1858 3258 2043 3314; x_wconf 92' lang='lat' dir='ltr'><strong>minu-</strong></span> 
     </span>
    </p>
   </div>
   <div class='ocr_carea' id='block_1_52' title="bbox 384 3347 2042 3418">
    <p class='ocr_par' dir='ltr' id='par_1_52' title="bbox 384 3347 2042 3418">
     <span class='ocr_line' id='line_1_52' title="bbox 384 3347 2042 3418; baseline -0.001 -15"><span class='ocrx_word' id='word_1_366' title='bbox 384 3354 526 3417; x_wconf 88' lang='lat' dir='ltr'><strong>tum,</strong></span> <span class='ocrx_word' id='word_1_367' title='bbox 549 3354 762 3406; x_wconf 87' lang='lat' dir='ltr'><strong>tetrum</strong></span> <span class='ocrx_word' id='word_1_368' title='bbox 787 3353 963 3418; x_wconf 82' lang='lat' dir='ltr'><strong>atque</strong></span> <span class='ocrx_word' id='word_1_369' title='bbox 985 3348 1158 3417; x_wconf 85' lang='lat' dir='ltr'><strong>exile,</strong></span> <span class='ocrx_word' id='word_1_370' title='bbox 1182 3347 1344 3417; x_wconf 90' lang='lat' dir='ltr'><strong>quasi</strong></span> <span class='ocrx_word' id='word_1_371' title='bbox 1382 3348 1675 3403; x_wconf 62' lang='lat' dir='ltr'><strong>himinum</strong></span> <span class='ocrx_word' id='word_1_372' title='bbox 1707 3361 1912 3416; x_wconf 89' lang='lat' dir='ltr'><strong>genus,</strong></span> <span class='ocrx_word' id='word_1_373' title='bbox 1936 3361 2042 3402; x_wconf 90' lang='lat' dir='ltr'><strong>nec</strong></span> 
     </span>
    </p>
   </div>
   <div class='ocr_carea' id='block_1_53' title="bbox 383 3433 2043 3506">
    <p class='ocr_par' dir='ltr' id='par_1_53' title="bbox 383 3433 2043 3506">
     <span class='ocr_line' id='line_1_53' title="bbox 383 3433 2043 3506; baseline -0.004 -14"><span class='ocrx_word' id='word_1_374' title='bbox 383 3436 493 3492; x_wconf 88' lang='lat' dir='ltr'><strong>alia</strong></span> <span class='ocrx_word' id='word_1_375' title='bbox 520 3452 656 3493; x_wconf 68' lang='lat' dir='ltr'><strong>voce</strong></span> <span class='ocrx_word' id='word_1_376' title='bbox 681 3442 900 3506; x_wconf 82' lang='lat' dir='ltr'><strong>notum,</strong></span> <span class='ocrx_word' id='word_1_377' title='bbox 929 3436 1035 3492; x_wconf 89' lang='lat' dir='ltr'><strong>nisi</strong></span> <span class='ocrx_word' id='word_1_378' title='bbox 1069 3436 1220 3506; x_wconf 84' lang='lat' dir='ltr'><strong>quod</strong></span> <span class='ocrx_word' id='word_1_379' title='bbox 1254 3435 1484 3492; x_wconf 90' lang='lat' dir='ltr'><strong>humani</strong></span> <span class='ocrx_word' id='word_1_380' title='bbox 1518 3435 1808 3492; x_wconf 87' lang='lat' dir='ltr'><strong>sermonis</strong></span> <span class='ocrx_word' id='word_1_381' title='bbox 1844 3433 2043 3503; x_wconf 87' lang='lat' dir='ltr'><strong>imagi-</strong></span> 
     </span>
    </p>
   </div>
   <div class='ocr_carea' id='block_1_54' title="bbox 384 3524 2043 3596">
    <p class='ocr_par' dir='ltr' id='par_1_54' title="bbox 384 3524 2043 3596">
     <span class='ocr_line' id='line_1_54' title="bbox 384 3524 2043 3596; baseline -0.001 -15"><span class='ocrx_word' id='word_1_382' title='bbox 384 3540 511 3581; x_wconf 85' lang='lat' dir='ltr'><strong>nem</strong></span> <span class='ocrx_word' id='word_1_383' title='bbox 547 3526 902 3595; x_wconf 83' lang='lat' dir='ltr'><strong>assignabat.</strong></span> <span class='ocrx_word' id='word_1_384' title='bbox 933 3525 1050 3581; x_wconf 90' lang='lat' dir='ltr'><strong>Tali</strong></span> <span class='ocrx_word' id='word_1_385' title='bbox 1084 3525 1264 3595; x_wconf 82' lang='lat' dir='ltr'><strong>igitur</strong></span> <span class='ocrx_word' id='word_1_386' title='bbox 1294 3524 1477 3596; x_wconf 88' lang='lat' dir='ltr'><strong>stirpe</strong></span> <span class='ocrx_word' id='word_1_387' title='bbox 1512 3524 1657 3580; x_wconf 87' lang='lat' dir='ltr'><strong>Huni</strong></span> <span class='ocrx_word' id='word_1_388' title='bbox 1690 3524 1894 3591; x_wconf 89' lang='lat' dir='ltr'><strong>creati,</strong></span> <span class='ocrx_word' id='word_1_389' title='bbox 1933 3524 2043 3579; x_wconf 84' lang='lat' dir='ltr'><strong>Go-</strong></span> 
     </span>
    </p>
   </div>
   <div class='ocr_carea' id='block_1_55' title="bbox 383 3612 2043 3681">
    <p class='ocr_par' dir='ltr' id='par_1_55' title="bbox 383 3612 2043 3681">
     <span class='ocr_line' id='line_1_55' title="bbox 383 3612 2043 3681; baseline -0.001 -12"><span class='ocrx_word' id='word_1_390' title='bbox 383 3614 612 3669; x_wconf 86' lang='lat' dir='ltr'><strong>thorum</strong></span> <span class='ocrx_word' id='word_1_391' title='bbox 640 3614 852 3671; x_wconf 85' lang='lat' dir='ltr'><strong>finibus</strong></span> <span class='ocrx_word' id='word_1_392' title='bbox 876 3615 1255 3670; x_wconf 89' lang='lat' dir='ltr'><strong>advenerunt.</strong></span> <span class='ocrx_word' id='word_1_393' title='bbox 1283 3613 1447 3668; x_wconf 79' lang='lat' dir='ltr'><strong>Natio</strong></span> <span class='ocrx_word' id='word_1_394' title='bbox 1478 3618 1670 3669; x_wconf 88' lang='lat' dir='ltr'><strong>autem</strong></span> <span class='ocrx_word' id='word_1_395' title='bbox 1696 3612 1953 3681; x_wconf 69' lang='lat' dir='ltr'><strong>illorum,</strong></span> <span class='ocrx_word' id='word_1_396' title='bbox 1981 3618 2043 3668; x_wconf 88' lang='lat' dir='ltr'><strong>ut</strong></span> 
     </span>
    </p>
   </div>
   <div class='ocr_carea' id='block_1_56' title="bbox 383 3700 2040 3773">
    <p class='ocr_par' dir='ltr' id='par_1_56' title="bbox 383 3700 2040 3773">
     <span class='ocr_line' id='line_1_56' title="bbox 383 3700 2040 3773; baseline -0.001 -15"><span class='ocrx_word' id='word_1_397' title='bbox 383 3703 600 3759; x_wconf 90' lang='lat' dir='ltr'><strong>dictum</strong></span> <span class='ocrx_word' id='word_1_398' title='bbox 642 3709 755 3773; x_wconf 89' lang='lat' dir='ltr'><strong>est,</strong></span> <span class='ocrx_word' id='word_1_399' title='bbox 800 3704 1091 3760; x_wconf 90' lang='lat' dir='ltr'><strong>referente</strong></span> <span class='ocrx_word' id='word_1_400' title='bbox 1133 3702 1335 3759; x_wconf 87' lang='lat' dir='ltr'><strong>Prisco</strong></span> <span class='ocrx_word' id='word_1_401' title='bbox 1377 3701 1698 3771; x_wconf 78' lang='lat' dir='ltr'><strong>hysterico,</strong></span> <span class='ocrx_word' id='word_1_402' title='bbox 1733 3700 2040 3757; x_wconf 79' lang='lat' dir='ltr'><strong>Meotidem</strong></span> 
     </span>
    </p>
   </div>
   <div class='ocr_carea' id='block_1_57' title="bbox 382 3789 2040 3863">
    <p class='ocr_par' dir='ltr' id='par_1_57' title="bbox 382 3789 2040 3863">
     <span class='ocr_line' id='line_1_57' title="bbox 382 3789 2040 3863; baseline -0.002 -15"><span class='ocrx_word' id='word_1_403' title='bbox 382 3791 651 3863; x_wconf 86' lang='lat' dir='ltr'><strong>paludem</strong></span> <span class='ocrx_word' id='word_1_404' title='bbox 673 3791 725 3847; x_wconf 91' lang='lat' dir='ltr'><strong>in</strong></span> <span class='ocrx_word' id='word_1_405' title='bbox 749 3791 1016 3848; x_wconf 89' lang='lat' dir='ltr'><strong>ulteriori</strong></span> <span class='ocrx_word' id='word_1_406' title='bbox 1040 3791 1165 3863; x_wconf 91' lang='lat' dir='ltr'><strong>ripa</strong></span> <span class='ocrx_word' id='word_1_407' title='bbox 1190 3790 1472 3861; x_wconf 90' lang='lat' dir='ltr'><strong>insidens,</strong></span> <span class='ocrx_word' id='word_1_408' title='bbox 1496 3789 1790 3846; x_wconf 84' lang='lat' dir='ltr'><strong>venationi</strong></span> <span class='ocrx_word' id='word_1_409' title='bbox 1813 3793 2040 3846; x_wconf 87' lang='lat' dir='ltr'><strong>tantum</strong></span> 
     </span>
    </p>
   </div>
   <div class='ocr_carea' id='block_1_58' title="bbox 383 3878 2035 3951">
    <p class='ocr_par' dir='ltr' id='par_1_58' title="bbox 383 3878 2035 3951">
     <span class='ocr_line' id='line_1_58' title="bbox 383 3878 2035 3951; baseline -0.001 -14"><span class='ocrx_word' id='word_1_410' title='bbox 383 3879 635 3950; x_wconf 86' lang='lat' dir='ltr'><strong>studuit,</strong></span> <span class='ocrx_word' id='word_1_411' title='bbox 669 3879 889 3937; x_wconf 92' lang='lat' dir='ltr'><strong>nullum</strong></span> <span class='ocrx_word' id='word_1_412' title='bbox 922 3880 1096 3936; x_wconf 91' lang='lat' dir='ltr'><strong>alium</strong></span> <span class='ocrx_word' id='word_1_413' title='bbox 1127 3884 1369 3951; x_wconf 87' lang='lat' dir='ltr'><strong>experta</strong></span> <span class='ocrx_word' id='word_1_414' title='bbox 1404 3879 1683 3948; x_wconf 91' lang='lat' dir='ltr'><strong>laborem,</strong></span> <span class='ocrx_word' id='word_1_415' title='bbox 1717 3878 1826 3935; x_wconf 90' lang='lat' dir='ltr'><strong>nisi</strong></span> <span class='ocrx_word' id='word_1_416' title='bbox 1861 3878 2035 3949; x_wconf 89' lang='lat' dir='ltr'><strong>quod,</strong></span> 
     </span>
    </p>
   </div>
   <div class='ocr_carea' id='block_1_59' title="bbox 383 3967 2040 4042">
    <p class='ocr_par' dir='ltr' id='par_1_59' title="bbox 383 3967 2040 4042">
     <span class='ocr_line' id='line_1_59' title="bbox 383 3967 2040 4042; baseline -0.001 -16"><span class='ocrx_word' id='word_1_417' title='bbox 383 3974 691 4042; x_wconf 84' lang='lat' dir='ltr'><strong>postquam</strong></span> <span class='ocrx_word' id='word_1_418' title='bbox 723 3970 1007 4026; x_wconf 89' lang='lat' dir='ltr'><strong>crevisset</strong></span> <span class='ocrx_word' id='word_1_419' title='bbox 1033 3970 1087 4025; x_wconf 93' lang='lat' dir='ltr'><strong>in</strong></span> <span class='ocrx_word' id='word_1_420' title='bbox 1116 3968 1382 4042; x_wconf 90' lang='lat' dir='ltr'><strong>populos,</strong></span> <span class='ocrx_word' id='word_1_421' title='bbox 1412 3967 1715 4025; x_wconf 86' lang='lat' dir='ltr'><strong>fraudibus</strong></span> <span class='ocrx_word' id='word_1_422' title='bbox 1735 3972 1792 4024; x_wconf 91' lang='lat' dir='ltr'><strong>et</strong></span> <span class='ocrx_word' id='word_1_423' title='bbox 1819 3968 2040 4039; x_wconf 89' lang='lat' dir='ltr'><strong>rapinis</strong></span> 
     </span>
    </p>
   </div>
   <div class='ocr_carea' id='block_1_60' title="bbox 382 4056 2036 4129">
    <p class='ocr_par' dir='ltr' id='par_1_60' title="bbox 382 4056 2036 4129">
     <span class='ocr_line' id='line_1_60' title="bbox 382 4056 2036 4129; baseline -0.002 -13"><span class='ocrx_word' id='word_1_424' title='bbox 382 4059 700 4116; x_wconf 90' lang='lat' dir='ltr'><strong>vicinarum</strong></span> <span class='ocrx_word' id='word_1_425' title='bbox 719 4058 977 4129; x_wconf 88' lang='lat' dir='ltr'><strong>gentium</strong></span> <span class='ocrx_word' id='word_1_426' title='bbox 999 4058 1377 4115; x_wconf 90' lang='lat' dir='ltr'><strong>conturbavit</strong></span> <span class='ocrx_word' id='word_1_427' title='bbox 1400 4058 1681 4128; x_wconf 89' lang='lat' dir='ltr'><strong>quietem.</strong></span> <span class='ocrx_word' id='word_1_428' title='bbox 1700 4056 1880 4127; x_wconf 88' lang='lat' dir='ltr'><strong>Hujus</strong></span> <span class='ocrx_word' id='word_1_429' title='bbox 1897 4071 2036 4127; x_wconf 86' lang='lat' dir='ltr'><strong>ergo</strong></span> 
     </span>
    </p>
   </div>
   <div class='ocr_carea' id='block_1_61' title="bbox 381 4145 2037 4219">
    <p class='ocr_par' dir='ltr' id='par_1_61' title="bbox 381 4145 2037 4219">
     <span class='ocr_line' id='line_1_61' title="bbox 381 4145 2037 4219; baseline -0.002 -15"><span class='ocrx_word' id='word_1_430' title='bbox 381 4148 572 4219; x_wconf 83' lang='lat' dir='ltr'><strong>gentis</strong></span> <span class='ocrx_word' id='word_1_431' title='bbox 606 4151 933 4218; x_wconf 89' lang='lat' dir='ltr'><strong>venatores,</strong></span> <span class='ocrx_word' id='word_1_432' title='bbox 962 4151 1020 4204; x_wconf 88' lang='lat' dir='ltr'><strong>ut</strong></span> <span class='ocrx_word' id='word_1_433' title='bbox 1051 4146 1331 4216; x_wconf 89' lang='lat' dir='ltr'><strong>assolent,</strong></span> <span class='ocrx_word' id='word_1_434' title='bbox 1362 4146 1495 4202; x_wconf 90' lang='lat' dir='ltr'><strong>dum</strong></span> <span class='ocrx_word' id='word_1_435' title='bbox 1522 4147 1575 4202; x_wconf 91' lang='lat' dir='ltr'><strong>in</strong></span> <span class='ocrx_word' id='word_1_436' title='bbox 1603 4145 1868 4202; x_wconf 90' lang='lat' dir='ltr'><strong>ulteriori</strong></span> <span class='ocrx_word' id='word_1_437' title='bbox 1894 4146 2037 4201; x_wconf 81' lang='lat' dir='ltr'><strong>Meo-</strong></span> 
     </span>
    </p>
   </div>
   <div class='ocr_carea' id='block_1_62' title="bbox 381 4234 2032 4308">
    <p class='ocr_par' dir='ltr' id='par_1_62' title="bbox 381 4234 2032 4308">
     <span class='ocr_line' id='line_1_62' title="bbox 381 4234 2032 4308; baseline -0.002 -17"><span class='ocrx_word' id='word_1_438' title='bbox 381 4236 519 4293; x_wconf 89' lang='lat' dir='ltr'><strong>tidis</strong></span> <span class='ocrx_word' id='word_1_439' title='bbox 572 4237 696 4308; x_wconf 92' lang='lat' dir='ltr'><strong>ripa</strong></span> <span class='ocrx_word' id='word_1_440' title='bbox 745 4235 1492 4306; x_wconf 89' lang='lat' dir='ltr'><strong>venationesinquirerent,</strong></span> <span class='ocrx_word' id='word_1_441' title='bbox 1542 4234 2032 4304; x_wconf 88' lang='lat' dir='ltr'><strong>animadvertunt,</strong></span> 
     </span>
    </p>
   </div>
   <div class='ocr_carea' id='block_1_63' title="bbox 381 4321 2035 4396">
    <p class='ocr_par' dir='ltr' id='par_1_63' title="bbox 381 4321 2035 4396">
     <span class='ocr_line' id='line_1_63' title="bbox 381 4321 2035 4396; baseline -0.002 -15"><span class='ocrx_word' id='word_1_442' title='bbox 381 4324 672 4396; x_wconf 90' lang='lat' dir='ltr'><strong>quomodo</strong></span> <span class='ocrx_word' id='word_1_443' title='bbox 713 4338 888 4382; x_wconf 72' lang='lat' dir='ltr'><strong>cerva</strong></span> <span class='ocrx_word' id='word_1_444' title='bbox 920 4338 992 4379; x_wconf 87' lang='lat' dir='ltr'><strong>ex</strong></span> <span class='ocrx_word' id='word_1_445' title='bbox 1022 4322 1340 4394; x_wconf 87' lang='lat' dir='ltr'><strong>improviso</strong></span> <span class='ocrx_word' id='word_1_446' title='bbox 1374 4337 1438 4379; x_wconf 91' lang='lat' dir='ltr'><strong>se</strong></span> <span class='ocrx_word' id='word_1_447' title='bbox 1470 4321 1586 4378; x_wconf 88' lang='lat' dir='ltr'><strong>illis</strong></span> <span class='ocrx_word' id='word_1_448' title='bbox 1626 4322 1862 4391; x_wconf 90' lang='lat' dir='ltr'><strong>obtulit,</strong></span> <span class='ocrx_word' id='word_1_449' title='bbox 1908 4336 2035 4392; x_wconf 74' lang='lat' dir='ltr'><strong>quae</strong></span> 
     </span>
    </p>
   </div>
   <div class='ocr_carea' id='block_1_64' title="bbox 381 4410 2036 4484">
    <p class='ocr_par' dir='ltr' id='par_1_64' title="bbox 381 4410 2036 4484">
     <span class='ocr_line' id='line_1_64' title="bbox 381 4410 2036 4484; baseline -0.001 -17"><span class='ocrx_word' id='word_1_450' title='bbox 381 4413 649 4481; x_wconf 86' lang='lat' dir='ltr'><strong>ingressa</strong></span> <span class='ocrx_word' id='word_1_451' title='bbox 690 4411 979 4484; x_wconf 90' lang='lat' dir='ltr'><strong>paludem,</strong></span> <span class='ocrx_word' id='word_1_452' title='bbox 1023 4424 1292 4480; x_wconf 88' lang='lat' dir='ltr'><strong>nuncque</strong></span> <span class='ocrx_word' id='word_1_453' title='bbox 1331 4410 1736 4481; x_wconf 88' lang='lat' dir='ltr'><strong>progrediens,</strong></span> <span class='ocrx_word' id='word_1_454' title='bbox 1768 4424 2036 4481; x_wconf 89' lang='lat' dir='ltr'><strong>nuncque</strong></span> 
     </span>
    </p>
   </div>
   <div class='ocr_carea' id='block_1_65' title="bbox 381 4498 2036 4570">
    <p class='ocr_par' dir='ltr' id='par_1_65' title="bbox 381 4498 2036 4570">
     <span class='ocr_line' id='line_1_65' title="bbox 381 4498 2036 4570; baseline -0.002 -11"><span class='ocrx_word' id='word_1_455' title='bbox 381 4501 732 4570; x_wconf 88' lang='lat' dir='ltr'><strong>subsistens,</strong></span> <span class='ocrx_word' id='word_1_456' title='bbox 758 4498 1032 4556; x_wconf 90' lang='lat' dir='ltr'><strong>indicium</strong></span> <span class='ocrx_word' id='word_1_457' title='bbox 1057 4499 1164 4555; x_wconf 63' lang='lat' dir='ltr'><strong>viae</strong></span> <span class='ocrx_word' id='word_1_458' title='bbox 1190 4499 1415 4555; x_wconf 91' lang='lat' dir='ltr'><strong>tribuit.</strong></span> <span class='ocrx_word' id='word_1_459' title='bbox 1444 4500 1622 4566; x_wconf 87' lang='lat' dir='ltr'><strong>Quam</strong></span> <span class='ocrx_word' id='word_1_460' title='bbox 1648 4499 1834 4557; x_wconf 88' lang='lat' dir='ltr'><strong>secuti</strong></span> <span class='ocrx_word' id='word_1_461' title='bbox 1868 4513 2036 4556; x_wconf 89' lang='lat' dir='ltr'><strong>vena-</strong></span> 
     </span>
    </p>
   </div>
   <div class='ocr_carea' id='block_1_66' title="bbox 378 4587 2038 4661">
    <p class='ocr_par' dir='ltr' id='par_1_66' title="bbox 378 4587 2038 4661">
     <span class='ocr_line' id='line_1_66' title="bbox 378 4587 2038 4661; baseline 0 -16"><span class='ocrx_word' id='word_1_462' title='bbox 378 4594 561 4659; x_wconf 89' lang='lat' dir='ltr'><strong>tores,</strong></span> <span class='ocrx_word' id='word_1_463' title='bbox 607 4588 874 4661; x_wconf 91' lang='lat' dir='ltr'><strong>paludem</strong></span> <span class='ocrx_word' id='word_1_464' title='bbox 914 4587 1244 4658; x_wconf 90' lang='lat' dir='ltr'><strong>meotidem,</strong></span> <span class='ocrx_word' id='word_1_465' title='bbox 1293 4602 1460 4659; x_wconf 91' lang='lat' dir='ltr'><strong>quam</strong></span> <span class='ocrx_word' id='word_1_466' title='bbox 1502 4588 1837 4660; x_wconf 90' lang='lat' dir='ltr'><strong>imperviam</strong></span> <span class='ocrx_word' id='word_1_467' title='bbox 1875 4592 2038 4660; x_wconf 88' lang='lat' dir='ltr'><strong>puta-</strong></span> 
     </span>
    </p>
   </div>
   <div class='ocr_carea' id='block_1_67' title="bbox 382 4676 2035 4750">
    <p class='ocr_par' dir='ltr' id='par_1_67' title="bbox 382 4676 2035 4750">
     <span class='ocr_line' id='line_1_67' title="bbox 382 4676 2035 4750; baseline -0.001 -16"><span class='ocrx_word' id='word_1_468' title='bbox 382 4678 544 4748; x_wconf 89' lang='lat' dir='ltr'><strong>bant,</strong></span> <span class='ocrx_word' id='word_1_469' title='bbox 583 4676 831 4750; x_wconf 89' lang='lat' dir='ltr'><strong>pedibus</strong></span> <span class='ocrx_word' id='word_1_470' title='bbox 865 4676 1244 4745; x_wconf 89' lang='lat' dir='ltr'><strong>transierunt,</strong></span> <span class='ocrx_word' id='word_1_471' title='bbox 1281 4691 1530 4747; x_wconf 85' lang='lat' dir='ltr'><strong>moxque</strong></span> <span class='ocrx_word' id='word_1_472' title='bbox 1564 4677 1886 4749; x_wconf 82' lang='lat' dir='ltr'><strong>Scythicam</strong></span> <span class='ocrx_word' id='word_1_473' title='bbox 1918 4684 2035 4732; x_wconf 88' lang='lat' dir='ltr'><strong>ter-</strong></span> 
     </span>
    </p>
   </div>
   <div class='ocr_carea' id='block_1_68' title="bbox 383 4764 2030 4837">
    <p class='ocr_par' dir='ltr' id='par_1_68' title="bbox 383 4764 2030 4837">
     <span class='ocr_line' id='line_1_68' title="bbox 383 4764 2030 4837; baseline -0.001 -15"><span class='ocrx_word' id='word_1_474' title='bbox 383 4782 502 4823; x_wconf 87' lang='lat' dir='ltr'><strong>ram</strong></span> <span class='ocrx_word' id='word_1_475' title='bbox 551 4766 717 4823; x_wconf 90' lang='lat' dir='ltr'><strong>inscii</strong></span> <span class='ocrx_word' id='word_1_476' title='bbox 772 4765 1157 4821; x_wconf 89' lang='lat' dir='ltr'><strong>intraverunt.</strong></span> <span class='ocrx_word' id='word_1_477' title='bbox 1204 4764 1269 4819; x_wconf 88' lang='lat' dir='ltr'><strong>Hi</strong></span> <span class='ocrx_word' id='word_1_478' title='bbox 1317 4779 1456 4822; x_wconf 89' lang='lat' dir='ltr'><strong>vero</strong></span> <span class='ocrx_word' id='word_1_479' title='bbox 1500 4771 1696 4837; x_wconf 90' lang='lat' dir='ltr'><strong>preter</strong></span> <span class='ocrx_word' id='word_1_480' title='bbox 1729 4765 2030 4823; x_wconf 85' lang='lat' dir='ltr'><strong>Meotidem</strong></span> 
     </span>
    </p>
   </div>
   <div class='ocr_carea' id='block_1_69' title="bbox 2076 3481 2124 3542">
    <p class='ocr_par' dir='ltr' id='par_1_69' title="bbox 2076 3481 2124 3542">
     <span class='ocr_line' id='line_1_69' title="bbox 2076 3481 2124 3542; baseline 0 0"><span class='ocrx_word' id='word_1_481' title='bbox 2076 3481 2124 3542; x_wconf 79' lang='grc' dir='ltr'>Ο</span> 
     </span>
    </p>
   </div>
   <div class='ocr_carea' id='block_1_70' title="bbox 2150 2192 3795 2265">
    <p class='ocr_par' dir='ltr' id='par_1_70' title="bbox 2150 2192 3795 2265">
     <span class='ocr_line' id='line_1_70' title="bbox 2150 2192 3795 2265; baseline -0.001 -16"><span class='ocrx_word' id='word_1_482' title='bbox 2150 2195 2277 2249; x_wconf 89' lang='lat' dir='ltr'><strong>vies</strong></span> <span class='ocrx_word' id='word_1_483' title='bbox 2307 2194 2633 2249; x_wconf 87' lang='lat' dir='ltr'><strong>habuerunt</strong></span> <span class='ocrx_word' id='word_1_484' title='bbox 2667 2194 3031 2264; x_wconf 75' lang='lat' dir='ltr'><strong>occiderunt,</strong></span> <span class='ocrx_word' id='word_1_485' title='bbox 3068 2193 3329 2264; x_wconf 89' lang='lat' dir='ltr'><strong>reliquos</strong></span> <span class='ocrx_word' id='word_1_486' title='bbox 3367 2192 3630 2265; x_wconf 90' lang='lat' dir='ltr'><strong>perditos</strong></span> <span class='ocrx_word' id='word_1_487' title='bbox 3661 2194 3795 2250; x_wconf 75' lang='lat' dir='ltr'><strong>sub~</strong></span> 
     </span>
    </p>
   </div>
   <div class='ocr_carea' id='block_1_71' title="bbox 2151 2281 3796 2354">
    <p class='ocr_par' dir='ltr' id='par_1_71' title="bbox 2151 2281 3796 2354">
     <span class='ocr_line' id='line_1_71' title="bbox 2151 2281 3796 2354; baseline 0.001 -18"><span class='ocrx_word' id='word_1_488' title='bbox 2151 2288 2415 2351; x_wconf 82' lang='lat' dir='ltr'><strong>egerunt.</strong></span> <span class='ocrx_word' id='word_1_489' title='bbox 2444 2285 2578 2336; x_wconf 81' lang='lat' dir='ltr'><strong>Nam</strong></span> <span class='ocrx_word' id='word_1_490' title='bbox 2607 2298 2736 2337; x_wconf 90' lang='lat' dir='ltr'><strong>mox</strong></span> <span class='ocrx_word' id='word_1_491' title='bbox 2763 2286 2824 2337; x_wconf 92' lang='lat' dir='ltr'><strong>ut</strong></span> <span class='ocrx_word' id='word_1_492' title='bbox 2849 2283 3142 2352; x_wconf 83' lang='lat' dir='ltr'><strong>ingentem</strong></span> <span class='ocrx_word' id='word_1_493' title='bbox 3169 2282 3323 2337; x_wconf 89' lang='lat' dir='ltr'><strong>illam</strong></span> <span class='ocrx_word' id='word_1_494' title='bbox 3351 2281 3616 2354; x_wconf 88' lang='lat' dir='ltr'><strong>paludem</strong></span> <span class='ocrx_word' id='word_1_495' title='bbox 3640 2285 3796 2339; x_wconf 87' lang='lat' dir='ltr'><strong>tran-</strong></span> 
     </span>
    </p>
   </div>
   <div class='ocr_carea' id='block_1_72' title="bbox 2151 2370 3792 2442">
    <p class='ocr_par' dir='ltr' id='par_1_72' title="bbox 2151 2370 3792 2442">
     <span class='ocr_line' id='line_1_72' title="bbox 2151 2370 3792 2442; baseline 0.001 -16"><span class='ocrx_word' id='word_1_496' title='bbox 2151 2371 2399 2441; x_wconf 88' lang='lat' dir='ltr'><strong>sierunt,</strong></span> <span class='ocrx_word' id='word_1_497' title='bbox 2451 2371 2583 2426; x_wconf 89' lang='lat' dir='ltr'><strong>ilico</strong></span> <span class='ocrx_word' id='word_1_498' title='bbox 2633 2372 2940 2442; x_wconf 81' lang='lat' dir='ltr'><strong>Alpizuros</strong></span> <span class='ocrx_word' id='word_1_499' title='bbox 2980 2376 3039 2427; x_wconf 91' lang='lat' dir='ltr'><strong>et</strong></span> <span class='ocrx_word' id='word_1_500' title='bbox 3073 2370 3373 2427; x_wconf 88' lang='lat' dir='ltr'><strong>Alcizuros</strong></span> <span class='ocrx_word' id='word_1_501' title='bbox 3406 2387 3471 2427; x_wconf 90' lang='lat' dir='ltr'><strong>ac</strong></span> <span class='ocrx_word' id='word_1_502' title='bbox 3505 2371 3792 2440; x_wconf 90' lang='lat' dir='ltr'><strong>ltimaros,</strong></span> 
     </span>
    </p>
   </div>
   <div class='ocr_carea' id='block_1_73' title="bbox 2153 2454 3798 2540">
    <p class='ocr_par' dir='ltr' id='par_1_73' title="bbox 2153 2454 3798 2540">
     <span class='ocr_line' id='line_1_73' title="bbox 2153 2454 3798 2540; baseline 0 -25"><span class='ocrx_word' id='word_1_503' title='bbox 2153 2459 2573 2540; x_wconf 47' lang='lat' dir='ltr'><strong>deinde.Arsos</strong></span> <span class='ocrx_word' id='word_1_504' title='bbox 2603 2467 2661 2515; x_wconf 91' lang='lat' dir='ltr'><strong>et</strong></span> <span class='ocrx_word' id='word_1_505' title='bbox 2696 2454 2952 2528; x_wconf 36' lang='lat' dir='ltr'><strong>Bo‘iseos,</strong></span> <span class='ocrx_word' id='word_1_506' title='bbox 2987 2460 3081 2530; x_wconf 89' lang='lat' dir='ltr'><strong>qui</strong></span> <span class='ocrx_word' id='word_1_507' title='bbox 3131 2460 3272 2530; x_wconf 60' lang='lat' dir='ltr'><strong>ripae</strong></span> <span class='ocrx_word' id='word_1_508' title='bbox 3311 2460 3559 2530; x_wconf 78' lang='lat' dir='ltr'><strong>Scythiae</strong></span> <span class='ocrx_word' id='word_1_509' title='bbox 3590 2460 3798 2516; x_wconf 88' lang='lat' dir='ltr'><strong>inside-</strong></span> 
     </span>
    </p>
   </div>
   <div class='ocr_carea' id='block_1_74' title="bbox 2154 2549 3799 2620">
    <p class='ocr_par' dir='ltr' id='par_1_74' title="bbox 2154 2549 3799 2620">
     <span class='ocr_line' id='line_1_74' title="bbox 2154 2549 3799 2620; baseline 0.002 -17"><span class='ocrx_word' id='word_1_510' title='bbox 2154 2549 2313 2616; x_wconf 89' lang='lat' dir='ltr'><strong>bant,</strong></span> <span class='ocrx_word' id='word_1_511' title='bbox 2343 2549 2508 2619; x_wconf 87' lang='lat' dir='ltr'><strong>quasi</strong></span> <span class='ocrx_word' id='word_1_512' title='bbox 2543 2550 2773 2619; x_wconf 86' lang='lat' dir='ltr'><strong>quidam</strong></span> <span class='ocrx_word' id='word_1_513' title='bbox 2812 2551 2983 2605; x_wconf 89' lang='lat' dir='ltr'><strong>turbo</strong></span> <span class='ocrx_word' id='word_1_514' title='bbox 3014 2549 3273 2619; x_wconf 89' lang='lat' dir='ltr'><strong>gentium</strong></span> <span class='ocrx_word' id='word_1_515' title='bbox 3307 2550 3645 2620; x_wconf 83' lang='lat' dir='ltr'><strong>rapiebant;</strong></span> <span class='ocrx_word' id='word_1_516' title='bbox 3681 2549 3799 2606; x_wconf 49' lang='lat' dir='ltr'><strong>Ala.</strong></span> 
     </span>
    </p>
   </div>
   <div class='ocr_carea' id='block_1_75' title="bbox 2152 2637 3801 2710">
    <p class='ocr_par' dir='ltr' id='par_1_75' title="bbox 2152 2637 3801 2710">
     <span class='ocr_line' id='line_1_75' title="bbox 2152 2637 3801 2710; baseline 0.001 -18"><span class='ocrx_word' id='word_1_517' title='bbox 2152 2653 2258 2695; x_wconf 92' lang='lat' dir='ltr'><strong>nos</strong></span> <span class='ocrx_word' id='word_1_518' title='bbox 2282 2653 2532 2707; x_wconf 84' lang='lat' dir='ltr'><strong>quoque.</strong></span> <span class='ocrx_word' id='word_1_519' title='bbox 2563 2653 2748 2710; x_wconf 86' lang='lat' dir='ltr'><strong>pugna</strong></span> <span class='ocrx_word' id='word_1_520' title='bbox 2775 2638 2884 2693; x_wconf 90' lang='lat' dir='ltr'><strong>sibi</strong></span> <span class='ocrx_word' id='word_1_521' title='bbox 2913 2652 3084 2709; x_wconf 90' lang='lat' dir='ltr'><strong>pares</strong></span> <span class='ocrx_word' id='word_1_522' title='bbox 3105 2638 3208 2694; x_wconf 87' lang='lat' dir='ltr'><strong>sed</strong></span> <span class='ocrx_word' id='word_1_523' title='bbox 3227 2637 3588 2694; x_wconf 90' lang='lat' dir='ltr'><strong>humanitate</strong></span> <span class='ocrx_word' id='word_1_524' title='bbox 3612 2638 3801 2695; x_wconf 88' lang='lat' dir='ltr'><strong>victus</strong></span> 
     </span>
    </p>
   </div>
   <div class='ocr_carea' id='block_1_76' title="bbox 2154 2726 3799 2798">
    <p class='ocr_par' dir='ltr' id='par_1_76' title="bbox 2154 2726 3799 2798">
     <span class='ocr_line' id='line_1_76' title="bbox 2154 2726 3799 2798; baseline 0.001 -17"><span class='ocrx_word' id='word_1_525' title='bbox 2154 2727 2450 2795; x_wconf 88' lang='lat' dir='ltr'><strong>formaque</strong></span> <span class='ocrx_word' id='word_1_526' title='bbox 2471 2726 2810 2792; x_wconf 84' lang='lat' dir='ltr'><strong>dissimiles,</strong></span> <span class='ocrx_word' id='word_1_527' title='bbox 2835 2727 3126 2797; x_wconf 89' lang='lat' dir='ltr'><strong>frequenti</strong></span> <span class='ocrx_word' id='word_1_528' title='bbox 3146 2727 3465 2784; x_wconf 89' lang='lat' dir='ltr'><strong>certamine</strong></span> <span class='ocrx_word' id='word_1_529' title='bbox 3487 2727 3799 2798; x_wconf 84' lang='lat' dir='ltr'><strong>fatigantes</strong></span> 
     </span>
    </p>
   </div>
   <div class='ocr_carea' id='block_1_77' title="bbox 2153 2814 3800 2885">
    <p class='ocr_par' dir='ltr' id='par_1_77' title="bbox 2153 2814 3800 2885">
     <span class='ocr_line' id='line_1_77' title="bbox 2153 2814 3800 2885; baseline 0 -14"><span class='ocrx_word' id='word_1_530' title='bbox 2153 2814 2570 2884; x_wconf 87' lang='lat' dir='ltr'><strong>subjugabant.</strong></span> <span class='ocrx_word' id='word_1_531' title='bbox 2623 2817 2760 2870; x_wconf 84' lang='lat' dir='ltr'><strong>Nam</strong></span> <span class='ocrx_word' id='word_1_532' title='bbox 2795 2818 2853 2870; x_wconf 86' lang='lat' dir='ltr'><strong>et</strong></span> <span class='ocrx_word' id='word_1_533' title='bbox 2896 2830 3041 2885; x_wconf 90' lang='lat' dir='ltr'><strong>quos</strong></span> <span class='ocrx_word' id='word_1_534' title='bbox 3083 2815 3238 2871; x_wconf 84' lang='lat' dir='ltr'><strong>bello</strong></span> <span class='ocrx_word' id='word_1_535' title='bbox 3282 2816 3522 2873; x_wconf 89' lang='lat' dir='ltr'><strong>forsitan</strong></span> <span class='ocrx_word' id='word_1_536' title='bbox 3568 2816 3800 2871; x_wconf 87' lang='lat' dir='ltr'><strong>minime</strong></span> 
     </span>
    </p>
   </div>
   <div class='ocr_carea' id='block_1_78' title="bbox 2156 2903 3802 2975">
    <p class='ocr_par' dir='ltr' id='par_1_78' title="bbox 2156 2903 3802 2975">
     <span class='ocr_line' id='line_1_78' title="bbox 2156 2903 3802 2975; baseline 0.001 -16"><span class='ocrx_word' id='word_1_537' title='bbox 2156 2905 2537 2974; x_wconf 90' lang='lat' dir='ltr'><strong>superabant,</strong></span> <span class='ocrx_word' id='word_1_538' title='bbox 2571 2903 2769 2960; x_wconf 90' lang='lat' dir='ltr'><strong>vultus</strong></span> <span class='ocrx_word' id='word_1_539' title='bbox 2791 2904 2878 2959; x_wconf 91' lang='lat' dir='ltr'><strong>sui</strong></span> <span class='ocrx_word' id='word_1_540' title='bbox 2906 2909 3133 2960; x_wconf 88' lang='lat' dir='ltr'><strong>terrore</strong></span> <span class='ocrx_word' id='word_1_541' title='bbox 3156 2904 3392 2960; x_wconf 89' lang='lat' dir='ltr'><strong>nimium</strong></span> <span class='ocrx_word' id='word_1_542' title='bbox 3423 2919 3697 2975; x_wconf 90' lang='lat' dir='ltr'><strong>pavorem</strong></span> <span class='ocrx_word' id='word_1_543' title='bbox 3722 2904 3802 2960; x_wconf 86' lang='lat' dir='ltr'><strong>in-</strong></span> 
     </span>
    </p>
   </div>
   <div class='ocr_carea' id='block_1_79' title="bbox 2150 2993 3799 3066">
    <p class='ocr_par' dir='ltr' id='par_1_79' title="bbox 2150 2993 3799 3066">
     <span class='ocr_line' id='line_1_79' title="bbox 2150 2993 3799 3066; baseline 0.001 -18"><span class='ocrx_word' id='word_1_544' title='bbox 2150 2999 2446 3064; x_wconf 77' lang='lat' dir='ltr'><strong>gerentes,</strong></span> <span class='ocrx_word' id='word_1_545' title='bbox 2466 2994 2762 3062; x_wconf 85' lang='lat' dir='ltr'><strong>fugabant,</strong></span> <span class='ocrx_word' id='word_1_546' title='bbox 2779 3008 2848 3049; x_wconf 89' lang='lat' dir='ltr'><strong>eo</strong></span> <span class='ocrx_word' id='word_1_547' title='bbox 2864 2994 3017 3063; x_wconf 88' lang='lat' dir='ltr'><strong>quod</strong></span> <span class='ocrx_word' id='word_1_548' title='bbox 3038 2994 3264 3050; x_wconf 89' lang='lat' dir='ltr'><strong>erateis</strong></span> <span class='ocrx_word' id='word_1_549' title='bbox 3279 2994 3505 3065; x_wconf 89' lang='lat' dir='ltr'><strong>species</strong></span> <span class='ocrx_word' id='word_1_550' title='bbox 3524 2993 3799 3066; x_wconf 63' lang='lat' dir='ltr'><strong>pavenda;</strong></span> 
     </span>
    </p>
   </div>
   <div class='ocr_carea' id='block_1_80' title="bbox 2152 3082 3798 3154">
    <p class='ocr_par' dir='ltr' id='par_1_80' title="bbox 2152 3082 3798 3154">
     <span class='ocr_line' id='line_1_80' title="bbox 2152 3082 3798 3154; baseline 0.001 -16"><span class='ocrx_word' id='word_1_551' title='bbox 2152 3082 2496 3153; x_wconf 87' lang='lat' dir='ltr'><strong>nigredinis,</strong></span> <span class='ocrx_word' id='word_1_552' title='bbox 2524 3087 2582 3138; x_wconf 89' lang='lat' dir='ltr'><strong>et</strong></span> <span class='ocrx_word' id='word_1_553' title='bbox 2607 3083 2656 3138; x_wconf 90' lang='lat' dir='ltr'><strong>si</strong></span> <span class='ocrx_word' id='word_1_554' title='bbox 2680 3083 2793 3140; x_wconf 89' lang='lat' dir='ltr'><strong>dici</strong></span> <span class='ocrx_word' id='word_1_555' title='bbox 2821 3085 2903 3140; x_wconf 91' lang='lat' dir='ltr'><strong>fas</strong></span> <span class='ocrx_word' id='word_1_556' title='bbox 2924 3088 3036 3152; x_wconf 88' lang='lat' dir='ltr'><strong>est,</strong></span> <span class='ocrx_word' id='word_1_557' title='bbox 3070 3084 3332 3154; x_wconf 69' lang='lat' dir='ltr'><strong>quaedam</strong></span> <span class='ocrx_word' id='word_1_558' title='bbox 3367 3083 3632 3140; x_wconf 90' lang='lat' dir='ltr'><strong>informis</strong></span> <span class='ocrx_word' id='word_1_559' title='bbox 3664 3083 3798 3152; x_wconf 80' lang='lat' dir='ltr'><strong>offa,</strong></span> 
     </span>
    </p>
   </div>
   <div class='ocr_carea' id='block_1_81' title="bbox 2153 3171 3799 3243">
    <p class='ocr_par' dir='ltr' id='par_1_81' title="bbox 2153 3171 3799 3243">
     <span class='ocr_line' id='line_1_81' title="bbox 2153 3171 3799 3243; baseline 0.002 -19"><span class='ocrx_word' id='word_1_560' title='bbox 2153 3185 2261 3225; x_wconf 90' lang='lat' dir='ltr'><strong>non</strong></span> <span class='ocrx_word' id='word_1_561' title='bbox 2292 3172 2488 3231; x_wconf 83' lang='lat' dir='ltr'><strong>facies,</strong></span> <span class='ocrx_word' id='word_1_562' title='bbox 2513 3171 2852 3242; x_wconf 88' lang='lat' dir='ltr'><strong>habensque</strong></span> <span class='ocrx_word' id='word_1_563' title='bbox 2879 3172 3061 3241; x_wconf 85' lang='lat' dir='ltr'><strong>magis</strong></span> <span class='ocrx_word' id='word_1_564' title='bbox 3088 3171 3252 3242; x_wconf 88' lang='lat' dir='ltr'><strong>quasi</strong></span> <span class='ocrx_word' id='word_1_565' title='bbox 3289 3172 3550 3243; x_wconf 70' lang='lat' dir='ltr'><strong>qumdam</strong></span> <span class='ocrx_word' id='word_1_566' title='bbox 3585 3176 3799 3243; x_wconf 89' lang='lat' dir='ltr'><strong>puncta</strong></span> 
     </span>
    </p>
   </div>
   <div class='ocr_carea' id='block_1_82' title="bbox 2154 3258 3804 3333">
    <p class='ocr_par' dir='ltr' id='par_1_82' title="bbox 2154 3258 3804 3333">
     <span class='ocr_line' id='line_1_82' title="bbox 2154 3258 3804 3333; baseline 0.002 -19"><span class='ocrx_word' id='word_1_567' title='bbox 2154 3274 2321 3329; x_wconf 88' lang='lat' dir='ltr'><strong>quam</strong></span> <span class='ocrx_word' id='word_1_568' title='bbox 2350 3258 2579 3327; x_wconf 89' lang='lat' dir='ltr'><strong>lumina,</strong></span> <span class='ocrx_word' id='word_1_569' title='bbox 2613 3275 2856 3329; x_wconf 90' lang='lat' dir='ltr'><strong>quorum</strong></span> <span class='ocrx_word' id='word_1_570' title='bbox 2881 3260 3054 3315; x_wconf 90' lang='lat' dir='ltr'><strong>animi</strong></span> <span class='ocrx_word' id='word_1_571' title='bbox 3081 3260 3351 3317; x_wconf 88' lang='lat' dir='ltr'><strong>fiduciam</strong></span> <span class='ocrx_word' id='word_1_572' title='bbox 3376 3259 3650 3316; x_wconf 89' lang='lat' dir='ltr'><strong>turbidus</strong></span> <span class='ocrx_word' id='word_1_573' title='bbox 3675 3276 3804 3333; x_wconf 83' lang='lat' dir='ltr'><strong>pro-</strong></span> 
     </span>
    </p>
   </div>
   <div class='ocr_carea' id='block_1_83' title="bbox 2154 3347 3804 3420">
    <p class='ocr_par' dir='ltr' id='par_1_83' title="bbox 2154 3347 3804 3420">
     <span class='ocr_line' id='line_1_83' title="bbox 2154 3347 3804 3420; baseline 0.002 -18"><span class='ocrx_word' id='word_1_574' title='bbox 2154 3347 2238 3402; x_wconf 89' lang='lat' dir='ltr'><strong>dit</strong></span> <span class='ocrx_word' id='word_1_575' title='bbox 2260 3353 2553 3419; x_wconf 87' lang='lat' dir='ltr'><strong>aspectus.</strong></span> <span class='ocrx_word' id='word_1_576' title='bbox 2584 3348 2688 3415; x_wconf 81' lang='lat' dir='ltr'><strong>Qui</strong></span> <span class='ocrx_word' id='word_1_577' title='bbox 2710 3349 2883 3404; x_wconf 83' lang='lat' dir='ltr'><strong>etiam</strong></span> <span class='ocrx_word' id='word_1_578' title='bbox 2906 3349 2962 3404; x_wconf 91' lang='lat' dir='ltr'><strong>in</strong></span> <span class='ocrx_word' id='word_1_579' title='bbox 2985 3348 3136 3405; x_wconf 82' lang='lat' dir='ltr'><strong>filios</strong></span> <span class='ocrx_word' id='word_1_580' title='bbox 3158 3364 3298 3404; x_wconf 91' lang='lat' dir='ltr'><strong>suos</strong></span> <span class='ocrx_word' id='word_1_581' title='bbox 3316 3349 3502 3420; x_wconf 90' lang='lat' dir='ltr'><strong>primo</strong></span> <span class='ocrx_word' id='word_1_582' title='bbox 3521 3348 3614 3405; x_wconf 89' lang='lat' dir='ltr'><strong>die</strong></span> <span class='ocrx_word' id='word_1_583' title='bbox 3634 3354 3804 3407; x_wconf 90' lang='lat' dir='ltr'><strong>natos</strong></span> 
     </span>
    </p>
   </div>
   <div class='ocr_carea' id='block_1_84' title="bbox 2155 3435 3800 3508">
    <p class='ocr_par' dir='ltr' id='par_1_84' title="bbox 2155 3435 3800 3508">
     <span class='ocr_line' id='line_1_84' title="bbox 2155 3435 3800 3508; baseline 0.002 -18"><span class='ocrx_word' id='word_1_584' title='bbox 2155 3435 2480 3492; x_wconf 91' lang='lat' dir='ltr'><strong>deseviunt.</strong></span> <span class='ocrx_word' id='word_1_585' title='bbox 2516 3438 2653 3492; x_wconf 89' lang='lat' dir='ltr'><strong>Nam</strong></span> <span class='ocrx_word' id='word_1_586' title='bbox 2691 3438 2842 3493; x_wconf 89' lang='lat' dir='ltr'><strong>ferro</strong></span> <span class='ocrx_word' id='word_1_587' title='bbox 2878 3443 3076 3493; x_wconf 91' lang='lat' dir='ltr'><strong>secant</strong></span> <span class='ocrx_word' id='word_1_588' title='bbox 3108 3452 3288 3507; x_wconf 85' lang='lat' dir='ltr'><strong>genas</strong></span> <span class='ocrx_word' id='word_1_589' title='bbox 3319 3452 3541 3508; x_wconf 86' lang='lat' dir='ltr'><strong>eorum,</strong></span> <span class='ocrx_word' id='word_1_590' title='bbox 3572 3453 3703 3494; x_wconf 86' lang='lat' dir='ltr'><strong>mox</strong></span> <span class='ocrx_word' id='word_1_591' title='bbox 3738 3443 3800 3495; x_wconf 89' lang='lat' dir='ltr'><strong>ut</strong></span> 
     </span>
    </p>
   </div>
   <div class='ocr_carea' id='block_1_85' title="bbox 2154 3525 3797 3599">
    <p class='ocr_par' dir='ltr' id='par_1_85' title="bbox 2154 3525 3797 3599">
     <span class='ocr_line' id='line_1_85' title="bbox 2154 3525 3797 3599; baseline 0.003 -20"><span class='ocrx_word' id='word_1_592' title='bbox 2154 3525 2273 3580; x_wconf 89' lang='lat' dir='ltr'><strong>nati</strong></span> <span class='ocrx_word' id='word_1_593' title='bbox 2296 3533 2449 3594; x_wconf 89' lang='lat' dir='ltr'><strong>sunt,</strong></span> <span class='ocrx_word' id='word_1_594' title='bbox 2472 3530 2531 3581; x_wconf 92' lang='lat' dir='ltr'><strong>ut</strong></span> <span class='ocrx_word' id='word_1_595' title='bbox 2552 3532 2862 3596; x_wconf 89' lang='lat' dir='ltr'><strong>antequam</strong></span> <span class='ocrx_word' id='word_1_596' title='bbox 2883 3525 3055 3583; x_wconf 89' lang='lat' dir='ltr'><strong>lactis</strong></span> <span class='ocrx_word' id='word_1_597' title='bbox 3074 3527 3426 3583; x_wconf 88' lang='lat' dir='ltr'><strong>nutrimenta</strong></span> <span class='ocrx_word' id='word_1_598' title='bbox 3449 3527 3797 3599; x_wconf 89' lang='lat' dir='ltr'><strong>percipiant,</strong></span> 
     </span>
    </p>
   </div>
   <div class='ocr_carea' id='block_1_86' title="bbox 2153 3612 3803 3683">
    <p class='ocr_par' dir='ltr' id='par_1_86' title="bbox 2153 3612 3803 3683">
     <span class='ocr_line' id='line_1_86' title="bbox 2153 3612 3803 3683; baseline 0.003 -15"><span class='ocrx_word' id='word_1_599' title='bbox 2153 3612 2710 3683; x_wconf 88' lang='lat' dir='ltr'><strong>vulneriscogantur</strong></span> <span class='ocrx_word' id='word_1_600' title='bbox 2725 3616 2924 3671; x_wconf 89' lang='lat' dir='ltr'><strong>subire</strong></span> <span class='ocrx_word' id='word_1_601' title='bbox 2942 3616 3333 3672; x_wconf 88' lang='lat' dir='ltr'><strong>tolerantiam.</strong></span> <span class='ocrx_word' id='word_1_602' title='bbox 3352 3615 3491 3672; x_wconf 88' lang='lat' dir='ltr'><strong>Hinc</strong></span> <span class='ocrx_word' id='word_1_603' title='bbox 3509 3615 3803 3673; x_wconf 83' lang='lat' dir='ltr'><strong>imberbes</strong></span> 
     </span>
    </p>
   </div>
   <div class='ocr_carea' id='block_1_87' title="bbox 2152 3705 3800 3776">
    <p class='ocr_par' dir='ltr' id='par_1_87' title="bbox 2152 3705 3800 3776">
     <span class='ocr_line' id='line_1_87' title="bbox 2152 3705 3800 3776; baseline 0.001 -16"><span class='ocrx_word' id='word_1_604' title='bbox 2152 3711 2467 3760; x_wconf 89' lang='lat' dir='ltr'><strong>senescunt</strong></span> <span class='ocrx_word' id='word_1_605' title='bbox 2486 3709 2541 3759; x_wconf 90' lang='lat' dir='ltr'><strong>et</strong></span> <span class='ocrx_word' id='word_1_606' title='bbox 2563 3705 2687 3760; x_wconf 90' lang='lat' dir='ltr'><strong>sine</strong></span> <span class='ocrx_word' id='word_1_607' title='bbox 2709 3709 3019 3761; x_wconf 90' lang='lat' dir='ltr'><strong>venustate</strong></span> <span class='ocrx_word' id='word_1_608' title='bbox 3043 3705 3253 3776; x_wconf 90' lang='lat' dir='ltr'><strong>ephebi</strong></span> <span class='ocrx_word' id='word_1_609' title='bbox 3276 3709 3432 3775; x_wconf 86' lang='lat' dir='ltr'><strong>sunt,</strong></span> <span class='ocrx_word' id='word_1_610' title='bbox 3462 3705 3593 3775; x_wconf 88' lang='lat' dir='ltr'><strong>quia</strong></span> <span class='ocrx_word' id='word_1_611' title='bbox 3620 3705 3800 3761; x_wconf 87' lang='lat' dir='ltr'><strong>facies</strong></span> 
     </span>
    </p>
   </div>
   <div class='ocr_carea' id='block_1_88' title="bbox 2151 3792 3805 3865">
    <p class='ocr_par' dir='ltr' id='par_1_88' title="bbox 2151 3792 3805 3865">
     <span class='ocr_line' id='line_1_88' title="bbox 2151 3792 3805 3865; baseline 0.003 -19"><span class='ocrx_word' id='word_1_612' title='bbox 2151 3792 2306 3847; x_wconf 86' lang='lat' dir='ltr'><strong>ferro</strong></span> <span class='ocrx_word' id='word_1_613' title='bbox 2323 3792 2547 3848; x_wconf 88' lang='lat' dir='ltr'><strong>sulcata</strong></span> <span class='ocrx_word' id='word_1_614' title='bbox 2566 3793 2915 3864; x_wconf 88' lang='lat' dir='ltr'><strong>tempestiva</strong></span> <span class='ocrx_word' id='word_1_615' title='bbox 2926 3809 2972 3848; x_wconf 85' lang='lat' dir='ltr'><strong>-u</strong></span> <span class='ocrx_word' id='word_1_616' title='bbox 2990 3793 3238 3865; x_wconf 87' lang='lat' dir='ltr'><strong>pilorum</strong></span> <span class='ocrx_word' id='word_1_617' title='bbox 3252 3794 3499 3863; x_wconf 84' lang='lat' dir='ltr'><strong>gratiam</strong></span> <span class='ocrx_word' id='word_1_618' title='bbox 3517 3793 3805 3851; x_wconf 84' lang='lat' dir='ltr'><strong>cicatrice.</strong></span> 
     </span>
    </p>
   </div>
   <div class='ocr_carea' id='block_1_89' title="bbox 2153 3881 3797 3953">
    <p class='ocr_par' dir='ltr' id='par_1_89' title="bbox 2153 3881 3797 3953">
     <span class='ocr_line' id='line_1_89' title="bbox 2153 3881 3797 3953; baseline 0.001 -17"><span class='ocrx_word' id='word_1_619' title='bbox 2153 3881 2425 3938; x_wconf 88' lang='lat' dir='ltr'><strong>absumit.</strong></span> <span class='ocrx_word' id='word_1_620' title='bbox 2454 3884 2656 3937; x_wconf 87' lang='lat' dir='ltr'><strong>Forma</strong></span> <span class='ocrx_word' id='word_1_621' title='bbox 2678 3882 2909 3952; x_wconf 88' lang='lat' dir='ltr'><strong>quidem</strong></span> <span class='ocrx_word' id='word_1_622' title='bbox 2930 3882 3146 3953; x_wconf 84' lang='lat' dir='ltr'><strong>exigui,</strong></span> <span class='ocrx_word' id='word_1_623' title='bbox 3170 3881 3270 3938; x_wconf 90' lang='lat' dir='ltr'><strong>sed</strong></span> <span class='ocrx_word' id='word_1_624' title='bbox 3292 3882 3518 3951; x_wconf 88' lang='lat' dir='ltr'><strong>argutis</strong></span> <span class='ocrx_word' id='word_1_625' title='bbox 3540 3882 3797 3938; x_wconf 88' lang='lat' dir='ltr'><strong>motibus</strong></span> 
     </span>
    </p>
   </div>
   <div class='ocr_carea' id='block_1_90' title="bbox 2150 3970 3798 4043">
    <p class='ocr_par' dir='ltr' id='par_1_90' title="bbox 2150 3970 3798 4043">
     <span class='ocr_line' id='line_1_90' title="bbox 2150 3970 3798 4043; baseline 0 -18"><span class='ocrx_word' id='word_1_626' title='bbox 2150 3974 2284 4025; x_wconf 89' lang='lat' dir='ltr'><strong>sunt</strong></span> <span class='ocrx_word' id='word_1_627' title='bbox 2314 3970 2571 4042; x_wconf 82' lang='lat' dir='ltr'><strong>expediti</strong></span> <span class='ocrx_word' id='word_1_628' title='bbox 2604 3975 2661 4025; x_wconf 90' lang='lat' dir='ltr'><strong>et</strong></span> <span class='ocrx_word' id='word_1_629' title='bbox 2685 3971 2753 4027; x_wconf 89' lang='lat' dir='ltr'><strong>ad</strong></span> <span class='ocrx_word' id='word_1_630' title='bbox 2787 3971 3163 4042; x_wconf 70' lang='lat' dir='ltr'><strong>equitandum</strong></span> <span class='ocrx_word' id='word_1_631' title='bbox 3198 3970 3642 4043; x_wconf 89' lang='lat' dir='ltr'><strong>promptissimi,</strong></span> <span class='ocrx_word' id='word_1_632' title='bbox 3675 3985 3798 4027; x_wconf 88' lang='lat' dir='ltr'><strong>sea-</strong></span> 
     </span>
    </p>
   </div>
   <div class='ocr_carea' id='block_1_91' title="bbox 2151 4057 3797 4131">
    <p class='ocr_par' dir='ltr' id='par_1_91' title="bbox 2151 4057 3797 4131">
     <span class='ocr_line' id='line_1_91' title="bbox 2151 4057 3797 4131; baseline 0.001 -16"><span class='ocrx_word' id='word_1_633' title='bbox 2151 4058 2304 4130; x_wconf 92' lang='lat' dir='ltr'><strong>pulis</strong></span> <span class='ocrx_word' id='word_1_634' title='bbox 2329 4059 2464 4115; x_wconf 91' lang='lat' dir='ltr'><strong>latis</strong></span> <span class='ocrx_word' id='word_1_635' title='bbox 2486 4064 2542 4115; x_wconf 90' lang='lat' dir='ltr'><strong>et</strong></span> <span class='ocrx_word' id='word_1_636' title='bbox 2569 4060 2637 4115; x_wconf 92' lang='lat' dir='ltr'><strong>ad</strong></span> <span class='ocrx_word' id='word_1_637' title='bbox 2665 4075 2838 4115; x_wconf 89' lang='lat' dir='ltr'><strong>arcus</strong></span> <span class='ocrx_word' id='word_1_638' title='bbox 2866 4060 3229 4130; x_wconf 87' lang='lat' dir='ltr'><strong>sagittasque</strong></span> <span class='ocrx_word' id='word_1_639' title='bbox 3255 4060 3478 4131; x_wconf 86' lang='lat' dir='ltr'><strong>paratis</strong></span> <span class='ocrx_word' id='word_1_640' title='bbox 3498 4057 3587 4125; x_wconf 67' lang='grc' dir='ltr'><strong>δυ’,</strong></span> <span class='ocrx_word' id='word_1_641' title='bbox 3616 4058 3797 4116; x_wconf 89' lang='lat' dir='ltr'><strong>firmis</strong></span> 
     </span>
    </p>
   </div>
   <div class='ocr_carea' id='block_1_92' title="bbox 2148 4146 3798 4219">
    <p class='ocr_par' dir='ltr' id='par_1_92' title="bbox 2148 4146 3798 4219">
     <span class='ocr_line' id='line_1_92' title="bbox 2148 4146 3798 4219; baseline 0.001 -17"><span class='ocrx_word' id='word_1_642' title='bbox 2148 4148 2477 4204; x_wconf 87' lang='lat' dir='ltr'><strong>cervicibus</strong></span> <span class='ocrx_word' id='word_1_643' title='bbox 2507 4153 2567 4204; x_wconf 90' lang='lat' dir='ltr'><strong>et</strong></span> <span class='ocrx_word' id='word_1_644' title='bbox 2598 4148 2869 4219; x_wconf 89' lang='lat' dir='ltr'><strong>superbia</strong></span> <span class='ocrx_word' id='word_1_645' title='bbox 2911 4162 3141 4219; x_wconf 88' lang='lat' dir='ltr'><strong>semper</strong></span> <span class='ocrx_word' id='word_1_646' title='bbox 3182 4148 3400 4205; x_wconf 86' lang='lat' dir='ltr'><strong>erectis</strong></span> <span class='ocrx_word' id='word_1_647' title='bbox 3428 4146 3516 4201; x_wconf 67' lang='grc' dir='ltr'><strong>δοῖ.</strong></span> <span class='ocrx_word' id='word_1_648' title='bbox 3561 4147 3625 4202; x_wconf 87' lang='lat' dir='ltr'><strong>Hi</strong></span> <span class='ocrx_word' id='word_1_649' title='bbox 3659 4161 3798 4204; x_wconf 90' lang='lat' dir='ltr'><strong>vero</strong></span> 
     </span>
    </p>
   </div>
   <div class='ocr_carea' id='block_1_93' title="bbox 2147 4235 3795 4306">
    <p class='ocr_par' dir='ltr' id='par_1_93' title="bbox 2147 4235 3795 4306">
     <span class='ocr_line' id='line_1_93' title="bbox 2147 4235 3795 4306; baseline 0 -14"><span class='ocrx_word' id='word_1_650' title='bbox 2147 4237 2256 4292; x_wconf 90' lang='lat' dir='ltr'><strong>sub</strong></span> <span class='ocrx_word' id='word_1_651' title='bbox 2292 4236 2471 4306; x_wconf 84' lang='lat' dir='ltr'><strong>figura</strong></span> <span class='ocrx_word' id='word_1_652' title='bbox 2514 4237 2806 4293; x_wconf 87' lang='lat' dir='ltr'><strong>hominum</strong></span> <span class='ocrx_word' id='word_1_653' title='bbox 2850 4237 3053 4293; x_wconf 90' lang='lat' dir='ltr'><strong>vivunt</strong></span> <span class='ocrx_word' id='word_1_654' title='bbox 3092 4235 3322 4293; x_wconf 90' lang='lat' dir='ltr'><strong>beluina</strong></span> <span class='ocrx_word' id='word_1_655' title='bbox 3364 4236 3597 4293; x_wconf 90' lang='lat' dir='ltr'><strong>sevicia.</strong></span> <span class='ocrx_word' id='word_1_656' title='bbox 3631 4235 3795 4302; x_wconf 85' lang='lat' dir='ltr'><strong>Quod</strong></span> 
     </span>
    </p>
   </div>
   <div class='ocr_carea' id='block_1_94' title="bbox 2146 4323 3796 4396">
    <p class='ocr_par' dir='ltr' id='par_1_94' title="bbox 2146 4323 3796 4396">
     <span class='ocr_line' id='line_1_94' title="bbox 2146 4323 3796 4396; baseline 0.001 -18"><span class='ocrx_word' id='word_1_657' title='bbox 2146 4338 2255 4394; x_wconf 87' lang='lat' dir='ltr'><strong>gen</strong></span> <span class='ocrx_word' id='word_1_658' title='bbox 2268 4340 2330 4381; x_wconf 90' lang='lat' dir='ltr'><strong>us</strong></span> <span class='ocrx_word' id='word_1_659' title='bbox 2353 4325 2856 4396; x_wconf 84' lang='lat' dir='ltr'><strong>expeditissimum</strong></span> <span class='ocrx_word' id='word_1_660' title='bbox 2883 4325 3194 4382; x_wconf 90' lang='lat' dir='ltr'><strong>multarum</strong></span> <span class='ocrx_word' id='word_1_661' title='bbox 3219 4324 3516 4381; x_wconf 87' lang='lat' dir='ltr'><strong>nationum</strong></span> <span class='ocrx_word' id='word_1_662' title='bbox 3541 4323 3706 4380; x_wconf 89' lang='lat' dir='ltr'><strong>Gothi</strong></span> <span class='ocrx_word' id='word_1_663' title='bbox 3730 4330 3796 4381; x_wconf 87' lang='lat' dir='ltr'><strong>ut</strong></span> 
     </span>
    </p>
   </div>
   <div class='ocr_carea' id='block_1_95' title="bbox 2148 4408 3796 4484">
    <p class='ocr_par' dir='ltr' id='par_1_95' title="bbox 2148 4408 3796 4484">
     <span class='ocr_line' id='line_1_95' title="bbox 2148 4408 3796 4484; baseline -0.001 -16"><span class='ocrx_word' id='word_1_664' title='bbox 2148 4413 2441 4482; x_wconf 89' lang='lat' dir='ltr'><strong>viderunt,</strong></span> <span class='ocrx_word' id='word_1_665' title='bbox 2471 4418 2888 4484; x_wconf 90' lang='lat' dir='ltr'><strong>expavescunt,</strong></span> <span class='ocrx_word' id='word_1_666' title='bbox 2918 4427 3142 4484; x_wconf 90' lang='lat' dir='ltr'><strong>suoque</strong></span> <span class='ocrx_word' id='word_1_667' title='bbox 3160 4428 3290 4470; x_wconf 91' lang='lat' dir='ltr'><strong>cum</strong></span> <span class='ocrx_word' id='word_1_668' title='bbox 3312 4427 3446 4483; x_wconf 88' lang='lat' dir='ltr'><strong>rege</strong></span> <span class='ocrx_word' id='word_1_669' title='bbox 3465 4408 3796 4469; x_wconf 88' lang='lat' dir='ltr'><strong>deliberant</strong></span> 
     </span>
    </p>
   </div>
   <div class='ocr_carea' id='block_1_96' title="bbox 2148 4499 3793 4571">
    <p class='ocr_par' dir='ltr' id='par_1_96' title="bbox 2148 4499 3793 4571">
     <span class='ocr_line' id='line_1_96' title="bbox 2148 4499 3793 4571; baseline -0.002 -14"><span class='ocrx_word' id='word_1_670' title='bbox 2148 4502 2285 4571; x_wconf 90' lang='lat' dir='ltr'><strong>quid</strong></span> <span class='ocrx_word' id='word_1_671' title='bbox 2309 4508 2499 4571; x_wconf 86' lang='lat' dir='ltr'><strong>agant.</strong></span> <span class='ocrx_word' id='word_1_672' title='bbox 2530 4502 2900 4558; x_wconf 87' lang='lat' dir='ltr'><strong>Ermenricus</strong></span> <span class='ocrx_word' id='word_1_673' title='bbox 2921 4517 3058 4558; x_wconf 91' lang='lat' dir='ltr'><strong>vero</strong></span> <span class='ocrx_word' id='word_1_674' title='bbox 3079 4517 3181 4558; x_wconf 88' lang='lat' dir='ltr'><strong>rex</strong></span> <span class='ocrx_word' id='word_1_675' title='bbox 3201 4502 3517 4558; x_wconf 88' lang='lat' dir='ltr'><strong>Gothorum</strong></span> <span class='ocrx_word' id='word_1_676' title='bbox 3543 4499 3701 4571; x_wconf 89' lang='lat' dir='ltr'><strong>licet,</strong></span> <span class='ocrx_word' id='word_1_677' title='bbox 3729 4505 3793 4557; x_wconf 90' lang='lat' dir='ltr'><strong>ut</strong></span> 
     </span>
    </p>
   </div>
   <div class='ocr_carea' id='block_1_97' title="bbox 2147 4588 3796 4661">
    <p class='ocr_par' dir='ltr' id='par_1_97' title="bbox 2147 4588 3796 4661">
     <span class='ocr_line' id='line_1_97' title="bbox 2147 4588 3796 4661; baseline 0 -16"><span class='ocrx_word' id='word_1_678' title='bbox 2147 4589 2415 4661; x_wconf 89' lang='lat' dir='ltr'><strong>superius</strong></span> <span class='ocrx_word' id='word_1_679' title='bbox 2453 4589 2788 4661; x_wconf 83' lang='lat' dir='ltr'><strong>retulimus,</strong></span> <span class='ocrx_word' id='word_1_680' title='bbox 2834 4590 3148 4647; x_wconf 88' lang='lat' dir='ltr'><strong>multarum</strong></span> <span class='ocrx_word' id='word_1_681' title='bbox 3190 4589 3449 4659; x_wconf 87' lang='lat' dir='ltr'><strong>gentium</strong></span> <span class='ocrx_word' id='word_1_682' title='bbox 3492 4588 3796 4647; x_wconf 88' lang='lat' dir='ltr'><strong>extitisset</strong></span> 
     </span>
    </p>
   </div>
   <div class='ocr_carea' id='block_1_98' title="bbox 2147 4676 3795 4747">
    <p class='ocr_par' dir='ltr' id='par_1_98' title="bbox 2147 4676 3795 4747">
     <span class='ocr_line' id='line_1_98' title="bbox 2147 4676 3795 4747; baseline 0.001 -14"><span class='ocrx_word' id='word_1_683' title='bbox 2147 4677 2557 4747; x_wconf 90' lang='lat' dir='ltr'><strong>triumphator,</strong></span> <span class='ocrx_word' id='word_1_684' title='bbox 2585 4678 2654 4734; x_wconf 90' lang='lat' dir='ltr'><strong>de</strong></span> <span class='ocrx_word' id='word_1_685' title='bbox 2680 4680 2973 4734; x_wconf 90' lang='lat' dir='ltr'><strong>Hunorum</strong></span> <span class='ocrx_word' id='word_1_686' title='bbox 3001 4683 3189 4734; x_wconf 90' lang='lat' dir='ltr'><strong>tamen</strong></span> <span class='ocrx_word' id='word_1_687' title='bbox 3220 4678 3473 4735; x_wconf 91' lang='lat' dir='ltr'><strong>adventu</strong></span> <span class='ocrx_word' id='word_1_688' title='bbox 3503 4676 3795 4736; x_wconf 88' lang='lat' dir='ltr'><strong>sollicitus</strong></span> 
     </span>
    </p>
   </div>
   <div class='ocr_carea' id='block_1_99' title="bbox 2146 4765 3795 4838">
    <p class='ocr_par' dir='ltr' id='par_1_99' title="bbox 2146 4765 3795 4838">
     <span class='ocr_line' id='line_1_99' title="bbox 2146 4765 3795 4838; baseline 0.001 -17"><span class='ocrx_word' id='word_1_689' title='bbox 2146 4766 2280 4821; x_wconf 91' lang='lat' dir='ltr'><strong>dum</strong></span> <span class='ocrx_word' id='word_1_690' title='bbox 2305 4765 2612 4835; x_wconf 86' lang='lat' dir='ltr'><strong>cogitaret,</strong></span> <span class='ocrx_word' id='word_1_691' title='bbox 2643 4767 3100 4823; x_wconf 81' lang='lat' dir='ltr'><strong>Rasomonorum</strong></span> <span class='ocrx_word' id='word_1_692' title='bbox 3118 4765 3475 4837; x_wconf 81' lang='lat' dir='ltr'><strong>gensinﬁda,</strong></span> <span class='ocrx_word' id='word_1_693' title='bbox 3501 4781 3628 4838; x_wconf 64' lang='lat' dir='ltr'><strong>quae</strong></span> <span class='ocrx_word' id='word_1_694' title='bbox 3651 4770 3795 4823; x_wconf 88' lang='lat' dir='ltr'><strong>tunc</strong></span> 
     </span>
    </p>
   </div>
   <div class='ocr_carea' id='block_1_100' title="bbox 381 4839 3798 4926">
    <p class='ocr_par' dir='ltr' id='par_1_100' title="bbox 381 4839 3798 4926">
     <span class='ocr_line' id='line_1_100' title="bbox 381 4839 3798 4926; baseline 0 -15"><span class='ocrx_word' id='word_1_695' title='bbox 381 4856 557 4912; x_wconf 90' lang='lat' dir='ltr'><strong>alium</strong></span> <span class='ocrx_word' id='word_1_696' title='bbox 583 4855 856 4912; x_wconf 90' lang='lat' dir='ltr'><strong>mundum</strong></span> <span class='ocrx_word' id='word_1_697' title='bbox 880 4869 1011 4911; x_wconf 88' lang='lat' dir='ltr'><strong>esse</strong></span> <span class='ocrx_word' id='word_1_698' title='bbox 1034 4854 1402 4926; x_wconf 86' lang='lat' dir='ltr'><strong>ignorabant,</strong></span> <span class='ocrx_word' id='word_1_699' title='bbox 1430 4856 1834 4913; x_wconf 89' lang='lat' dir='ltr'><strong>ammiratione</strong></span> <span class='ocrx_word' id='word_1_700' title='bbox 1856 4859 2031 4913; x_wconf 70' lang='lat' dir='ltr'><strong>terra:</strong></span> <span class='ocrx_word' id='word_1_701' title='bbox 2061 4839 2117 4901; x_wconf 85' lang='lat' dir='ltr'><strong>D</strong></span> <span class='ocrx_word' id='word_1_702' title='bbox 2147 4854 2298 4910; x_wconf 88' lang='lat' dir='ltr'><strong>inter</strong></span> <span class='ocrx_word' id='word_1_703' title='bbox 2329 4853 2472 4911; x_wconf 91' lang='lat' dir='ltr'><strong>alias</strong></span> <span class='ocrx_word' id='word_1_704' title='bbox 2498 4854 2577 4909; x_wconf 93' lang='lat' dir='ltr'><strong>illi</strong></span> <span class='ocrx_word' id='word_1_705' title='bbox 2605 4855 2940 4912; x_wconf 85' lang='lat' dir='ltr'><strong>famulatum</strong></span> <span class='ocrx_word' id='word_1_706' title='bbox 2973 4855 3308 4926; x_wconf 88' lang='lat' dir='ltr'><strong>exhibebat,</strong></span> <span class='ocrx_word' id='word_1_707' title='bbox 3335 4854 3437 4911; x_wconf 90' lang='lat' dir='ltr'><strong>tali</strong></span> <span class='ocrx_word' id='word_1_708' title='bbox 3461 4869 3592 4912; x_wconf 90' lang='lat' dir='ltr'><strong>eum</strong></span> <span class='ocrx_word' id='word_1_709' title='bbox 3624 4869 3798 4912; x_wconf 89' lang='lat' dir='ltr'><strong>occa-</strong></span> 
     </span>
    </p>
   </div>
   <div class='ocr_carea' id='block_1_101' title="bbox 383 4942 2033 5016">
    <p class='ocr_par' dir='ltr' id='par_1_101' title="bbox 383 4942 2033 5016">
     <span class='ocr_line' id='line_1_101' title="bbox 383 4942 2033 5016; baseline 0.001 -17"><span class='ocrx_word' id='word_1_710' title='bbox 383 4944 669 5014; x_wconf 64' lang='lat' dir='ltr'><strong>Scythicze</strong></span> <span class='ocrx_word' id='word_1_711' title='bbox 699 4943 882 5016; x_wconf 91' lang='lat' dir='ltr'><strong>ducti,</strong></span> <span class='ocrx_word' id='word_1_712' title='bbox 920 4947 978 5000; x_wconf 92' lang='lat' dir='ltr'><strong>ut</strong></span> <span class='ocrx_word' id='word_1_713' title='bbox 1010 4947 1176 5000; x_wconf 87' lang='lat' dir='ltr'><strong>erant</strong></span> <span class='ocrx_word' id='word_1_714' title='bbox 1212 4942 1507 5013; x_wconf 88' lang='lat' dir='ltr'><strong>sollertes,</strong></span> <span class='ocrx_word' id='word_1_715' title='bbox 1544 4943 1655 5001; x_wconf 92' lang='lat' dir='ltr'><strong>iter</strong></span> <span class='ocrx_word' id='word_1_716' title='bbox 1687 4944 1831 5002; x_wconf 91' lang='lat' dir='ltr'><strong>illud</strong></span> <span class='ocrx_word' id='word_1_717' title='bbox 1862 4949 2033 5001; x_wconf 90' lang='lat' dir='ltr'><strong>antea</strong></span> 
     </span>
    </p>
   </div>
   <div class='ocr_carea' id='block_1_102' title="bbox 382 5031 2031 5101">
    <p class='ocr_par' dir='ltr' id='par_1_102' title="bbox 382 5031 2031 5101">
     <span class='ocr_line' id='line_1_102' title="bbox 382 5031 2031 5101; baseline -0.001 -12"><span class='ocrx_word' id='word_1_718' title='bbox 382 5032 524 5089; x_wconf 90' lang='lat' dir='ltr'><strong>nulli</strong></span> <span class='ocrx_word' id='word_1_719' title='bbox 566 5031 726 5090; x_wconf 67' lang='lat' dir='ltr'><strong>aetati</strong></span> <span class='ocrx_word' id='word_1_720' title='bbox 767 5036 967 5090; x_wconf 90' lang='lat' dir='ltr'><strong>notum</strong></span> <span class='ocrx_word' id='word_1_721' title='bbox 1010 5031 1291 5089; x_wconf 89' lang='lat' dir='ltr'><strong>divinitus</strong></span> <span class='ocrx_word' id='word_1_722' title='bbox 1322 5031 1433 5087; x_wconf 91' lang='lat' dir='ltr'><strong>sibi</strong></span> <span class='ocrx_word' id='word_1_723' title='bbox 1463 5037 1760 5089; x_wconf 90' lang='lat' dir='ltr'><strong>ostensum</strong></span> <span class='ocrx_word' id='word_1_724' title='bbox 1795 5032 1927 5101; x_wconf 93' lang='lat' dir='ltr'><strong>rati,</strong></span> <span class='ocrx_word' id='word_1_725' title='bbox 1962 5032 2031 5087; x_wconf 92' lang='lat' dir='ltr'><strong>ad</strong></span> 
     </span>
    </p>
   </div>
   <div class='ocr_carea' id='block_1_103' title="bbox 382 5120 2030 5193">
    <p class='ocr_par' dir='ltr' id='par_1_103' title="bbox 382 5120 2030 5193">
     <span class='ocr_line' id='line_1_103' title="bbox 382 5120 2030 5193; baseline -0.001 -16"><span class='ocrx_word' id='word_1_726' title='bbox 382 5135 520 5177; x_wconf 91' lang='lat' dir='ltr'><strong>suos</strong></span> <span class='ocrx_word' id='word_1_727' title='bbox 545 5120 812 5193; x_wconf 91' lang='lat' dir='ltr'><strong>redeunt,</strong></span> <span class='ocrx_word' id='word_1_728' title='bbox 839 5120 923 5178; x_wconf 92' lang='lat' dir='ltr'><strong>rei</strong></span> <span class='ocrx_word' id='word_1_729' title='bbox 949 5126 1141 5178; x_wconf 87' lang='lat' dir='ltr'><strong>actum</strong></span> <span class='ocrx_word' id='word_1_730' title='bbox 1167 5121 1432 5190; x_wconf 87' lang='lat' dir='ltr'><strong>edocent,</strong></span> <span class='ocrx_word' id='word_1_731' title='bbox 1458 5120 1747 5192; x_wconf 77' lang='lat' dir='ltr'><strong>Scythiam</strong></span> <span class='ocrx_word' id='word_1_732' title='bbox 1770 5120 2030 5190; x_wconf 88' lang='lat' dir='ltr'><strong>laudant,</strong></span> 
     </span>
    </p>
   </div>
   <div class='ocr_carea' id='block_1_104' title="bbox 382 5208 2035 5282">
    <p class='ocr_par' dir='ltr' id='par_1_104' title="bbox 382 5208 2035 5282">
     <span class='ocr_line' id='line_1_104' title="bbox 382 5208 2035 5282; baseline 0 -16"><span class='ocrx_word' id='word_1_733' title='bbox 382 5223 581 5266; x_wconf 89' lang='lat' dir='ltr'><strong>omnes</strong></span> <span class='ocrx_word' id='word_1_734' title='bbox 624 5210 795 5268; x_wconf 90' lang='lat' dir='ltr'><strong>simul</strong></span> <span class='ocrx_word' id='word_1_735' title='bbox 826 5224 929 5282; x_wconf 88' lang='lat' dir='ltr'><strong>per</strong></span> <span class='ocrx_word' id='word_1_736' title='bbox 975 5209 1123 5266; x_wconf 90' lang='lat' dir='ltr'><strong>viam</strong></span> <span class='ocrx_word' id='word_1_737' title='bbox 1153 5222 1322 5282; x_wconf 91' lang='lat' dir='ltr'><strong>quam</strong></span> <span class='ocrx_word' id='word_1_738' title='bbox 1355 5222 1529 5267; x_wconf 88' lang='lat' dir='ltr'><strong>cerva</strong></span> <span class='ocrx_word' id='word_1_739' title='bbox 1569 5208 1769 5267; x_wconf 87' lang='lat' dir='ltr'><strong>docuit</strong></span> <span class='ocrx_word' id='word_1_740' title='bbox 1799 5209 1869 5266; x_wconf 89' lang='lat' dir='ltr'><strong>ad</strong></span> <span class='ocrx_word' id='word_1_741' title='bbox 1902 5209 2035 5282; x_wconf 85' lang='lat' dir='ltr'><strong>Scy-</strong></span> 
     </span>
    </p>
   </div>
   <div class='ocr_carea' id='block_1_105' title="bbox 2146 4941 3794 5014">
    <p class='ocr_par' dir='ltr' id='par_1_105' title="bbox 2146 4941 3794 5014">
     <span class='ocr_line' id='line_1_105' title="bbox 2146 4941 3794 5014; baseline 0.001 -16"><span class='ocrx_word' id='word_1_742' title='bbox 2146 4943 2307 4999; x_wconf 92' lang='lat' dir='ltr'><strong>sione</strong></span> <span class='ocrx_word' id='word_1_743' title='bbox 2339 4941 2689 5014; x_wconf 87' lang='lat' dir='ltr'><strong>decipiebat.</strong></span> <span class='ocrx_word' id='word_1_744' title='bbox 2738 4943 3034 5010; x_wconf 85' lang='lat' dir='ltr'><strong>Quandam</strong></span> <span class='ocrx_word' id='word_1_745' title='bbox 3079 4943 3341 5000; x_wconf 90' lang='lat' dir='ltr'><strong>feminam</strong></span> <span class='ocrx_word' id='word_1_746' title='bbox 3372 4958 3445 5000; x_wconf 87' lang='lat' dir='ltr'><strong>ex</strong></span> <span class='ocrx_word' id='word_1_747' title='bbox 3474 4950 3794 5000; x_wconf 85' lang='lat' dir='ltr'><strong>memorata</strong></span> 
     </span>
    </p>
   </div>
   <div class='ocr_carea' id='block_1_106' title="bbox 2143 5030 3796 5105">
    <p class='ocr_par' dir='ltr' id='par_1_106' title="bbox 2143 5030 3796 5105">
     <span class='ocr_line' id='line_1_106' title="bbox 2143 5030 3796 5105; baseline 0 -16"><span class='ocrx_word' id='word_1_748' title='bbox 2143 5038 2337 5103; x_wconf 83' lang='lat' dir='ltr'><strong>gente,</strong></span> <span class='ocrx_word' id='word_1_749' title='bbox 2364 5030 2755 5089; x_wconf 89' lang='lat' dir='ltr'><strong>Suanihildam</strong></span> <span class='ocrx_word' id='word_1_750' title='bbox 2785 5032 3038 5103; x_wconf 90' lang='lat' dir='ltr'><strong>nomine,</strong></span> <span class='ocrx_word' id='word_1_751' title='bbox 3071 5047 3176 5105; x_wconf 91' lang='lat' dir='ltr'><strong>pro</strong></span> <span class='ocrx_word' id='word_1_752' title='bbox 3207 5032 3402 5089; x_wconf 85' lang='lat' dir='ltr'><strong>mariti</strong></span> <span class='ocrx_word' id='word_1_753' title='bbox 3433 5031 3524 5090; x_wconf 90' lang='lat' dir='ltr'><strong>sui</strong></span> <span class='ocrx_word' id='word_1_754' title='bbox 3558 5030 3796 5089; x_wconf 89' lang='lat' dir='ltr'><strong>fraudu-</strong></span> 
     </span>
    </p>
   </div>
   <div class='ocr_carea' id='block_1_107' title="bbox 2144 5120 3795 5192">
    <p class='ocr_par' dir='ltr' id='par_1_107' title="bbox 2144 5120 3795 5192">
     <span class='ocr_line' id='line_1_107' title="bbox 2144 5120 3795 5192; baseline -0.001 -15"><span class='ocrx_word' id='word_1_755' title='bbox 2144 5120 2304 5179; x_wconf 85' lang='lat' dir='ltr'><strong>lento</strong></span> <span class='ocrx_word' id='word_1_756' title='bbox 2334 5120 2597 5178; x_wconf 88' lang='lat' dir='ltr'><strong>discessu</strong></span> <span class='ocrx_word' id='word_1_757' title='bbox 2632 5135 2734 5177; x_wconf 85' lang='lat' dir='ltr'><strong>rex</strong></span> <span class='ocrx_word' id='word_1_758' title='bbox 2768 5121 2964 5179; x_wconf 88' lang='lat' dir='ltr'><strong>furore</strong></span> <span class='ocrx_word' id='word_1_759' title='bbox 3001 5126 3348 5192; x_wconf 91' lang='lat' dir='ltr'><strong>commotus,</strong></span> <span class='ocrx_word' id='word_1_760' title='bbox 3382 5120 3550 5192; x_wconf 91' lang='lat' dir='ltr'><strong>equis</strong></span> <span class='ocrx_word' id='word_1_761' title='bbox 3584 5120 3795 5177; x_wconf 88' lang='lat' dir='ltr'><strong>feroci-</strong></span> 
     </span>
    </p>
   </div>
   <div class='ocr_carea' id='block_1_108' title="bbox 2146 5208 3796 5282">
    <p class='ocr_par' dir='ltr' id='par_1_108' title="bbox 2146 5208 3796 5282">
     <span class='ocr_line' id='line_1_108' title="bbox 2146 5208 3796 5282; baseline -0.001 -15"><span class='ocrx_word' id='word_1_762' title='bbox 2146 5210 2256 5267; x_wconf 90' lang='lat' dir='ltr'><strong>bus</strong></span> <span class='ocrx_word' id='word_1_763' title='bbox 2276 5208 2344 5243; x_wconf 84' lang='grc'><strong>⁸⁰⁸</strong></span> <span class='ocrx_word' id='word_1_764' title='bbox 2367 5209 2627 5282; x_wconf 89' lang='lat' dir='ltr'><strong>precepit</strong></span> <span class='ocrx_word' id='word_1_765' title='bbox 2659 5208 2887 5281; x_wconf 86' lang='lat' dir='ltr'><strong>alligari</strong></span> <span class='ocrx_word' id='word_1_766' title='bbox 2908 5214 2964 5266; x_wconf 90' lang='lat' dir='ltr'><strong>et</strong></span> <span class='ocrx_word' id='word_1_767' title='bbox 2990 5210 3247 5267; x_wconf 89' lang='lat' dir='ltr'><strong>incitatis</strong></span> <span class='ocrx_word' id='word_1_768' title='bbox 3276 5209 3549 5267; x_wconf 90' lang='lat' dir='ltr'><strong>cursibus</strong></span> <span class='ocrx_word' id='word_1_769' title='bbox 3579 5223 3685 5282; x_wconf 89' lang='lat' dir='ltr'><strong>per</strong></span> <span class='ocrx_word' id='word_1_770' title='bbox 3705 5209 3796 5268; x_wconf 85' lang='lat' dir='ltr'><strong>di-</strong></span> 
     </span>
    </p>
   </div>
   <div class='ocr_carea' id='block_1_109' title="bbox 1757 5330 2433 5392">
    <p class='ocr_par' dir='ltr' id='par_1_109' title="bbox 1757 5330 2433 5392">
     <span class='ocr_line' id='line_1_109' title="bbox 1757 5330 2433 5392; baseline 0 -4"><span class='ocrx_word' id='word_1_771' title='bbox 1757 5330 1993 5390; x_wconf 78' lang='lat' dir='ltr'><strong>VARUE</strong></span> <span class='ocrx_word' id='word_1_772' title='bbox 2036 5334 2433 5392; x_wconf 84' lang='lat' dir='ltr'><strong>LECTIONES.</strong></span> 
     </span>
    </p>
   </div>
   <div class='ocr_carea' id='block_1_110' title="bbox 451 5429 1099 5535">
    <p class='ocr_par' dir='ltr' id='par_1_110' title="bbox 451 5429 1099 5535">
     <span class='ocr_line' id='line_1_110' title="bbox 451 5429 1099 5535; baseline 0 0"><span class='ocrx_word' id='word_1_773' title='bbox 451 5430 521 5465; x_wconf 84' lang='grc'><strong>⁷’⁹</strong></span> <span class='ocrx_word' id='word_1_774' title='bbox 541 5429 971 5535; x_wconf 53' lang='grc' dir='ltr'><strong>ἓοὲ¹ἓὲ¹2ἓρξλὲἶ</strong></span> <span class='ocrx_word' id='word_1_775' title='bbox 1006 5437 1064 5535; x_wconf 70' lang='lat'><strong>1‘</strong></span> <span class='ocrx_word' id='word_1_776' title='bbox 1087 5474 1099 5487; x_wconf 65' lang='grc' dir='ltr'><strong>ο</strong></span> 
     </span>
    </p>
   </div>
   <div class='ocr_carea' id='block_1_111' title="bbox 388 5500 1065 5560">
    <p class='ocr_par' dir='ltr' id='par_1_111' title="bbox 388 5500 1065 5560">
     <span class='ocr_line' id='line_1_111' title="bbox 388 5500 1065 5560; baseline -0.003 0"><span class='ocrx_word' id='word_1_777' title='bbox 388 5508 465 5560; x_wconf 82' lang='lat'><strong>9°.</strong></span> <span class='ocrx_word' id='word_1_778' title='bbox 544 5500 615 5535; x_wconf 81' lang='grc'><strong>⁸⁰³</strong></span> <span class='ocrx_word' id='word_1_779' title='bbox 649 5501 975 5559; x_wconf 88' lang='lat' dir='ltr'><strong>inniscatos</strong></span> <span class='ocrx_word' id='word_1_780' title='bbox 1008 5505 1065 5558; x_wconf 78' lang='grc'><strong>4.</strong></span> 
     </span>
    </p>
   </div>
   <div class='ocr_carea' id='block_1_112' title="bbox 383 5572 762 5631">
    <p class='ocr_par' dir='ltr' id='par_1_112' title="bbox 383 5572 762 5631">
     <span class='ocr_line' id='line_1_112' title="bbox 383 5572 762 5631; baseline 0 -2"><span class='ocrx_word' id='word_1_781' title='bbox 383 5572 453 5608; x_wconf 82' lang='grc'><strong>³⁰⁷</strong></span> <span class='ocrx_word' id='word_1_782' title='bbox 488 5572 674 5631; x_wconf 87' lang='lat' dir='ltr'><strong>erecti</strong></span> <span class='ocrx_word' id='word_1_783' title='bbox 704 5577 762 5630; x_wconf 74' lang='lat'><strong>9°</strong></span> 
     </span>
    </p>
   </div>
   <div class='ocr_carea' id='block_1_113' title="bbox 1137 5432 1502 5502">
    <p class='ocr_par' dir='ltr' id='par_1_113' title="bbox 1137 5432 1502 5502">
     <span class='ocr_line' id='line_1_113' title="bbox 1137 5432 1502 5502; baseline 0 -14"><span class='ocrx_word' id='word_1_784' title='bbox 1137 5432 1351 5502; x_wconf 74' lang='lat' dir='ltr'><strong>gothos</strong></span> <span class='ocrx_word' id='word_1_785' title='bbox 1409 5437 1502 5488; x_wconf 85' lang='grc'><strong>10.</strong></span> 
     </span>
    </p>
   </div>
   <div class='ocr_carea' id='block_1_114' title="bbox 834 5570 1402 5631">
    <p class='ocr_par' dir='ltr' id='par_1_114' title="bbox 834 5570 1402 5631">
     <span class='ocr_line' id='line_1_114' title="bbox 834 5570 1402 5631; baseline 0.004 -3"><span class='ocrx_word' id='word_1_786' title='bbox 834 5570 904 5606; x_wconf 81' lang='grc'><strong>⁸⁰⁹</strong></span> <span class='ocrx_word' id='word_1_787' title='bbox 936 5573 1315 5631; x_wconf 89' lang='lat' dir='ltr'><strong>ferocioribus</strong></span> <span class='ocrx_word' id='word_1_788' title='bbox 1344 5578 1402 5630; x_wconf 76' lang='lat'><strong>5.</strong></span> 
     </span>
    </p>
   </div>
   <div class='ocr_carea' id='block_1_115' title="bbox 1582 5430 2330 5489">
    <p class='ocr_par' dir='ltr' id='par_1_115' title="bbox 1582 5430 2330 5489">
     <span class='ocr_line' id='line_1_115' title="bbox 1582 5430 2330 5489; baseline 0.001 -1"><span class='ocrx_word' id='word_1_789' title='bbox 1582 5430 1652 5465; x_wconf 81' lang='grc'><strong>⁸⁰⁰</strong></span> <span class='ocrx_word' id='word_1_790' title='bbox 1682 5430 2043 5489; x_wconf 88' lang='lat' dir='ltr'><strong>cithatindos</strong></span> <span class='ocrx_word' id='word_1_791' title='bbox 2098 5436 2174 5489; x_wconf 84' lang='lat'><strong>9°.</strong></span> <span class='ocrx_word' id='word_1_792' title='bbox 2261 5430 2330 5464; x_wconf 81' lang='grc'><strong>⁸⁰¹</strong></span> 
     </span>
    </p>
   </div>
   <div class='ocr_carea' id='block_1_116' title="bbox 1154 5502 2557 5561">
    <p class='ocr_par' dir='ltr' id='par_1_116' title="bbox 1154 5502 2557 5561">
     <span class='ocr_line' id='line_1_116' title="bbox 1154 5502 2557 5561; baseline -0.003 -3"><span class='ocrx_word' id='word_1_793' title='bbox 1154 5503 1221 5536; x_wconf 77' lang='grc'><strong>⁸⁰⁴</strong></span> <span class='ocrx_word' id='word_1_794' title='bbox 1255 5504 1739 5561; x_wconf 88' lang='lat' dir='ltr'><strong>roscathazantes</strong></span> <span class='ocrx_word' id='word_1_795' title='bbox 1766 5507 1840 5558; x_wconf 88' lang='lat'><strong>9°.</strong></span> <span class='ocrx_word' id='word_1_796' title='bbox 1895 5503 2006 5559; x_wconf 92' lang='lat' dir='ltr'><strong>ios.</strong></span> <span class='ocrx_word' id='word_1_797' title='bbox 2069 5502 2471 5559; x_wconf 90' lang='lat' dir='ltr'><strong>cathaizantes</strong></span> <span class='ocrx_word' id='word_1_798' title='bbox 2500 5504 2557 5556; x_wconf 77' lang='grc'><strong>4.</strong></span> 
     </span>
    </p>
   </div>
   <div class='ocr_carea' id='block_1_117' title="bbox 2392 5427 3793 5488">
    <p class='ocr_par' dir='ltr' id='par_1_117' title="bbox 2392 5427 3793 5488">
     <span class='ocr_line' id='line_1_117' title="bbox 2392 5427 3793 5488; baseline -0.001 -3"><span class='ocrx_word' id='word_1_799' title='bbox 2392 5444 2636 5488; x_wconf 89' lang='lat' dir='ltr'><strong>manxos</strong></span> <span class='ocrx_word' id='word_1_800' title='bbox 2690 5432 2765 5483; x_wconf 81' lang='lat'><strong>9°.</strong></span> <span class='ocrx_word' id='word_1_801' title='bbox 2845 5427 2914 5463; x_wconf 80' lang='grc'><strong>⁸⁰¹</strong></span> <span class='ocrx_word' id='word_1_802' title='bbox 2945 5428 3272 5486; x_wconf 87' lang='lat' dir='ltr'><strong>narboneas</strong></span> <span class='ocrx_word' id='word_1_803' title='bbox 3329 5431 3389 5485; x_wconf 77' lang='grc'><strong>4.</strong></span> <span class='ocrx_word' id='word_1_804' title='bbox 3452 5429 3793 5485; x_wconf 88' lang='lat' dir='ltr'><strong>narbunxas</strong></span> 
     </span>
    </p>
   </div>
   <div class='ocr_carea' id='block_1_118' title="bbox 2660 5498 3781 5572">
    <p class='ocr_par' dir='ltr' id='par_1_118' title="bbox 2660 5498 3781 5572">
     <span class='ocr_line' id='line_1_118' title="bbox 2660 5498 3781 5572; baseline -0.002 -15"><span class='ocrx_word' id='word_1_805' title='bbox 2660 5498 2730 5534; x_wconf 74' lang='grc'><strong>⁸⁰⁵</strong></span> <span class='ocrx_word' id='word_1_806' title='bbox 2759 5501 2945 5572; x_wconf 83' lang='lat' dir='ltr'><strong>legem</strong></span> <span class='ocrx_word' id='word_1_807' title='bbox 2977 5504 3036 5555; x_wconf 76' lang='lat' dir='ltr'><strong>ti.</strong></span> <span class='ocrx_word' id='word_1_808' title='bbox 3075 5503 3157 5554; x_wconf 83' lang='lat'><strong>9°.</strong></span> <span class='ocrx_word' id='word_1_809' title='bbox 3202 5505 3291 5556; x_wconf 89' lang='grc'><strong>10.</strong></span> <span class='ocrx_word' id='word_1_810' title='bbox 3379 5499 3447 5532; x_wconf 78' lang='grc'><strong>⁸⁰⁶</strong></span> <span class='ocrx_word' id='word_1_811' title='bbox 3478 5500 3663 5570; x_wconf 89' lang='lat' dir='ltr'><strong>parati</strong></span> <span class='ocrx_word' id='word_1_812' title='bbox 3694 5504 3781 5555; x_wconf 78' lang='lat'><strong>9°.</strong></span> 
     </span>
    </p>
   </div>
  </div>
