3992 6054
200 184 314 252 ’741

1079 184 1518 250 CHRONICA.
1554 220 1630 231 —
1656 180 2134 249 CHRONICON
2178 186 2727 255 UNIVERSALE.

3481 198 3597 266 ’142

201 323 537 396 occupavit,
570 322 703 396 plus
735 335 904 395 quam
949 320 1105 379 milia
1134 326 1505 407 armatorum
1555 318 1623 353 ⁸³⁸
1646 318 1847 375 fideles
1872 319 1932 380 A
1959 331 2122 399 vero,
2148 322 2361 381 Alarici
2384 325 3082 400 consauguineum,super
3102 343 3164 388 se
3179 347 3368 407 regem
3385 344 3602 400 consti-

201 414 316 470 sibi
350 418 410 470 ct
423 414 640 470 amicos
663 411 1016 482 intellegens
1030 406 1731 481 adduxit,victoriamque
1747 422 1846 480 po-

204 503 371 573 titus,
415 502 695 560 ultionem
751 500 957 571 elegit.
985 501 1448 571 Postquamvero
1485 498 1848 555 TheodOsius

201 591 381 647 rebus
410 590 971 659 excessithumanis,
994 594 1304 661 cmperunt
1329 588 1429 645 filii
1454 588 1584 660 ejus
1635 595 1851 645 utram-

204 693 319 750 que
334 693 453 735 rem
476 677 1087 750 publicamluxuriose
1100 678 1351 736 vivendo
1375 677 1448 735 ad
1462 676 1737 733 nichilum
1755 675 1852 732 de-

205 764 964 837 ducercauxiliariisquem
986 766 1111 823 suis
1142 766 1347 822 Gothis
1380 768 1665 822 consueta
1701 765 1851 821 dona

205 856 559 912 subtrahere
592 871 606 921 ;
635 869 768 911 mox
791 854 995 911 Gothis
1030 855 1329 912 fastidium
1382 869 1584 911 eorum
1641 852 1849 923 crevit,

207 950 601 1015 verentesque
633 956 703 999 ne
734 941 905 1014 longa
940 957 1084 1016 pace
1099 958 1298 1001 eorum
1317 958 1381 1000 se
1406 942 1662 1000 solveret
1691 942 1854 999 forti-

207 1032 374 1102 tudo,
419 1033 842 1088 ordinaverunt
872 1047 1048 1104 super
1088 1047 1150 1089 se
1186 1047 1380 1103 regem
1414 1032 1730 1101 Alaricum,
1756 1031 1851 1087 cui

205 1125 335 1176 erat
353 1126 480 1191 post
499 1120 732 1177 Amalos
752 1119 821 1153 ⁸³⁸
833 1121 1087 1178 secunda
1106 1120 1382 1177 nobilitas
1398 1119 1853 1192 Balthorumque

205 1223 281 1265 ex
311 1222 525 1279 genere
561 1208 725 1279 origo
744 1208 1005 1278 mirifica,
1028 1224 1274 1280 quorum
1300 1211 1524 1282 primus
1538 1209 1756 1266 dudum
1779 1212 1851 1266 ab

205 1297 453 1355 audacia
472 1298 712 1354 virtutis
733 1297 955 1368 Baltha,
981 1298 1036 1355 id
1062 1304 1155 1354 est
1178 1300 1388 1370 audax,
1414 1301 1568 1356 inter
1593 1314 1730 1357 suos
1756 1314 1853 1355 no-

205 1399 335 1441 men
370 1391 696 1456 acccperat.
733 1386 858 1441 Mox
881 1385 1061 1454 igitur
1092 1385 1360 1443 Alaricus
1392 1403 1521 1444 cum
1558 1387 1678 1444 suis
1710 1386 1853 1443 deli-

207 1474 440 1542 berans,
466 1473 645 1530 suasit
675 1473 782 1542 eis,
805 1488 910 1529 suo
928 1473 1203 1542 potiustm
1221 1474 1423 1543 labore
1454 1490 1698 1547 regnum
1717 1491 1853 1547 que-

206 1577 340 1619 rere
369 1576 536 1635 quam
570 1562 760 1619 alieno
790 1563 1196 1634 exercituiper
1226 1565 1359 1621 odia
1382 1566 1715 1637 subjacere;
1742 1566 1853 1622 sic-

1959 413 2218 503 tuerunt.
2257 410 2362 479 Qui
2395 414 2629 471 rediens
2659 416 2913 485 Romam,
2973 420 3245 492 quicquid
3298 434 3595 503 remansit,

1959 511 2118 554 more
2150 498 2504 559 locustarum
2536 502 2736 573 erasit,
2764 505 3036 576 nulloque
3087 510 3420 585 resistente,
3466 498 3601 575 tulit

1959 599 2218 643 sororem
2248 589 2483 644 Honorii
2518 591 2853 653 Placidiam.
2891 591 3063 650 filiam
3094 597 3399 657 Theodosii
3428 605 3604 677 impe-

1962 675 2197 743 ratoris,
2229 688 2473 747 eamque
2505 679 2615 734 sibi
2676 680 2731 734 in
2781 682 3051 752 conjugio
3098 687 3417 756 copulavit.
3464 675 3601 759 Quae

1961 777 2091 818 cum
2125 763 2538 822 blandimentis
2569 767 2818 823 animum
2848 770 2955 824 viri
2992 772 3253 829 ﬂecteret
3307 784 3369 833 ut
3400 794 3601 850 pacem

1960 851 2394 941 cum‘Romanis
2426 854 2688 927 haberet,
2723 856 2940 914 Gallias
2972 862 3243 934 tetendit,
3280 867 3605 941 vicinisque

1961 938 2234 1027 gentibus
2252 941 2600 1013 perterritis,
2638 948 2695 999 et
2710 944 3004 1002 Wand-alis
3026 948 3160 1005 inde
3192 952 3246 1007 in
3272 938 3602 1027 Hispaniam

1964 1025 2199 1116 fugatis,
2227 1030 2413 1087 tercio
2448 1044 2596 1088 anno
2627 1038 2935 1104 postquam
2969 1037 3251 1097 Galliaset
3282 1025 3603 1116 Hyspanias

1962 1114 2318 1187 perdomuit,
2370 1119 2573 1176 fraude
2605 1136 2844 1179 suorum
2896 1124 3242 1185 interfectus
3292 1114 3415 1189 est.
3465 1137 3601 1192 Post

1962 1216 2132 1273 quem
2158 1206 2462 1277 Segericus
2493 1224 2733 1279 regnum
2757 1214 3007 1285 accepit;
3040 1216 3142 1272 sed
3175 1223 3230 1274 et
3265 1220 3390 1291 ipse
3420 1237 3449 1278 a
3480 1225 3604 1281 suis

1961 1292 2189 1350 occisus
2215 1292 2302 1367 9”,
2325 1296 2501 1355 vitam
2542 1314 2673 1355 cum
2706 1314 2884 1371 regno
2914 1304 3170 1376 reliquit.
3220 1310 3434 1367 Dehinc
3486 1312 3604 1382 jam

1962 1387 2206 1450 quartus
2218 1385 2290 1441 ab
2304 1384 2534 1443 Alarico
2558 1403 2655 1444 rex
2677 1391 3038 1449 constitutus
3052 1401 3140 1450 est
3156 1397 3605 1468 Vallia,nimium

1964 1471 2242 1539 prudens;
2267 1479 2469 1531 contra
2497 1490 2664 1546 quem
2681 1478 3303 1552 Honoriusimperator
3326 1487 3608 1546 Constan-

1963 1558 2131 1629 tium,
2163 1562 2349 1618 virum
2380 1563 2668 1621 industria
2701 1566 2940 1623 militari
2987 1571 3323 1644 pollentem,
3367 1576 3602 1650 direxit,

204 1665 321 1723 que
353 1667 456 1724 per
486 1651 837 1708 Pannoniam
872 1651 1113 1709 intravit
1137 1653 1852 1727 ltaliam,nulloquepeni-
1880 1674 1936 1735 Β
1967 1650 2316 1737 promittens
2346 1652 2420 1722 ei,
2447 1652 2497 1708 si
2517 1668 2777 1710 sororem
2798 1670 2960 1712 suam
2975 1658 3285 1717 Placidiam
3320 1664 3443 1720 sive
3466 1681 3607 1737 pace

204 1745 306 1798 tus
335 1740 685 1809 obsistente,
712 1739 995 1812 applicuit
1028 1741 1098 1797 ad
1126 1747 1357 1814 pontem
1375 1744 1734 1813 Candidiani,
1754 1744 1849 1815 qui

207 1829 396 1885 tercio
430 1828 679 1884 miliario
701 1833 830 1884 erat
861 1830 933 1885 ab
958 1830 1102 1886 urbe
1153 1831 1309 1901 regia
1358 1832 1648 1903 Ravenna,
1682 1833 1851 1902 cujus

205 1916 423 1974 dudum
457 1930 856 1988 possessores,
883 1922 945 1973 ut
981 1917 1216 1975 tradunt
1253 1920 1521 1991 majores,
1543 1921 1769 1990 Enethi,
1793 1920 1847 1977 id

203 2011 297 2063 est
322 2005 668 2076 laudabiles,
691 2006 1057 2062 dicebantur.
1086 2008 1146 2083 in
1160 2008 1328 2077 cujus
1345 2008 1849 2067 vieinitatenicum

200 2094 657 2166 Wisigotharum
678 2094 1068 2166 applicuisset
1082 2082 1674 2166 exercitus,Alaricus
1699 2082 1850 2168 lega-

202 2184 422 2241 tionem
453 2183 609 2239 misit
639 2182 711 2240 ad
768 2184 1106 2255 Honorium,
1157 2184 1337 2241 filium
1391 2186 1714 2257 Theodosii,
1751 2188 1846 2259 qui

202 2277 346 2330 tunc
372 2272 611 2342 ibierat,
640 2277 700 2329 ut
717 2273 882 2330 daret
906 2274 958 2331 ei
978 2273 1169 2330 locum
1201 2273 1290 2345 3”,
1313 2276 1367 2330 in
1393 2291 1507 2346 quo
1533 2292 1662 2332 cum
1687 2291 1851 2332 exer-

204 2361 326 2418 citu
361 2377 465 2418 sua
488 2363 755 2418 habitare
788 2368 1011 2434 posset.
1046 2362 1153 2429 Qui
1193 2365 1487 2419 concessit
1521 2365 1572 2420 ei
1608 2364 1849 2421 Galliam

204 2454 266 2506 et
288 2451 656 2522 llyspaniam,
683 2465 828 2522 quas
848 2451 1179 2509 Geisericus
1197 2467 1297 2508 rex
1320 2453 1849 2524 Wandalorumjam

206 2554 361 2612 pene
388 2541 660 2597 vastavit.
696 2540 819 2607 Quo
837 2556 965 2598 cum
989 2542 1299 2598 tenderent
1317 2544 1508 2612 Gothi,
1533 2543 1585 2598 in
1604 2545 1849 2614 quodam

206 2630 337 2687 loco
371 2628 707 2699 aliquandiu
730 2630 934 2687 morati
959 2636 1116 2687 sunt.
1141 2633 1295 2687 Tunc
1312 2631 1555 2689 Stilicho
1581 2637 1851 2689 comeset

202 2717 507 2790 patricius,
533 2734 702 2776 socer
729 2719 963 2775 Honorii
1024 2720 1413 2791 imperatoris,
1448 2722 1641 2777 subito
1679 2722 1852 2778 irruit

202 2821 384 2878 super
415 2822 517 2864 eos
547 2807 601 2862 in
637 2808 759 2879 ipsa
789 2807 1181 2865 sacratissima
1215 2809 1306 2865 die
1365 2811 1618 2880 paschae,
1672 2809 1850 2865 nichil

202 2896 336 2951 mali
355 2897 744 2967 suspicantes,
771 2902 827 2952 et
865 2896 1077 2953 multos
1100 2910 1168 2953 ex
1192 2898 1309 2953 illis
1331 2898 1565 2954 occidit.
1595 2899 1847 2956 Primum

201 2983 417 3055 quippe
450 2985 778 3056 perturbati
814 2989 947 3042 sunt
983 2985 1177 3056 Gothi,
1212 2987 1312 3043 sed
1340 2986 1849 3058 mox,recollectis

202 3072 445 3143 viribus,
481 3087 636 3129 arma
698 3074 1047 3145 corripiunt,
1109 3075 1441 3146 multosque
1481 3075 1551 3131 de
1584 3077 1846 3134 exercitu

201 3160 499 3219 Stiliconis
520 3162 877 3232 occidentes,
903 3168 1137 3221 ceteros
1170 3164 1227 3219 in
1259 3164 1448 3235 fugam
1467 3171 1842 3237 convertunt,

200 3256 259 3306 et
292 3250 350 3306 in
376 3264 636 3321 magnam
672 3251 814 3307 iram
840 3252 1234 3323 excitati,jam
1270 3240 1323 3308 in
1359 3253 1573 3311 Gallias
1604 3269 1848 3325 pergere

201 3337 407 3395 nolunt
436 3357 451 3407 ;
484 3338 581 3396 sed
606 3339 913 3396 furibondo
936 3341 1124 3397 animo
1144 3346 1401 3413 coeptum
1433 3342 1546 3398 iter
1578 3344 1849 3399 deseren-

203 3432 316 3497 tes,
333 3428 388 3483 in
406 3428 715 3499 Liguriam,
735 3429 1029 3500 quamjam
1048 3432 1423 3501 transierant,
1450 3437 1845 3503 revertuntur,

203 3530 450 3588 eamque
480 3516 829 3589 spoliantes,
853 3517 1137 3574 Eniiliam
1173 3520 1396 3592 pariter
1434 3520 1848 3577 etFlaminiam

205 3604 534 3676 devastant,
558 3611 616 3662 et
652 3622 754 3678 per
774 3608 1039 3664 Tusciam
1065 3622 1250 3679 usque
1271 3608 1341 3664 ad
1370 3610 1602 3664 Romam
1624 3608 1851 3665 discur-

203 3695 714 3767 rentes,quicquid
747 3711 818 3753 ex
848 3702 1099 3767 utroque
1129 3697 1313 3753 latere
1346 3698 1475 3767 fuit,
1530 3698 1583 3753 in
1612 3700 1848 3769 predam

204 3782 510 3856 diripiunt,
565 3785 922 3856 Romamque
971 3785 1291 3856 venientes,
1339 3788 1849 3857 apprehenderunt

205 3885 332 3929 eam
364 3878 423 3929 et
452 3873 838 3929 devastabant
862 3878 922 3929 et
951 3873 1355 3930 incendebant.
1417 3876 1602 3931 Jussit
1660 3879 1851 3931 tamen

207 3960 497 4032 Alaricus,
532 3965 593 4018 ut
619 3962 665 4018 si
684 3963 815 4033 quis
838 3962 893 4017 in
918 3961 1042 4018 loca
1066 3967 1265 4018 sancta
1282 3964 1645 4033 confugeret,
1674 3964 1851 4021 nichil

206 4048 340 4105 mali
361 4050 1262 4122 pateretur,etquamviscivitas
1288 4050 1655 4123 predaretur,
1683 4068 1851 4110 nemo

206 4142 400 4195 tamen
430 4138 822 4197 occideretur.
851 4140 1029 4211 Capta
1062 4142 1155 4195 est
1176 4145 1367 4196 autem
1398 4141 1576 4197 Roma
1608 4142 1678 4197 ab
1725 4142 1853 4198 Ala-

206 4227 330 4284 rico
358 4242 492 4298 rege
520 4228 840 4286 Gothorum
863 4234 997 4301 post
1028 4243 1209 4286 annos
1240 4232 1379 4286 1144
1428 4244 1497 4287 ex
1538 4246 1653 4302 quo
1700 4232 1849 4288 facta

204 4320 319 4374 est.
353 4318 646 4374 Exeuntes
664 4322 857 4375 autem
878 4318 1048 4374 Gothi
1072 4318 1144 4375 ab
1166 4319 1336 4389 Urbe,
1360 4334 1463 4390 per
1486 4320 1850 4393 Campaniam

205 4410 267 4462 et
300 4404 604 4463 Lucaniam
640 4406 1016 4479 Brutiamque
1048 4380 1429 4479 perrexerunt
1458 4426 1471 4473 ;
1498 4413 1554 4464 et
1585 4380 1715 4465 cum
1735 4408 1855 4466 vel-
1882 4380 1936 4441 D

206 4492 331 4551 ient
364 4494 621 4552 transire
653 4496 708 4551 in
742 4495 1205 4566 Siciliam,multi
1254 4510 1323 4554 ex
1345 4496 1431 4553 eis
1462 4496 1517 4552 in
1568 4497 1709 4554 mari
1760 4511 1855 4570 pe-

207 4582 457 4640 rierunt.
489 4583 755 4643 Alaricus
777 4599 919 4643 vero
939 4584 1072 4642 dum
1097 4584 1454 4643 deliberaret
1477 4586 1613 4658 quid
1630 4592 1850 4659 ageret,

206 4671 518 4730 subitanea
550 4678 735 4730 morte
767 4674 922 4745 apud
968 4674 1337 4731 Consentiam
1379 4674 1690 4733 defunctus
1739 4679 1849 4732 est.

205 4760 389 4828 Quem
420 4761 509 4819 sui
541 4762 716 4819 nimia
751 4762 1065 4819 dilectione
1095 4762 1381 4834 lugentes,
1410 4764 1718 4822 Vasentem
1754 4765 1859 4822 ilu-

205 4849 361 4907 vium
389 4849 462 4906 de
485 4849 650 4907 alveo
679 4866 785 4908 suo
836 4851 1273 4923 derivaverunt,
1324 4867 1637 4924 regemque
1688 4868 1887 4910 suum-

205 4937 502 4995 Alaricum
526 4940 580 4995 in
615 4938 806 4995 medio
839 4940 1093 4999 ﬂuminis
1121 4956 1251 5000 cum
1287 4940 1510 4997 divitiis
1541 4940 1740 4997 multis
1772 4957 1858 4999 se-

205 5025 711 5100 pelientes,ipsum
728 5030 937 5087 ﬂumen
958 5029 1012 5087 in
1034 5030 1259 5088 alveum
1280 5046 1446 5088 suum
1470 5031 1853 5104 reduxerunt,

204 5119 269 5172 et
300 5130 370 5172 ne
396 5115 583 5174 locum
617 5118 887 5190 ipsum“
909 5120 1122 5191 aliquis
1146 5125 1346 5192 postea
1377 5122 1574 5191 sciret,
1592 5122 1857 5192 captivos

205 5204 307 5276 qui
333 5202 496 5264 illum
517 5212 854 5267 averterant
873 5224 1076 5267 omnes
1099 5209 1440 5267 occiderunt
1475 5228 1491 5278 ;
1518 5210 1854 5268 Athaulfum

1965 1736 2089 1793 sive
2122 1754 2487 1812 quocumque
2503 1745 2674 1798 modo
2699 1744 3009 1800 reduceret
3025 1761 3099 1816 qu
3116 1749 3178 1805 .d
3200 1765 3327 1806 eam
3350 1736 3609 1811 sibicon-

1957 1826 2150 1897 jugem
2170 1827 2354 1886 daret.
2387 1831 2512 1899 Quo
2568 1831 2805 1902 placito,
2842 1833 3223 1895 Constantius
3242 1854 3421 1899 ovans
3476 1859 3607 1901 cum

1963 1923 2319 1975 armatorum
2352 1921 2518 1992 copia
2551 1922 2873 1992 Hyspanias
2905 1925 3095 1995 petiit,
3139 1927 3232 1983 cui
3264 1928 3446 1985 Vallia
3495 1946 3607 1989 non

1960 2004 2170 2061 minori
2201 2008 2507 2077 procinctu
2533 2010 2815 2077 occurrit;
2850 2013 2953 2069 sed
2980 2015 3050 2069 ab
3077 2019 3323 2087 utraque
3349 2024 3513 2089 parte
3533 2020 3611 2077 le-

1959 2094 2196 2163 gatione
2230 2096 2475 2167 directa,
2512 2098 2589 2154 ita
2622 2100 2916 2170 convenit,
2954 2105 3015 2157 ut
3063 2116 3324 2160 sororem
3356 2107 3607 2180 principi

1962 2181 2235 2239 redderet
2270 2199 2557 2256 suumque
2589 2187 3227 2257 adjutoriumRomanae
3251 2192 3334 2247 rei
3361 2194 3606 2263 publicae

1962 2284 2075 2326 non
2109 2272 2446 2342 denegaret.
2498 2274 2851 2330 Duodecimo
2885 2290 3032 2331 anno
3068 2275 3137 2309 ⁸³³
3179 2281 3342 2349 regni
3385 2282 3604 2354 Valliaa,

1963 2360 2193 2429 quando
2223 2368 2282 2417 et
2305 2362 2455 2417 Huni
2480 2369 2610 2433 post
2639 2363 3059 2433 quinquaginta
3084 2381 3308 2424 annosa
3334 2371 3606 2428 Romanis

1961 2453 2022 2503 et
2053 2450 2259 2506 Gothis
2288 2451 2359 2506 ab
2384 2449 2583 2507 invasa
2614 2452 2906 2508 Pannonia
2940 2453 3171 2525 expulsi
3215 2462 3371 2529 sunt,
3407 2460 3607 2517 videns

1963 2536 2114 2593 idem
2150 2538 2351 2607 Vallia,
2388 2540 2697 2595 Wandalos
2728 2539 2783 2595 in
2820 2542 2940 2597 suis
2968 2541 3178 2599 finibus
3210 2557 3336 2601 esse
3354 2562 3493 2603 cum
3524 2553 3607 2605 te-

1963 2626 2256 2696 meritate,
2290 2631 2493 2682 contra
2523 2642 2626 2684 eos
2649 2628 2826 2685 movit
2851 2630 3190 2702 exercitum,
3213 2633 3607 2706 expulsosque

1962 2714 2017 2769 in
2052 2715 2637 2785 Africam,velleteos
2668 2717 2939 2774 etiamibi
2973 2722 3263 2792 persequi,
3284 2724 3602 2795 nisicasus,

1962 2802 2061 2873 qui
2084 2803 2295 2859 dudum
2314 2804 2543 2861 Alarico
2567 2805 2705 2862 illuc
2731 2807 2991 2863 tendenti
3016 2808 3501 2881 contigerat,eum
3522 2827 3608 2869 re-

1962 2895 2252 2948 vocasset.
2270 2894 2550 2949 Defuncto
2565 2893 2769 2965 Vallia,
2786 2894 3175 2953 Theodericus
3190 2914 3428 2969 regnum
3445 2915 3605 2957 acce-

1962 2979 2633 3053 pit,adquem,utsupra
2658 2982 2875 3039 dictum
2891 2991 3003 3054 est,
3032 2987 3420 3044 Herimundus
3453 2988 3608 3046 filius

1959 3068 2631 3141 Thurismundi,nepotis
2648 3073 3195 3146 Ermenrici,spreto
3216 3091 3394 3147 regno
3409 3078 3608 3133 Ostro-

1959 3158 2265 3226 gotharmn
2292 3165 2534 3231 propter
2564 3162 2860 3218 Hunorum
2884 3163 3199 3219 dominium
3228 3179 3290 3220 se
3330 3166 3601 3223 contulit.

2034 3246 2135 3316 (Η.
2161 3248 2232 3303 R.
2265 3252 2324 3302 et
2348 3249 2425 3303 H.
2451 3250 2555 3321 φη.)
2582 3251 2738 3306 lnter
2754 3252 2875 3308 haec
2894 3253 3278 3322 regnantibus
3317 3254 3608 3312 Marciano

1962 3334 2017 3388 in
2052 3333 2289 3390 Oriente
2320 3339 2376 3391 et
2395 3336 2796 3395 Valentiniano
2827 3339 2880 3395 in
2908 3340 3247 3411 Occidente,
3280 3341 3478 3412 Attila,
3501 3358 3605 3399 rex

1961 3422 2256 3478 Hunorum
2281 3425 2533 3481 omnium
2548 3432 2606 3482 et
2624 3426 2789 3484 solus
2808 3435 3084 3497 regnator
3103 3444 3246 3501 pene
3260 3435 3605 3488 cunctarum

1962 3511 2363 3587 Scythicarum
2386 3515 2645 3587 gentium
2703 3518 2961 3573 confisus
2992 3517 3045 3572 in
3089 3518 3465 3576 multitudine
3495 3520 3610 3578 for-

1960 3608 2322 3665 tissimarum
2355 3607 2638 3678 gentium,
2666 3620 2810 3676 quas
2836 3606 2946 3662 sibi
2992 3606 3407 3677 subjugaverat
3431 3611 3610 3667 Mace-

1963 3695 2190 3751 doniam
2224 3702 2285 3752 et
2329 3695 2603 3765 Moesiam,
2642 3694 2913 3750 Achaiam
2938 3701 3324 3766 etutramque
3360 3697 3606 3769 Datiam,

1960 3784 2221 3840 Traciam
2251 3789 2311 3840 et
2340 3798 2507 3841 omne
2536 3798 2680 3855 pene
2704 3783 2981 3840 Illiricnm
3020 3784 3452 3857 devastaverat,
3513 3802 3611 3858 po-

1963 3874 2200 3943 suitque
2234 3874 2288 3928 in
2323 3875 2512 3929 animo
2541 3887 2668 3941 suo,
2704 3872 2904 3928 venire
2921 3871 2993 3927 ad
3035 3872 3441 3944 dissipandum
3462 3876 3611 3932 occi-

1965 3960 2198 4017 dentale
2233 3960 2556 4030 imperium,
2583 3959 2692 4014 hoc
2716 3963 2805 4013 est
2838 3960 3171 4015 Romanum.
3204 3962 3341 4017 Erat
3364 3976 3609 4032 namque

1965 4050 2075 4107 sub
2088 4049 2215 4119 ejus
2238 4052 2533 4118 potestate
2549 4046 3047 4103 nominatissiinus
3066 4048 3409 4119 Gepidarum
3428 4047 3610 4106 rex”!

1964 4136 2315 4195 Hardericus
2345 4135 2693 4191 eminentior
2716 4134 2843 4206 ipso
2867 4135 2962 4195 cui
2984 4136 3295 4207 serviebat,
3329 4142 3387 4193 et
3413 4138 3611 4193 Ostro-

1962 4227 2271 4299 gotharum
2290 4239 2393 4281 rex
2407 4222 2682 4279 Walamir
2697 4238 2826 4280 cum
2856 4223 3134 4281 fratribus
3173 4226 3296 4282 suis
3314 4225 3609 4283 Dietmaro

1964 4321 2021 4373 et
2046 4314 2349 4372 Wilimaro
2384 4312 2709 4383 ”‘,necnon
2745 4312 3079 4371 fortissima:
3128 4318 3357 4385 gentes,
3395 4316 3611 4373 Marco-

1966 4404 2178 4475 manni,
2213 4403 2404 4473 Suevi,
2467 4402 2676 4473 Quadi,
2729 4403 2944 4472 Heruli,
2971 4403 3306 4477 Turcilingi,
3371 4404 3522 4476 Rugi
3551 4410 3611 4463 et

1967 4494 2095 4552 alia3
2130 4494 2396 4552 barbarae
2424 4498 2651 4564 gentes,
2679 4508 2807 4566 quae
2847 4493 3192 4553 habitabant
3245 4494 3299 4551 in
3341 4496 3611 4568 partibus

1966 4583 2274 4656 aquilonis.
2310 4584 2768 4641 Hiomneserant
2793 4583 2849 4639 in
2884 4583 3177 4656 adjutorio
3199 4584 3346 4657 ejus,
3367 4589 3612 4656 eratque

1965 4686 2244 4731 numerus
2294 4672 2592 4730 exercitus
2620 4671 2746 4742 ejus
2797 4671 2952 4728 milia
3000 4673 3334 4746 quingenta.
3394 4674 3611 4731 Horum

1965 4762 2217 4819 omnium
2263 4760 2444 4818 Attila
2500 4762 2793 4831 superbus
2843 4760 3108 4831 imperio,
3146 4761 3358 4833 primas
3414 4761 3612 4818 mundi

1965 4854 2191 4920 gentes,
2222 4850 2513 4905 Romanos
2545 4848 2770 4905 scilicet
2809 4853 2869 4903 et
2923 4848 3298 4919 Wisigotbas,
3361 4849 3615 4906 subdere

1968 4939 2076 4997 sibi
2105 4940 2474 5012 preoptabat,
2491 4943 2551 4993 et
2574 4937 2837 5009 quamvis
2850 4934 3114 5009 speraret
3140 4953 3199 4994 se
3225 4938 3416 4994 facere
3440 4953 3612 5010 posse

1970 5030 2128 5101 quod
2151 5028 2328 5085 vellet
2352 5042 2454 5099 per
2485 5028 2763 5084 virtutem
2785 5032 3079 5082 tantarum
3100 5026 3381 5097 gentium,
3420 5032 3610 5084 tamen

1970 5122 2027 5176 et
2063 5133 2165 5191 per
2196 5117 2472 5174 astutiam
2497 5118 2727 5173 vincere
2750 5115 3052 5186 querebat.
3086 5115 3313 5171 Timens
3334 5116 3508 5182 enim,
3539 5129 3611 5173 ne

1972 5207 2163 5278 Gothi,
2190 5206 2289 5279 qui
2312 5206 2463 5263 intra
2493 5204 2707 5263 Gallias
2730 5202 3483 5277 babitabantJungerentnr
3501 5205 3612 5264 Ro-

1563 5317 1798 5376 VARLE
1837 5316 2240 5378 LECI‘IONES.
3498 5380 3501 5385 λ

276 5408 353 5488 ἀξ
373 5416 632 5488 armatos
663 5429 710 5488 s_.
762 5413 798 5469 f.
828 5417 860 5468 5
909 5414 999 5488 f7
1055 5412 1496 5488 auxiliariisque
1526 5421 1576 5473 δ.
1609 5412 1679 5449 ⁸³⁸
1708 5416 1981 5478 Hamalos
2011 5414 2092 5474 9d.
2126 5411 2195 5449 ⁸³³
2224 5429 2278 5485 p.
2314 5414 2437 5469 3.5.
2505 5407 2575 5444 ⁸³⁰
2631 5409 2797 5469 deost
2843 5412 2935 5467 9°.
3002 5407 3071 5444 ⁸³*
3120 5409 3156 5465 i.
3219 5407 3256 5466 1.
3319 5415 3369 5468 δ.
3431 5407 3501 5445 ⁸⁸³
3552 5424 3606 5467 o.

243 5488 297 5540 st
326 5485 402 5539 9°.
437 5481 506 5518 ⁸³⁸
538 5483 702 5542 deest
726 5488 775 5540 5.
799 5488 876 5542 9°.
908 5482 974 5519 ⁸³⁸
997 5499 1043 5542 ι·.
1076 5499 1131 5556 g.
1168 5490 1199 5542 5
1227 5484 1297 5520 ⁸³⁸
1324 5481 1635 5544 wi'thmaro
1657 5491 1733 5545 9°.
