3992 6054
424 205 541 270 743

1583 201 2066 267 EKKEHARDI
2109 202 2664 268 URAUGIENSIS

3701 207 3821 273 ’144

415 342 599 399 manis
627 342 681 397 in
706 335 1080 412 adjutoi'ium,
1137 353 1269 398 cuin
1295 347 1458 396 esset
1517 339 1684 396 nimis
1714 342 1945 396 astutus
2000 345 2060 394 et
2089 353 2146 414 Α
2177 313 2656 410 hominumcaesa,
2677 339 2748 374 ⁸⁸⁸
2769 341 3123 412 referuntur,
3157 344 3820 416 tantumquesanguinis

415 431 670 499 subtilis,
699 430 858 486 misit
890 428 1133 485 nuncios
1165 428 1235 484 ad
1269 429 1754 495 Valentinianum,
1814 427 2062 482 nullate.

417 533 524 575 nus
553 535 616 574 sc
651 519 958 574 adversum
986 516 1054 550 ⁸³⁸
1091 518 1377 573 Romanos
1407 516 1703 572 hostiliter
1725 516 1924 572 venire
1955 531 2058 572 nec

419 607 664 680 publicae
701 605 782 661 rei
815 606 1112 662 amicicias
1139 607 1190 660 in
1225 605 1420 674 aliquo
1451 619 1514 659 se
1542 604 1688 660 velle
1721 603 1938 660 violare
1956 603 2060 659 scd

415 711 616 768 contra
647 695 1064 756 Theodericum
1095 694 1546 763 Wisigotharum
1573 707 1768 762 regem
1803 693 1912 749 sibi
1937 707 2062 749 cer-

419 794 650 856 taminis
673 803 880 848 causas
911 786 1165 843 existere
1197 782 1296 851 (cf.
1325 781 1536 852 Joun.).
1577 781 1860 837 Similiter
1899 781 2054 837 misit

413 895 472 945 et
503 886 571 942 ad
594 877 1028 943 Theodericum,
1047 887 1155 928 non
1181 871 1289 927 sibi
1315 885 1561 942 pugnam
1585 885 1718 926 esse
1747 869 2053 926 adversum

413 975 649 1040 Gothos,
683 968 784 1026 sed
814 968 1016 1022 contra
1049 963 1358 1028 Romanos,
1401 974 1578 1030 seque
1625 959 1769 1014 satis
1816 959 2053 1014 studere

411 1076 608 1136 pacem
637 1073 766 1115 cum
799 1053 1004 1111 Gothis
1054 1053 1286 1108 habere.
1326 1051 1440 1106 Hoc
1490 1055 1682 1104 autem
1745 1063 1846 1119 per
1895 1054 2053 1106 astu-

411 1154 547 1209 tiam
579 1149 646 1183 ³³⁷
680 1145 812 1203 fecit
838 1143 892 1198 in
927 1141 1081 1212 dolo,
1118 1145 1200 1208 ut,
1232 1140 1280 1196 si
1314 1141 1568 1195 Romano
1629 1137 1961 1207 Gothosque
1980 1138 2052 1194 ab

413 1241 652 1296 invicem
675 1235 986 1301 divideret,
1015 1233 1188 1287 hoset
1213 1227 1562 1298 illospostea
1583 1225 1748 1282 facile
1763 1225 2045 1282 vinceret.
2094 1243 2098 1249 ί

415 1329 624 1386 Aecius
651 1332 842 1383 autem
880 1319 1185 1394 patricius,
1223 1317 1316 1387 qui
1344 1323 1482 1372 tunc
1533 1315 1754 1372 militiae
1793 1321 2046 1384 preerat,

411 1417 744 1486 intelligens
767 1411 1037 1468 astutiam
1071 1412 1127 1464 et
1162 1406 1328 1463 dolos
1363 1405 1580 1466 Attilae,
1641 1403 1797 1458 misit
1827 1420 1896 1458 ex
1927 1417 2051 1474 per-

408 1520 548 1564 sona
588 1500 975 1560 Valentiniani
996 1496 1065 1530 ⁸³⁸
1081 1494 1449 1567 imperatoris
1465 1493 1685 1560 legatos
1699 1493 1767 1547 ad
1799 1492 2051 1547 Theode-

408 1595 591 1651 ricum
623 1605 816 1660 regem
833 1584 1282 1654 Gothorum,qui
1307 1582 1404 1638 illo
1426 1583 1478 1636 in
1507 1580 1576 1615 ⁸³⁸
1607 1589 1870 1651 tempore
1895 1579 2046 1649 apud

2173 426 2420 485 effusam
2439 443 2592 497 esse,
2629 433 2688 485 ut
2723 429 3002 501 parvulus
3019 429 3242 487 rivulus
3269 431 3460 501 quiibi
3481 431 3814 502 labebatur,

2173 517 2454 586 sanguine
2471 517 2796 575 occisorum
2817 518 3014 576 subito
3027 523 3256 588 auctus,
3283 519 3567 576 cadavera
3591 535 3818 592 perem-

2174 609 2402 675 ptorum
2445 621 2638 662 secum
2685 607 2967 664 traheret.
3011 607 3250 662 Attilam
3309 623 3446 663 sane
3501 609 3570 664 de
3621 616 3814 666 morte

2171 693 2327 748 Accii
2354 709 2455 750 sua
2491 694 2695 752 fefellit
2729 695 2991 766 suspicio
3025 713 3041 762 ;
3089 710 3218 752 nam
3266 697 3657 754 Theodericus
3707 713 3809 754 rex

2166 782 2618 852 Wisigotharum
2632 785 2928 840 occubuit.
2958 785 3166 841 Accius
3195 801 3368 842 sanus
3391 787 3666 841 evasit.ln
3692 801 3809 856 quo

2165 867 2368 939 praelia
2407 871 2670 940 quamvis
2701 877 2907 928 neuter
2933 871 3548 938 eessissetexercitus,
3572 879 3808 929 constat

2165 959 2356 1012 tamen
2390 957 2626 1016 Attilam
2658 959 2840 1016 fuisse
2871 960 3434 1030 superatnm.(Jonn.
3463 975 3513 1018 c.
3538 963 3805 1032 tuq'l‘unc

2166 1045 2502 1116 Wisigothae
2528 1045 2596 1081 ³⁸⁷
2627 1048 3118 1106 dividentesseab
3143 1049 3366 1118 Alanis,
3393 1050 3670 1106 invadunt
3697 1051 3806 1106 liu-

2163 1147 2368 1191 norum
2399 1141 2712 1204 catervam,
2744 1141 2802 1193 et
2835 1152 2981 1209 pene
3015 1138 3249 1194 Attilam
3276 1139 3661 1207 trucidarent,
3693 1138 3802 1195 nisi

2163 1223 2443 1293 providus
2457 1229 2590 1281 ante
2611 1225 3006 1296 fugissetetse
3029 1227 3602 1297 suosqueilicointra
3637 1233 3800 1298 septa

2161 1317 2488 1368 castrorum
2521 1328 2648 1384 quae
2682 1314 2962 1384 plaustris
2995 1315 3372 1385 vallaverant,
3434 1315 3798 1373 reclusisset.

2161 1399 2252 1456 Sic
2281 1416 2420 1470 ergo
2452 1403 2717 1474 quamvis
2749 1403 2936 1473 fragili
2971 1404 3300 1474 munimine,
3317 1420 3384 1461 eo
3414 1408 3609 1461 tamen
3665 1419 3800 1476 que-

2163 1488 2388 1545 sierunt
2407 1488 2477 1523 ⁸⁸³
2497 1491 2818 1569 subsidium
2845 1492 2999 1562 vitae,
3026 1492 3426 1564 quibuspaulo
3448 1499 3582 1548 ante
3605 1493 3800 1550 nullus

2164 1581 2392 1648 poterat
2433 1579 3182 1650 muralisaggerobsisterc.
3215 1581 3410 1637 Altera
3435 1597 3574 1638 vero
3605 1582 3699 1637 die
3721 1582 3800 1636 in-

403 1680 664 1738 Tolosam
700 1675 1080 1746 regnabat,ut
1105 1686 1299 1744 pacem
1327 1670 1580 1726 firmaret
1614 1684 1742 1724 cum
1769 1668 2049 1722 illo.Con-
2076 1703 2132 1765 Β
2163 1668 2250 1721 tra
2287 1667 2684 1765 plaustrorum
2744 1671 3096 1726 munimenta
3141 1685 3203 1726 se
3243 1671 3801 1765 continens,_Attita

405 1769 590 1826 sensit
623 1768 678 1822 in
713 1768 822 1821 hoc
838 1761 1246 1829 Theodericus,
1283 1771 1598 1830 pacemque
1617 1771 1745 1812 cum
1767 1756 1937 1812 Aecio
1956 1756 2048 1812 fir-

405 1857 601 1922 mavit,
638 1868 814 1924 seque
846 1866 974 1908 cum
1007 1865 1076 1906 eo
1104 1855 1304 1905 contra
1362 1847 1595 1902 Attilam
1620 1859 1877 1916 pugnare
1919 1859 2050 1915 pro-

405 1945 583 2002 misit.
620 1945 875 2000 Fuerunt
907 1946 1099 1996 autem
1126 1937 1178 1992 in
1203 1935 1421 1992 auxilio
1454 1935 1608 1990 Aecii
1644 1934 1870 2004 patricii
1910 1936 2047 1990 Bur-

401 2033 749 2104 gundiones,
787 2029 1012 2098 Franci,
1049 2026 1233 2094 Alani,
1267 2027 1539 2091 Saxones,
1575 2022 1872 2094 Bipatioli,
1895 2023 2047 2079 Brin-

406 2137 526 2190 nes,
544 2121 842 2189 Sarmatas,
865 2115 1258 2177 Armoriciani,
1281 2113 1555 2170 Luticiani
1572 2111 1659 2166 3‘0.
1695 2111 2048 2167 Producitur

397 2225 630 2283 quoque
661 2223 689 2264 a
723 2203 1226 2276 regeTheoderico
1251 2201 1698 2271 Wisigotharum
1734 2199 2046 2255 multitudo

403 2295 855 2354 innumerabilis.
897 2293 1156 2359 Quatuor
1190 2305 1433 2361 namque
1455 2289 1590 2344 filiis
1615 2289 1740 2344 suis
1767 2288 1920 2344 domi
1963 2288 2046 2343 di-

404 2387 620 2454 missis,
674 2383 970 2440 Friderico
1003 2380 1250 2450 scilicet,
1295 2379 1502 2435 Eurico
1523 2377 1928 2443 “hBetemire
1985 2383 2044 2433 et

401 2475 702 2544 lmnerico,
739 2474 888 2530 duos
945 2475 1166 2526 tantum
1215 2469 1461 2538 majores
1516 2482 1710 2524 secum
1771 2467 2038 2536 assumit,

401 2561 878 2621 Thurismundum
910 2559 1422 2616 etTheudericum.
1459 2555 1820 2612 Conveniunt
1846 2555 2042 2624 itaque

398 2647 455 2702 in
487 2658 726 2714 campos
751 2641 1178 2706 Catalaunicos,
1214 2639 1309 2707 qui
1347 2645 1402 2692 et
1430 2635 1699 2691 Mauriaci
1749 2636 2042 2690 nominan-

394 2739 490 2790 tur
523 2739 754 2789 centum
788 2729 986 2786 leuvas
1005 2726 1092 2797 δι’,
1145 2731 1206 2782 ut
1238 2725 1383 2780 Galli
1443 2738 1777 2780 mensurare
1825 2723 2037 2793 solent,

396 2822 452 2877 in
477 2820 708 2889 longum
741 2823 1009 2874 tenentes
1038 2820 1095 2871 et
1144 2815 1513 2886 septuaginta
1567 2813 1619 2868 in
1655 2813 1857 2880 latum,
1911 2826 2037 2881 quas

391 2909 532 2968 ﬁunt
567 2909 621 2964 in
653 2907 1014 2977 longitudine
1059 2904 1300 2960 miliaria
1338 2907 1569 2960 centum
1618 2901 2037 2972 quinquaginta

389 3005 449 3058 et
481 3000 534 3055 in
560 2998 869 3056 latitudine
904 2997 1146 3051 miliaria
1179 2998 1412 3049 centum
1440 2991 1712 3062 quinque.
1744 2993 1859 3046 Una
1885 2989 2037 3044 enim

2162 1770 2291 1809 cum
2323 1755 2522 1825 egredi
2542 1771 2651 1812 non
2667 1757 2930 1814 auderet.
2959 1772 3064 1815 nec
3084 1763 3275 1814 tamen
3303 1759 3460 1814 tubis
3477 1757 3800 1814 etclamore

2163 1847 2558 1915 perstrepere,
2594 1845 2755 1915 quasi
2789 1846 3180 1903 incursionem
3206 1847 3497 1915 minitans,
3525 1861 3636 1902 non
3677 1861 3802 1904 ces-

2159 1937 2320 1986 saret
2369 1937 2432 1988 ut
2461 1933 2715 1989 victores
2754 1948 2891 1990 suos
2945 1933 3210 1991 inclusus
3264 1935 3546 2004 turbaret,
3603 1935 3804 1991 Thuri-

2157 2021 2438 2076 smundns
2460 2022 2796 2078 Theoderici
2839 2023 2996 2093 regis
3054 2023 3229 2093 illius,
3289 2025 3358 2078 dc
3421 2028 3658 2096 paterna
3702 2023 3800 2080 do~

2158 2107 2282 2164 lens
2298 2108 2366 2142 ⁸⁸³
2383 2110 2698 2180 occisione,
2721 2111 2950 2180 statuit,
2963 2111 3198 2167 Attilam
3214 2118 3482 2167 coartare
3497 2111 3603 2168 obs
3630 2111 3801 2168 dione

2155 2211 2545 2267 eumquecum
2571 2199 2777 2255 suisad
2806 2199 3244 2256 internicionem
3263 2199 3477 2256 delere.
3507 2199 3606 2268 (H.
3641 2202 3797 2258 Β.-

2153 2287 2232 2342 Η.
2253 2291 2356 2357 m.)
2377 2288 2531 2342 Tunc
2553 2287 2728 2343 Attila
2763 2287 2835 2343 de
2865 2290 2980 2344 vita
3015 2289 3349 2360 desperans,
3379 2303 3451 2346 ex
3506 2289 3797 2360 equitate-

2154 2374 2258 2429 riis
2289 2373 2764 2446 sellisingentem
2789 2392 2988 2448 pyram
3039 2378 3354 2447 exstruxit,
3407 2384 3487 2448 ut,
3539 2378 3587 2435 si
3643 2378 3792 2434 forte

2153 2461 2320 2516 Gothi
2355 2462 2742 2532 imminerent,
2769 2465 3076 2536 subposito
3106 2465 3256 2534 igne,
3283 2464 3408 2536 ipse
3448 2465 3790 2522 ascenderet

2153 2563 2397 2620 seseque
2427 2559 2738 2621 cremarel,
2761 2567 2830 2608 ne
2852 2558 2950 2609 aut
2982 2553 3288 2624 quisquam
3313 2552 3384 2609 de
3413 2552 3538 2622 ejus
3553 2553 3792 2610 vulnere

2148 2640 2452 2708 gauderet,
2487 2645 2587 2696 aut
2610 2656 2712 2696 rex
2738 2648 3028 2698 tantarum
3057 2643 3313 2712 gentium
3347 2643 3402 2698 in
3445 2647 3792 2713 potestatem

2151 2727 2404 2783 hostium
2438 2730 2995 2787 devcnirct.Aecius
3053 2746 3210 2800 vero,
3263 2736 3544 2801 metuens,
3610 2731 3788 2787 Attila

2151 2824 2478 2889 perempto,
2497 2821 2785 2875 Romanos
2804 2825 3007 2890 postea
3026 2819 3258 2891 impune
3279 2835 3308 2876 a
3326 2819 3529 2876 Gothis
3545 2819 3792 2890 deprimi

2149 2921 2252 2961 nec
2287 2908 2887 2978 deineepsadvizrsznn
2905 2910 3145 2976 Gothos,
3166 2909 3213 2966 si
3232 2909 3552 2966 necessitas
3579 2909 3796 2964 incum-

2151 2994 2333 3063 beret,
2369 2996 2648 3052 auxilium
2680 2997 2948 3065 inveniri,
2968 2996 3412 3067 Thurismundo,
3435 2997 3796 3068 quasirebus

390 3089 555 3147 leuva
579 3085 648 3120 ⁸⁸³
663 3087 878 3143 Gallica
895 3084 1052 3140 mille
1073 3085 1526 3154 quingentorum
1550 3095 1825 3152 passuum
1862 3093 2037 3149 quan-
2069 3062 2117 3124 (ἶ
2147 3081 2274 3150 ejus
2297 3062 2610 3140 Consulens
2640 3084 2728 3154 ⁸⁵⁸,
2758 3062 3074 3155 persuasit,
3097 3092 3157 3142 ut
3179 3086 3412 3143 domum
3447 3084 3795 3156 quantocius

389 3177 561 3234 titate
591 3174 1210 3244 mensuratur.(Jonn.)
1239 3203 1308 3211 —
1329 3173 1406 3228 H.
1442 3173 1513 3228 Β.
1538 3201 1600 3208 -
1628 3171 1704 3225 Η.
1737 3173 1841 3239 m.)
1873 3170 2036 3224 Cum-

385 3280 498 3338 que
523 3264 594 3322 ad
625 3265 814 3321 locum
829 3260 1240 3319 venissentubi
1262 3261 1379 3330 jam
1404 3273 1662 3330 pugnare
1686 3257 2030 3326 debuerant,

385 3353 770 3424 interrogavit
805 3351 984 3408 Attila
1016 3350 1377 3405 divinatores
1435 3361 1576 3402 suos
1599 3345 1735 3415 quid
1795 3345 1905 3402 sibi
1963 3346 2032 3400 de

387 3443 514 3515 ipsa
548 3456 735 3514 pugna
769 3439 1207 3512 protenderent.
1253 3439 1466 3508 (Joan.)
1499 3435 1605 3501 Qui
1640 3448 1798 3490 more
1854 3435 2032 3491 solito

385 3545 539 3588 nunc
570 3530 746 3586 libras
778 3543 1075 3600 pecorum,
1111 3541 1263 3582 nunc
1287 3526 1566 3596 quasdam
1586 3539 1765 3580 venas
1787 3524 1839 3580 in
1867 3526 2032 3580 abra-

384 3620 466 3679 sis
496 3621 732 3677 ossibus
765 3619 1079 3687 intuentes,
1117 3615 1294 3670 Hunis
1336 3614 1583 3670 infausta
1619 3613 2024 3684 pionunciant,

386 3708 616 3766 scilicet
650 3707 886 3764 Attilam
919 3720 1030 3761 non
1067 3704 1401 3759 habiturum
1435 3702 1754 3760 victoriam.
1800 3705 1911 3758 Hoc
1949 3708 2030 3757 ta-

387 3811 513 3854 men
531 3796 1126 3868 quantulumcumque
1143 3793 1450 3864 predixere
1475 3791 1849 3862 solatii,quod
1873 3806 2030 3847 sum-

386 3900 514 3942 mus
543 3885 614 3942 de
647 3889 812 3956 parte
834 3883 1029 3940 hostili
1051 3883 1264 3938 ductor
1303 3881 1356 3936 in
1380 3881 1699 3936 certamine
1722 3881 2029 3936 occumbe-

384 3979 494 4032 ret.
525 3974 624 4046 (H.
647 3976 716 4030 R.
739 3974 901 4029 -Η.
923 3975 1028 4044 m.)
1055 3972 1232 4028 Attila
1251 3981 1388 4027 vero
1403 3985 1534 4026 cum
1563 3969 1670 4024 hoc
1690 3969 1762 4026 de
1786 3970 2026 4025 interitu

385 4064 543 4122 Aecii
575 4063 742 4136 cujus
767 4067 1008 4119 mortem
1031 4059 1100 4094 ⁸⁸⁸
1123 4060 1385 4128 sitiebat,
1402 4058 1752 4114 denunciare
1769 4062 2022 4129 putaret,

385 4167 498 4210 non
529 4153 840 4218 dubitavit,
871 4151 962 4209 vel
993 4165 1124 4207 cum
1168 4163 1410 4204 suorum
1459 4147 1786 4218 perditione
1812 4146 2026 4203 bellum

383 4243 769 4310 committere,
804 4239 1114 4297 dummodo
1141 4237 1397 4307 Accium,
1426 4237 1552 4292 suis
1579 4237 1832 4292 motibus
1866 4235 2028 4291 forti-

381 4333 474 4388 ter
488 4331 1104 4399 obsistentem,posset
1119 4325 1814 4396 extinguere.Committit
1830 4325 2026 4395 itaque

2147 3177 2548 3228 reverteretur
2569 3188 2865 3244 regnoque
2898 3179 3142 3245 paterno
3173 3175 3485 3246 potiretur,
3515 3189 3606 3244 ne,
3639 3173 3688 3230 si
3719 3173 3792 3231 ab

2145 3259 2270 3328 ejus
2283 3261 2576 3330 germanis
2595 3262 2992 3332 invaderetur,
3019 3263 3145 3335 ipse
3168 3264 3400 3320 omnino
3435 3263 3789 3336 privaretur,

2144 3356 2420 3418 essetque
2452 3350 2560 3405 sibi
2585 3351 2857 3408 acerbius
2901 3358 3101 3422 postea
3151 3365 3283 3410 cum
3321 3353 3445 3409 suis
3481 3351 3790 3408 decertare

2143 3451 2314 3506 quam
2347 3455 2477 3495 cum
2529 3440 2737 3496 alienis
2795 3441 3094 3498 dimicare.
3149 3443 3268 3498 lloc
3326 3441 3424 3498 ille
3474 3439 3788 3498 consilium

2142 3529 2305 3596 quasi
2339 3541 2442 3598 pro
2459 3545 2560 3585 sua
2588 3528 2777 3585 salute
2795 3531 3086 3601 prolatum
3120 3530 3373 3586 libenter
3405 3529 3786 3602 amplectens,

2142 3617 2372 3672 domum
2401 3618 2596 3688 rediit,
2633 3633 2994 3689 regnumque
3016 3623 3320 3690 paternum
3349 3619 3595 3690 accepit.
3623 3620 3791 3676 Cete’

2141 3721 2267 3761 rum
2290 3707 2502 3762 Accius
2531 3706 2669 3763 talia
2687 3709 3184 3778 .machinatusest,
3209 3713 3270 3765 ut
3297 3707 3533 3766 Attilam
3555 3709 3629 3764 ab
3659 3706 3789 3778 ejus

2142 3795 2528 3867 impressione
2561 3797 2940 3868 subduceret,
2966 3812 3034 3854 ea
3081 3798 3402 3854 intentione
3443 3812 3553 3869 qua
3604 3796 3791 3869 predi-

2139 3889 2298 3940 ctum
2322 3891 2434 3954 est,
2461 3885 2570 3942 lieu
2607 3887 2864 3956 nescius,
2899 3891 3180 3958 quantum
3203 3887 3310 3943 hac
3325 3886 3659 3958 provisione
3691 3887 3789 3944 de-

2137 3974 2475 4030 trimentum
2493 3975 2716 4045 patria,
2735 3977 2870 4031 dum
2889 3981 3156 4032 avertere
3169 3977 3353 4048 cupit,
3371 3976 3786 4047 ingessit.l\'am

2141 4061 2320 4116 Attila
2349 4076 2599 4118 cernens
2619 4065 2840 4134 hostes,
2858 4078 2921 4119 se
2935 4063 3164 4134 relicto,
3183 4063 3254 4120 ad
3270 4064 3508 4136 prepria
3533 4078 3788 4121 remeas-

2139 4163 2224 4218 se,
2259 4151 2482 4207 erectis
2514 4152 3111 4218 animis,Pannoniam
3168 4153 3494 4224 repedavit,
3537 4152 3784 4210 multum

2141 4238 2426 4309 potiorem
2465 4253 2819 4296 coacervans
2876 4241 3218 4311 exercitum,
3287 4242 3511 4297 Italiam
3589 4239 3784 4300 denuo

2140 4327 2490 4384 furibundus
2512 4328 2771 4385 intravit.
2797 4343 2862 4386 ac
2887 4329 3130 4402 primum
3185 4329 3531 4402 Aquileiam,
3563 4330 3620 4387 in
3652 4331 3784 4402 ipso

385 4433 635 4492 pugnam
665 4418 820 4476 circa
852 4417 1050 4473 horam
1083 4415 1197 4472 diei
1225 4429 1452 4484 nonam,
1481 4415 1598 4486 jam
1629 4415 1680 4470 in
1718 4429 2024 4486 vesperum
2057 4417 2110 4478 D
2141 4415 2322 4472 Italiae
2369 4417 2618 4488 positam
2668 4417 2954 4490 principio
2983 4417 3071 4489 ⁸⁸³,
3105 4433 3442 4491 expugnare
3467 4433 3783 4490 aggressus

323 4539 338 4557 ε
385 4507 483 4566 die
515 4511 812 4578 vergente,
846 4510 930 4577 ut,
962 4506 1009 4562 si
1041 4510 1438 4576 superaretur,
1477 4504 2029 4560 abhostibusimmi-

389 4596 581 4654 neutis
604 4595 792 4653 noctis
825 4609 887 4651 se
917 4593 1180 4650 tenebris
1199 4595 1521 4650 occuleret.
1547 4593 2028 4650 Conveniuntita-

387 4700 502 4758 que
529 4684 664 4742 hinc
695 4691 756 4742 et
779 4684 912 4741 inde
936 4683 1200 4739 nationes
1249 4682 1602 4753 fortissimae,
1635 4687 2030 4739 conseruntur

383 4775 562 4846 acies,
595 4775 656 4830 fit
693 4773 907 4830 bellum
949 4787 1084 4828 acre
1116 4771 1288 4827 nimis
1309 4777 1370 4826 et
1395 4771 1676 4843 pertinax,
1722 4769 1892 4842 quale
1931 4770 2027 4826 vix

386 4863 500 4921 ulla
515 4861 584 4898 ⁸⁸⁵
607 4870 884 4920 narratur
906 4861 1164 4934 hysteria
1183 4881 1196 4927 ;
1218 4873 1324 4919 nec
1344 4866 1478 4918 ante
1502 4859 1802 4932 praeliandi
1819 4859 2026 4915 ardore

383 4952 758 5026 quieverunt,
786 4968 954 5022 quam
992 4967 1105 5010 nox
1162 4950 1582 5026 superveniens
1629 4949 1920 5020 pugnandi
1953 4951 2028 5005 fa-

382 5043 668 5101 cultatem
689 5043 775 5100 eis
797 5044 1101 5100 adimeret.
1123 5044 1203 5100 Eo
1222 5042 1510 5114 siquidem
1530 5039 1732 5114 praelio
1756 5039 2024 5096 170milia

2138 4508 2246 4560 est.
2283 4505 2462 4570 Quam
2495 4507 2774 4563 continuo
2794 4505 3046 4564 triennio
3075 4507 3374 4579 obsidens,
3415 4523 3548 4566 cum
3578 4509 3783 4566 adver-

2139 4607 2239 4650 sus
2261 4607 2407 4663 eam,
2433 4593 2661 4651 civibus
2683 4602 2922 4652 strenue
2946 4596 3428 4668 repugnantibus,
3473 4596 3554 4652 nil
3579 4610 3784 4670 preva-

2141 4680 2556 4752 teret,jamque
2582 4697 2839 4740 murmur
2851 4686 2938 4741 sui
2961 4686 3277 4756 exercitus,
3295 4685 3594 4758 penuriam
3616 4685 3784 4744 famis

2138 4769 2395 4826 tolerare
2415 4785 2526 4828 non
2549 4772 2797 4829 valentis
2811 4779 2870 4828 et
2885 4772 3188 4831 discedere
3205 4774 3780 4847 cupientis,audiret,

2098 4901 2108 4910 .
2138 4858 2230 4915 die
2264 4861 2510 4930 quadam
2539 4860 2832 4918 circuiens
2851 4862 3170 4931 civitatein,
3221 4869 3282 4920 ut
3313 4879 3385 4920 ex
3443 4878 3553 4936 qua
3613 4869 3785 4936 parte

2136 4953 2335 5020 posset
2355 4965 2481 5006 eam
2515 4950 2743 5007 facilius
2756 4966 3092 5022 exliugnare
3121 4952 3464 5022 inquireret,
3486 4955 3789 5010 cernitre-

2135 5046 2310 5112 pente
2344 5055 2481 5098 aves
2510 5040 2568 5097 in
2599 5041 2979 5100 aedificiorum
2998 5042 3246 5115 fastigia
3269 5041 3568 5100 nidificare
3589 5042 3786 5100 solen-

1731 5219 1968 5275 VARIIE
2009 5217 2406 5276 LECTIONES.

454 5367 523 5405 ⁸³⁸
554 5370 907 5445 adversust}.
941 5368 1010 5445 ξιτ
1042 5388 1095 5445 p.
1131 5369 1326 5430 ades.
1357 5363 1845 5445 9°,7°"_Valentlni
1896 5376 1956 5445 gs.
2006 5383 2156 5445 corr.
2225 5369 2637 5445 Valentiniani
2671 5377 2755 5430 to.
2817 5369 3103 5445 “fdem
3145 5377 3225 5433 9°.
3303 5371 3374 5411 ἰθ
3419 5373 3633 5436 luciani
3687 5379 3774 5435 9°.

382 5438 451 5516 fff
482 5445 544 5516 et
572 5454 647 5516 θ.Δ
687 5441 908 5516 9°.Af“_
945 5438 1150 5516 leu'gas
1189 5446 1261 5516 Α.
1285 5446 1362 5500 9°.
1420 5441 1497 5516 3",
1541 5441 1711 5514 leuga
1765 5446 1849 5516 9_°_._
1893 5442 1962 5476 “‘
1999 5444 2166 5503 deest
2201 5446 2279 5501 9°.
2339 5441 2409 5478 ⁸⁸⁸
2447 5443 2504 5502 in
2560 5442 2678 5504 ulla
2733 5447 2810 5502 9°.
2858 5443 2927 5480 “'
2980 5445 3146 5507 deut
3193 5450 3271 5505 9°.
3330 5445 3402 5482 “7
3460 5451 3526 5505 et
3574 5461 3636 5506 w
3687 5448 3772 5505 9°.

383 5509 452 5546 “'
484 5511 650 5573 deut
672 5515 748 5571 9°.
780 5511 849 5549 “’
869 5509 1152 5576 ἀθεεῖθο.
1187 5511 1259 5549 ’⁵ο
1296 5509 1676 5574 consulturus
1692 5517 1744 5572 Β.
1786 5511 1856 5547 ⁸⁵⁸
1886 5528 1918 5572 a
1943 5527 2033 5586 pr.
2065 5518 2142 5572 9°.
