3992 6054
298 237 414 296 745

1178 230 1619 295 (ΖΗΒΟΝΙΟΑ.
1652 266 1732 275 -
1760 225 2237 292 CHRUNICON
2283 222 2829 289 UMVERSALE.

3584 222 3702 283 746

300 378 408 439 tes,
446 384 575 441 qua:
606 368 848 425 ciconiae
881 372 1184 438 vocantur,
1218 382 1331 423 uno
1354 367 1573 438 impetu
1595 380 1665 421 ex
1689 361 1945 421 urbemi-
1975 363 2028 423 Α
2059 372 2282 417 morum
2314 372 2526 430 genere
2557 372 2703 429 gens
2736 355 2832 411 illa
2866 369 3114 411 maxime
3157 356 3452 414 utebatur.
3512 356 3700 428 (June)

293 473 471 529 grare
505 459 774 529 fetusque
809 472 949 514 suos
979 457 1249 514 sublatos
1268 455 1820 513 rostrisforinsecus
1850 451 1945 506 de-

295 549 625 618 portare,et
655 552 718 601 ut
752 550 881 601 erat
912 543 1349 613 sagacissimus,
1386 543 1465 598 ait
1501 542 1569 597 ad
1592 538 1947 610 suos:Aspz'-

289 636 409 692 cito
438 648 578 692 aves
594 635 956 707 futurorum
979 640 1248 705 premas
1286 632 1615 703 perituram
1645 628 1948 687 civitatem

288 725 633 795 relinquere
651 737 1016 794 casurasque
1029 736 1195 779 arces
1205 722 1471 792 pericylo
1492 718 1830 776 imminente
1857 717 1945 772 dc-

290 825 503 871 sererc.
533 812 858 882 Statimque
883 810 1163 866 adhibitis
1184 809 1766 880 maehinis,hortatur
1785 819 1941 874 suos,

295 899 512 956 acriter
543 901 745 957 urbem
779 899 1082 970 impugnat
1107 914 1172 953 ac
1211 898 1335 952 sine
1379 910 1538 952 mora
1578 894 1768 966 capit;
1808 892 1944 947 diri-

299 990 538 1061 piuntur
562 1004 728 1060 opes,
754 987 1237 1059 captivanturﬁel
1260 984 1825 1049 trueidanturcivcs;
1857 996 1945 1038 re-

291 1077 520 1134 siduum
539 1077 876 1147 direptioni,
895 1076 1202 1147 subposito
1222 1074 1607 1144 igne,ﬂainma
1622 1070 1939 1128 consumit.

298 1165 472 1222 Plura
519 1164 729 1221 dehinc
779 1164 1040 1235 ejusdem
1092 1164 1348 1233 regionis
1396 1161 1639 1218 castella
1679 1159 1943 1215 immanis

291 1254 795 1323 hostis,extinctis
832 1253 922 1309 vel
952 1252 1265 1324 captivatis
1279 1251 1526 1321 civibus,
1544 1248 1945 1324 succenditac-

292 1320 497 1392 diruit,
531 1324 930 1395 Concordiam,
967 1320 1223 1380 Altinum
1254 1324 1375 1380 sive
1399 1320 1697 1379 Patavium
1723 1320 1945 1377 vicinas

295 1413 579 1486 Aquileiae
603 1413 911 1481 civitates;
935 1412 1143 1469 exinde
1169 1412 1552 1484 perdiversas
1570 1410 1942 1468 Venetiarum

294 1504 470 1560 urbes
500 1503 649 1558 Huni
682 1503 1028 1574 bachantur,
1064 1502 1173 1558 hoc
1221 1507 1311 1558 est
1357 1502 1662 1572 Veronam,
1704 1500 1946 1558 Vincen-

292 1592 455 1663 tiam,
482 1592 753 1663 Brixiam,
780 1593 1119 1661 Pergamum
1144 1605 1247 1647 seu
1264 1590 1540 1661 reliquas,
1558 1589 1942 1646 Mediolanum

291 1694 521 1752 quoque
543 1680 916 1750 Ticinumque
940 1680 1062 1752 pari
1098 1685 1257 1736 sorte
1288 1679 1592 1750 diripiunt,
1610 1679 1682 1734 ab
1706 1692 1836 1747 igne
1860 1680 1946 1732 ta-

291 1783 418 1826 men
448 1770 818 1825 abstinentes
840 1774 896 1825 et
920 1770 1094 1825 ferro.
1113 1769 1330 1825 Deinde
1350 1767 1591 1825 lEmiliae
1604 1766 1946 1824 civitatibus

290 1857 561 1916 similiter
578 1859 945 1930 exspoliatis,
975 1858 1293 1915 novissime
1320 1858 1552 1930 eo;loco,
1576 1872 1689 1928 quo
1704 1856 1945 1911 Mincius

292 1945 503 2002 ﬂuvius
532 1946 749 2003 Padum
783 1946 973 2003 inﬂuit
996 1951 1191 2003 castra
1217 1946 1418 2002 metati
1446 1949 1599 2002 sunt.
1623 1944 1729 2001 Ubi
1764 1942 1945 1999 Attila

293 2034 647 2105 consistens,
702 2036 835 2091 dum
878 2034 1067 2092 animo
1098 2035 1433 2105 ﬂuctuaret,
1469 2038 1664 2090 utrum
1706 2033 1944 2088 Romam

294 2123 504 2193 adiret,
538 2137 609 2178 an
641 2122 980 2193 desisteret,
1013 2138 1124 2179 non
1166 2123 1328 2192 Urbi,
1354 2123 1447 2178 cui
1473 2122 1738 2178 infensus
1792 2124 1942 2190 erat,

292 2211 624 2282 consulens,
662 2212 764 2268 sed
798 2212 1011 2268 Alariei
1043 2211 1394 2283 exemplum,
1447 2211 1543 2282 qui
1594 2214 1783 2281 captaa
1805 2207 1945 2266 Urbi

291 2313 405 2356 non
431 2300 528 2357 diu
544 2300 897 2372 supervixit,
918 2316 1151 2373 pavens,
1170 2305 1412 2373 repente
1429 2299 1838 2357 sanctissimus
1857 2298 1947 2355 vir

291 2389 402 2446 Leo
432 2404 579 2463 papa
612 2405 717 2463 per
745 2404 806 2448 se
834 2391 905 2446 ad
937 2404 1069 2447 eum
1097 2390 1368 2447 accessit.
1408 2388 1515 2455 Qui
1550 2403 1681 2444 eum
1739 2387 1811 2445 ad
1860 2401 1947 2443 re-

288 2490 418 2547 gem
451 2477 761 2535 barbarum
793 2478 1191 2549 introgressus
1215 2483 1395 2548 esset,
1424 2482 1635 2534 cuneta
1682 2483 1745 2533 ut
1782 2479 1945 2548 opta-

288 2570 456 2623 verat
487 2567 779 2639 obtinens,
807 2583 918 2624 non
947 2567 1136 2625 solum
1168 2568 1364 2623 Romm
1395 2566 1497 2623 sed
1529 2571 1588 2622 et
1614 2566 1795 2623 totius
1816 2566 1948 2631 ,Ita-

288 2653 383 2712 liae
398 2654 644 2713 salutem
661 2657 1275 2729 reportavit.Territus
1288 2670 1534 2727 namque
1551 2655 1741 2711 fuerat
1764 2653 1945 2710 Attila

289 2746 432 2801 nutu
464 2745 585 2817 Dei,
620 2760 725 2802 nec
757 2745 913 2802 aliud
948 2745 1158 2802 Christi
1190 2745 1483 2801 sacerdoti
1518 2744 1677 2814 loqui
1728 2742 1939 2813 valuit,

286 2834 400 2890 nisi
445 2834 597 2906 quod
630 2835 757 2907 ipse
790 2838 1139 2907 preoptavit.
1176 2836 1393 2891 Ferunt
1437 2833 1800 2905 itaque,post
1830 2831 1947 2888 dis-

286 2936 519 2979 cessum
534 2924 1262 2995 pontiﬁcisinterrogatum
1281 2923 1457 2979 fuisse
1479 2921 1718 2977 Attilam
1736 2936 1765 2978 a
1793 2920 1941 2991 suis,

282 3025 390 3068 cur
419 3011 573 3069 ultra
616 3012 851 3070 solitum
884 3028 1100 3069 morem
1142 3017 1363 3068 tantam
1396 3010 1790 3068 reverentiam
1833 3010 1947 3067 Ro-

284 3115 455 3159 mano
476 3102 736 3174 pontifici
759 3102 1093 3159 exhibuerit
1117 3101 1397 3172 illumque
1412 3101 1811 3173 respondisse,
1832 3114 1944 3157 non

280 3206 344 3248 se
366 3191 525 3249 illius
559 3207 863 3264 personam
903 3193 999 3263 qui
1030 3191 1347 3247 advenerat
1401 3191 1718 3247 reverituin
1744 3189 1942 3258 fuisse,

283 3280 386 3336 sed
422 3280 597 3337 alium
639 3283 827 3338 virum
855 3281 1023 3350 juxta
1070 3296 1200 3337 eum
1244 3281 1299 3335 in
1349 3279 1700 3336 sacerdotali
1743 3279 1946 3337 habitu

282 3369 614 3425 adstantem
653 3370 894 3441 vidisse,
931 3371 1029 3441 qui
1050 3370 1231 3424 forma
1262 3367 1566 3438 augustior
1595 3368 1943 3439 canicieque

281 3460 691 3531 venerabilior,
723 3461 1031 3531 evaginato
1058 3459 1254 3530 gladio
1289 3463 1534 3515 mortem
1568 3458 1679 3515 sibi
1714 3458 1946 3514 minita-

278 3549 454 3619 verit,
490 3550 533 3605 si
567 3564 680 3605 non
713 3551 903 3605 omnia
929 3564 1057 3620 quae
1079 3547 1177 3604 ille
1201 3549 1518 3620 expetebat
1551 3547 1765 3619 implev
1802 3546 1939 3604 erit.

278 3636 466 3706 Igitur
489 3638 667 3694 Attila
700 3638 803 3692 tali
829 3637 1000 3693 modo
1032 3652 1062 3692 a
1093 3652 1195 3693 sua
1218 3636 1431 3693 sevicia
1450 3652 1785 3708 repressus,
1813 3636 1946 3693 reli'

278 3730 373 3781 cta
408 3725 592 3797 Italia,
625 3728 954 3783 Pannonias
993 3726 1292 3798 repetivit.
1329 3727 1410 3781 Ad
1452 3741 1621 3797 quem
1661 3726 1937 3797 Honoria,

279 3814 605 3872 Valentiani
637 3815 919 3887 principis
952 3831 1249 3886 germana,
1285 3815 1420 3872 dum
1452 3831 1481 3870 a
1516 3816 1695 3871 fratre
1731 3817 1805 3872 ob
1842 3816 1938 3872 de-

277 3920 382 3962 cus
433 3906 683 3979 pudiciae
733 3906 1008 3962 districte
1059 3910 1420 3975 servaretur,
1476 3920 1640 3961 suum
1716 3904 1936 3960 direxit

276 3996 625 4067 eunuchum,
652 3996 927 4066 quatinus
942 3994 1210 4066 eam"_sibi
1241 4009 1271 4048 a
1304 3994 1484 4049 fratre
1507 3992 1855 4065 deposceret
1873 3995 1931 4049 in

277 4085 727 4142 matrimonium.
762 4084 869 4151 Qui
903 4087 1147 4155 accepto
1177 4082 1411 4153 nuncio,
1447 4098 1577 4139 cum
1597 4083 1714 4153 jam
1740 4082 1927 4140 Italiae

278 4174 422 4230 ﬁnes
440 4173 810 4244 excessisset,
834 4188 939 4229 nec
960 4174 1163 4228 statim
1184 4172 1431 4242 fatigato
1450 4172 1716 4229 exercitu
1734 4186 1927 4242 regre-

275 4262 331 4319 di
348 4261 659 4334 potuisset,
676 4262 905 4318 mandat
928 4259 1335 4317 Valentiniano
1354 4259 1920 4333 imperatori,pejora

275 4350 540 4422 proxime
570 4365 633 4406 se
666 4348 965 4406 illaturum
986 4348 1191 4419 Italiae,
1218 4348 1266 4404 si
1291 4363 1423 4404 mox
1446 4348 1561 4404 sibi
1584 4362 1917 4418 germanam

2058 465 2107 506 c.
2145 453 2257 521 49.)
2291 448 2566 520 Sequenti
2599 462 2737 503 vero
2770 445 2920 515 luce,
2969 460 3098 501 cum
3151 459 3353 515 magna
3402 444 3516 503 dici
3563 460 3702 517 pars

2056 542 2260 595 exacta
2296 538 2524 607 fuisset,
2559 535 2812 592 ministri
2846 534 3003 604 regis
3035 537 3170 605 post
3198 533 3485 591 clamores
3525 535 3703 592 maxi-

2058 629 2356 699 mos,fores
2380 626 2715 696 eﬂ‘ringunt,
2740 623 3159 693 inveniuntque
3182 622 3419 679 Attilam
3443 622 3566 680 sine
3580 622 3701 681 ullo

2058 714 2625 787 vulnere,sanguinis
2645 712 2987 769 effusionem
3004 719 3315 783 mortuum,
3334 710 3702 784 puellamque

2058 804 2313 861 demisso
2346 804 2512 860 vultu
2544 803 2651 860 sub
2680 801 2965 859 velamine
2993 799 3411 858 lacrimantem.
3445 800 3699 870 Tunc,ut

2057 891 2138 946 illi
2164 892 2324 962 genti
2360 906 2484 947 mos
2514 896 2626 962 est,
2671 890 2918 947 crinium
2970 894 3135 962 parte
3188 894 3477 959 truncata,
3527 887 3702 945 infor-

2055 995 2202 1036 mem
2230 981 2429 1036 faciem
2459 986 2773 1052 turpavere
2798 979 3164 1049 vulneribus,
3192 983 3253 1035 ut
3272 978 3702 1048 preliatorexi-

2057 1069 2206 1125 mins
2239 1084 2350 1125 non
2385 1068 2651 1125 femineis
2680 1067 3198 1125 lamentationibus
3231 1068 3333 1124 sed
3362 1067 3586 1137 agmine
3616 1066 3702 1124 lu-

2054 1163 2294 1228 geretur
2319 1156 2494 1214 virili.
2520 1157 2697 1228 Cujus
2719 1157 2980 1227 exequiw
3004 1155 3204 1213 multis
3228 1154 3578 1227 plausibusa
3595 1168 3700 1212 sua

2054 1252 2225 1317 gente
2259 1248 2559 1303 honoratis
2605 1250 2758 1303 sunt.
2793 1248 2855 1301 In
2900 1245 3105 1301 mediis
3148 1244 3434 1315 siquidem
3481 1243 3702 1316 campis

2056 1336 2209 1392 intra
2244 1335 2558 1392 tentorium
2586 1335 2837 1392 sericum
2870 1333 3184 1403 collocato,
3235 1335 3305 1389 de
3352 1338 3473 1389 tota
3524 1337 3700 1403 gente

2056 1426 2351 1482 Hunorum
2374 1424 2546 1482 electi
2570 1428 2801 1496 equites
2831 1423 3108 1480 cursibus
3158 1421 3303 1479 illud
3354 1421 3696 1491 ambientes,

2057 1515 2615 1586 cantumfunereum
2639 1513 2962 1583 celebrant,
2986 1511 3197 1568 deinde
3223 1512 3500 1583 strabam,
3528 1526 3697 1583 quam

2058 1603 2143 1659 sic
2170 1608 2402 1674 vocant,
2428 1618 2605 1674 super
2637 1602 2921 1659 tumulum
2947 1600 3075 1670 ejus
3101 1598 3321 1669 ingenti
3355 1614 3700 1656 commessa-

1975 1723 2029 1782 Β
2060 1692 2212 1747 tione
2245 1692 2633 1760 celebrantes,
2669 1694 2726 1747 et
2756 1686 3053 1746 contraria
3083 1688 3325 1746 invicem
3368 1687 3476 1744 sibi
3522 1703 3700 1761 copu-

2059 1780 2269 1852 lantes,
2306 1780 2525 1837 luctum
2552 1781 2851 1837 funereum
2875 1778 3054 1834 mixto
3074 1776 3287 1848 gaudio
3306 1775 3696 1848 explicabant,

2058 1873 2346 1939 nocteque
2361 1874 2589 1925 secreta
2613 1868 2864 1925 cadaver
2880 1871 3057 1923 terrae
3070 1865 3578 1923 commendabant.
3596 1867 3703 1922 Cu-

2050 1956 2147 2028 jus
2177 1956 2456 2013 ferculam
2487 1956 2737 2028 primum
2770 1971 2933 2026 auro,
2968 1954 3223 2013 secundo
3245 1959 3487 2025 argento
3513 1954 3699 2011 tercio

2057 2046 2196 2102 ferri
2230 2046 2421 2116 rigore
2469 2045 2887 2115 communiunt,
2935 2043 3040 2100 tali
3091 2047 3436 2114 argumento
3481 2041 3702 2112 signifi-

2056 2140 2279 2203 cantes,
2298 2134 2704 2206 potentissimo
2718 2132 2879 2202 regni
2894 2131 3089 2189 omnia
3102 2132 3463 2201 convenisse,
3483 2131 3699 2187 ferrum

2058 2223 2189 2294 quia
2220 2226 2426 2292 gentes
2473 2223 2753 2293 edomuLt,
2810 2235 3013 2278 aurum
3062 2225 3121 2275 et
3171 2223 3497 2290 argentum,
3543 2217 3701 2290 quod

2057 2313 2363 2384 utriusque
2390 2313 2472 2370 rei
2507 2311 2754 2385 publica:
2785 2313 3127 2367 ornamenta
3175 2308 3421 2379 accepit.
3464 2305 3699 2363 Addunt

2056 2401 2231 2457 etiam
2245 2417 2404 2458 arma
2426 2402 2682 2458 hostium
2711 2399 2970 2457 caedibus
2998 2397 3283 2468 acquisita
3321 2395 3699 2453 falerauienta

2058 2492 2218 2548 vario
2246 2507 2600 2562 gemmarum
2627 2491 2852 2561 fulgore
2875 2489 3143 2561 preeiosa
3167 2486 3506 2558 diversique
3527 2501 3701 2558 gene-

2058 2580 2141 2636 ris
2170 2579 2441 2650 insignia,
2474 2580 2686 2650 quibus
2706 2577 2925 2635 colitur
2947 2576 3094 2634 aulas
3114 2576 3313 2633 decus.
3338 2578 3410 2633 Et
3431 2580 3495 2632 ut
3518 2575 3699 2632 tantis

2059 2666 2278 2724 divitiis
2309 2668 2554 2724 humana
2582 2667 2898 2725 curiositas
2918 2664 3388 2737 arceretur,huic
3409 2664 3573 2737 operi
3605 2662 3700 2720 de-

2056 2760 2294 2829 putatos
2326 2756 2660 2813 detestabili
2693 2755 2961 2814 mercede
2986 2753 3381 2812 trucidarunt.

2128 2846 2267 2901 Post
2290 2845 2414 2901 haec
2438 2845 2590 2900 inter
2613 2858 2986 2902 successores
3006 2843 3202 2901 Attilae
3218 2842 3288 2899 de
3304 2855 3483 2912 regno
3496 2849 3699 2901 exorta

2058 2938 2156 2991 est
2174 2934 2492 3019 contentio,
2517 2939 2575 2991 et
2596 2934 2729 2992 dum
2750 2931 3079 2991 inconsulte
3104 2932 3396 3004 imperare
3425 2930 3692 3003 cupiunt.

2056 3017 2257 3080 omnes
2286 3022 2457 3079 simul
2491 3022 2797 3095 imperium
2831 3021 3232 3094 perdiderunt.
3254 3021 3391 3077 Nam
3416 3017 3518 3074 lilii
3547 3018 3698 3090 ejus‘

1978 3077 2028 3140 Ο
2058 3077 2306 3183 quorum
2335 3077 2439 3182 per
2466 3077 2760 3167 licentiam
2793 3077 3054 3167 libidinis
3088 3122 3230 3180 pene
3264 3106 3518 3179 populus
3564 3077 3692 3175 fuit,

2055 3205 2263 3269 gentes
2282 3199 2391 3257 sibi
2412 3198 2589 3255 dividi
2616 3203 2778 3255 sorte
2802 3198 3143 3270 poscebant,
3164 3199 3230 3253 ut
3252 3194 3431 3251 inslar
3466 3193 3695 3252 familiae

2058 3287 2322 3345 bellicosi
2356 3302 2525 3359 reges
2553 3303 2682 3344 eum
2714 3286 2946 3359 populis
2972 3285 3349 3341 mitterentur
3377 3284 3432 3339 in
3453 3287 3689 3339 sortem.

2054 3376 2126 3432 Ut
2159 3381 2352 3433 autem
2386 3376 2736 3449 Gepidarum
2758 3390 2861 3431 rex
2880 3371 3236 3429 Hardericus
3258 3373 3367 3429 hoc
3384 3371 3691 3443 comperit,
3752 3373 3754 3376 ’

2059 3464 2393 3536 indignatus
2413 3470 2617 3521 contra
2643 3464 2793 3520 ﬁlios
2815 3462 3013 3519 Attilae
3037 3461 3258 3533 primus
3281 3459 3554 3530 insurgit,
3572 3457 3695 3514 illa-

2055 3558 2294 3625 tumque
2314 3553 2604 3611 serviendi
2622 3553 2901 3626 pudorem
2915 3554 3115 3607 secuta
3131 3549 3409 3606 felicitate
3424 3547 3689 3616 detersit,

2053 3657 2160 3699 nec
2191 3642 2377 3700 solum
2410 3656 2572 3699 suam
2600 3647 2833 3713 gentem
2861 3641 2963 3698 sed
2986 3645 3042 3696 et
3066 3644 3298 3697 ceteras
3328 3642 3536 3709 gentes
3562 3650 3691 3708 quae

2052 3731 2275 3802 pariter
2306 3732 2741 3803 premebantur,
2766 3744 2869 3787 sua
2894 3727 3249 3786 discessione
3272 3725 3688 3798 absolvit,quia

2051 3819 2219 3876 facile
2240 3835 2441 3875 omnes
2464 3824 2767 3891 appetunt,
2786 3818 2939 3889 quod
2955 3832 3059 3890 pro
3074 3821 3417 3875 cunctorum
3433 3813 3690 3873 utilitate

2048 3912 2371 3979 temptatur
2403 3908 2791 3963 immutatum.
2816 3907 3000 3976 Igitur
3025 3904 3688 3976 armantur,bellumque

2042 3997 2417 4055 committunt
2444 3995 2499 4051 in
2530 3995 2998 4065 Pannoniajuxta
3026 3994 3235 4051 flumen
3259 3993 3352 4051 cui
3378 4007 3580 4050 nomen
3594 4000 3685 4050 est

2038 4085 2236 4142 Neoda
2255 4102 2269 4153 ;
2291 4082 2854 4141 illucmconeursus
2882 4083 3071 4140 factus
3097 4088 3189 4139 est
3211 4082 3474 4154 gentium
3501 4082 3687 4139 varia-

2038 4190 2188 4246 rum,
2207 4189 2352 4246 quas
2370 4173 2545 4229 Attila
2572 4173 2627 4227 in
2648 4187 2750 4229 sua
2774 4172 3008 4229 tenebat
3035 4172 3273 4228 ditione.
3300 4172 3443 4228 Post
3467 4169 3684 4229 inultos

2034 4279 2176 4335 ergo
2209 4264 2518 4321 conﬂictus
2551 4262 2689 4319 favit
2723 4260 2962 4334 Gepidis
2991 4260 3057 4294 ⁸⁸⁸
3084 4261 3378 4332 inopinata
3404 4260 3681 4330 victoria;

2031 4367 2162 4411 nam
2195 4353 2433 4425 triginta
2464 4353 2584 4409 fere
2613 4350 2904 4408 miliatam
2924 4351 3221 4407 Hunorum
3244 4364 3413 4420 quam
3436 4350 3680 4408 aliarum

270 4454 438 4496 suam
470 4454 599 4496 cum
631 4438 914 4508 regalium
944 4453 1115 4510 opum
1164 4437 1433 4509 portione
1482 4453 1595 4493 non
1645 4439 1917 4495 transmi-
1945 4439 1999 4500 D
2027 4444 2311 4515 gentium,
2345 4458 2472 4515 qua:
2504 4441 2685 4498 Hunis
2701 4440 2967 4497 ferebant
2994 4437 3293 4507 auxilium,
3321 4437 3679 4497 Hardericus

268 4529 464 4586 sisset.
500 4530 791 4585 Reversus
824 4532 1013 4584 autem
1049 4526 1119 4582 ad
1170 4526 1442 4598 proprias
1493 4527 1683 4598 sedes,
1739 4543 1916 4601 super

268 4618 472 4692 plures
497 4633 641 4689 quas
662 4618 912 4674 habebat
936 4630 1151 4674 uxores
1167 4614 1417 4688 puellam
1434 4617 1719 4687 quandam
1743 4617 1914 4676 valde

212 4728 217 4737 ι
264 4709 591 4781 speciosam
624 4706 736 4764 sibi
766 4705 1089 4776 conjunxit.
1122 4706 1207 4762 Ob
1229 4705 1399 4775 cujus
1420 4706 1653 4778 nuptias
1670 4708 1911 4779 profusa

261 4812 545 4856 exercens
577 4795 864 4867 convivia,
888 4795 1022 4851 dum
1043 4800 1271 4852 tantum
1294 4795 1412 4852 vini
1438 4784 1715 4865 quantum
1740 4802 1910 4857 antea

261 4902 577 4960 numquam
608 4885 678 4920 ⁸⁵²
699 4887 757 4941 in
792 4884 971 4941 semel
1005 4885 1273 4956 bibisset,
1310 4883 1722 4956 dormiensque
1754 4889 1913 4960 supi-

258 4993 371 5039 nus
400 4979 647 5051 jaceret,
682 4976 855 5035 nimia
879 4974 1181 5048 sanguinis
1210 4974 1541 5048 eruptione,
1598 4975 1696 5048 qui
1740 4977 1795 5034 ei
1837 4978 1908 5036 de

259 5071 506 5129 naribus
527 5070 762 5127 eﬂluere
782 5068 1007 5126 solebat
1034 5066 1354 5124 suﬂ‘ocatus
1370 5070 1486 5121 est.
1506 5065 1719 5122 Eadem
1735 5072 1907 5125 nocte

257 5162 417 5235 apud
452 5157 1018 5233 Constantinopolim
1046 5157 1334 5214 Marciano
1367 5156 1704 5228 imperatori
1730 5170 1905 5215 arcus

259 5252 331 5313 At
346 5251 464 5314 tila:
488 5252 709 5314 fractus
729 5252 786 5310 in
809 5249 1031 5310 somnis
1051 5246 1408 5319 ostenditur,
1433 5260 1547 5320 quo
1570 5245 1801 5305 scilicet
1815 5262 1905 5307 ar-

2027 4533 2295 4606 peremit,
2327 4531 2625 4601 ﬁliumque
2658 4528 2852 4586 Attilae
2893 4527 3167 4598 majorem
3226 4528 3387 4599 natu,
3441 4529 3673 4586 nomine

2024 4620 2266 4693 Hellam,
2302 4620 2538 4691 occidit,
2559 4634 2726 4690 quem
2746 4624 2913 4690 pater
2928 4631 3104 4689 super
3121 4621 3355 4673 ceteros
3370 4615 3668 4673 intentum

2024 4712 2211 4769 fertur
2243 4723 2489 4779 amasse,
2528 4714 2587 4765 ut
2606 4722 2737 4765 eum
2752 4705 2983 4764 cunctis
3000 4704 3130 4761 aliis
3149 4703 3568 4762 suisliberisin
3585 4720 3674 4762 re-

2020 4814 2135 4872 gno
2152 4798 2325 4856 vellet
2348 4800 2628 4871 preferre.
2648 4799 2771 4866 Quo
2787 4795 3384 4868 interempto,reliqui
3401 4795 3672 4866 ejusger-

2021 4889 2174 4947 mani
2206 4903 2336 4945 cum
2367 4887 2550 4944 Hunis
2574 4887 2848 4958 fugantur
2859 4884 3027 4957 juxta
3050 4884 3190 4942 litus
3212 4885 3389 4942 maris
3406 4882 3659 4954 Pontici,

2020 4981 2120 5038 ubi
2154 4979 2315 5051 prius
2348 4977 2531 5035 fuisse
2560 4975 2835 5046 leguntur
2868 4975 3055 5032 Gothi.
3090 4975 3224 5031 Haae
3246 4987 3423 5031 causa
3445 4972 3662 5031 Harde-

2018 5069 2119 5127 riti
2150 5067 2290 5125 felix
2325 5066 2523 5125 fuitin
2574 5065 2827 5123 diversis
2884 5064 3244 5139 nationibus,
3304 5078 3433 5137 quae
3482 5065 3646 5123 Hunc

2021 5173 2151 5219 rum
2181 5155 2450 5227 regimini
2482 5153 2915 5217 famulabantur
2947 5157 3165 5231 invitas,
3198 5168 3517 5228 earumque
3546 5154 3666 5213 ani-

2021 5262 2149 5309 mos
2180 5247 2281 5310 diu
2311 5247 2689 5311 maetissimos
2719 5248 2792 5309 ad
2822 5247 3192 5323 hylaritatem
3236 5245 3530 5306 libertatis
3566 5259 3665 5305 vo-

1622 5411 1860 5471 VARIIE
1899 5409 2298 5473 LECTIONES.

323 5553 397 5589 ⁸⁸³
430 5566 486 5611 n.
518 5557 568 5610 5.
599 5550 669 5586 ⁴⁸⁸
702 5550 843 5609 illuc
868 5554 949 5608 9°.
981 5547 1050 5583 ⁴³⁴
1077 5547 1242 5608 deest
1264 5552 1342 5606 ὅσ.

534 5653 796 5717 ΡΑτιῑοι.
843 5648 1052 5714 CLIV.
