3992 6054
366 194 482 262 747

1524 178 2004 248 EKKEHARDI
2047 178 2605 252 URAUGIENSIS

3648 190 3769 257 ’748

367 332 770 392 ιίνεε“θιί·θχίῐ.
805 326 1117 385 Venientes
1148 339 1288 394 ergo
1323 321 1486 378 multi
1520 336 1591 378 ex
1624 334 1711 377 eis
1752 317 1824 376 ad
1864 319 2004 375 Mar-
2031 318 2089 381 Α
2119 317 2229 376 mir
2258 320 2569 395 promittit,
2601 328 2666 380 ut
2696 322 2906 381 exinde
2938 341 3052 397 pax
3084 323 3353 384 stabilior
3380 326 3535 386 inter
3563 330 3771 389 Roma-

364 426 592 482 cianum
626 421 965 495 pri‘icipem,
999 414 1331 486 gratissime
1363 418 1498 469 sunt
1528 412 1598 468 ab
1622 426 1689 467 eo
1718 409 2000 481 suscepti,

366 513 830 581 distributasquc
863 506 1053 575 sedes,
1092 518 1235 575 quas
1264 502 1607 569 incolerent,
1627 503 1998 571 acceperunt.

363 601 566 673 Gepidi
599 612 845 669 namque
880 599 1174 651 Hunorum
1208 591 1318 648 sibi
1344 590 1514 647 sedes
1548 589 1799 645 viriliter
1822 587 2006 646 vindi-

364 696 584 760 cantes,
600 687 780 743 totius
796 685 975 741 Datiae
993 682 1205 738 finibus
1222 680 1377 736 velut
1405 679 1660 735 victores
1680 678 1851 750 potiti
1868 681 2002 733 sunt

364 777 539 834 nichil
574 775 729 832 aliud
760 790 791 830 a
820 775 1075 829 Romano
1108 770 1352 840 imperio
1388 768 1502 824 nisi
1557 782 1753 839 pacem
1806 770 2005 838 postu-

361 864 593 931 lantes;
629 867 905 919 Sarmatae
938 875 1078 915 vero
1109 864 1169 914 et
1201 857 1505 914 Cemandri
1560 861 1618 912 ct
1672 856 1905 926 quidam
1934 869 2005 911 ex

362 955 659 1010 Hunorum
692 954 856 1023 parte
889 948 960 1004 ad
991 949 1304 1003 Maternam
1339 946 1539 1002 urbem
1580 944 1781 999 Illirici
1832 942 2004 1000 sedes

365 1045 682 1114 posuerunt
718 1039 875 1111 Scyri
909 1043 966 1095 et
1002 1036 1271 1105 Adagarii
1307 1034 1375 1067 ⁸⁸⁵
1409 1033 1699 1105 Scythiam
1724 1032 2004 1089 minorem

363 1135 422 1186 et
461 1130 796 1186 inferiorem
836 1127 1089 1183 Mmsiam
1124 1128 1478 1195 acceperunt
1501 1122 1647 1192 Rugi
1671 1122 1916 1191 aliaique
1938 1120 2006 1153 ⁸⁸⁸

361 1219 632 1275 nationes
652 1216 945 1274 nonnullae
972 1214 1146 1269 Bizim
1166 1220 1224 1269 et
1243 1211 1715 1282 Archadiopolim
1749 1210 2002 1281 petiere;

359 1307 624 1363 Heruach
658 1320 887 1377 quoque
915 1304 1111 1374 junior
1143 1302 1339 1358 Attila)
1374 1301 1548 1370 filius,
1584 1315 1712 1356 eum
1757 1299 1880 1355 suis
1909 1313 2007 1354 ex-

361 1400 578 1452 tremas
603 1393 845 1451 minoris
864 1392 1113 1464 Scythim
1139 1392 1334 1446 sedem
1354 1390 1531 1459 elegit
1565 1391 1907 1444 Hemmezur
1946 1394 2005 1443 et

361 1483 678 1541 Bulzindur
698 1482 766 1517 ⁸³⁷
794 1480 1209 1551 consenguinei
1234 1480 1287 1534 in
1313 1479 1476 1534 Datia
1496 1477 1730 1548 Ripcnsi
1757 1477 2005 1533 Hedisco

361 1572 679 1643 Halmoque
698 1571 867 1645 potiti
885 1575 1043 1640 sunt,
1063 1568 1401 1639 diversique
1424 1567 1656 1622 diversa
1685 1566 2000 1637 petierunt.

364 1660 535 1716 Gothi
568 1675 706 1716 vero
757 1659 1025 1716 videntes
1053 1656 1306 1727 Gepidos
1340 1657 1634 1710 Hunorum
1675 1653 1843 1709 sedes
1892 1653 2004 1709 sibi
2034 1677 2088 1737 B

364 1748 673 1805 vendicarc
693 1753 751 1804 et
776 1749 1070 1802 Hunorum
1096 1744 1371 1815 populum
1392 1758 1529 1798 suas
1546 1743 1714 1797 sedes
1740 1741 2006 1811 antiquas

364 1851 678 1908 occupare,
708 1834 1038 1891 maluerunt
1061 1849 1091 1889 a
1119 1834 1370 1887 Romano
1396 1846 1574 1900 regno
1595 1835 1783 1886 terras
1804 1834 2005 1900 petere

365 1940 535 1997 quam
587 1939 715 1981 cum
765 1922 1099 1978 discriminc
1150 1920 1370 1975 alienas
1419 1919 1734 1985 invadere;
1787 1920 2007 1974 Panno-

364 2013 633 2083 niamque
663 2026 969 2083 accepere,
1008 2010 1204 2079 ibique
1236 2009 1344 2064 sub
1369 2022 1504 2076 rege
1528 2006 1836 2063 Walamiro
1858 2006 2007 2076 ejus-

366 2116 477 2172 que
504 2115 778 2170 germano
808 2099 1099 2154 Dietmaro
1130 2096 1599 2166 8""morabantur,
1634 2095 1896 2165 quamvis
1928 2094 2008 2151 lo-

363 2189 449 2246 cis
481 2188 702 2257 divisis,
736 2186 980 2245 consilio
1016 2191 1204 2242 tamen
1239 2185 1439 2241 uultis.
1466 2185 1605 2239 Nam
1636 2183 2006 2239 Walamirin-

365 2284 455 2334 ter
488 2277 902 2347 Searniungam
932 2274 1000 2308 ⁸⁵⁸
1031 2280 1086 2331 et
1114 2276 1333 2344 Aquam
1375 2274 1627 2342 Nigram,
1676 2272 2006 2328 Dietmarus

358 2366 525 2437 juxta
559 2364 749 2421 locum
791 2362 860 2396 ⁸⁶⁰
909 2362 1127 2418 Pellois
1183 2362 1505 2431 habitabat,
1556 2360 1822 2415 Witimar
1873 2375 2005 2417 cum

364 2459 614 2525 utroque
628 2453 917 2509 manebat.
947 2450 1431 2521 Contigitautcm,
1454 2448 1733 2521 uthttilae
1750 2448 1851 2505 ﬁlii
1873 2463 2006 2506 con-

359 2547 452 2599 tra
488 2542 726 2612 Gothos,
758 2541 923 2613 quasi
957 2539 1295 2596 desertores
1328 2537 1738 2593 dominationis
1781 2551 2000 2608 eorum,

366 2631 654 2687 venirent.
689 2629 1021 2701 ignarisque
1046 2627 1177 2684 aliis
1208 2626 1509 2695 fratribus,
1538 2641 1717 2698 super
1737 2625 2006 2681 Walami-

368 2734 497 2775 rum
530 2718 717 2775 solum
753 2717 1063 2773 irruerent.
1108 2715 1262 2782 Quos
1320 2719 1511 2770 tamen
1567 2714 1830 2785 quamvis
1872 2730 2003 2771 cum

361 2806 565 2878 paucis
588 2805 685 2863 ille
708 2805 995 2877 execepit,
1024 2804 1237 2873 diuque
1264 2804 1537 2871 fatigatos
1562 2803 1640 2858 ita
1658 2803 2000 2874 prostravit,

362 2899 426 2953 ut
458 2896 553 2951 vix
584 2893 777 2966 aliqua
809 2909 1010 2951 eorum
1045 2908 1181 2965 pars
1216 2896 1562 2948 remaneret.
1615 2894 1694 2948 Eo
1742 2896 2003 2963 tempore

359 3000 491 3042 cum
520 3000 624 3057 pro
641 2986 805 3055 gesta
832 2999 892 3040 re
917 2984 988 3039 ad
1014 2984 1225 3040 fratres
1252 2997 1392 3038 suos
1417 2981 1771 3040 Dietmarum
1801 2985 1857 3038 et
1890 2982 2005 3037 Wi-

358 3075 630 3132 timarum
662 3074 1012 3130 direxissent
1042 3072 1337 3141 nuncium,
1374 3071 1615 3127 veniens
1650 3070 1897 3127 nuncius
1945 3071 2002 3125 in

357 3163 527 3220 domo
554 3162 854 3227 Dietmari,
892 3161 1079 3232 majus
1131 3161 1349 3217 invenit
1402 3159 1716 3230 gaudium;
1752 3160 1878 3230 ipso
1928 3159 2005 3215 si-

360 3252 592 3323 quidem
617 3252 708 3308 die
730 3250 1139 3318 Theodericus,
1159 3248 1313 3305 filius
1329 3250 1475 3319 ejus,
1503 3248 1768 3318 quamvis
1784 3249 2003 3318 dejcon-

359 3340 592 3410 cubina,
622 3341 787 3396 bonae
812 3344 1003 3394 tamen
1024 3336 1145 3407 spei
1174 3336 1471 3407 puerulus,
1500 3340 1672 3391 natus
1710 3337 2002 3391 erat.Post

358 3432 591 3499 tempus
618 3442 758 3497 ergo
790 3442 901 3483 non
961 3425 1205 3481 multum
1263 3423 1329 3457 ⁸⁸1
1388 3440 1489 3480 rex
1547 3423 1896 3481 Walamirus
1941 3429 2001 3480 et

358 3517 485 3587 ejus
519 3517 732 3572 fratres
756 3516 1088 3571 Dietmarus
1112 3517 1168 3569 et
1196 3513 1532 3568 Witimarus
1555 3513 1689 3569 dum
1715 3517 1998 3569 eousueta

361 3604 511 3661 dona
546 3604 848 3660 tardarent
874 3620 901 3659 a
927 3602 1189 3675 principe
1210 3601 1497 3658 Marciano
1521 3601 1807 3673 accipere,
1828 3608 1887 3657 et
1904 3602 2002 3657 foe-

362 3694 498 3750 dera
519 3697 713 3749 tamen
751 3692 911 3765 pacis
932 3690 1322 3756 custodirent,
1347 3690 1505 3747 missi
1529 3691 1601 3746 ab
1624 3690 1710 3746 eis
1741 3689 2001 3760 legatim

359 3783 428 3839 ad
467 3783 896 3854 imperatorem,
930 3780 1205 3836 videbant
1237 3779 1674 3849 Theodericum,
1709 3779 1914 3835 Triarii
1939 3779 2002 3834 fi-

359 3869 520 3941 lium,
579 3884 793 3941 genere
854 3868 1086 3940 quidem
1142 3868 1405 3938 Gothico,
1464 3868 1567 3924 sed
1626 3868 1735 3923 alia
1811 3868 1997 3940 stirpe

360 3972 528 4029 quam
562 3960 894 4015 Amalorum
926 3961 1316 4029 procreatum,
1348 3956 1580 4012 omnino
1602 3971 1731 4012 cum
1747 3956 1872 4012 suis
1898 3957 1998 4011 llo-

359 4051 581 4103 rentem
615 4050 675 4102 et
706 4048 1093 4102 Romanorum
1128 4044 1406 4101 amiciciis
1438 4048 1722 4115 utentem,
1764 4059 1825 4102 se
1857 4060 1997 4101 vero

356 4136 589 4193 omnino
620 4136 883 4207 despici;
934 4134 1087 4192 domi
1138 4135 1261 4191 haec
1320 4134 1683 4190 renunciant.
1748 4149 1998 4205 moxque

358 4226 547 4296 Gothi,
582 4226 777 4282 furore
792 4224 1088 4293 commoti,
1120 4238 1276 4279 arma
1292 4221 1997 4294 corripiunt,etllliricum

358 4329 503 4387 pene
535 4319 723 4371 totum
754 4313 1052 4386 predando
1086 4311 1414 4367 devastant.
1448 4310 1557 4367 Sed
1588 4311 1872 4366 Marciano
1898 4312 1999 4366 im-

2033 3029 2083 3093 C

2118 426 2222 468 nos
2253 416 2309 468 et
2345 413 2562 469 Gothos
2596 419 2874 471 maneret.
2911 416 3095 486 Igitur
3141 418 3529 477 Theodericus
3581 422 3764 479 obses

2115 500 2352 557 ducitur
2369 502 2440 558 ad
2464 503 2664 558 urbem
2693 502 2761 535 ⁸⁸³
2784 505 3504 579 Constantinopolitanam,
3529 514 3590 565 et
3615 511 3762 582 quia

2115 588 2394 662 parvulus
2430 590 2668 661 elegans
2700 592 2827 663 fuit,
2862 593 3221 665 imperialem
3250 596 3497 665 gratiam
3534 614 3772 669 prome-

2115 678 2234 734 ruit
2287 681 2603 751 Postquam
2633 679 2701 713 ⁸⁶⁴
2732 696 2872 750 ergo
2897 682 3058 739 firma
3084 697 3192 754 pax
3214 684 3365 741 inter
3392 687 3680 744 Romanos
3703 691 3765 744 et

2114 767 2332 824 Gothos
2361 769 2511 824 facta
2543 772 2655 840 est,
2692 768 2958 827 videntes
3006 770 3074 804 ⁸⁸⁸
3120 772 3291 828 Gothi
3316 773 3430 830 sibi
3479 789 3590 831 non
3627 776 3762 833 sum

2114 870 2246 912 cere
2279 871 2407 927 quae
2435 859 2507 914 ab
2541 858 2895 929 imperatore
2913 864 3284 931 acceperant,
3312 861 3607 934 simulque
3625 863 3767 921 soli~

2113 947 2230 1000 tam
2249 945 2554 1017 cupientes
2574 950 2876 1004 ostentare
2898 948 3198 1019 virtutem,
3216 951 3761 1022 cmperuntviciuas

2115 1032 2424 1104 depredari
2442 1033 2510 1066 ⁸⁸⁸
2530 1038 2756 1106 gentes,
2779 1036 3141 1107 primumque
3155 1042 3361 1095 contra
3377 1038 3507 1095 Sata
3516 1054 3648 1110 gos,
3664 1041 3761 1113 qui

2118 1120 2823 1195 interioremlPannoniam
2849 1126 3253 1197 possederant,
3269 1141 3427 1183 arma
3446 1143 3537 1185 mo
3549 1134 3765 1186 verunt

2116 1210 2279 1277 Quod
2310 1211 2407 1267 ubi
2440 1226 2544 1267 rex
2576 1214 2873 1270 Hunorum
2901 1214 3160 1284 Dinzich,
3215 1214 3367 1272 filius
3418 1216 3615 1275 Attila
3662 1217 3752 1289 ⁸⁸⁷,

2116 1299 2411 1369 cognovit,
2446 1299 2713 1356 collectis
2740 1316 2887 1372 quos
2930 1302 3119 1359 adhuc
3168 1302 3441 1376 habebat,
3494 1305 3759 1377 quamvis

2117 1401 2356 1458 paucos,
2372 1387 2725 1444 Pannoniam
2740 1388 2810 1444 de
2818 1389 3048 1460 predari
3071 1390 3267 1462 erepit.
3295 1390 3418 1458 Quo
3436 1398 3754 1466 comperto,

2116 1475 2284 1530 Gothi
2318 1476 2416 1531 ubi
2445 1480 2613 1532 erant
2636 1476 3067 1547 expeditionem
3089 1478 3406 1551 solventes,
3433 1494 3601 1551 quam
3622 1496 3760 1538 con-

2117 1567 2207 1618 tra
2239 1563 2484 1633 Satagos
2512 1564 2827 1632 habebant,
2862 1565 2918 1620 in
2950 1567 3146 1623 Hunos
3164 1572 3532 1639 convertunt,
3553 1569 3755 1641 sicque

2116 1665 2218 1706 eos
2252 1652 2462 1708 ﬁnibus
2493 1652 2614 1709 suis
2652 1652 2934 1722 inglorios
2981 1654 3374 1727 expellebant,
3425 1662 3489 1713 ut
3536 1670 3610 1713 ex
3656 1656 3758 1714 illo

2119 1744 2382 1809 tempore
2403 1740 2500 1810 qui
2525 1746 2925 1797 remanserant
2946 1742 3091 1798 Huni
3110 1743 3430 1799 Gothorum
3449 1759 3606 1800 arma
3630 1758 3765 1816 per-

2121 1826 2445 1882 timescant.
2474 1828 2957 1898 Quiescentejam
2982 1832 3217 1887 tandem
3252 1832 3548 1888 Hunorum
3586 1836 3763 1903 gente

2120 1929 2150 1969 a
2181 1915 2402 1987 Gothis,
2436 1917 2873 1974 Chunimundus
2902 1932 3005 1974 rex
3037 1919 3354 1976 Suavorum
3385 1917 3455 1953 3“
3484 1935 3611 1976 cum
3636 1921 3763 1977 suis

2117 2002 2398 2060 invadens
2425 2004 2568 2061 lines
2601 2005 2895 2077 Dietmari,
2924 2006 3124 2063 fratris
3154 2006 3447 2064 Walamiri
3477 2008 3632 2078 regis
3656 2008 3763 2065 Go-

2117 2090 2369 2161 thorum,
2396 2108 2496 2149 eos
2538 2093 2918 2165 depredatur,
2970 2096 3279 2166 omniaque
3323 2096 3619 2155 abduccns
3666 2110 3760 2152 ar-

2117 2185 2332 2251 menta,
2350 2182 2405 2236 in
2431 2186 2647 2239 terram
2669 2199 2831 2240 suam
2856 2184 3195 2242 revertitur.
3213 2185 3470 2242 Dietmar
3488 2201 3626 2243 vero
3643 2201 3760 2243 non

2116 2269 2647 2339 tantumjaeturam
2672 2277 3066 2330 armentorum
3098 2272 3304 2330 dolens
3337 2279 3614 2345 quantum
3646 2289 3762 2331 me-

2116 2361 2288 2414 tuens
2318 2373 2389 2413 ne
2420 2360 2612 2432 Suavi,
2647 2361 2696 2417 si
2723 2361 2834 2417 hoc
2872 2361 3108 2433 impune
3131 2360 3521 2434 lucrarentur,
3551 2362 3623 2419 ad
3647 2377 3763 2420 ma-

2110 2444 2297 2515 jorem
2322 2446 2619 2503 licentiam
2657 2448 3021 2521 prosilirent,
3059 2450 3145 2506 sic
3173 2450 3435 2521 vigilavit
3471 2451 3529 2507 in
3558 2466 3760 2509 eorum

2117 2534 2393 2605 transitu,
2433 2540 2495 2591 ut
2527 2535 2898 2609 intempesta)
2930 2538 3120 2595 noctis
3144 2537 3381 2596 silentio
3406 2539 3761 2597 dormientes

2116 2622 2417 2681 invaderet
2451 2625 2523 2681 ad
2557 2625 2744 2683 lacum
2773 2626 3012 2697 Pellois,
3040 2632 3428 2700 consertoque
3460 2629 3759 2701 inopinato

2115 2712 2339 2783 praelio,
2366 2714 2449 2768 ita
2463 2728 2564 2771 eos
2581 2715 2896 2787 obpressit,
2924 2721 2985 2772 ut
3010 2716 3185 2773 etiam
3200 2718 3388 2789 ipsum
3405 2732 3600 2789 regem
3615 2719 3764 2776 Chu-

2115 2800 2453 2858 nimundum
2483 2808 2717 2874 captum
2776 2819 2907 2861 eum
2942 2811 3219 2877 superato
3251 2807 3516 2864 exercitu
3550 2807 3764 2865 Gotho-

2115 2904 2241 2945 rum
2265 2890 2536 2947 servituti
2562 2891 2909 2948 subdiderit.
2935 2893 3046 2950 Sed
3061 2893 3196 2951 dum
3210 2900 3374 2952 esset
3393 2894 3638 2952 multum
3656 2895 3763 2952 mi-

2116 2978 2392 3051 sericors,
2426 2980 2578 3036 facta
2611 2980 2853 3049 ultione,
2889 2982 3115 3038 veniam
3148 2982 3235 3039 eis
3270 2982 3640 3054 condonavit,
3670 2998 3763 3040 re-

2113 3067 2579 3139 conciliatusque
2608 3084 2738 3125 cum
2773 3070 2997 3141 Suavis,
3030 3069 3276 3127 eundem
3302 3087 3471 3143 quem
3521 3075 3757 3144 ceperat

2112 3156 2400 3227 adoptans
2429 3156 2542 3213 sibi
2573 3156 2629 3211 in
2666 3156 2869 3227 filium,
2925 3158 3151 3214 remisit
3201 3159 3256 3215 in
3309 3160 3574 3216 Suaviam
3623 3174 3755 3217 cum

2112 3245 2252 3302 suis.
2280 3244 2382 3301 Ille
2414 3250 2626 3317 autem,
2664 3250 2923 3318 paternae
2959 3248 3260 3304 immemor
3280 3249 3485 3319 gratiae
3506 3248 3594 3320 “9,
3623 3254 3757 3321 post

2110 3332 2336 3404 aliquot
2370 3338 2600 3406 tempus
2623 3334 2758 3391 dolo
2780 3340 3085 3408 concepto,
3114 3338 3341 3409 Scyros,
3368 3338 3467 3410 qui
3489 3342 3629 3395 tunc
3661 3354 3756 3396 su-

2111 3436 2213 3491 per
2246 3422 2571 3479 Danubium
2604 3423 3010 3496 considebant,
3038 3425 3325 3499 incitavit,
3361 3432 3427 3484 ut
3475 3427 3531 3483 in
3580 3442 3757 3485 unum

2111 3509 2347 3566 collecti
2380 3514 2611 3580 gentem
2644 3512 2964 3570 Gothorum
2986 3514 3348 3572 invaderent.
3374 3517 3530 3573 Tune
3554 3515 3761 3573 Gothis

2110 3597 2289 3653 nichil
2323 3597 2456 3654 mali
2489 3600 2960 3672 susspicantibus
2983 3605 3056 3659 ab
3080 3603 3280 3660 amicis
3302 3604 3510 3661 vicinis
3539 3604 3757 3662 bellum

2110 3686 2379 3758 insurgit,
2416 3691 2494 3759 et,
2532 3688 2850 3762 improvisa
2882 3693 3071 3749 coacti
3094 3694 3470 3765 necessitate,
3504 3693 3575 3751 ad
3599 3708 3762 3751 arma

2111 3777 2473 3848 confugiunt,
2506 3783 2863 3851 arreptoque
2894 3782 3233 3854 certamine,
3269 3797 3329 3840 se
3360 3797 3645 3855 suamque
3675 3781 3763 3839 ul-

2110 3863 2413 3921 ciscuntur
2444 3864 2734 3935 injuriam.
2772 3869 2833 3923 ln
2861 3882 2931 3925 eo
2961 3870 3247 3940 siquidem
3278 3870 3482 3942 praelia
3512 3886 3617 3928 rex
3657 3872 3758 3929 Go-

2108 3953 2343 4011 thorum
2367 3954 2662 4026 Walamir,
2690 3955 2826 4013 dum
2850 3958 2918 4015 ad
2944 3957 3266 4016 hortandos
3289 3974 3427 4017 suos
3441 3975 3653 4032 equum
3671 3974 3763 4018 as-

2107 4043 2387 4100 cenderet
2432 4048 2490 4100 et
2562 4048 2696 4101 ante
2721 4046 2902 4103 aciem
2934 4055 3331 4120 procurreret,
3372 4050 3760 4121 proturbatus

2108 4147 2297 4204 equus
2324 4135 2548 4192 corruit
2582 4149 2994 4208 sessoremque
3025 4154 3191 4195 suum
3224 4138 3460 4210 dejecit.
3484 4140 3592 4208 Qui
3617 4154 3756 4197 mox

2109 4222 2472 4279 inimicorum
2512 4223 2733 4281 lanceis
2778 4225 3144 4298 vulneratus,
3195 4227 3585 4301 interemptus
3634 4233 3755 4286 est.

2112 4310 2283 4366 Gothi
2304 4326 2443 4367 vero
2464 4315 2581 4367 tam
2606 4313 2763 4382 regis
2788 4314 2878 4370 sui
2903 4319 3150 4371 mortem
3178 4331 3348 4387 quam
3372 4331 3609 4375 suorum
3639 4316 3764 4373 vin-

357 4407 628 4475 peratore
661 4402 957 4471 defuncto,
990 4415 1121 4456 cum
1148 4415 1386 4469 regnum
1411 4399 1701 4472 acciperet
1718 4400 1850 4470 Leo,
1869 4416 2001 4456 mox
2028 4388 2081 4448 D
2113 4398 2378 4456 dicantes
2409 4400 2701 4471 injuriam,
2733 4402 2819 4459 sic
2848 4417 3050 4460 omnes
3082 4407 3482 4474 extruxerunt,
3521 4410 3584 4462 ut
3608 4418 3759 4478 pene

356 4494 505 4563 (227)
537 4490 608 4546 ad
640 4489 946 4563 pristinam
979 4505 1109 4545 cum
1143 4488 1346 4545 Gothis
1378 4487 1692 4544 amicitiam
1724 4489 1998 4561 recurrit,

353 4583 412 4637 et
443 4582 561 4635 tam
591 4578 874 4650 preterita
909 4592 1078 4649 quam
1118 4575 1417 4649 presentia
1470 4590 1709 4632 munera
1775 4576 2001 4648 tribuit,

351 4672 410 4724 et
443 4667 605 4739 pacis
635 4666 896 4723 obsidem
943 4665 1358 4722 Theodericum
1421 4663 1793 4735 infantulum,
1853 4665 2012 4733 Diet_

350 4756 493 4814 mari
529 4755 731 4827 ﬁlium,
768 4755 1017 4828 accepit,
1052 4755 1285 4827 quijam
1309 4768 1519 4811 annum
1541 4754 2013 4814 octavumintra.

350 4845 647 4915 vit.Quem
680 4845 817 4904 dum
849 4850 1022 4919 pater
1054 4844 1193 4902 dare
1224 4844 1510 4915 tarderet,
1546 4846 1795 4915 patruus
1824 4846 2014 4903 Wala-

2114 4489 2185 4546 dc
2217 4492 2386 4559 gente
2417 4489 2725 4560 Scyrorum
2752 4491 2951 4549 nullus
2969 4497 3319 4566 remaneret,
3346 4494 3573 4567 nisiqui
3598 4492 3761 4552 istud

2116 4592 2323 4635 nomen
2342 4593 2472 4634 cum
2496 4577 2782 4638 dedecore
2807 4581 3045 4638 ferrent.
3073 4584 3289 4640 Iterum
3315 4583 3753 4641 Chunimundus

2117 4683 2247 4726 cum
2276 4666 2500 4738 Suavis,
2531 4667 2716 4725 fretus
2744 4669 2959 4727 auxilio
2994 4673 3386 4729 Sarmatarum
3409 4678 3469 4731 et
3492 4671 3760 4744 reliquiis

2123 4758 2451 4828 Scyrorum,
2487 4756 2775 4829 simulque
2804 4774 2877 4815 ex
2906 4760 3141 4833 Gepidis
3172 4762 3468 4834 Rugisque
3499 4776 3612 4818 non
3627 4776 3762 4833 par-

2125 4846 2212 4903 vis
2244 4842 2470 4902 sOlatiis
2499 4845 2788 4920 collectis,
2822 4847 3037 4906 bellum
3067 4849 3267 4908 intulit
3301 4851 3526 4909 Gothis.
3586 4849 3759 4908 Gothi

1701 4990 1938 5046 VARLE
2005 4989 2405 5048 LECTIONES.

419 5115 488 5150 ⁸³⁸
541 5112 861 5184 adagatarii
912 5110 1067 5169 9om
1114 5115 1289 5216 atque
1336 5110 1465 5167 alia:
1513 5115 1564 5167 5.
1615 5110 1683 5144 ⁸⁸⁷
1736 5114 2040 5173 birzindur
2087 5121 2166 5173 9°.
2220 5113 2289 5149 ⁸⁸⁸
2326 5113 2688 5172 ediethmaro
2729 5115 2909 5173 fratre
2939 5132 3014 5175 m.
3047 5122 3125 5175 9°.
3160 5116 3230 5152 ⁸⁸⁸
3260 5118 3634 5225 εεειηίυιέἕαω
3668 5122 3753 5177 9°.

436 5188 525 5225 Mn
554 5186 702 5225 ρηθλ
750 5185 1071 5225 mnlgnnm
1149 5181 1196 5217 ³³
1255 5182 1581 5225 InnaanG
1653 5182 1805 5225 εσθαι
1895 5185 1907 5225 Ι
1996 5187 2066 5225 9h
2124 5187 2208 5225 οἱα
2267 5185 2392 5225 κεοδ
2449 5186 2517 5225 ad
2580 5203 2613 5225 ιι
2698 5187 2909 5225 lineales!
2963 5193 3035 5225 oe‘
3101 5188 3169 5224 864
3196 5196 3327 5225 πηοί
3360 5195 3421 5225 ne
3573 5206 3608 5225 υ
3655 5203 3753 5225 ηπ-

349 5187 419 5221 ⁸⁴⁰
436 5188 527 5244 ita
554 5181 717 5244 codd.
750 5200 855 5244 pro
885 5185 1093 5241 lacum.
1149 5181 1174 5217 ⁸

1255 5182 1487 5264 longum
1519 5185 1598 5264 9°.
1637 5182 1723 5264 ,ᾖξ’
1756 5199 1829 5240 m.
1892 5185 1930 5241 l.
1995 5187 2210 5264 ab_eis
2265 5185 2520 5264 5.?”7ad
2580 5203 2634 5244 u.
2698 5187 2909 5264 desum
2963 5193 3041 5264 9_°‘.
3101 5188 3169 5224 ⁸⁸⁵
3194 5196 3333 5264 post
3360 5195 3440 5249 9°.

3573 5206 3626 5249 γ.
3653 5203 3761 5249 au-

355 5264 467 5315 tem
498 5263 577 5315 9°.
633 5256 704 5290 ⁸⁶⁶
730 5253 1053 5327 depredare
1084 5260 1145 5312 9°
1200 5253 1267 5288 ⁸⁶τ
1299 5254 1496 5311 attalaa
1524 5259 1575 5309 5.
1636 5254 1705 5289 ⁸⁶⁸
1735 5270 2050 5315 suevorum
2086 5261 2136 5314 4.
2166 5264 2243 5316 9°.
2281 5262 2365 5315 10.
2402 5262 2486 5313 ll;
2518 5272 2760 5330 semper.
2795 5258 2864 5293 ⁸⁸³
2892 5274 2946 5330 g.
2985 5259 3023 5317 i.
3058 5264 3107 5316 5.

1938 5389 2140 5448 ΝΟΤιΕ
2153 5433 2168 5450 .

424 5491 571 5566 (227)
604 5489 687 5547 Ita
714 5486 876 5547 Iord.
906 5486 977 5548 de
1010 5487 1318 5546 Marciano.
