3986 6048
216 276 334 339 749

1096 272 1534 339 CIIRONICA.
1568 312 1642 323 —-
1687 272 2169 339 CHRONICON
2210 273 2742 340 UNIVERSALE

3498 275 3619 342 750

218 427 377 483 vero,
413 411 686 467 defuncto
722 410 1048 480 Walamiro,
1086 410 1155 465 ad
1192 410 1430 466 fratrem
1465 411 1591 481 ejus
1614 410 1863 465 Dietma-
1890 409 1946 469 A
1977 409 2240 482 principe
2289 411 2552 468 directus
2602 425 2747 473 cum,
2787 410 3050 467 exercitu
3095 409 3452 467 morabatur.
3506 412 3617 479 Qui

219 515 343 557 rum
367 499 731 569 confugiunt,
757 514 1004 570 eumque
1029 513 1223 569 regem
1250 499 1639 555 constituunt.
1669 499 1857 568 (Jonn.

217 605 266 645 c.
302 590 371 644 54
401 587 557 659 sqq.)
591 587 695 655 Qui
728 587 991 658 quamvis
1026 587 1242 644 dudum
1266 603 1397 644 cum
1424 588 1604 643 fratre
1630 600 1863 657 regnas-

220 680 328 747 set,
361 676 640 733 auctioris
669 675 738 709 ⁸⁷⁰
770 681 957 732 tamen
1000 677 1315 748 potestatis
1364 676 1609 746 insignia
1664 674 1857 746 sumit,

221 765 477 837 bellique
512 771 677 837 parte
717 770 977 836 coactus,
1025 781 1154 821 cum
1210 766 1391 820 fratre
1442 765 1740 821 Witimaro
1790 763 1862 820 ad

220 868 377 910 arma
410 853 682 927 prosiliit,
718 858 1108 923 consertoque
1140 853 1364 925 prmlio,
1402 853 1668 925 superior
1707 853 1859 909 facta

219 947 311 1000 est
342 958 478 1014 pars
511 943 849 1013 Gothorum,
886 943 1030 999 adeo
1064 948 1128 999 ut
1177 958 1414 1015 campus
1460 941 1859 999 corruentium

221 1030 585 1088 inimicorum
620 1046 828 1087 cruore
862 1032 1222 1087 madefactus
1254 1036 1315 1087 ut
1350 1032 1592 1087 rubrum
1617 1029 1859 1105 pelagus

218 1122 549 1191 appareret,
584 1133 859 1189 armaque
891 1123 947 1174 et
980 1119 1265 1175 cadavera
1300 1119 1430 1191 plus
1464 1133 1633 1189 quam
1660 1120 1858 1176 decem

218 1205 460 1277 milium,
494 1207 550 1262 in
581 1206 810 1263 modum
841 1207 1077 1263 collium
1106 1207 1424 1276 cumulata,
1466 1222 1731 1279 campum
1773 1222 1863 1264 re-

218 1296 466 1368 plerent.
503 1295 641 1351 Inde
674 1296 859 1351 victor
895 1296 968 1352 ad
1019 1296 1284 1368 proprias
1334 1296 1507 1353 sedes
1556 1301 1861 1353 revertens

216 1385 550 1441 Dietmarus
580 1400 711 1441 cum
741 1385 958 1456 Gothis,
990 1386 1403 1442 Theodericum
1454 1385 1633 1442 filium
1666 1401 1856 1458 suum,

219 1488 390 1546 quem
424 1474 686 1530 obsidem
716 1474 978 1545 dederat,
1012 1490 1041 1531 a
1068 1476 1253 1531 Leone
1285 1475 1639 1546 imperatore
1663 1475 1861 1532 remis-

216 1577 347 1620 sum
377 1578 506 1620 cum
541 1563 764 1633 magnis
813 1562 1169 1634 muneribus,
1221 1566 1525 1633 gratanter
1574 1564 1854 1635 suscepit.

216 1650 327 1718 Qui
358 1666 487 1708 cum
515 1652 631 1722 jam
662 1651 861 1708 decem
896 1654 951 1706 et
982 1656 1115 1707 octo
1147 1666 1429 1707 annorum
1460 1655 1636 1722 esset,
1669 1666 1742 1708 ex
1771 1666 1863 1709 sa-

1976 498 2108 555 dum
2142 498 2391 569 videret,
2425 499 2861 556 Thcsalonicam
2913 499 3067 556 vallo
3118 499 3347 570 muniri,
3401 514 3507 557 nec
3554 515 3618 558 se

1975 602 2151 658 posse
2182 589 2491 644 conatibus
2521 602 2718 645 eorum
2751 588 3051 659 resistere,
3097 588 3275 644 missa
3327 587 3618 659 legatione

1974 675 2044 731 ad
2078 676 2429 733 Dietmarum
2466 692 2657 747 regem
2691 692 2821 734 cum
2852 677 3207 747 muneribus,
3254 676 3500 748 rogavit,
3553 681 3617 734 ut

1973 765 2045 820 ab
2072 764 2299 821 excidio
2339 765 2503 822 urbis
2529 765 2931 837 detorqueret,
2968 766 3231 837 initoque
3264 765 3481 822 foedere
3509 765 3620 822 Ro-

1973 868 2175 910 manus
2217 853 2427 910 ductor
2459 870 2589 911 cum
2633 855 2854 926 Gothis,
2906 854 3029 912 loca
3078 870 3206 926 quae
3251 852 3616 911 incoluerant

1967 940 2083 1010 jam
2106 947 2311 1013 sponte
2332 943 2578 999 tradidit
2601 944 2706 1015 eis,
2734 944 2931 1014 ibique
2955 943 3159 999 Gothis
3182 957 3311 998 cum
3336 957 3472 1013 rege
3485 957 3612 1013 suo,

1974 1028 2253 1100 depositis
2284 1032 2476 1103 armis,
2505 1033 2560 1087 in
2588 1047 2727 1104 pace
2752 1033 3116 1104 quieverunt.
3145 1033 3260 1088 Nec
3290 1030 3385 1087 diu
3414 1037 3616 1102 postea

1974 1132 2077 1174 rex
2117 1118 2446 1176 Dietmarus
2485 1121 2832 1190 aegritudine
2881 1125 3218 1192 occupatus,
3267 1120 3493 1176 vocatis
3543 1119 3616 1177 ad

1974 1221 2037 1263 se
2066 1207 2286 1279 Gothis,
2330 1209 2745 1266 Theodericum
2797 1209 2975 1266 ﬁlium
3024 1225 3190 1267 suum
3244 1209 3405 1281 regni
3454 1209 3618 1267 bere-

1974 1294 2102 1353 dem
2138 1296 2293 1367 fecit,
2326 1300 2383 1353 et
2418 1298 2541 1370 ipse
2570 1313 2703 1356 mox
2732 1297 2800 1331 ⁸⁷³
2832 1298 3008 1355 rebus
3040 1297 3307 1355 humanis
3335 1298 3611 1356 excessit.

2044 1384 2145 1455 (H.
2168 1387 2239 1443 Ε.
2257 1390 2314 1442 et
2329 1387 2585 1444 H.m.Cf.
2599 1389 2789 1459 Jonn.)
2811 1389 3160 1459 Eotempore
3173 1402 3413 1458 regnum
3428 1387 3617 1445 orien-

1973 1472 2089 1531 tale
2110 1475 2258 1531 Zeno
2282 1475 2599 1548 imperator
2618 1478 2888 1534 habebat.
2916 1477 3021 1543 Qui
3048 1475 3289 1533 audiens
3310 1476 3616 1533 Theoderi-

1970 1574 2100 1619 cum
2120 1563 2317 1631 gentis
2340 1579 2459 1620 suae
2485 1580 2679 1635 regem
2702 1579 2854 1634 esse,
2878 1570 3046 1635 grate
3068 1563 3135 1597 ⁸⁷⁴
3153 1563 3432 1635 suscepit,
3458 1579 3615 1621 eum-

1973 1665 2084 1722 que
2114 1652 2185 1708 ad
2215 1666 2277 1708 se
2310 1653 2870 1725 Constantinopolim
2894 1652 3090 1709 venire
3112 1652 3396 1724 precepit,
3423 1652 3616 1723 digne-

216 1739 509 1834 tellitibus
528 1746 587 1796 et
605 1755 676 1796 ex
701 1740 913 1811 populo
937 1740 1121 1811 patris
1141 1740 1313 1809 elegit
1337 1740 1448 1796 sibi
1475 1754 1617 1811 pene
1638 1755 1743 1797 sex
1765 1740 1860 1796 mi-
1886 1773 1943 1834 B
1974 1754 2085 1811 que
2119 1744 2462 1813 susceptum
2493 1741 2647 1797 inter
2668 1756 2943 1814 proceres
2974 1741 3177 1813 palatii
3200 1740 3530 1812 collocavit,
3552 1745 3615 1797 et

212 1826 294 1885 lia
316 1829 598 1899 virorum,
622 1843 751 1885 cum
778 1828 990 1897 quibus
1010 1832 1175 1900 patre
1201 1828 1404 1898 inscio,
1428 1842 1739 1899 permenso
1760 1831 1860 1885 Da-

212 1917 415 1988 nubio,
452 1919 844 1974 Sarmatarum
865 1932 1057 1987 regem
1083 1917 1352 1988 incurrit,
1378 1932 1621 1989 eumque
1646 1916 1859 1974 intere-

211 2005 341 2078 mit,
375 2005 766 2077 familiamque
796 2019 863 2061 ac
891 2021 1127 2062 censum
1161 2005 1512 2078 deprcdans,
1540 2006 1611 2061 ad
1633 2007 1858 2077 genito-

211 2109 336 2152 rem
367 2110 534 2151 suum
564 2110 695 2151 cum
717 2094 965 2151 victoria
998 2094 1192 2151 rediit.
1229 2094 1606 2165 Singidunum
1649 2095 1857 2152 dehinc

208 2183 535 2255 civitatem,
569 2199 737 2254 quam
767 2184 917 2240 idem
948 2183 1224 2240 Sarmatae
1266 2184 1663 2256 possidebant,
1702 2184 1858 2242 inva-

210 2271 382 2340 dens,
416 2288 528 2329 non
557 2272 830 2329 Romanis
862 2271 967 2328 sed
1001 2287 1122 2328 suae
1154 2272 1413 2328 subdidit
1447 2272 1675 2328 ditioni.

284 2360 701 2417 Deﬁcientibus
733 2359 941 2416 dehinc
970 2360 1290 2417 vicinarum
1321 2360 1583 2429 gentium
1626 2360 1853 2433 spoliis,

208 2449 395 2521 cwpit
418 2454 475 2506 et
500 2449 703 2506 Gothis
726 2450 918 2506 victus
931 2449 1301 2520 vestitusque
1316 2448 1589 2519 deficere,
1605 2454 1663 2505 et
1678 2449 1859 2506 homi-

208 2538 407 2610 nibus,
443 2538 540 2610 qui
573 2538 789 2596 dudum
819 2537 971 2595 bello
1004 2537 1294 2608 vivebant,
1338 2552 1452 2609 pax
1501 2537 1681 2609 coepit
1730 2551 1856 2596 esse

204 2628 528 2699 contraria,
563 2641 877 2698 omnesque
910 2642 1041 2683 cum
1074 2642 1280 2696 magno
1310 2626 1567 2684 clamore
1601 2626 1671 2683 ad
1703 2627 1857 2684 Diet-

206 2732 436 2775 marum
462 2717 827 2787 accedentes,
864 2721 1051 2786 orant,
1088 2720 1152 2773 ut
1185 2716 1239 2771 in
1274 2731 1695 2787 quamcumque
1731 2731 1857 2788 par-

204 2812 327 2865 tem
357 2804 425 2840 ⁶⁷¹
456 2805 635 2863 vellet
665 2805 985 2862 exercitum
1017 2804 1279 2874 duceret,
1316 2805 1449 2875 quia
1503 2805 1725 2861 diutius
1775 2804 1853 2861 ibi

203 2910 450 2954 manere
482 2910 594 2951 non
628 2899 826 2967 posset
857 2893 945 2950 ⁸⁷³.
982 2893 1088 2960 Qui
1121 2893 1309 2950 accito
1337 2909 1614 2963 germano
1635 2899 1854 2950 sortem

202 2984 389 3054 misit,
420 2989 481 3041 et
513 2984 812 3039 Witimaro
843 2982 1031 3053 Italia,
1064 2982 1419 3038 Dietmarum
1451 2983 1731 3039 Illiricum
1756 2997 1856 3055 po-

202 3072 528 3147 pulandum
558 3071 812 3129 obvenit.
845 3071 1069 3128 Relicta
1112 3071 1291 3140 igitur
1341 3072 1655 3143 Pannonia,
1704 3071 1856 3128 alter

199 3160 456 3232 Italiam,
491 3159 641 3217 alter
668 3159 945 3216 Illiricum
980 3161 1236 3231 suscepit
1263 3179 1274 3214 :
1301 3160 1405 3215 sed
1437 3159 1699 3216 Witimar
1721 3176 1855 3218 mox

196 3256 268 3309 ut
323 3248 546 3305 Italiam
600 3248 862 3319 intravit,
906 3249 1081 3304 rebus
1127 3248 1394 3305 humanis
1440 3248 1716 3321 excessit,
1766 3264 1854 3307 re-

188 3351 498 3410 gnumque
530 3336 649 3392 filio
681 3352 787 3394 suo
816 3335 923 3392 sibi
949 3336 1251 3407 atquivoco
1276 3336 1537 3408 reliquit.
1564 3337 1744 3403 Quem
1768 3337 1853 3392 Li-

189 3427 422 3497 cerius,
456 3425 552 3496 qui
586 3429 727 3482 tunc
757 3426 909 3482 forte
940 3425 1270 3497 imperavit,
1305 3427 1648 3484 muneribus
1695 3427 1851 3485 datis

194 3516 276 3574 ad
316 3514 557 3572 Galliam
588 3513 916 3585 transtulit,
954 3519 1019 3570 ut
1049 3529 1152 3587 per
1173 3514 1548 3588 Wisigothas,
1578 3520 1852 3587 parentes

190 3617 365 3673 suos,
402 3606 691 3672 regnaret.
726 3602 1020 3670 Witimar,
1052 3603 1313 3675 acceptis
1333 3605 1671 3661 muneribus
1693 3620 1723 3662 a
1765 3605 1854 3660 Li-

188 3691 382 3762 cerio,
400 3690 641 3747 Galliam
661 3691 866 3763 tendit,
890 3705 1139 3763 seseque
1155 3692 1497 3763 parentibus
1509 3692 1851 3762 Wisigothis

180 3782 471 3854 jungens,
507 3795 681 3836 unum
714 3795 930 3851 corpus
962 3796 1093 3837 cum
1123 3781 1210 3837 eis
1239 3780 1507 3851 eﬁicitur,
1533 3785 1589 3838 et
1614 3782 1698 3838 sic
1722 3782 1849 3837 Gal-

187 3870 338 3927 liam
370 3868 819 3941 Hispaniamque
853 3874 1075 3940 tenens,
1126 3885 1231 3927 suo
1274 3870 1406 3939 jure
1449 3869 1728 3942 defendit,
1782 3876 1844 3927 ut

183 3956 399 4016 nullus
430 3958 540 4015 sibi
570 3958 721 4014 alius
754 3957 1105 4029 prevalcret.
1143 3958 1225 4029 (C.
1260 3961 1469 4031 43-47.)
1503 3959 1846 4029 Wisigothis

178 4062 340 4105 vero
374 4051 502 4119 post
530 4047 969 4117 Theodericum,
1007 4048 1103 4118 qui
1136 4047 1191 4102 in
1227 4047 1401 4121 bello,
1426 4048 1576 4121 quod
1602 4050 1844 4106 Romani

179 4144 249 4194 et
284 4135 630 4206 Wisigothae
661 4152 792 4194 cum
827 4137 1009 4192 Attila
1042 4139 1335 4194 Ilunorum
1366 4152 1502 4208 rege
1555 4139 1840 4211 fecerunt,

178 4225 500 4297 occubuit,
533 4225 686 4282 filius
706 4225 831 4296 ejus
854 4225 1234 4282 Thurismund
1247 4241 1312 4283 us
1335 4227 1569 4297 prefuit.
1598 4227 1721 4294 Quo
1747 4228 1844 4285 de-

178 4315 423 4384 functo,
454 4315 867 4385 Theodericus,
896 4315 1077 4371 frater
1106 4315 1255 4386 ejus,
1277 4315 1332 4370 in
1352 4330 1591 4386 regnum
1611 4332 1842 4375 succes-

176 4405 295 4476 sit,
335 4404 580 4475 ipsoque
613 4408 708 4459 13°
730 4404 897 4473 regni
920 4404 1009 4459 sui
1030 4417 1179 4460 anno
1202 4404 1542 4475 decedente,
1568 4405 1707 4463 item
1732 4407 1843 4464 fra-

1972 1832 2107 1900 post
2122 1828 2357 1900 aliquod
2375 1830 2671 1902 tempusin
2686 1830 2866 1888 filium
2881 1830 2994 1887 sibi
3017 1829 3323 1901 adoptans,
3349 1829 3617 1887 consula-

1934 1986 1949 2003 ’
1972 1917 2136 1974 ribus
2154 1918 2569 1991 fascibus,qute
2583 1919 2837 1989 dignitas
2852 1924 2985 1991 post
2999 1918 3303 1990 imperiale
3321 1917 3613 1989 fastigium

1968 2005 2154 2076 prima
2198 2011 2306 2078 est,
2355 2021 2485 2064 eum
2535 2007 2891 2078 sublimavit,
2943 2021 3049 2065 nec
3097 2006 3284 2064 solum
3330 2005 3460 2078 hoc,
3509 2005 3614 2064 sed

1967 2093 2141 2150 etiam
2172 2100 2505 2166 equestrem
2539 2100 2790 2154 statuam
2826 2098 2896 2153 ad
2928 2096 3133 2153 famam
3167 2096 3314 2153 tanti
3336 2097 3447 2153 viri
3477 2100 3613 2154 ante

1971 2182 2248 2254 palatium
2281 2199 2446 2240 suum
2474 2183 2525 2240 ei
2547 2184 2881 2240 constituit.
2906 2185 2980 2240 At
3002 2198 3160 2254 vero,
3187 2183 3321 2240 dum
3345 2184 3614 2256 hujusce-

1969 2271 2121 2327 modi
2155 2271 2376 2329 delitiis
2406 2272 2799 2329 Theodericus
2840 2272 2994 2344 apud
3043 2272 3610 2345 Constantinopolim

1969 2358 2247 2431 tluitaret,
2282 2375 2428 2431 gens
2459 2360 2638 2432 illius,
2674 2361 2729 2417 id
2761 2365 2849 2417 est
2896 2360 3284 2431 Ostrogothas,
3338 2360 3473 2417 dum
3521 2362 3610 2419 eis

1968 2451 2210 2519 propter
2241 2447 2372 2504 fidei
2406 2448 2767 2505 sanctionem
2802 2447 3014 2521 predas
3045 2462 3218 2518 agere
3250 2462 3409 2504 more
3433 2448 3610 2506 solito

1967 2548 2079 2591 non
2103 2534 2328 2607 liceret,
2354 2551 2458 2594 nec
2479 2540 2674 2593 tamen
2697 2538 2769 2593 ab
2793 2536 3147 2609 imperatore
3173 2535 3368 2593 oblata
3389 2537 3610 2609 stipen-

1968 2623 2059 2680 dia
2093 2625 2200 2681 sibi
2248 2625 2604 2697 sufficerent,
2658 2642 2772 2683 non
2826 2625 3058 2682 minima
3105 2625 3294 2682 coacti
3343 2626 3604 2698 penuria,

1965 2713 2348 2784 compositum
2381 2712 2571 2771 foedus
2602 2719 2972 2786 execrantur,
3008 2713 3271 2771 inutilem
3298 2714 3609 2773 factionem

1966 2801 2322 2874 vituperant,
2358 2804 2716 2876 mittuntque
2742 2804 3025 2861 ’continuo
3057 2803 3129 2859 ad
3167 2804 3606 2876 Theodericum,

1967 2891 2066 2962 qui
2091 2891 2377 2963 dicerent,
2405 2907 2549 2963 quas
2571 2893 2781 2965 inopiae
2804 2892 3070 2949 miserias
3092 2893 3201 2964 ipsi
3224 2893 3604 2966 sustinerent,

1969 2979 2103 3037 dum
2134 2980 2233 3036 ille
2264 2982 2583 3039 Grecorum
2612 2982 2804 3055 epulis
2837 2981 3245 3054 superﬂueret,
3272 2983 3610 3041 hortantur-

1967 3083 2099 3139 que,
2134 3074 2218 3140 ut,
2252 3070 2301 3126 si
2329 3070 2451 3127 suis
2480 3071 2707 3143 sibique
2737 3070 3047 3129 consulere
3078 3069 3240 3141 velit,
3293 3071 3471 3128 citius
3521 3086 3609 3129 re-

1966 3158 2122 3229 deat,
2158 3159 2452 3232 quatinus,
2486 3175 2558 3217 ne
2586 3159 2655 3195 ⁸⁷⁶
2685 3165 2900 3217 cuncta
2919 3174 3064 3230 gens
3084 3167 3282 3232 pereat
3306 3164 3363 3215 et
3388 3160 3485 3217 ubi
3510 3176 3607 3218 no-

1964 3261 2066 3305 vas
2106 3247 2175 3304 ad
2227 3248 2604 3306 habitandum
2658 3254 2846 3306 terras
2892 3248 3226 3321 exquirant,
3274 3249 3601 3320 provideat.

1964 3339 2112 3394 Ante
2142 3351 2255 3393 non
2285 3338 2488 3409 plures
2515 3343 2707 3395 autem
2739 3352 2921 3395 annos
2952 3337 3215 3394 Odoacar
3254 3336 3322 3371 ⁸⁷⁶
3372 3338 3604 3409 quidam

1962 3426 2165 3483 exiens
2195 3427 2266 3482 ab
2296 3427 2580 3484 extremis
2610 3427 2821 3484 ﬁnibus
2851 3427 3161 3483 Pannoniae
3191 3442 3321 3483 cum
3356 3426 3606 3483 fortissi-

1961 3528 2050 3570 ma
2072 3514 2417 3573 Herulorum
2442 3515 2843 3586 multitudine,
2865 3516 3308 3587 fretusinsuper
3328 3514 3607 3571 Turcilin-

1959 3615 2167 3672 gerum
2200 3602 2319 3661 sive
2350 3604 2659 3675 Scyrorum
2688 3603 2941 3673 auxiliis,
2963 3602 3188 3659 Italiam
3212 3603 3390 3675 venit,
3416 3602 3604 3659 nullo-

1961 3704 2074 3762 que
2092 3692 2424 3764 resistente,
2452 3697 2635 3749 totam
2660 3692 2884 3749 Italiam
2908 3693 3081 3748 Roma
3092 3707 3260 3763 mque
3273 3692 3598 3764 occupavit,

1959 3784 2019 3836 et
2052 3794 2154 3853 per
2186 3784 2255 3837 14
2281 3797 2461 3839 annos
2491 3782 2571 3837 ibi
2606 3781 2889 3853 regnavit.
2910 3781 3304 3838 Theodericus
3324 3796 3481 3853 vero,
3509 3796 3606 3838 (τοι

1957 3869 2138 3939 gnitis
2167 3885 2405 3927 suorum
2438 3870 2839 3942 querimoniis,
2872 3870 2943 3925 ad
2975 3875 3288 3939 augustum
3318 3870 3604 3929 Zenonem

1959 3958 2207 4029 accedit,
2225 3959 2526 4030 penuriam
2542 3962 2903 4029 questusque
2918 3972 3153 4014 suorum
3168 3958 3603 4031 exponit,abso-

1956 4045 2239 4104 Iutionem
2272 4047 2573 4117 efﬂagitat,
2626 4046 2851 4103 Italiam
2906 4046 3017 4102 sibi
3066 4047 3192 4102 dari
3238 4045 3599 4118 expostulat,

1958 4136 2255 4208 adjiciens,
2290 4137 2423 4208 quia
2458 4137 2507 4194 si
2542 4136 2619 4189 ,⁸⁷⁷
2670 4151 2949 4208 superare
2994 4140 3196 4207 posset
3244 4135 3601 4193 Odoacarem

1956 4224 2299 4297 Italiamque
2332 4226 2621 4297 obtinere,
2655 4226 2727 4283 ad
2758 4226 2886 4296 ejus
2914 4224 3157 4295 gloriam
3190 4225 3548 4281 redundaret
3570 4240 3599 4282 a

1959 4329 2074 4386 quo
2102 4314 2364 4372 directus
2392 4314 2616 4386 fuisset,
2648 4316 2738 4372 sin
2772 4314 2924 4372 bello
2956 4318 3275 4387 superatus
3315 4313 3487 4386 foret,
3519 4328 3599 4370 ni-

1956 4403 2310 4462 chilominus
2338 4405 2521 4462 lucris
2552 4404 2680 4475 ejus
2709 4408 3096 4475 accresceret,
3131 4404 3602 4476 quandoquidem

174 4499 288 4552 ter
320 4506 521 4549 eorum
545 4492 792 4550 Euricus
814 4507 1055 4563 regnum
1080 4508 1406 4565 assumens,
1435 4498 1527 4551 19°
1549 4510 1699 4553 anno
1721 4496 1838 4555 vita
1869 4491 1927 4554 B
1957 4493 2386 4551 cotidianorum
2438 4494 2864 4566 stipendiorum
2923 4494 3303 4551 exactoribus
3347 4500 3596 4552 careret.

174 4596 495 4653 regnoque
529 4582 793 4653 privatus
823 4588 935 4654 est,
966 4582 1303 4655 relinquens
1321 4583 1501 4642 lilium
1526 4586 1688 4656 regni
1712 4601 1842 4643 suc-

172 4684 512 4740 cessorem,
546 4671 775 4727 nomine
806 4671 1122 4744 Alaricum,
1150 4672 1246 4743 qui
1280 4688 1468 4731 nonus
1497 4676 1568 4731 ab
1600 4674 1701 4733 illo
1726 4690 1844 4733 ma-

166 4774 305 4833 gno
342 4758 572 4817 Alarico
607 4776 846 4831 regnum
880 4762 1128 4833 adeptus
1157 4768 1244 4819 est
1275 4764 1748 4834 Wisigotharum.

255 4849 348 4922 (C.
386 4848 495 4920 58.)
541 4850 797 4907 Dietmar
844 4865 984 4908 vero
1035 4851 1326 4908 transiens
1374 4856 1542 4910 Saum
1591 4869 1836 4929 amnem,

166 4938 478 4997 Sarmatis
510 4938 725 4997 bellum
756 4940 1085 5012 intentavit,
1121 4942 1168 4998 si
1214 4942 1345 5013 quis
1395 4942 1505 4999 sibi
1550 4944 1835 5020 obstaret,

165 5028 431 5102 illisque
463 5028 902 5105 quiescentibus
938 5048 1042 5092 nec
1065 5032 1136 5092 ad
1155 5035 1377 5093 tantam
1402 5032 1837 5094 multitudinem

163 5119 654 5199 prevalentibus,
689 5124 904 5181 transit
934 5124 991 5180 in
1021 5123 1323 5196 Illiricum,
1359 5129 1419 5181 et
1462 5126 1676 5197 ubique
1707 5141 1839 5199 pro-

164 5208 366 5287 spere
415 5225 594 5282 agens
638 5212 968 5286 multasque
1014 5214 1285 5271 civitates
1334 5214 1447 5271 sibi
1495 5215 1834 5289 subjiciens,

165 5300 630 5362 Thesalonicam
660 5302 851 5378 petiit,
883 5303 942 5363 in
974 5318 1086 5378 qua
1113 5303 1462 5363 Helarianus
1490 5305 1775 5387 patricius
1805 5320 1840 5362 a

1956 4583 2113 4642 Talia
2144 4584 2293 4641 Zeno
2322 4583 2586 4655 audiens,
2618 4584 2757 4641 licet
2788 4598 2942 4654 aegre
2986 4584 3166 4640 ferret
3209 4584 3335 4656 ejus
3382 4583 3602 4641 disces-

1958 4689 2104 4746 sum,
2123 4674 2447 4731 deliberato
2466 4678 2657 4731 tamen
2677 4673 2945 4743 consilio,
2975 4673 3058 4729 rei
3081 4672 3329 4744 publica:
3354 4673 3600 4730 utilitati

1957 4765 2350 4839 prospiciens,
2366 4765 2495 4836 ejus
2519 4764 2903 4837 petitionibus
2918 4761 3138 4831 annuit,
3162 4761 3599 4833 Italiamqueilli

1957 4855 2243 4927 tribuens,
2298 4858 2684 4925 senatumque
2734 4868 2802 4910 ac
2853 4852 3131 4926 populum
3181 4852 3498 4908 Romanum
3546 4852 3600 4909 ei

1952 4944 2348 5014 committens,
2384 4943 2607 5014 magnis
2638 4942 2887 4999 ditatum
2917 4941 3260 4998 muneribus
3286 4939 3448 4997 abire
3474 4956 3602 5013 per—

1954 5035 2132 5092 misit.
2170 5035 2455 5105 Egressus
2488 5032 2666 5102 igitur
2698 5046 2729 5088 a
2762 5028 3270 5103 Constantinopoli
3295 5029 3606 5087 Theoderi-

1952 5138 2076 5196 cus,
2120 5123 2192 5180 ad
2243 5123 2632 5192 Ostrogothas
2678 5121 3021 5191 revertitur,
3068 5120 3456 5192 hortaturque
3500 5135 3605 5178 eos

1953 5213 2251 5287 continuo,
2287 5217 2354 5272 ut
2403 5227 2574 5284 quam
2625 5208 2882 5288 primum
2930 5209 3124 5286 parati
3172 5209 3287 5270 sint
3330 5213 3389 5268 et
3439 5208 3607 5282 quasi

1953 5305 2285 5382 possessuri
2316 5302 2542 5367 Italiam
2574 5304 3057 5384 proﬁciscantur.
3092 5301 3200 5370 Qui
3235 5315 3366 5359 cum
3410 5310 3612 5356 omnes

1552 5421 1792 5478 VARIIE
1832 5420 2237 5484 LECTIONES.

255 5523 676 5607 '"ﬁlnplioris
704 5531 809 5607 9°-_
859 5526 926 5607 ‘7‘
962 5542 1339 5607 Quacumque
1385 5532 1674 5607 partem
1752 5529 1825 5607 "3
1867 5536 2114 5607 possent
2160 5539 2211 5589 15-
2289 5531 2367 5607 "1
2394 5531 2690 5607 deam".
2771 5528 2862 5607 ‘7‘
2908 5522 3210 5607 statim“
3257 5527 3331 5580 9°~
3405 5519 3475 5555 ⁸⁷⁸
3524 5531 3637 5578 τιθο

179 5604 277 5659 9°.
366 5595 436 5632 ⁸⁷⁸
463 5593 754 5658 odoaccar
781 5600 833 5656 4.
867 5604 917 5658 5.
951 5593 1027 5659 95.
1063 5606 1148 5659 10.
1182 5593 1453 5674 solum};
1478 5601 1584 5661 sed
1612 5607 1661 5660 1.
1680 5593 1898 5676 φθειθᾶ
1924 5605 2184 5667 odoacwr
2217 5602 2449 5664 scribit.
2526 5605 2596 5641 ⁸⁷⁷
2623 5603 2818 5677 quasi
2862 5593 3061 5671 οὸιῖάθ
