3992 6034
390 165 503 236 ⁸751

1539 110 2035 224 EKKEHARDI’
2063 150 2618 224 URAUGIENSIS

3679 155 3801 225 752

393 304 514 365 laeti
545 297 897 371 oboedirent,
934 298 1236 375 profectus
1269 312 1397 357 cum
1449 295 1605 354 omni
1657 292 2029 353 multitudine
2060 295 2115 357 A
2148 295 2285 366 ptus
2305 298 2417 365 est,
2456 291 2558 352 sed
2590 299 2720 368 post
2753 294 2825 352 ab
2855 309 2925 351 co
2956 287 3289 351 truculeiite
3321 300 3660 368 peremptus
3681 302 3798 354 est.

395 394 886 464 Ostrogotharum
917 397 1138 448 etcum
1180 388 1332 447 omni
1384 385 1796 459 subpellectili,
1845 383 2033 456 prius-

395 499 565 555 quam
600 482 670 538 ad
702 481 924 537 Italiam
967 479 1319 551 perveniret,
1366 475 1747 546 Trapestilam
1793 473 2034 545 Gepida-

395 589 522 629 rum
550 586 765 640 regem,
793 568 1033 625 insidias
1057 567 1170 623 sibi
1186 562 1711 637 molientem,|bello
1725 575 2032 633 superans,

395 661 667 728 extinxit,
690 660 873 714 Busan
900 670 1130 727 quoque
1156 654 1536 723 Bulgarorum
1554 667 1747 722 regem
1762 667 1890 709 cum
1915 651 2037 706 suis

397 748 724 818 agminibus
756 745 1104 818 prosternit.
1140 743 1357 798 Deinde
1385 741 1622 797 veniens
1652 740 1896 809 Italiam,
1928 739 2042 809 pri-

400 852 666 906 mumque
693 836 856 905 juxta
892 837 1142 889 Sonuum
1174 831 1434 900 ﬂuvium,
1469 830 1565 905 qui
1607 845 1719 885 non
1770 829 1936 898 longe
1969 829 2040 883 ab

399 925 661 996 Aquileia
694 922 930 989 labitur,
967 925 1161 976 castra
1194 934 1570 1005 componens,
1621 934 1750 975 cum
1798 917 1867 973 ad
1914 915 2044 972 refi-

398 1013 601 1069 cienda
620 1026 711 1067 cor
728 1025 866 1082 pora
891 1009 1181 1065 hominum
1213 1012 1272 1063 et
1290 1009 1707 1078 jumentorum.
1734 1021 1839 1077 pro
1863 1005 2045 1074 longi-

399 1100 599 1157 tudine
621 1099 850 1155 itineris
876 1100 1049 1163 fessa,
1079 1098 1388 1166 resideret,
1410 1112 1539 1152 cum
1556 1110 1761 1166 magno
1776 1095 2043 1151 exercitu

398 1189 656 1259 totisque
691 1186 871 1243 Italia)
904 1187 1128 1243 viribus
1169 1185 1431 1241 Odoacar
1461 1185 1512 1241 ei
1545 1184 1826 1241 occurrit.
1863 1183 2043 1249 Quem

396 1276 793 1333 Theodericus
821 1275 1100 1331 alacriter
1129 1274 1454 1347 excipiens,
1476 1288 1681 1343 magno
1704 1276 2043 1344 superatum

402 1365 601 1439 prae-lio
635 1365 687 1419 in
725 1366 913 1433 fugam
944 1363 1255 1419 convertit.
1292 1362 1512 1433 Exinde
1556 1376 1792 1418 movens
1824 1361 2048 1417 exerci-

400 1461 541 1523 tum,
578 1469 709 1509 cum
742 1455 1024 1507 Veronam
1063 1452 1340 1521 venisset,
1364 1452 1587 1506 iterum
1611 1450 1893 1507 adversus
1913 1465 2041 1507 cum

401 1529 667 1598 Odoacar
699 1556 810 1597 non
845 1541 1051 1596 minori
1088 1554 1217 1596 sese
1260 1539 1395 1595 belli
1447 1544 1729 1610 apparatu
1780 1540 2040 1609 obponit.

401 1633 616 1686 Contra
659 1644 825 1700 quem
872 1629 1261 1685 Theodericus
1305 1629 1446 1683 haut
1485 1628 1693 1699 procul
1742 1643 1770 1684 a
1822 1629 2042 1684 Verona

401 1719 743 1787 confligens,
776 1733 996 1773 summa
1027 1718 1153 1787 ejus
1184 1717 1505 1772 exercitum
1534 1717 1700 1773 clade
1740 1716 2039 1773 contrivit.

403 1806 511 1873 Qui
542 1808 677 1862 dum
712 1808 860 1874 fugae
882 1811 1036 1860 metu
1062 1805 1119 1859 in
1144 1806 1360 1861 Atesim
1388 1806 1622 1861 fluvium
1647 1821 1710 1861 se
1725 1806 2047 1877 precipites

405 1899 694 1963 mergunt,
730 1910 801 1950 ex
831 1908 1031 1962 magna
1066 1900 1233 1964 parte
1277 1894 1666 1965 rapidissimis
1714 1895 2048 1964 gurgitibus

402 1982 530 2052 ejus
562 1982 842 2053 implicati
879 1982 1256 2037 suifocantur.
1293 1983 1682 2038 Theodericus
1725 1998 1863 2039 vero
1911 1984 2046 2039 dum

402 2069 529 2139 ipso
560 2068 779 2140 impetu
811 2069 1194 2138 subsequitur
1226 2069 1539 2139 fugientes,
1572 2071 1853 2126 Veronam
1887 2070 2043 2138 ilico,

401 2157 630 2213 civibus
660 2172 871 2228 pavore
905 2158 1302 2213 consternatis
1354 2158 1440 2225 ⁸⁷⁸,
1492 2159 1731 2213 invadit.
1787 2159 2047 2214 Odoacar

402 2248 595 2301 autem
630 2259 760 2300 cum
793 2244 882 2299 his
915 2246 1012 2314 qui
1045 2251 1355 2300 evaserant
1381 2247 1627 2315 fugiens,
1656 2247 1891 2301 Romam
1915 2262 2048 2302 con-

402 2333 610 2401 tendit,
645 2332 744 2388 sed
777 2331 1073 2388 obseratis
1090 2334 1368 2389 continuo
1403 2335 1608 2404 portis,
1634 2333 1912 2391 exclusus
1934 2339 2044 2390 est.

401 2422 510 2489 Qui
543 2431 812 2491 cernens,
848 2422 1151 2477 introitum
1186 2423 1298 2478 sibi
1334 2422 1629 2492 denegari,
1678 2424 1869 2479 omnia
1921 2438 2049 2494 quae

400 2512 693 2581 attingere
764 2510 956 2581 potuit
1013 2510 1210 2580 gladio
1260 2513 1601 2582 flammaque
1658 2512 2044 2583 consumpsit,

356 2612 359 2615 λ
400 2601 852 2669 Ravennamque
893 2599 1214 2669 ingressus,
1264 2601 1639 2656 munitionem
1682 2601 1792 2657 sibi
1845 2616 2050 2672 prepa-

402 2688 572 2743 ravit.
620 2686 1015 2742 Theodericus
1065 2692 1261 2743 autem
1334 2703 1362 2742 a
1413 2689 1639 2744 Verona
1689 2688 2044 2758 digrediens,

401 2775 784 2831 Mediolanum
808 2775 1092 2845 pervenit,
1111 2780 1170 2831 et
1187 2776 1320 2831 dum
1342 2776 1418 2831 ibi
1444 2777 1814 2846 consisteret,
1843 2791 2048 2847 magna

400 2863 474 2920 ad
504 2879 633 2920 eum
672 2863 987 2920 multitudo
1018 2864 1265 2919 militum
1296 2864 1612 2935 pluresque
1640 2865 1822 2921 Italia:
1848 2865 2047 2936 populi

401 2958 822 3023 convenerunt,
856 2952 957 3008 sed
989 2953 1191 3023 paucis
1232 2952 1556 3022 interjectis
1592 2952 1799 3010 diebus
1841 2968 2050 3009 rursus

402 3040 715 3097 dediticius
746 3042 1071 3111 exercitus,
1106 3043 1305 3098 Tusfra
1340 3042 1585 3112 quodam
1619 3044 1849 3098 nomine
1884 3042 2049 3098 insti-

365 3135 595 3200 gante,
640 3129 959 3185 Odoacaris
1005 3130 1274 3200 partibus
1323 3145 1383 3186 se
1437 3130 1710 3186 reddidit.
1766 3130 1903 3197 Quae
1954 3144 2048 3187 res

398 3217 815 3274 Theodericum
850 3217 903 3272 in
936 3222 1161 3274 tantum
1194 3218 1533 3289 perterruit,
1572 3223 1635 3273 ut
1667 3233 1730 3274 se
1762 3233 2047 3289 suumque

400 3306 723 3363 exercitum
755 3305 908 3377 apud
939 3306 1300 3362 Ticinensem
1344 3308 1567 3369 urbem,
1604 3321 1732 3377 quae
1763 3323 1914 3363 nunc
1946 3309 2049 3362 Pa-

399 3396 497 3466 pia
527 3394 762 3464 dicitur,
798 3394 1202 3451 communiret.
1247 3394 1463 3450 Talium
1500 3395 2047 3452 rerum’varietatcs

401 3483 835 3539 Gundebaudus
866 3483 1338 3552 Burgundionum
1373 3498 1475 3539 rex
1515 3483 1825 3555 aspiciens,
1879 3485 2047 3556 Ligu-

401 3572 548 3628 riam
580 3586 710 3628 cum
743 3571 960 3640 ingenti
986 3571 1249 3627 exercitu
1282 3571 1541 3641 intravit,
1566 3577 1894 3643 cunctaque
1918 3589 2047 3644 quae

403 3660 663 3730 reperire
690 3663 942 3731 poterat,
969 3674 1072 3730 pro
1096 3659 1496 3731 diripientium
1518 3660 1820 3717 voluntate
1843 3661 2049 3734 depre-

403 3747 568 3816 dans,
605 3747 887 3803 infinitam
909 3748 1273 3819 captivorum
1300 3747 1732 3805 multitudinem
1755 3765 1951 3806 secum
1976 3750 2048 3807 ad

405 3835 620 3893 Gallias
662 3837 845 3891 duxit.
898 3838 1290 3894 Theodericus
1338 3838 1536 3908 itaque
1581 3839 1917 3909 aliquandiu
1967 3840 2050 3896 in-

403 3930 492 3981 tra
528 3926 881 3981 munitiones
911 3928 1233 3983 exercitum
1270 3927 1530 3983 retinens
1550 3928 1637 3998 “7°,
1663 3930 1893 3985 demum
1917 3928 2050 3984 reli-

404 4015 517 4071 ctis
547 4015 626 4070 ibi
654 4014 725 4047 ⁸⁸⁰
753 4016 1058 4072 sororibus
1110 4023 1170 4071 et
1218 4022 1402 4071 matre
1451 4017 1842 4087 universaque
1892 4017 2046 4089 vulgi

403 4102 798 4174 multitudine,
833 4104 1012 4159 nichil
1047 4105 1214 4175 plane
1244 4105 1456 4160 dubius
1492 4104 1562 4159 de
1596 4105 1707 4159 ﬁde
1728 4106 2049 4176 Epyphanii

404 4190 511 4247 viri
537 4191 916 4261 sanctissimi,
942 4192 1202 4261 ejusdem
1224 4192 1485 4248 civitatis
1508 4192 1790 4264 episcopi,
1807 4208 1936 4249 cum
1954 4209 2051 4250 ex-

404 4277 624 4351 peditis
654 4284 1010 4336 armatorum
1038 4281 1240 4336 cuneis
1270 4280 1338 4336 ad
1373 4280 1759 4337 obsidendum
1794 4281 2051 4340 Odoaca-

2145 385 2414 454 Egressis
2444 384 2654 443 deinde
2707 398 2739 442 a
2785 385 2980 441 Ticino
3029 389 3163 455 post
3211 385 3525 441 triennium
3574 386 3799 459 Gothis,

2145 475 2386 530 eandem
2421 490 2553 530 mox
2586 476 2789 532 urbem
2825 475 3093 530 invasere
3124 475 3294 544 Rugi,
3329 480 3540 531 cuncta
3562 490 3668 547 per
3688 478 3803 534 cir-

2148 562 2368 619 cuitum
2388 563 2511 619 loca
2526 563 2815 634 simulque
2829 563 3130 619 civitatem
3148 576 3253 633 per
3279 563 3617 620 continuum
3643 565 3805 622 biené

2152 651 2305 706 nium
2338 651 2735 723 devastantes,
2772 667 2901 707 cum
2925 650 3111 707 adhuc
3135 651 3508 708 beatissimus
3538 654 3803 725 Epypha-

2150 739 2281 796 nius
2294 740 2824 810 superesset,cujus
2838 739 3023 796 sancti
3036 744 3152 795 tate
3166 739 3221 794 in
3234 740 3419 796 tantis
3434 741 3713 810 periculis
3744 743 3800 798 ci

2150 842 2253 883 ves
2275 829 2763 885 sustentabantur
2781 828 3000 884 afflicti.
3028 828 3174 884 Hica
3198 828 3553 885 Theoderico
3584 829 3800 887 Gallias

2154 916 2221 972 ad
2247 916 2705 973 Gundebaudum
2727 933 2835 988 pro
2857 916 3108 986 captivis
3130 915 3489 973 redimendis
3513 917 3797 989 direCtus,

2153 1010 2396 1075 excepta
2430 1005 2728 1062 innumera
2762 1004 3136 1061 multitudine
3170 1004 3408 1063 illorum
3452 1021 3555 1077 pro
3586 1007 3801 1077 quibus

2156 1093 2412 1164 precium
2434 1095 2616 1164 dedit,
2643 1108 2749 1151 sex
2774 1093 2928 1149 milia
2945 1092 3331 1165 captivorum.
3349 1094 3424 1150 ob
3439 1093 3621 1150 solam
3638 1109 3805 1152 sanc-

2154 1183 2346 1239 titatis
2359 1198 2478 1240 suae
2492 1184 2878 1241 reverentiam
2893 1183 3001 1239 sibi
3017 1197 3317 1252 concessa,
3334 1197 3530 1239 secum
3544 1182 3799 1241 reduxit.

2228 1272 2411 1341 Igitur
2468 1271 2881 1341 Theodericus,
2952 1271 3213 1327 extincto
3274 1271 3423 1342 apud
3470 1271 3801 1328 Ravennam

2158 1360 2474 1429 Odoacare,
2501 1360 2685 1416 totius
2708 1358 2890 1416 Italiae
2903 1359 3227 1430 potitusest
3243 1358 3484 1429 ditione,
3500 1374 3606 1415 nec
3622 1358 3803 1415 multo

2158 1453 2288 1520 post
2322 1450 2559 1504 Romam
2595 1448 2915 1519 profectus,
2946 1462 2975 1502 a
2998 1447 3275 1503 Romanis
3297 1462 3426 1503 cum
3445 1447 3659 1517 gaudio
3689 1463 3806 1503 ma-

2157 1553 2270 1609 gno
2292 1542 2384 1593 est
2403 1543 2727 1609 susceptus.
2751 1536 2976 1603 Quibus
2998 1536 3095 1591 ille
3119 1535 3364 1606 singulis
3382 1536 3452 1592 ad
3477 1535 3801 1592 subsidium

2074 1660 2129 1719 Β
2156 1626 2349 1683 victus
2379 1630 2614 1683 centum
2644 1625 2850 1696 viginti
2884 1640 2990 1681 sex
3037 1625 3193 1680 milia
3241 1624 3564 1681 modiorum
3618 1624 3802 1681 tritici

2158 1714 2471 1770 concessit.
2501 1715 2713 1785 (Jono.)
2739 1716 2876 1769 Post
2897 1714 3023 1769 haec
3040 1712 3429 1769 Theodericus
3443 1713 3606 1769 utsui
3639 1712 3802 1782 regni

2158 1804 2314 1860 vires
2345 1802 2771 1873 constabiliret,
2807 1802 2982 1858 missa
3014 1802 3308 1871 legatione
3339 1801 3410 1856 ad
3453 1801 3805 1860 Clodoveum

2159 1893 2506 1947 Francorum
2538 1905 2753 1961 regem,
2789 1889 2964 1946 ﬁliam
2984 1889 3111 1959 ejus
3133 1889 3507 1946 Audoﬂedam
3528 1889 3582 1944 in
3606 1889 3807 1946 matri-

2159 1981 2408 2037 monium
2442 1980 2633 2051 petiit,
2666 1994 2835 2050 quam
2870 1978 2966 2034 ille
2997 1978 3252 2034 libenter
3271 1979 3587 2035 concessit.
3616 1979 3802 2045 (BER.

2158 2074 2215 2124 et
2246 2070 2438 2142 Iona.)
2472 2068 2858 2125 Amalfredam
2880 2071 3072 2123 autem
3094 2081 3427 2137 germanam
3452 2081 3613 2123 suam
3639 2068 3807 2123 Wan-

2159 2159 2423 2214 dalorum
2460 2158 2581 2228 regi
2612 2156 3238 2239 IIunerico,rGeiserici
3288 2156 3428 2224 ﬁlio,
3477 2155 3802 2226 conjunxit,

2159 2246 2537 2317 ejusdemque
2573 2246 2917 2302 Amalfredm
2944 2245 3115 2301 tiliam
3145 2244 3543 2315 Amalbergam
3563 2243 3808 2301 Thurino

2158 2350 2363 2406 gorum
2395 2335 2517 2404 regi
2562 2334 2928 2391 Ermenfrido
2973 2333 3236 2403 tradidit,
3284 2332 3433 2389 filias
3475 2347 3615 2389 vero
3644 2346 3801 2403 suas,

2161 2438 2305 2494 quas
2335 2423 2391 2478 in
2425 2422 2621 2479 Moesia
2650 2427 2953 2492 genuerat,
2988 2422 3405 2491 Thiudegotam
3437 2425 3496 2477 et
3529 2422 3807 2491 Ostrogoo

2159 2506 2316 2567 tham
2346 2511 2557 2568 vicinis
2589 2511 2826 2581 regibus
2854 2509 3171 2581 copulavit,
3219 2523 3387 2566 unam
3436 2509 3807 2579 Sigismundo

2160 2601 2281 2670 regi
2319 2600 2814 2670 Burgundionum,
2846 2599 3091 2656 alteram
3124 2598 3355 2655 Alarico
3387 2598 3511 2668 regi
3564 2597 3811 2668 Wisigo-

2160 2689 2412 2745 tharum.
2439 2691 2517 2744 De
2540 2704 2656 2759 quo
2680 2688 2911 2744 Alarico
2944 2692 3118 2744 natus
3139 2692 3227 2744 est
3254 2686 3599 2743 Amalricus.
3627 2686 3809 2753 Quem

2160 2793 2304 2835 avus
2337 2793 2479 2835 suus
2502 2777 2893 2834 Theodericus
2925 2778 2981 2831 in
3009 2776 3176 2833 annis
3205 2775 3532 2848 puerilibus
3558 2781 3809 2847 utroque

2160 2871 2401 2937 parente
2424 2863 2691 2922 orbatum
2719 2865 2853 2921 dum
2877 2865 3152 2936 nutriret,
3169 2864 3533 2935 comperiens
3556 2865 3810 2922 Bcterici

2163 2953 2339 3010 filium
2371 2954 2767 3025 Eutharicum,
2804 2953 3137 3010 Herimundi
3185 2957 3454 3024 nepotem
3503 2957 3565 3009 et
3611 2953 3815 3009 Thuri-

2162 3042 2390 3099 smundi
2416 3044 2787 3115 abnepotem,
2811 3042 2884 3098 de
2898 3042 3231 3098 Amalorum
3247 3042 3433 3113 stirpe
3457 3042 3814 3098 descenden-

2161 3134 2298 3203 tem,
2333 3131 2389 3186 in
2415 3131 2661 3201 juvenili
2690 3134 2882 3200 aetate,
2919 3130 3225 3202 prudentia
3261 3130 3313 3185 in
3344 3130 3567 3187 virtute
3605 3145 3817 3202 corpo-

2159 3220 2357 3290 risque
2382 3219 2724 3289 integritate
2749 3219 3064 3291 pollentem
3082 3220 3133 3274 in
3152 3219 3462 3290 HySpania,
3484 3219 3553 3273 ad
3568 3234 3631 3275 se
3646 3218 3810 3275 illum

2158 3308 2358 3364 venire
2390 3307 2672 3379 precepit,
2708 3307 2877 3378 eique
2902 3307 3076 3363 ﬁliam
3100 3322 3261 3364 suam
3289 3305 3726 3363 Amalsuindam
3751 3308 3809 3365 in

2161 3397 2591 3453 matrimonium
2616 3396 2798 3467 dedit,
2829 3411 2955 3467 quae
2981 3397 3379 3453 Athalaricum
3401 3410 3473 3452 ex
3495 3410 3563 3452 eo
3584 3396 3808 3467 genuit.

2159 3487 2271 3541 Nec
2304 3486 2412 3543 fuit
2442 3484 2633 3556 aliqua
2665 3484 2853 3541 vicina
2886 3483 2953 3518 ⁸⁸1
2992 3499 3138 3555 gens
3158 3485 3362 3554 Italiae,
3390 3500 3519 3556 quas
3553 3484 3811 3542 Theode-

2160 3574 2281 3630 rico
2305 3579 2407 3630 aut
2428 3573 2859 3643 conjunctionis
2876 3574 3155 3631 afﬁnitate
3170 3579 3266 3630 aut
3284 3573 3575 3646 pactionis
3590 3574 3808 3631 fcedere

2159 3677 2272 3719 non
2304 3663 2509 3719 fuisset
2549 3662 2790 3733 sociata,
2840 3663 3069 3719 Zenone
3118 3663 3317 3734 itaque
3369 3666 3621 3732 augusto
3672 3665 3807 3734 post

2161 3752 2361 3808 decem
2393 3756 2454 3807 et
2484 3756 2707 3823 septem
2741 3767 2922 3808 annos
2942 3753 3104 3822 regni
3131 3753 3216 3809 sui
3240 3751 3537 3823 defuncto,
3569 3753 3812 3809 Anasta-

2161 3841 2283 3899 sius
2313 3840 2600 3896 successit
2635 3839 2900 3911 imperio,
2923 3855 3174 3910 regnans
3198 3854 3301 3912 per
3325 3854 3503 3896 annos
3522 3843 3613 3911 27,
3632 3840 3811 3897 Theo-

2161 3928 2396 3986 dericus
2424 3944 2564 3985 vero
2593 3943 2696 4000 per
2727 3927 2874 3984 idem
2906 3933 3139 3999 tempus
3171 3928 3410 3999 pacifice
3457 3943 3708 3999 regnans
3752 3928 3807 3984 in

2159 4017 2348 4088 Italia,
2385 4018 2576 4075 Romae
2606 4016 2865 4073 miranda
2896 4017 3031 4073 fecit
3065 4017 3334 4086 aedificia,
3365 4020 3424 4072 et
3456 4031 3561 4088 per
3581 4015 3809 4086 singula

2162 4121 2407 4179 quaeque
2430 4106 2554 4163 loca
2581 4105 2907 4162 celebriora
2933 4092 3089 4175 regia
3113 4106 3222 4161 sibi
3237 4104 3569 4162 construxit
3586 4103 3811 4161 habita-

2162 4196 2312 4252 cula.
2344 4197 2568 4253 Mortuo
2598 4198 2791 4252 autem
2824 4195 3132 4251 Anastasio
3154 4199 3215 4251 et
3245 4194 3375 4265 ipso
3405 4193 3695 4264 heretico,
3717 4194 3811 4251 Ju-

2163 4284 2352 4340 stinus
2383 4284 2689 4355 imperium
2725 4283 2975 4354 adeptus
3006 4287 3113 4340 est.
3142 4283 3251 4350 Qui
3274 4282 3409 4339 dum
3432 4286 3590 4340 esset
3611 4283 3811 4339 ortho-

403 4382 527 4423 rem
558 4369 889 4424 Ravennam
922 4369 1198 4440 perrexit.
1243 4370 1500 4441 Cumque
1548 4370 1604 4425 in
1655 4383 1723 4426 eo
1774 4369 1903 4427 loco
1950 4373 2046 4443 qui
2080 4369 2134 4429 D
2165 4372 2374 4441 doxus,
2408 4386 2658 4428 cernens
2689 4372 2742 4427 in
2770 4372 3039 4443 partibus
3063 4370 3438 4428 Orientisillo
3459 4370 3649 4426 adhuc
3670 4374 3812 4427 tem-

404 4454 672 4513 Pinetum
705 4456 922 4513 dicitur
953 4472 1065 4513 non
1095 4458 1300 4528 procul
1332 4460 1403 4515 ab
1431 4459 1576 4515 urbe
1607 4463 1802 4516 castra
1828 4462 2052 4532 posuis-

407 4547 515 4615 set,
543 4559 646 4615 per
666 4544 1004 4617 continuum
1021 4559 1166 4616 pene
1182 4545 1497 4603 triennium
1512 4546 1869 4604 Odoacarem
1886 4549 2053 4605 obse-

406 4632 511 4689 dit.
531 4632 806 4704 Qui,eum
834 4634 1468 4704 frequenternocturno
1491 4640 1755 4707 tempore
1773 4652 1904 4693 cum
1929 4638 2055 4696 suis

404 4736 477 4777 ex
507 4721 652 4777 urbe
682 4722 1008 4792 egrediens,
1043 4723 1363 4781 exercitum
1391 4725 1731 4782 Theoderici
1767 4725 2054 4796 inquieta-

406 4816 518 4882 ret,
554 4811 867 4868 novissime
899 4817 1075 4868 noctu
1109 4812 1340 4870 irruens
1370 4815 1426 4869 in
1459 4818 1677 4885 castra,
1726 4815 2051 4871 exercitum

403 4899 744 4958 Theoderici
766 4915 969 4971 magna
995 4905 1192 4972 strage
1214 4902 1642 4973 prostravit(H.
1671 4905 1794 4973 13.),
1822 4905 1921 4961 sed
1948 4908 2055 4961 Go-

407 4989 526 5046 this
556 4990 789 5047 fortiter
816 4990 1253 5061 resistentibus,
1289 4991 1360 5048 ad
1392 4996 1719 5049 extremum
1751 4994 1966 5066 victus,
1994 4994 2051 5051 in

410 5080 619 5135 urbem
642 5080 944 5150 confugit;
978 5095 1084 5137 nec
1116 5079 1299 5137 multo
1334 5084 1470 5152 post
1508 5082 1681 5139 missa
1735 5081 2048 5158 legatione,

406 5168 633 5224 veniam
657 5169 993 5242 supplicans
1087 5170 1442 5227 Theoderico
1464 5171 1629 5242 quasi
1646 5171 1703 5229 in
1726 5172 1838 5230 fide
1860 5187 2054 5232 susce-

2164 4475 2306 4533 pore
2329 4461 2630 4516 Arrianam
2655 4460 2903 4516 heresim
2930 4475 3033 4532 per
3053 4458 3279 4529 singula
3305 4458 3430 4515 loca
3453 4458 3672 4529 vigere,
3706 4472 3811 4531 pro

2165 4550 2376 4607 ardore
2399 4548 2703 4605 catholicae
2728 4548 2859 4604 ﬁdei
2884 4548 3225 4605 decertabat
3249 4547 3544 4603 hereticos
3570 4546 3812 4619 dissipa-

2166 4653 2248 4709 re,
2267 4642 2552 4708 sextoque
2569 4636 3062 4709 imperiisuianno
3085 4626 3369 4709 precepit,
3392 4642 3456 4694 ut
3478 4636 3699 4708 ubique
3719 4636 3815 4694 he-

2165 4728 2480 4784 reticorum
2497 4725 3082 4796 zecclesiasfcatholici
3098 4729 3513 4782 consecrarent
3525 4725 3811 4797 episcopi.

2166 4818 2285 4872 Hoc
2319 4816 2562 4872 audiens
2591 4815 3007 4882 Theodericus,
3034 4813 3275 4870 Arriana
3299 4814 3398 4871 lue
3419 4812 3710 4887 pollutus,
3731 4816 3825 4869 Jo-

2166 4904 2415 4962 hannem
2446 4919 2652 4977 papam
2686 4904 2976 4975 simulque
3007 4919 3139 4960 cum
3161 4918 3232 4960 eo
3252 4902 3619 4961 Theodorum
3641 4907 3818 4975 atque

2167 4996 2500 5067 Agapitum,
2518 4994 2860 5051 consulares
2873 4992 3054 5064 viros,
3071 4991 3365 5064 aliumque
3388 4993 3700 5064 Agapitum
3721 5007 3821 5065 pa-

2166 5083 2403 5141 tricium
2429 5083 2993 5156 ConstantinOpolim
3016 5082 3389 5141 adJustinum
3406 5080 3820 5155 imperatorem

2166 5172 2405 5246 direxit,
2444 5172 2725 5231 mandans
2754 5172 2838 5229 illi
2873 5171 3169 5244 minando,
3204 5171 3360 5246 quia,
3394 5171 3504 5234 nisi
3526 5170 3822 5235 .hereticis

1769 5342 2007 5399 VARUE
2050 5342 2449 5402 LECTIONES.

480 5455 549 5493 ³⁷⁸
576 5473 626 5517 c.
663 5474 717 5536 p.
753 5464 802 5519 ὅ.
881 5460 951 5497 ⁸⁷³
980 5466 1189 5522 tenens
1216 5467 1292 5521 9°.
1371 5464 1443 5502 ⁸⁸⁰
1469 5466 1568 5525 ibi.
1599 5482 1650 5535 r.
1680 5471 1732 5525 5.
1809 5464 1878 5501 ⁸⁸¹
1907 5481 1962 5543 g.
1994 5466 2182 5525 vicina
2215 5472 2265 5527 δι
