3992 6054
210 310 332 376 ’153

1103 309 1545 377 CHRONICA.
1578 346 1657 359 -
1688 308 2167 376 CHRONICON
2208 310 2739 378 UNIVERSALE

3510 318 3627 385 ’154

210 447 515 510 acclesias
547 461 685 506 suas
717 445 1066 519 quantocius
1085 446 1359 505 redderet
1381 462 1601 519 eosque
1633 446 1688 504 in
1715 461 1854 519 pace
1883 442 1942 508 A
1971 446 2554 521 Constantinopolim,
2593 454 2652 506 ut
2686 464 2790 522 per
2817 464 2947 509 eum
2968 448 3214 520 gratiam
3253 449 3625 527 imperatoris

210 537 428 609 degere
442 537 684 608 sineret,
701 536 1009 594 universos
1028 535 1209 594 Italiae
1229 538 1477 609 populos
1493 536 1618 608 ipse
1658 536 1853 607 gladio

208 625 605 696 extingueret.
632 622 738 691 Qui
762 623 1173 696 pervenientes
1188 624 1260 680 ad
1273 628 1605 695 augustum,
1631 640 1760 681 cum
1785 624 1856 681 ab

208 728 284 772 eo
306 715 503 783 digne,
526 716 590 770 ut
621 712 1015 789 competebat,
1060 712 1323 784 suscepti
1366 716 1585 782 essent,
1635 712 1857 782 magnis

210 817 345 861 cum
370 801 607 858 ﬂetibus
629 800 1029 873 postulabant,
1056 805 1121 858 ut
1138 815 1260 858 suae
1284 801 1594 871 legationis
1623 801 1855 865 seriem,

211 891 480 964 quamvis
508 894 668 947 esset
692 889 932 960 injusta,
968 889 1222 947 libenter
1250 891 1548 962 exciperet
1575 894 1635 946 et
1673 889 1857 946 Italize

211 979 495 1053 periturae
526 978 886 1036 consuleret.
914 977 1171 1045 Quorum
1195 978 1708 1036 ﬂetibusJustinus
1731 993 1859 1050 per-

209 1073 430 1140 motus,
462 1067 547 1125 eis
578 1068 735 1140 quod
768 1068 1046 1139 petebant
1092 1068 1413 1138 concessit,
1466 1067 1860 1140 Arrianosque

212 1173 340 1215 suae
357 1158 637 1229 potestati
661 1156 898 1213 dimisit.
919 1157 1176 1228 Cumque
1196 1157 1251 1212 hi
1278 1158 1332 1213 in
1357 1157 1567 1215 itinere
1600 1156 1861 1215 demora-

210 1245 840 1315 rentur,Theodericus
856 1245 1016 1302 rabie
1031 1246 1359 1317 iniquitatis
1371 1261 1491 1304 suae
1515 1246 1651 1303 stim
1666 1244 1863 1304 ulatus

211 1334 605 1391 Simmachum
638 1334 948 1407 patricium
977 1338 1035 1391 et
1052 1336 1315 1393 Boetium
1330 1339 1657 1392 senatorem
1685 1338 1743 1392 et
1766 1350 1863 1393 ex-

209 1422 517 1480 consulem
540 1422 739 1494 gladio
770 1424 1112 1481 trucidavit.

287 1512 387 1569 His
418 1527 649 1583 quoque
668 1512 877 1570 diebus
895 1512 1460 1569 extinctanrancis
1492 1512 1722 1570 Alarico
1750 1513 1865 1570 Wi-

209 1600 574 1671 sigotharum
591 1615 750 1671 rege,
772 1600 1173 1657 Theodericus
1200 1615 1305 1672 per
1325 1601 1568 1657 Hibbam
1590 1600 1861 1657 comitem

210 1704 382 1747 suum
414 1688 550 1761 plus
583 1703 754 1759 quam
786 1693 857 1745 30
883 1688 1038 1746 milia
1065 1691 1423 1747 Francorum
1447 1691 1701 1761 caedens,
1727 1693 1860 1761 post

1968 538 2584 617 acqu‘ireretNeniens
2599 539 2969 617 autem'ponti
2981 541 3071 595 fex
3086 540 3157 597 ad
3190 540 3621 613 imperatorem,

1965 610 2142 698 coepit
2176 627 2392 685 habere
2422 626 2612 701 colloq
2631 614 2787 685 nium
2814 610 2887 662 7⁸⁸³
2915 644 3045 685 cum
3074 644 3144 686 eo
3190 610 3361 686 1mde
3393 632 3523 704 fide,
3565 610 3623 690 et

1967 716 2186 775 invenit
2216 732 2347 773 eum
2377 716 2700 774 doctrinam
2719 718 3006 775 Euticetis
3025 718 3257 776 habere.
3277 720 3457 786 Quem
3495 737 3623 778 cum

1967 807 2231 878 pontifex
2262 822 2366 877 pro
2394 822 2595 864 errore
2625 807 2980 879 increparet,
3018 808 3115 864 ille
3156 809 3331 866 minis
3353 824 3483 867 eum
3532 826 3628 881 ag-

1966 894 2213 965 gresSus
2241 900 2361 960 est;
2394 897 2495 953 sed
2541 896 2596 951 in
2640 896 2751 952 ﬁde
2780 896 3069 953 catholica
3117 913 3262 968 papa
3314 898 3628 958 immobilis

1970 985 2263 1055 stabat,et
2293 984 2365 1040 ad
2398 985 2809 1057 imperatorem
2839 986 3107 1042 dicebat:
3134 989 3259 1057 Ego
3287 989 3628 1055 desideravi

1965 1073 2171 1131 venire
2184 1072 2269 1131 ad
2284 1072 2703 1132 JustiniamI/m
2730 1075 3140 1145 imperatorem
3182 1075 3625 1135 christianissi-

1966 1162 2534 1231 mum,scduteideo,
2554 1164 2760 1222 inveni
2780 1166 3240 1221 Diocletzammi.
3286 1165 3501 1222 Videns
3529 1180 3629 1221 au-

1971 1256 2089 1307 tem
2110 1251 2428 1322 imperator
2443 1252 2830 1309 constantiam
2846 1252 2992 1321 ejus.
3010 1268 3079 1309 ex
3097 1252 3400 1309 voluntate
3418 1254 3515 1310 Dei
3534 1269 3627 1312 ac-

1975 1340 2194 1410 quievit
2209 1340 2447 1397 monitis
2462 1339 2621 1397 illius
2636 1357 2649 1405 ;
2665 1340 2769 1397 sed
2783 1355 2895 1396 non
2914 1340 3096 1398 multo
3115 1347 3246 1413 post
3262 1340 3413 1397 idem
3439 1343 3628 1414 ponti-

1976 1428 2161 1484 fexibi
2178 1428 2489 1486 defunctus
2505 1432 2616 1485 est.
2632 1429 2999 1486 Justinianns
3018 1444 3157 1485 vero
3177 1430 3506 1488 Bilisarium
3531 1447 3628 1504 pa-

1976 1516 2231 1587 tricium,
2255 1517 2373 1586 jam
2403 1517 2474 1574 de
2497 1516 2793 1573 Wandalis
2826 1517 2882 1574 in
2916 1517 3109 1575 Africa
3145 1518 3621 1591 triumphantem,

1976 1608 2177 1661 contra
2207 1606 2560 1662 Thecdatum
2590 1604 2659 1639 ⁸⁸⁵
2691 1606 2865 1674 misit,
2894 1611 2957 1661 ut
2987 1611 3041 1661 et
3070 1606 3292 1663 italiam
3317 1623 3346 1663 a
3370 1608 3619 1665 servitio

1979 1693 2294 1750 Gothorum
2309 1694 2830 1765 liheraret.(.lonn.)
2848 1694 3127 1750 Veniente
3142 1698 3334 1757 autem
3353 1696 3623 1753 Bilisario

212 1781 462 1834 mortem
493 1769 710 1833 Alarici
736 1778 938 1847 generi
959 1776 1026 1810 ⁸⁸³
1048 1778 1159 1848 sui,
1188 1778 1483 1850 Thiodem,
1512 1778 1861 1849 armigerum
1894 1805 1947 1865 Β
1982 1781 2035 1837 in
2050 1781 2539 1851 Siciliam,omnes
2555 1783 2649 1852 qui
2670 1782 2745 1836 ibi
2769 1786 2937 1838 erant
2969 1782 3139 1837 Gothi
3174 1798 3302 1839 cum
3337 1784 3485 1862 duce
3517 1800 3625 1841 suo

208 1865 363 1936 ejus,
397 1869 653 1924 tutorem
687 1867 959 1924 Amalrici
994 1868 1226 1940 nepotis
1259 1869 1349 1924 sui
1390 1868 1720 1925 constituit.
1772 1870 1865 1923 Jo-

210 1953 438 2010 hannes
467 1968 608 2010 vero
643 1970 787 2027 papa
820 1955 1055 2021 rediens
1085 1970 1115 2011 a
1164 1956 1689 2027 Constantinopoli,
1733 1970 1864 2013 cum

209 2043 652 2105 sociis.itineris
673 2045 760 2101 sui
787 2044 940 2101 venit
968 2046 1037 2101 ad
1051 2045 1465 2102 Theodericum
1513 2046 1862 2102 Ravennam.

210 2131 319 2189 Ille
335 2148 472 2188 vero
490 2146 592 2204 per
606 2132 892 2189 maliciam
909 2133 1230 2204 impietatis
1244 2138 1302 2189 et
1334 2133 1560 2190 crudeli
1572 2134 1710 2190 tatis
1725 2149 1863 2205 suae,

214 2237 324 2293 pro
353 2237 421 2277 eo
452 2221 606 2292 quod
638 2236 668 2278 a
698 2222 949 2293 Iustino,
986 2222 1294 2279 catholicae
1338 2222 1471 2279 ﬁdei
1533 2222 1862 2291 defensore,

213 2310 538 2367 honorifice
561 2309 823 2381 suscepti
839 2315 1056 2381 esseut,
1076 2310 1300 2368 carceri
1317 2325 1417 2367 eos
1440 2311 1790 2382 mancipavit
1806 2314 1865 2367 et

214 2399 387 2457 famis
409 2399 719 2456 aﬂlictione
738 2399 1054 2457 interfecit.
1085 2399 1195 2457 Sed
1216 2400 1365 2456 hanc
1394 2399 1865 2455 immanissimam

212 2487 344 2561 ejus
372 2487 783 2547 crudelitatem
816 2487 1008 2545 divina
1042 2503 1179 2545 mox
1212 2488 1639 2545 animadversio
1659 2493 1865 2544 secuta

214 2586 340 2646 est;
373 2593 503 2636 nam
536 2577 914 2649 nonagesimo
947 2593 1097 2635 nono
1121 2582 1250 2649 post
1284 2579 1393 2634 hoc
1420 2578 1644 2634 facinus
1666 2577 1758 2633 die
1774 2592 1868 2633 su-

216 2669 339 2726 bita
364 2673 553 2725 morte
566 2667 879 2724 defunctus
894 2670 1005 2724 est.
1025 2666 1202 2737 Cujus
1226 2667 1498 2737 animam,
1543 2671 1603 2723 ut
1628 2670 1866 2723 sanctus

215 2756 536 2827 Gregorius
566 2757 622 2811 in
655 2755 887 2825 dialogo
907 2754 1137 2825 scribit,
1172 2754 1478 2811 solitarius
1511 2754 1743 2825 quidam
1777 2755 1867 2811 vir

218 2860 442 2916 magnae
472 2844 714 2902 virtutis
745 2844 898 2917 apud
931 2844 1238 2915 Lipparam
1262 2842 1511 2899 insnlam
1533 2842 1676 2899 vidit
1712 2843 1866 2899 inter

213 2934 536 2990 Iohannem
570 2948 774 3006 papam
798 2936 855 2991 et
888 2932 1273 2988 Simmachum
1307 2932 1617 3002 patricium
1657 2931 1867 2988 discin-

216 3028 379 3080 ctum
414 3027 471 3080 et
532 3022 933 3079 discalciatum
949 3020 1229 3077 deduciet
1249 3020 1307 3077 in
1327 3020 1498 3076 ollam
1515 3020 1756 3077 Vulcani
1773 3021 1867 3077 de-

217 3111 425 3181 mergi.
461 3111 675 3184 anno.)
709 3113 857 3167 Ante
888 3114 1102 3179 tamen,
1134 3125 1263 3166 cum
1292 3109 1479 3166 adhuc
1496 3109 1736 3181 valeret,
1762 3109 1866 3167 sed

212 3200 334 3269 jam
372 3200 590 3271 senior,
628 3198 959 3257 convocans
992 3197 1208 3254 Gothos
1229 3203 1287 3254 et
1315 3194 1642 3268 gentis'suae
1659 3198 1869 3268 prima-

216 3294 333 3359 tes,
360 3288 780 3359 Athalaricum,
808 3286 1198 3344 Amalsuinda:
1223 3286 1401 3343 filium
1425 3286 1520 3343 vix
1544 3285 1740 3344 decem
1773 3290 1871 3343 au-

219 3391 447 3448 norum,
483 3364 680 3447 regem
711 3376 1043 3445 constituit,
1064 3375 1380 3431 exhortans
1402 3388 1562 3445 suos,
1590 3379 1649 3430 ut
1675 3389 1867 3445 regem

217 3465 502 3536 colerent,
531 3470 799 3522 senatum
825 3464 1217 3536 populumque
1233 3464 1547 3519 Romanum
1567 3462 1867 3535 iamarent,

220 3556 546 3626 principem
572 3553 830 3611 Orientis
862 3553 1156 3624 placatum
1189 3565 1420 3623 semper
1451 3557 1508 3609 et
1543 3553 1869 3625 prepicium

223 3643 438 3701 habere
468 3645 763 3700 curarent.
797 3642 899 3712 (H.
934 3643 1005 3698 Β.
1039 3645 1099 3697 et
1121 3641 1428 3710 Jonn)Quo
1443 3641 1739 3711 defuncto,
1769 3641 1873 3696 Go-

228 3733 332 3802 thi,
371 3731 710 3803 utprecepit
734 3729 1144 3799 Theodericus,
1172 3729 1572 3786 Athalaricum
1594 3746 1725 3787 cum
1756 3745 1872 3786 ma-

229 3827 316 3879 tre
347 3835 449 3877 sua
472 3819 786 3893 preficiunt
812 3833 1016 3889 regno,
1052 3819 1162 3875 hoc
1193 3819 1348 3889 quod
1379 3822 1720 3890 preceptum
1744 3824 1872 3875 erat

225 3908 657 3974 custodientes,
690 3922 860 3979 quam
891 3907 992 3964 diu
1022 3906 1396 3964 Athalaricus
1429 3908 1487 3963 et
1523 3910 1708 3962 mater
1744 3906 1870 3976 ejus

227 3997 526 4067 vivebant,
560 3996 656 4067 qui
689 4010 834 4067 pene
864 4009 968 4066 per
996 4000 1132 4051 octo
1164 4009 1349 4051 anncs
1383 3995 1730 4064 regnabant.
1777 3996 1872 4052 Ju-

226 4087 385 4145 stino
409 4091 602 4142 autem
626 4088 875 4155 augusto
899 4088 1026 4156 post
1052 4088 1189 4140 octo
1214 4082 1441 4154 imperii
1465 4099 1552 4140 sui
1579 4084 1873 4140 annosde-

224 4175 447 4241 functo,
480 4172 865 4242 Justinianus,
881 4171 1105 4228 sororis
1120 4171 1248 4242 ejus
1262 4171 1440 4242 filius,
1461 4171 1749 4229 successit
1772 4172 1871 4227 im-

225 4263 408 4335 perio.
463 4262 565 4319 Cui
611 4260 985 4317 Athalaricus
1032 4264 1152 4316 tam
1201 4275 1363 4317 suam
1412 4260 1867 4317 adolescentiam

225 4366 395 4422 quam
426 4350 630 4407 matris
661 4349 1010 4407 viduitatem
1042 4349 1488 4419 commendavit,
1541 4348 1644 4405 sed
1704 4348 1867 4405 brevi

221 4446 355 4513 post
372 4444 634 4512 tempore
646 4438 913 4496 humanis
936 4439 1114 4495 rebus
1129 4438 1406 4495 excessit.
1425 4439 1561 4495 Tum
1587 4442 1865 4494 maternae

1899 3161 1948 3225 Ο

1980 1872 2272 1928 Sinderitb
2308 1872 2465 1928 ultro
2496 1886 2558 1927 se
2590 1871 2860 1927 Bilisario
2886 1871 3629 1930 tradiderunt.Theodatus

1978 1975 2117 2016 vero
2146 1975 2422 2030 generum
2449 1976 2611 2017 suum
2637 1958 3209 2016 Evermundumcum
3232 1961 3496 2017 e‘xercitu
3529 1961 3630 2017 mi-

1978 2050 2057 2105 sit
2088 2050 2157 2106 ad
2191 2050 2637 2106 custodiendum
2674 2050 2905 2116 fretum,
2944 2048 3039 2104 ubi
3072 2053 3158 2104 est
3183 2048 3630 2120 exitusdeﬁici-

1980 2137 2087 2201 lia;
2123 2139 2227 2195 sed
2258 2138 2355 2194 ille
2387 2138 2632 2194 audiens
2659 2143 2931 2195 eventum
2947 2126 3212 2192 rerumin
3237 2136 3629 2207 Sicilia,ultro

1977 2240 2038 2283 se
2071 2226 2143 2308 ad
2175 2226 2353 2298 pedes
2380 2226 2745 2284 advenientis
2777 2224 2846 2258 ⁸⁸³
2880 2224 3321 2295 Bilisariimisit;
3355 2225 3630 2283 Romanis

1976 2320 2185 2385 optans
2198 2315 2421 2371 servire
2437 2315 2817 2387 principibus.
2839 2314 3001 2380 Quod
3019 2314 3338 2370 Gothorum
3368 2316 3628 2371 sentiens

1976 2403 2641 2473 exercitus,suspeetum
2655 2403 3010 2458 Thecdatum
3026 2416 3055 2457 a
3073 2417 3252 2471 regno
3298 2402 3626 2474 pellendum

1977 2491 2258 2559 clamitat,
2275 2496 2335 2547 et
2349 2491 2634 2560 Witigem,
2653 2490 2750 2561 qui
2768 2489 3158 2559 ejusarmiger
3184 2491 3416 2555 erat,ad
3444 2491 3630 2547 rebel-

1978 2579 2209 2637 landum
2244 2579 2297 2635 in
2333 2594 2571 2649 regnum
2601 2578 2811 2648 elevat,
2854 2578 2961 2657 Qui
2993 2577 3221 2634 levatus
3252 2578 3305 2634 in
3341 2593 3599 2649 regnum,

1977 2669 2214 2724 Romam
2248 2667 2596 2737 ingreditur,
2622 2667 3042 2739 premissisque
3066 2668 3392 2722 Ravennam
3421 2668 3623 2724 fidelis-

1978 2757 2140 2814 simis
2155 2755 2264 2813 sibi
2298 2756 2457 2826 viris,
2490 2755 3045 2812 Theodatumoccidi
3082 2755 3364 2826 preeepit,
3391 2755 3629 2827 ipseque

1981 2850 2110 2917 post
2128 2859 2347 2915 paucos
2362 2846 2489 2902 dies
2508 2846 2835 2901 Ravennam
2851 2844 3112 2911 veniens,
3146 2841 3623 2916 Mathesuindam,

1979 2933 2369 2990 Amalsuindze
2386 2933 2642 3003 filiam,vi
2661 2933 2771 2990 sibi
2786 2932 2841 2988 in
2858 2932 3285 2988 matrimonium
3307 2932 3626 3004 copulavit,

2051 3023 2152 3092 (Η,
2186 3023 2285 3093 Ε.)
2319 3021 2775 3078 Bilisariusvero
2803 3024 3122 3090 conceptas
3163 3021 3630 3079 contraTbeoda-

1979 3118 2097 3168 tum
2134 3111 2268 3167 belli
2293 3111 2516 3166 viresin
2533 3109 2797 3179 Witigem
2821 3109 3535 3180 convcrtit,egressusque
3559 3112 3630 3166 de

1979 3199 2192 3267 Sicilia,
2225 3201 2463 3256 Romam
2494 3198 2672 3254 venit.
2708 3197 2877 3253 Gothi
2912 3202 3105 3254 autem
3152 3197 3246 3267 qui
3289 3197 3366 3252 ibi
3407 3197 3639 3255 habita-

1981 3288 2118 3343 bant
2159 3292 2325 3344 nocte
2374 3286 2746 3357 egredientes
2792 3288 3050 3356 Romam,
3102 3289 3419 3357 portasque
3458 3286 3633 3344 relin-

1981 3376 2512 3446 quentesfiapertas,
2549 3375 2825 3443 fugerunt
2855 3376 3203 3431 Ravennam.
3258 3374 3486 3441 Witigis
3535 3390 3632 3433 au-

1981 3468 2095 3519 tem
2135 3470 2199 3521 ut
2248 3464 2385 3520 talia
2430 3464 2726 3533 cognovit,
2776 3477 2907 3520 eum
2951 3477 3157 3532 magno
3206 3463 3473 3520 exercitu
3522 3465 3631 3519 Ro-

1982 3567 2127 3607 mam
2160 3551 2350 3618 venit;
2381 3551 2483 3608 sed
2516 3551 2838 3619 Bilisarius,
2868 3565 3117 3607 cernens
3150 3565 3261 3607 non
3286 3551 3626 3622 aptum_sibi

1980 3647 2211 3711 tempus
2240 3641 2309 3696 ad
2347 3639 2738 3711 pugnandum,
2771 3640 2905 3710 quia
2933 3640 3111 3695 fames
3144 3653 3347 3708 magna
3379 3654 3447 3696 eo
3477 3654 3629 3696 anno

1980 3729 2361 3800 obpresscrat
2394 3729 2690 3798 mundum,
2726 3728 2965 3785 inclusit
2994 3742 3055 3784 se
3083 3728 3228 3783 infra
3252 3728 3505 3796 Romam,
3534 3743 3631 3800 po-

1981 3816 2112 3873 sitis
2146 3816 2513 3885 custodibus,
2533 3818 2628 3887 qui
2645 3832 2715 3873 ex
2731 3817 2885 3872 omni
2910 3815 3461 3888 partccustodirent
3481 3832 3626 3873 eam.

1982 3906 2151 3962 Gothi
2184 3921 2323 3961 vero
2352 3905 2549 3963 omnia
2572 3905 2713 3961 foris
2728 3905 3124 3971 devastantes,
3144 3919 3272 3961 cum
3294 3919 3392 3976 per
3420 3920 3629 3962 annum

1981 3994 2271 4062 integrum
2302 3993 2640 4049 obsiderent
2670 3994 2928 4052 Romam.
2959 3993 3221 4049 immisso
3236 4008 3414 4067 super
3441 4009 3502 4051 se
3517 4002 3633 4050 ter-

1981 4097 2135 4150 rore,
2169 4081 2444 4149 fugerunt
2474 4082 2826 4138 Ravennam.
2860 4083 3075 4137 Iterum
3106 4081 3339 4152 Witigis
3378 4082 3629 4140 collecto

1979 4170 2241 4227 exercitu
2276 4168 2432 4226 venit
2463 4174 2667 4226 contra
2701 4167 3029 4225 Bilisarium
3062 4169 3119 4224 in
3163 4186 3431 4241 pugnam,
3477 4188 3631 4228 com-

1981 4257 2297 4329 missaque?
2333 4273 2547 4328 pugna,
2599 4255 2764 4314 multi
2808 4272 2880 4312 ex
2929 4261 3097 4328 parte
3144 4259 3372 4327 Witigis
3416 4263 3627 4318 mortui

1981 4351 2136 4417 sunt,
2155 4346 2460 4417 ipsumque
2477 4346 2791 4414 fugientem
2805 4345 3099 4401 Johannes
3114 4346 3336 4403 militiae
3353 4348 3633 4418 magister

1980 4436 2301 4492 insecutus.
2331 4433 2523 4489 vivum
2549 4432 2935 4505 apprehendit
2958 4435 3315 4506 Romamque
3338 4436 3408 4493 ad
3435 4436 3632 4494 Bilisa-

222 4544 400 4593 sexus
422 4527 799 4598 fragilitatem
814 4527 983 4584 Gothi
1007 4526 1143 4583 dum
1160 4530 1528 4598 spernerent,
1549 4541 1746 4582 secum
1772 4525 1867 4582 de-
1901 4525 1949 4584 Ι)
1984 4524 2128 4579 rium
2162 4522 2345 4587 duxit,
2393 4537 2562 4592 quem
2617 4521 2715 4577 ille
2790 4536 2987 4578 secum
3068 4522 3631 4594 Constantinopolim

222 4616 501 4687 liberans,
532 4616 659 4688 ipsa
688 4615 1045 4673 Thecdatum
1067 4614 1476 4671 consobrinum
1523 4629 1691 4670 suum
1738 4629 1863 4683 ger-

224 4702 525 4761 manitatis
553 4703 745 4773 gratia
775 4702 1125 4760 accersitum
1148 4715 1175 4756 a
1210 4701 1436 4771 Tuscia,
1474 4701 1569 4757 ubi
1599 4700 1864 4772 privatus

224 4791 281 4847 in
313 4791 572 4863 propriis
603 4790 828 4847 laribus
857 4788 1112 4859 vivebat,
1145 4789 1201 4844 in
1233 4803 1412 4859 regno
1463 4788 1696 4845 locavit.
1757 4788 1864 4856 Qui

226 4884 356 4951 post
372 4879 735 4950 aliquantum
768 4882 1001 4950 tempus
1044 4877 1369 4948 ,immemor
1393 4876 1868 4947 consanguinita-

223 4967 302 5025 tis
324 4973 382 5023 et
407 4967 694 5038 beneficii,
722 4982 753 5023 a
778 4965 997 5039 palatio
1017 4980 1140 5023 eam
1155 4965 1581 5021 abstractamin
1616 4965 1866 5022 insulam

220 5055 335 5112 laci
364 5054 590 5112 Vulsini
612 5054 914 5125 relegavit,
938 5053 1034 5113 ubi
1058 5052 1441 5125 paucissimos
1461 5052 1586 5109 dies
1605 5052 1659 5109 in
1683 5053 1867 5110 tristi-

223 5143 314 5202 cia
348 5142 589 5216 degens,
622 5144 694 5200 ab
724 5142 850 5213 ejus
873 5140 1180 5200 satellibus
1202 5141 1257 5197 in
1273 5139 1481 5198 balneo
1503 5141 1866 5212 strangulata

220 5236 334 5290 est.
368 5231 535 5298 Quod
585 5232 829 5289 audiens
885 5231 1227 5304 imperator,
1278 5244 1481 5301 magna
1529 5228 1614 5287 ira
1662 5234 1863 5288 contra

215 5320 575 5379 Theodatum
608 5333 890 5378 accensus
921 5323 1028 5377 est.
1065 5320 1165 5390 (Η.
1213 5320 1310 5390 R.)
1356 5319 1624 5376 Sentiens
1670 5326 1865 5376 autem

217 5410 332 5468 hoc
356 5408 705 5480 Theodatus,
738 5409 972 5467 beatum
994 5408 1304 5483 Agapitum
1330 5423 1534 5482 papam
1561 5408 1772 5466 direxit
1794 5409 1866 5465 ad

1979 4611 2356 4678 vexit.Quem
2374 4610 3355 4682 videnslustinianus,gavisusest,
3418 4616 3476 4667 et
3518 4628 3630 4669 non

1981 4704 2111 4771 post
2144 4698 2386 4757 multum
2402 4699 2930 4771 tempusfeciteum
2951 4697 3515 4771 patricium,illeque
3552 4700 3630 4755 ibi

1980 4789 2110 4860 plus
2130 4804 2299 4860 quam
2318 4788 2613 4845 biennium
2633 4793 2912 4856 moratus,
2933 4789 3244 4846 defunctus
3266 4796 3374 4844 est.
3420 4788 3630 4860 (Jonn.)

1980 4878 2153 4949 Cujus
2176 4892 2417 4934 uxorem
2441 4876 2902 4933 Matbesuindam
2927 4876 3250 4948 imperator
3274 4875 3432 4933 dedit
3467 4878 3631 4934 fratri

1979 4981 2084 5023 suo
2117 4968 2400 5022 Germano
2434 4964 2703 5036 patricio,
2749 4964 2822 5019 de
2874 4965 3088 5034 quibus
3140 4968 3315 5022 natus
3355 4970 3448 5022 est
3478 4965 3633 5022 ﬁlius

1980 5055 2206 5111 nomine
2235 5056 2578 5123 Germanus,
2606 5053 2661 5109 in
2688 5068 2821 5123 quo,
2859 5052 3170 5121 conjuncta
3196 5054 3380 5126 stirpe
3405 5048 3636 5111 Anicio-

1982 5160 2102 5199 rum
2135 5141 2717 5212 etAmalorum,spcs
2738 5141 3046 5211 utriusque
3074 5141 3308 5211 generis
3339 5147 3401 5199 et
3437 5142 3631 5213 gentis

1978 5232 2168 5304 posita
2202 5230 2425 5301 est.(H.
2461 5231 2559 5301 Β.)
2590 5231 2907 5299 Postquam
2933 5234 3129 5286 autem
3162 5229 3390 5301 Witigis
3421 5235 3632 5304 captus

1977 5326 2084 5390 est,
2118 5320 2284 5377 Gothi
2317 5318 2707 5391 Transpadani
2731 5316 3471 5392 Hcldobadumsibiregem
3497 5337 3630 5379 con-

1978 5409 2255 5479 stituunt,
2292 5407 2388 5481 qui
2419 5405 2620 5465 eodem
2642 5421 2792 5463 anno
2818 5405 3212 5480 interemptus
3235 5413 3349 5467 est.
3377 5411 3479 5467 Cui
3502 5425 3633 5467 suc-

1596 5522 1832 5581 VARUE
1876 5524 2275 5580 LECTIONES.
2502 5551 2524 5581 ς

297 5620 367 5656 ⁸⁸³
392 5619 628 5693 generis
652 5625 703 5679 ὅ.
737 5620 807 5656 ³⁸³
836 5635 887 5678 c.
924 5621 977 5677 h.
1011 5625 1060 5678 5.
1094 5620 1161 5657 ⁸⁸⁸
1190 5621 1278 5681 eis
1303 5624 1377 5677 9°.
1402 5620 1470 5655 ⁸⁸⁸
1493 5621 1801 5678 deodatum
1836 5625 1882 5676 5.

1980 5620 1987 5653 ⁵
2014 5619 2302 5677 venientis
2331 5627 2405 5676 Ως.
