3992 6062
210 284 331 352 ’757

1083 286 1517 357 GHRONICA.
1567 325 1638 341 —
1665 288 2145 368 CHRONICON
2188 292 2744 362 UNIVERSALE.

3497 294 3617 365 758

210 422 373 498 prior
402 422 513 484 sub
545 421 728 482 Attila
758 436 1029 497 regnans,
1064 428 1194 499 post
1226 430 1470 484 mortem
1511 425 1638 498 ejus
1658 441 1718 485 se
1740 428 1854 484 llu-
1888 427 1939 489 Α
1968 434 2025 485 et
2054 430 2332 489 nutritus.
2363 430 2618 504 Cumque
2642 429 2962 505 imperator
2986 429 3223 491 fratrem
3247 446 3412 495 suum
3430 434 3616 497 adhuc

207 530 418 573 norum
447 514 653 572 ditioni
678 514 982 587 subduxit,
1005 519 1061 573 et
1098 517 1222 574 sine
1242 518 1377 575 filiis
1402 524 1669 575 mortuus
1700 519 1855 574 Diet-

209 620 375 661 maro
400 605 568 663 fratri
591 619 832 675 regnum
864 603 1125 678 reliquit,
1158 607 1309 663 alter
1329 623 1468 664 vero
1502 608 1679 665 filium
1704 623 1857 664 omo-

208 694 431 751 nimum
463 694 576 751 sibi
625 694 993 752 Witimarum
1043 695 1268 765 habuit,
1322 696 1418 767 qui
1450 701 1584 769 post
1632 697 1855 755 obitum

215 782 423 853 patris,
458 782 664 839 relicta
698 781 885 853 Italia,
922 781 1141 839 Gallias
1180 784 1445 841 secessit.

285 875 336 926 1.
372 871 539 943 (C’ltr.
587 873 698 944 W.)
730 874 795 927 A.
831 874 892 927 D.
927 875 1049 929 378.
1094 874 1393 943 Regnante
1432 873 1673 929 Valente
1724 879 1858 946 post

208 964 461 1017 mortem
492 959 696 1017 fratris
732 959 822 1017 sui
874 959 1260 1017 Valentiniani
1292 975 1423 1018 cum
1462 962 1739 1019 Gratiano
1797 968 1855 1019 et

208 1048 641 1121 Valentiniano,
667 1046 805 1105 ﬁliis
826 1047 1087 1119 ejusdem
1106 1049 1306 1106 fratris
1336 1050 1447 1121 sui,
1477 1050 1725 1109 Basilius
1742 1052 1858 1109 Ca:-

210 1151 397 1195 sareaa
418 1136 779 1209 Capadoeiae,
797 1138 889 1194 vir
911 1138 1384 1209 sapientissimus
1402 1145 1460 1196 et
1479 1140 1861 1199 continentis-

209 1225 672 1297 simus,’elaruit,
692 1226 794 1283 sed
816 1225 886 1261 ⁸⁸⁸
900 1227 1214 1299 superbire,
1242 1233 1305 1286 ut
1327 1229 1507 1301 aiunt,
1536 1230 1677 1288 vitio
1710 1230 1860 1288 labo-

209 1315 387 1372 ravit.

282 1407 335 1459 2.
381 1405 444 1459 Α.
489 1404 550 1458 D.
595 1403 715 1460 379.
761 1404 1116 1461 Athanasius
1155 1403 1224 1439 "7
1275 1406 1704 1465 Alexandrinus
1743 1410 1861 1481 epi-

207 1507 428 1564 scopus
444 1496 541 1548 66°
561 1492 858 1549 sacerdoti
880 1493 971 1549 sui
994 1506 1145 1551 anno
1167 1494 1444 1567 migrans,
1464 1498 1699 1554 Petrum
1732 1513 1862 1555 suc-

206 1595 510 1637 cessorem
544 1581 783 1653 reliquit
816 1582 909 1654 (ef.
953 1584 1199 1655 iterm).

286 1682 336 1734 3.
379 1677 544 1747 (0hr.
590 1680 699 1751 W.)
733 1682 797 1735 A.
832 1681 894 1735 D.
932 1684 1053 1752 380,
1093 1682 1262 1739 Gothi
1288 1683 1360 1740 ab
1393 1684 1575 1741 Hunis
1607 1684 1857 1757 expulsi,

211 1766 620 1824 diffunduntur
649 1782 757 1839 per
785 1769 1061 1826 Traeiam.

286 1859 336 1912 4.
373 1859 435 1910 Α.
469 1857 531 1911 Ι).
565 1859 686 1912 381.
724 1858 890 1913 Gothi
927 1859 1071 1915 fame
1100 1860 1410 1931 compulsi,
1450 1861 1737 1919 rebellant
1757 1866 1862 1920 Va-

210 1943 380 2015 lenti,
407 1958 553 2015 quos
584 1944 683 2001 ille
713 1946 867 2002 bello
892 1953 1117 2019 petens,
1144 1948 1245 2005 sed
1271 1949 1537 2007 exercitu
1559 1952 1755 2008 occiso
1780 1954 1861 2010 fu-

204 2033 401 2103 giens,
435 2032 491 2088 in
522 2047 655 2090 casa
690 2035 938 2105 quadam
964 2037 1132 2094 vivus
1154 2042 1466 2109 crematur,
1494 2046 1752 2097 ann015°
1777 2057 1863 2098 re-

203 2121 307 2190 gni
338 2120 447 2190 sui,
483 2135 750 2193 quorum,
786 2128 842 2179 11
882 2137 1012 2181 cum
1038 2126 1240 2198 fratre,
1268 2129 1450 2198 4post
1472 2126 1633 2184 illum
1660 2144 1861 2199 regna-

206 2210 298 2265 vit
331 2209 430 2280 (cf.
464 2211 542 2266 H.
572 2212 696 2283 m.).

286 2297 431 2353 Anni
464 2298 742 2355 Gratiani.

288 2389 453 2443 Anno
497 2385 801 2446 dominicae
846 2387 1271 2448 incarnationis
1319 2396 1442 2466 382,
1490 2395 1663 2452 Urbis
1721 2411 1860 2452 vero

96 2506 103 2515 ε
213 2474 469 2532 conditas
498 2475 808 2534 millesimo
842 2482 943 2534 133
1016 2480 1345 2553 Gratianus,
1400 2483 1555 2541 filius
1610 2484 1862 2541 Valenti-

208 2564 391 2634 niani,
427 2568 553 2621 39‘18
582 2563 650 2599 ⁸⁸⁸
681 2566 754 2621 ab
784 2569 1067 2638 Augusto,
1103 2572 1236 2640 post
1269 2575 1514 2627 mortem
1545 2572 1739 2644 patrui
1772 2574 1858 2629 sui

206 2651 474 2709 Valentis
503 2652 726 2711 electus
752 2659 843 2711 est
875 2655 946 2712 ad
976 2656 1301 2728 imperium,
1336 2663 1396 2714 et
1429 2661 1694 2730 regnavit
1729 2676 1858 2717 cum

203 2741 389 2799 fratre
419 2757 529 2799 suo
559 2742 966 2800 Valentiniano
995 2759 1178 2802 annos
1206 2750 1259 2813 6,
1293 2762 1422 2804 cum
1455 2749 1617 2819 prius
1660 2764 1861 2819 regna-

203 2832 299 2885 ret
329 2830 494 2886 annis
526 2832 558 2886 4
586 2845 717 2887 cum
751 2835 982 2908 patruo.
1019 2834 1098 2888 Eo
1120 2837 1386 2905 tempore
1411 2836 1562 2908 apud
1597 2836 1861 2895 Mediola-

205 2932 342 2974 num
378 2918 582 2975 beatus
611 2902 955 2976 Ambrosius
981 2920 1050 2954 ⁸⁸⁸
1082 2921 1174 2977 hic
1204 2902 1274 2956 “5°
1302 2902 1545 2994 hymnos
1564 2925 1859 2983 eanendos

206 3005 263 3061 in
300 3005 568 3064 mcclesia
589 3007 811 3079 primus
829 3009 1160 3081 composuit
1182 3043 1249 3052 —
1272 3012 1424 3083 apud
1447 3015 1706 3071 Turonos
1728 3015 1859 3070 bea-

199 3098 301 3151 tus
334 3096 614 3153 Martinus
632 3097 856 3167 magnis
885 3097 1217 3170 lampabant
1251 3099 1319 3133 ⁹⁰¹
1338 3101 1679 3173 virtutibus,
1714 3107 1859 3160 toto-

204 3198 318 3255 que
348 3185 492 3241 orbe
525 3184 811 3242 doctrinis
838 3188 896 3242 et
930 3186 1175 3244 scientia
1211 3188 1356 3245 clari
1407 3190 1742 3261 [Gregorius
1789 3191 1856 3226 ⁰⁰³

198 3273 468 3343 Nisenus,
501 3274 817 3344 Gregorius
845 3277 1226 3333 Nazanzenus
1258 3282 1318 3333 et
1362 3279 1514 3350 apud
1561 3280 1854 3337 Bethleem

198 3361 567 3418 Hieronimus
583 3362 885 3419 radiabant
905 3364 1001 3435 (cf.
1020 3367 1251 3435 Pnosr.,
1276 3366 1382 3424 C'It.
1400 3367 1540 3440 imp.
1558 3371 1710 3426 etH.
1724 3371 1849 3442 m.).

199 3448 572 3521 Theophylus
605 3450 1036 3510 Alexandrinus
1067 3453 1136 3487 ⁰⁰³
1163 3454 1480 3528 episcopus
1511 3458 1733 3528 cyclum
1782 3459 1853 3516 de

196 3539 613 3596 observatione
645 3540 875 3611 paschae
908 3556 1013 3612 per
1061 3548 1297 3599 centum
1349 3558 1532 3602 annos
1583 3547 1849 3617 digessit,

196 3641 369 3697 quem
393 3625 740 3685 laterculum
764 3629 1016 3696 vocavit,
1043 3634 1284 3702 totoque
1307 3633 1450 3689 orbe
1474 3634 1756 3692 doctrinis
1787 3640 1845 3693 et

195 3714 446 3771 scientia
476 3714 643 3787 clari]
677 3717 830 3787 apud
874 3717 1168 3774 Bethleem
1223 3720 1430 3776 beatus
1476 3721 1844 3780 Hieronimus

192 3804 527 3873 presbyter,
548 3803 702 3875 apud
723 3805 1018 3876 Ypponem
1045 3806 1253 3863 Africae
1277 3808 1575 3865 civitatem
1608 3815 1846 3869 sanctus

193 3891 561 3961 Augustinus
591 3892 904 3965 episcopus
949 3894 1274 3952 radiabant.

269 3979 522 4050 (H.R.et
534 3981 724 4053 Em.)
740 3980 925 4051 Igitur
947 3983 1259 4041 Gratianus
1272 3985 1580 4044 admodum
1590 3988 1785 4058 juveni
1795 4004 1843 4058 s,

193 4083 325 4125 eum
358 4068 826 4127 inaestimabilem
857 4071 1292 4129 multitudinem
1341 4074 1595 4132 hostium
1646 4078 1848 4135 Roma-

192 4156 287 4213 nis
311 4156 562 4213 infusam
586 4156 799 4214 ﬁnibus
814 4165 1108 4227 cerneret,
1129 4162 1314 4219 fretus
1328 4162 1539 4219 Christi
1560 4167 1845 4239 potentia,

194 4245 371 4315 longe
391 4244 598 4317 impari
623 4245 871 4304 militum
890 4262 1131 4305 numero
1154 4265 1285 4306 sese
1316 4251 1373 4306 in
1404 4253 1630 4309 hostem
1663 4254 1843 4326 dedit,

194 4340 258 4390 et
286 4334 442 4405 apud
476 4335 882 4405 Argentariam
909 4337 1109 4394 Galliae
1140 4338 1376 4409 opidum
1412 4339 1541 4411 plus
1571 4357 1738 4412 quam
1781 4348 1849 4399 30

193 4422 354 4478 milia
388 4421 837 4481 Alamannorum
870 4425 1186 4483 interfecit.
1216 4428 1434 4484 Deinde
1458 4430 1700 4487 audiens
1718 4433 1849 4489 Tra-

1967 534 2211 591 puerum
2242 527 2531 593 cerneret,
2565 525 2623 579 et
2656 522 2796 594 quid
2823 522 3038 580 faceret
3068 521 3371 594 hesitaret,
3398 524 3617 597 quippe

1968 624 2097 666 cum
2132 609 2386 681 barbari,
2419 611 2684 668 victoriis
2713 613 2872 683 elati,
2926 611 3408 684 inexpugnabiles
3456 614 3614 672 vide-

1968 702 2193 770 rentur,
2225 700 2427 757 eadem
2462 701 2815 772 provisione,
2842 717 2953 773 qua
2972 703 3159 758 Nerva
3182 702 3471 773 quondam
3500 702 3615 758 ele-

1966 793 2135 857 gerat
2167 791 2496 862 llyspanum
2526 790 2713 847 virum
2735 792 3059 861 Trajanum,
3087 806 3189 863 per
3210 806 3375 862 quem
3403 805 3496 847 res
3516 806 3616 863 pu-

1970 876 2119 933 blica
2154 884 2425 950 reparata
2459 885 2567 949 est,
2603 879 2852 936 accitum
2882 883 2942 936 et
2964 880 3085 951 ipse
3109 880 3520 937 nichilominus
3541 879 3612 936 ab

1968 967 2259 1038 HySpania
2282 968 2665 1025 Theodosium
2689 968 3029 1038 magistrum
3047 968 3267 1026 militiae
3284 969 3441 1039 fecit,
3458 983 3615 1025 eum-

1969 1069 2079 1126 que
2101 1061 2305 1114 contra
2334 1059 2612 1115 barbaros
2636 1072 2765 1116 cum
2790 1057 3161 1129 expeditione
3184 1058 3359 1114 misit.
3387 1057 3494 1124 Qui
3520 1072 3614 1112 va~

1969 1143 2132 1216 dens,
2168 1147 2403 1203 fortiter
2432 1162 2561 1204 cum
2596 1146 2709 1203 illis
2742 1147 3007 1202 maximis
3039 1146 3286 1217 Scythiae
3329 1146 3610 1216 gentibus

1971 1235 2268 1304 pugnavit,
2297 1240 2356 1291 et
2382 1235 3040 1307 felicitertriumphavit.
3059 1237 3184 1292 Mox
3199 1236 3317 1292 dux
3331 1234 3608 1306 optimus,

1970 1324 2236 1381 exercitu
2269 1324 2537 1396 disperso
2561 1339 2666 1396 per
2689 1325 2885 1395 urbes,
2914 1324 3036 1396 ipse
3058 1324 3342 1381 velociter
3364 1323 3435 1381 ad
3457 1322 3614 1396 prin-

1970 1411 2155 1483 cipem
2180 1414 2477 1481 remeavit,
2511 1414 2753 1485 ipseque
2779 1413 3203 1485 triumphorum
3220 1428 3457 1470 suorum
3473 1428 3613 1468 nun-

1969 1500 2097 1558 eius
2121 1502 2337 1559 extitit.
2371 1502 2536 1569 Quod
2569 1503 2704 1560 dum
2737 1508 3055 1574 imperator
3086 1518 3191 1574 pre
3228 1502 3612 1559 admiratione

1970 1605 2084 1646 non
2112 1591 2403 1662 crederet,
2439 1592 2618 1648 invidi
2652 1591 2948 1661 dicebant,
2970 1607 3100 1649 eum
3121 1592 3337 1661 fugisse
3360 1597 3418 1647 et
3450 1605 3615 1647 exer-

1973 1678 2152 1735 citum
2171 1679 2516 1750 perdidisse.
2546 1680 2729 1737 Atille
2752 1679 3099 1750 derogantes
3114 1679 3220 1736 sibi
3238 1677 3613 1749 rogatdirigi,

1889 1794 1944 1854 B
1975 1771 2070 1839 qui
2087 1770 2349 1826 viderent
2368 1769 2799 1827 multitudinem
2815 1772 3270 1841 peremptorum.
3289 1766 3614 1838 His;verbis

1975 1857 2294 1929 imperator
2328 1858 2758 1930 ﬂexus,direxit
2790 1858 2889 1929 qui
2922 1872 3017 1915 res
3050 1861 3211 1913 aetas
3246 1856 3356 1911 sibi
3380 1854 3616 1913 nuncia-

1973 1951 2121 2002 rent.
2147 1949 2329 2004 Porro
2361 1947 2478 2005 dux
2508 1948 2764 2020 optimus
2796 1948 2949 2003 inter
2977 1947 3099 2003 haec
3118 1947 3264 2002 vidit
3288 1946 3344 2001 in
3369 1944 3612 2015 visione,

1973 2036 2125 2105 quod
2140 2041 2380 2093 sanctus
2396 2036 2667 2102 Miletius,
2701 2035 3075 2092 Antiochenas
3106 2035 3365 2091 civitatis
3396 2031 3617 2105 episco-

1971 2125 2246 2197 pus,jeum
2263 2125 2529 2181 indueret
2548 2123 3095 2196 imperialielamide
3122 2128 3179 2179 et
3203 2136 3415 2180 corona
3439 2127 3610 2194 caput

1971 2214 2100 2283 ejus
2114 2218 2371 2270 ornaret.
2392 2215 2525 2269 Haec
2539 2228 2669 2269 eum
2685 2211 2783 2267 ille
2800 2211 3067 2268 retulerit
3096 2211 3164 2245 ’°‘
3197 2226 3362 2267 mane
3385 2211 3614 2268 cuidam

1972 2302 2309 2371 amicorum,
2337 2299 2434 2357 ille
2456 2300 2678 2357 clarum
2702 2313 2833 2356 esse
2854 2298 3000 2354 dixit
3022 2299 3338 2369 jsomnium,
3355 2303 3411 2354 et
3437 2296 3614 2354 nichil

1970 2390 2418 2460 aenigmatieum,
2455 2388 2631 2447 nichil
2664 2388 2880 2444 habere
2911 2386 3170 2443 dubium.
3208 2388 3347 2443 Post
3395 2400 3614 2458 paucos

1971 2483 2164 2535 autem
2199 2479 2322 2534 dies
2353 2478 2451 2548 qui
2481 2476 2641 2533 missi
2675 2478 2907 2533 fuerant
2939 2475 3261 2546 redierunt,
3289 2478 3615 2547 perempta-

1970 2582 2083 2638 que
2115 2566 2296 2623 multa
2326 2566 2581 2622 hostium
2612 2565 2768 2621 milia
2786 2571 3193 2620 narraverunt.
3230 2562 3613 2631 Quamobrem

1971 2656 2207 2713 laetatus
2266 2655 2538 2727 princeps
2586 2654 2917 2723 Gratianus,
2980 2654 3310 2710 faventibus
3359 2652 3610 2722 cunctis,

1969 2744 2372 2813 Theodosium,
2407 2744 2765 2800 tricesimum
2796 2742 3045 2799 tercium
3074 2743 3268 2799 {etatis
3289 2757 3497 2798 annum
3521 2756 3615 2811 ge-

1971 2839 2213 2901 rentem,
2253 2832 2402 2904 apud
2429 2832 2697 2887 Sirmium
2721 2846 2979 2903 purpura
3008 2830 3214 2901 induit,
3241 2830 3614 2900 Orientisque

1969 2928 2026 2980 et
2056 2922 2272 2978 Traeias
2306 2920 2471 2977 simul
2507 2920 2749 2991 imperio
2772 2920 3020 2991 prefecit
3042 2919 3125 2975 ’05.
3157 2918 3607 2989 lgiturTheodo-

1968 3012 2089 3069 sius
2121 3008 2681 3080 Constantinopolim
2714 3008 3083 3080 triumphans
3126 3009 3384 3078 intravit,
3437 3013 3493 3063 et
3543 3022 3612 3064 ne

1969 3101 2204 3157 assidue
2220 3097 2527 3171 pugnando
2540 3099 2859 3154 Romanum
2876 3097 3153 3169 populum
3172 3097 3463 3167 fatigaret,
3480 3112 3611 3153 eum

1887 3162 1936 3225 C
1968 3162 2778 3256 Athalarieod’l'isigothorum
2799 3162 2933 3256 rege
2953 3162 3148 3256 pacem
3168 3162 3324 3256 fecit,
3341 3162 3612 3242 eundem-

1967 3294 2079 3349 que
2108 3274 2669 3347 Constantinopolim
2688 3274 2757 3308 ⁰⁰⁶
2778 3275 3106 3331 venientem
3141 3274 3385 3343 benigne
3414 3289 3614 3331 susce-

1969 3368 2072 3439 pit,
2105 3367 2303 3438 ibique
2336 3365 2672 3421 defunctum
2714 3363 3033 3420 honorifice
3081 3363 3317 3436 sepeliri
3364 3363 3501 3419 fecit
3552 3368 3612 3419 et

1968 3457 2071 3512 hac
2105 3455 2468 3525 benignitate
2499 3466 2702 3508 omnes
2734 3452 2955 3509 Gothos
2984 3451 3051 3486 ⁹⁰⁷
3079 3453 3337 3509 Romano
3367 3451 3610 3523 imperio

1968 3544 2320 3614 subjugavit.
2360 3541 2607 3598 Veniens
2639 3544 2830 3597 autem
2877 3540 3330 3612 Thesalonicam,
3379 3540 3613 3611 zegritu-

1969 3634 2159 3689 dinem
2192 3630 2457 3700 incurrit,
2491 3630 2848 3701 cupiensque
2876 3629 3183 3701 baptizari,
3220 3628 3607 3698 Anatholium,

1970 3722 2229 3792 ejusdem
2257 3719 2516 3776 civitatis
2538 3718 2901 3789 episcopum,
2919 3718 3248 3787 requisivit,
3264 3718 3433 3788 cujus
3450 3723 3609 3773 esset

1969 3809 2123 3865 fidei.
2161 3808 2286 3875 Quo
2312 3807 2722 3879 respondente,
2750 3805 2903 3877 quod
2922 3805 3162 3862 Arriana
3194 3806 3378 3877 pestis
3401 3806 3455 3861 in
3481 3804 3611 3861 Ylli-

1968 3898 2150 3953 rieum
2174 3910 2287 3952 non
2310 3894 2590 3951 valuisset
2617 3895 2917 3962 accedere,
2941 3894 3043 3951 sed
3068 3894 3236 3949 fidem
3261 3893 3456 3951 Nieeni
3480 3909 3613 3951 eon-

1966 3985 2085 4041 cilii
2113 3983 2451 4040 inviolatam
2475 3985 2802 4053 servarent,
2820 3981 3212 4051 libenterejus
3228 3982 3400 4037 verba
3426 3982 3611 4039 susci-

1963 4074 2148 4148 piens,
2183 4071 2519 4143 baptizatus
2558 4068 2627 4103 ⁰⁰⁸
2656 4075 2830 4141 atque
2853 4071 2924 4126 ab
2946 4070 3296 4139 aegritudine
3319 4070 3607 4127 liberatus

1961 4168 2051 4220 est
2073 4161 2160 4216 9°“.
2186 4163 2343 4217 Inter
2366 4159 2489 4217 haec
2514 4158 2863 4215 Archadium
2888 4158 3067 4216 filium
3092 4174 3258 4214 suum
3273 4163 3604 4215 consortem

1962 4252 2007 4306 si
2024 4251 2077 4306 bi
2097 4249 2231 4306 fecit
2250 4248 2304 4304 in
2320 4247 2648 4319 imperio,in
2664 4246 2829 4302 Italia
2844 4260 2980 4302 vero
2998 4262 3176 4319 puero
3190 4247 3335 4303 satis
3356 4248 3609 4303 existen-

1962 4346 2019 4396 te
2048 4337 2474 4403 Valentiniano,
2508 4351 2701 4392 rerum
2734 4349 2931 4392 curam
2964 4337 3191 4393 Probus
3219 4336 3503 4393 exconsul
3546 4343 3608 4394 et

1963 4428 2262 4500 prefectus
2278 4425 2556 4481 habebat.
2575 4425 2799 4481 Justina
2815 4439 2971 4493 vero,
2996 4427 3180 4481 mater
3192 4424 3602 4496 Valentiniani,

192 4512 342 4569 ciam
374 4512 724 4584 Daeiamque
755 4516 813 4569 et
843 4515 1194 4572 Pannoniam
1224 4519 1521 4589 tamquam
1554 4519 1845 4589 genitales
1877 4513 1928 4571 D
1958 4513 2783 4585 eum.essetArriana,vivente
2799 4512 3028 4585 quidem
3044 4512 3607 4585 viro,laederechris-

194 4606 392 4658 terras
419 4615 449 4657 a
481 4601 685 4657 Gothis
717 4606 893 4673 atque
944 4604 1097 4659 omni
1147 4606 1408 4676 pernicie
1455 4608 1846 4666 atrocioribus

195 4690 380 4746 Hunis
420 4693 480 4745 et
530 4689 730 4747 Alanis
777 4691 1085 4761 possideri,
1138 4694 1489 4751 Pannoniam
1538 4698 1715 4753 venit.
1770 4700 1846 4754 Ea

195 4777 935 4851 tempestateTheodosius,
950 4781 1259 4838 Theodosii
1276 4782 1452 4854 illius,
1474 4788 1585 4840 tam
1602 4793 1849 4858 propter

198 4871 508 4938 parentum
526 4867 919 4936 nobilitatem,
937 4883 1106 4941 quam
1124 4871 1419 4942 prepriam
1445 4872 1843 4931 fortitudinem

196 4954 521 5013 habebatur
551 4956 1065 5027 nominatissimus,
1099 4957 1200 5015 sed
1235 4960 1451 5016 invidia
1480 4960 1844 5020 dissimilium

200 5041 501 5115 fatigatus,
524 5043 582 5100 in
594 5044 886 5117 Hyspania
900 5047 1262 5118 morabatur,
1280 5047 1377 5104 ubi
1398 5050 1455 5104 et
1471 5053 1638 5105 ortus
1655 5050 1845 5107 fuerat

1959 4605 2152 4661 tianos
2167 4602 2525 4659 orthodoxos
2540 4617 2650 4657 non
2669 4602 2979 4673 prevaluit,
2998 4603 3098 4659 sed
3114 4617 3182 4659 eo
3198 4607 3447 4671 mortuo,
3472 4619 3602 4659 cum

1960 4694 2114 4750 ﬁlius
2141 4696 2300 4748 esset
2332 4690 2499 4747 valde
2524 4690 2896 4763 juveneulus,
2935 4691 3315 4749 Mediolanum
3364 4692 3604 4748 veniens

1961 4780 2268 4838 Ambrosio
2298 4779 2575 4853 episeopo
2604 4784 2732 4837 erat
2760 4781 2992 4851 infesta,
3021 4781 3099 4836 ita
3133 4781 3444 4851 utjnberet
3470 4795 3601 4837 eum

1957 4870 2133 4928 exilio
2172 4868 2473 4926 destinari.
2513 4870 2770 4940 Cumque
2801 4868 2869 4902 ⁰¹⁰
2895 4870 3126 4940 juberet
3157 4883 3285 4925 eum
3317 4868 3478 4925 exire
3524 4868 3601 4925 de

1958 4959 2246 5029 zecelesia,
2275 4956 2617 5014 Ambrosius
2636 4958 2716 5014 ait
2744 4959 2888 5029 :Ego
2905 4964 3103 5029 sponte
3124 4957 3231 5015 hoc
3248 4971 3357 5013 non
3376 4972 3504 5028 ago,
3529 4971 3603 5014 ne

1960 5051 2118 5124 lupis
2135 5048 2331 5106 etiam
2341 5048 2506 5120 septa
2519 5048 2630 5105 aut
2640 5046 3186 5120 blasphmantibus
3197 5048 3379 5103 Dewm
3389 5048 3600 5105 ridear

1550 5173 1787 5230 VARIE
1846 5176 2137 5232 LECTION
2146 5175 2245 5229 ES.

267 5289 342 5325 ⁸⁸⁸
370 5290 569 5348 sed—
591 5291 874 5352 laboravit
902 5294 1117 5353 desunt
1143 5299 1193 5352 5.
1218 5310 1394 5355 erasa
1421 5303 1488 5356 ut
1514 5299 1768 5358 videtur.
1805 5300 1873 5334 ⁸⁹⁷
1908 5301 2072 5358 deest
2097 5304 2146 5356 5.
2181 5295 2510 5355 anastasius
2542 5296 2621 5355 lb.
2656 5294 2723 5330 89°
2772 5298 2997 5353 Χιῐιιιιε
3048 5297 3128 5355 ib.
3178 5297 3247 5331 89’
3295 5312 3348 5354 a.
3383 5297 3593 5354 claruit

199 5367 255 5446 ξε
268 5360 357 5446 ff"
385 5363 555 5446 (lges;
580 5367 773 5446 tQ._11_.
798 5365 893 5436 qui
916 5367 987 5446 Et
1003 5364 1070 5446 "fi
1092 5366 1414 5446 delectem:
1441 5370 1501 5427 et
1518 5370 1604 5427 ita
1620 5371 1785 5446 deest
1802 5378 1886 5429 11.
1908 5372 1979 5446 οοξ
1997 5387 2129 5446 qua
2144 5371 2315 5429 uncis
2334 5370 2571 5446 inclusi,
2593 5383 2673 5446 ex
2686 5367 2996 5446 Sigeberto
3014 5375 3083 5446 με
3109 5369 3353 5446 videtur:
3376 5369 3598 5446 [tangre

195 5432 357 5513 EH.
392 5434 544 5513 Post
567 5432 858 5513 adiecisse
880 5438 1136 5513 eidem.
1169 5440 1245 5496 In
1271 5441 1341 5513 ρῖξ
1370 5442 1411 5513 Ε
1439 5456 1575 5498 vero
1603 5443 1824 5500 ultima
1850 5432 2030 5501 τθνῦᾶ
2062 5448 2305 5513 totoque
2328 5470 2399 5480 —
2426 5432 2733 5513 radiabant
2760 5432 2978 5513 emisit.
3013 5439 3082 5474 ⁹⁰³
3112 5440 3463 5513 alexandriaz
3496 5442 3591 5497 Ε1.

196 5502 266 5587 1°“
296 5502 760 5587 c‘umlretul‘isset
791 5509 871 5587 El
895 5508 963 5543 ὀδ
996 5510 1128 5566 feeit
1164 5515 1240 5566 9°.
1274 5510 1341 5545 ⁹⁰⁶
1369 5512 1933 5587 Constantinopolim
1967 5549 2024 5558 -
2048 5502 2365 5571 honorifice
2400 5511 2616 5569 desunt
2643 5516 2719 5567 9°.
2755 5511 2823 5546 ⁰⁰⁷
2857 5512 3017 5569 deest
3041 5518 3116 5569 9°.
3170 5512 3239 5546 ⁸0⁸
3285 5513 3337 5568 b.
3383 5514 3471 5568 est
3515 5516 3591 5567 9".

193 5572 266 5608 ⁹⁰⁹
300 5574 463 5634 deest
485 5578 561 5631 9°.
587 5575 656 5611 ἰο
678 5578 817 5635 Cum
846 5585 925 5635 9°.
