3992 6034
224 227 346 294 ’159

1396 198 1880 277 EKKEHARDI
1920 196 2452 264 URAUGENSIS

3514 197 3636 267 760

230 363 579 425 contrudere
610 380 624 432 ;
658 359 774 435 hic,
795 358 853 422 si
870 356 1091 435 placet,
1114 356 1333 429 occide,
1360 355 1467 415 Ιιοσ
1487 352 1606 414 loco
1633 342 1874 407 mortem

2010 364 2257 423 iartibus
2285 379 2385 421 sex
2408 364 2575 423 annis
2606 364 2881 423 Gratiano
2915 363 3146 424 vivente
3174 365 3501 435 regnasset,
3526 363 3635 421 Va-

227 470 420 531 prona.
444 455 771 527 suscipiam
800 451 1124 511 voluntate.

302 548 380 603 Ea
406 547 757 617 tempestate
783 541 1083 610 Maximus,
1109 538 1197 595 vir
1228 537 1460 609 quidem
1483 538 1760 592 strenuus
1792 535 1878 587 at-

236 649 349 706 que
370 633 613 705 imperio
646 632 872 703 dignus,
897 630 943 686 si
968 630 1169 686 contra
1195 624 1547 683 sacramenti
1571 623 1737 679 fidem
1773 636 1878 694 per

233 722 600 796 tyrannidem
635 736 745 777 non
779 718 1141 787 emersisset,
1176 716 1394 772 invitus
1428 715 1500 770 ab
1531 712 1797 770 exercitu
1821 712 1878 769 in

234 811 530 870 Britannia
571 810 889 882 imperator
921 809 1108 863 factus
1141 807 1194 861 in
1216 804 1455 861 Galliam
1487 803 1744 873 transiit,
1783 817 1880 859 ex-

235 906 562 974 ceptusque
593 915 619 956 a
654 898 985 969 legionibus
1016 895 1289 951 Gratiano
1323 894 1584 964 infensis,
1608 892 1877 963 eundem,

237 992 430 1048 subita
449 987 779 1045 incursione
795 985 1174 1058 perterritum
1191 980 1364 1055 atque
1381 984 1437 1039 in
1450 983 1674 1040 Italiam
1692 987 1884 1040 trans-

235 1079 321 1135 ire
344 1073 887 1145 meditantem,dolo
910 1073 1290 1131 circumvenit
1322 1077 1383 1129 et
1413 1071 1627 1129 occidit
1660 1071 1884 1143 Lugdu-

236 1184 330 1239 no,
343 1168 699 1237 fratremque
713 1164 840 1233 ejus
852 1163 1319 1220 Valentinianum
1334 1176 1466 1218 cum
1495 1166 1678 1219 matre
1707 1162 1885 1218 Justi-

237 1271 309 1313 na
328 1254 556 1328 expulit
580 1254 652 1309 ab
674 1252 858 1309 Italia.
888 1252 1107 1326 (nam).
1138 1251 1243 1318 Qui
1278 1257 1469 1308 tamen
1497 1251 1884 1321 justissimam

239 1359 369 1402 cum
401 1348 586 1400 matre
618 1357 725 1399 sua
753 1341 862 1400 luit
894 1356 1281 1415 poenamque
1312 1346 1372 1397 et
1412 1341 1601 1413 ipsum
1643 1341 1886 1396 Arriana

236 1433 427 1490 heresi
477 1432 688 1505 polluit
717 1437 776 1488 et
825 1430 1347 1489 eminentissimum
1397 1429 1702 1487 catholicae
1754 1429 1886 1486 ﬁdei

238 1522 539 1579 doctorem
566 1520 936 1577 Ambrosium
970 1520 1313 1592 episcopum
1340 1518 1559 1592 perﬁda
1586 1518 1888 1575 obsidione

237 1610 490 1667 vexavit.
509 1610 727 1683 (H,m.)
742 1608 1181 1666 Valentinianus
1193 1612 1385 1665 autem
1403 1608 1891 1679 Constantinopo-

1987 454 2367 512 lentinianum
2382 459 2595 526 tamen,
2615 456 2853 512 fratrem
2873 453 3438 525 Gratiani,quamdiu
3462 452 3631 519 vixit,

1989 560 2233 616 regnare
2260 545 2520 617 permisit
2547 562 2562 611 ;
2594 545 2716 617 ipse
2738 560 2878 601 vero
2906 544 3119 601 bellum
3145 544 3429 600 adversus
3460 542 3637 599 Maxi-

1989 649 2163 705 mum,
2195 633 2290 705 qui
2342 637 2481 691 tunc
2533 633 2815 705 Aquileiae
2862 631 2931 667 “8
2979 632 3295 701 insidebat,
3343 630 3630 703 suscepit,

1989 722 2269 794 illumque
2292 737 2321 778 a
2342 722 2626 779 militibus
2648 721 2926 794 propriis,
2952 736 3082 778 cum
3116 721 3228 776 vim
3254 720 3630 792 imperatoris

1990 813 2280 869 sustinere
2304 826 2417 867 non
2435 815 2697 883 possent,
2716 815 2950 882 captum
2966 826 3031 867 ac
3046 811 3324 867 traditum
3349 810 3594 881 peremit
3619 826 3634 875 ;

1989 902 2286 958 Victorem
2318 916 2546 972 quoque
2577 900 2665 968 9“,
2693 900 2871 957 ﬁlium
2895 900 3042 970 ejus,
3069 914 3238 970 quem
3266 904 3432 971 pater
3456 898 3636 954 Gallis

1991 989 2701 1047 adhucinzetateinfantili
2728 989 3362 1061 prcfecerat,extinxit.
3390 990 3635 1045 Peracta

1991 1079 2627 1149 victoria,Theodosius
2646 1095 2774 1135 eum
2789 1078 3189 1135 Valentiniano
3204 1077 3361 1135 venit
3376 1079 3636 1147 Romam,

1992 1173 2238 1240 eratque
2269 1185 2397 1226 cum
2432 1169 2516 1225 eis
2542 1167 2765 1240 pariter
2813 1171 2873 1224 et
2922 1169 3210 1225 Honorius
3258 1166 3421 1223 valde
3474 1181 3638 1239 puer,

1997 1274 2164 1329 quem
2188 1262 2355 1329 pater
2382 1262 2516 1329 post
2538 1262 2725 1315 actam
2749 1257 3055 1314 victoriam
3081 1272 3109 1312 a
3136 1256 3642 1328 Constantinopoli

1996 1351 2362 1405 evocaverat.
2388 1346 2742 1404 Theodosius
2770 1346 2949 1417 igitur
2978 1348 3193 1415 Romae,
3213 1345 3459 1417 positus,
3503 1344 3651 1402 mul-

1997 1440 2119 1494 tum
2137 1437 2532 1508 profuitUrbi,
2554 1436 2660 1492 alia
2683 1434 2997 1508 prehendo,
3015 1434 3124 1492 alia
3149 1433 3487 1492 auferendo.
3507 1436 3649 1491 Post

2000 1526 2124 1582 haec
2158 1525 2369 1582 relicto
2403 1525 2804 1581 Valentiniano
2835 1526 3051 1581 Romae.
3087 1524 3212 1596 ipse
3229 1539 3359 1581 cum
3391 1524 3649 1580 Honorio

2004 1614 2571 1687 Constantinopolim
2598 1612 2875 1670 remeavit
2899 1612 3340 1670 Valentinianus
3355 1627 3494 1668 vero
3518 1627 3651 1670 cum

240 1698 338 1756 lim
369 1700 633 1770 veniens,
666 1714 697 1755 a
729 1698 1054 1755 Theodosio
1088 1703 1328 1771 paterna
1360 1697 1580 1770 pietate
1621 1701 1710 1754 est
1764 1712 1892 1755 sus-
1919 1695 1974 1758 Β
2002 1704 2283 1761 transiret
2312 1704 2366 1759 in
2400 1703 2641 1759 Galliam
2674 1717 2847 1759 causa
2878 1702 3214 1759 ordinandm
3247 1702 3329 1759 rei
3374 1700 3646 1774 publicat,

240 1793 471 1862 ceptus,
496 1792 553 1844 et
594 1788 840 1860 imperio
865 1791 956 1844 est
988 1788 1344 1854 restitutus;
1387 1787 1489 1843 sed
1514 1788 1586 1843 ab
1633 1786 1892 1857 Eugenio

243 1878 513 1950 quodam,
534 1877 700 1949 prius
717 1876 1121 1948 grammatico,
1146 1880 1291 1955 tunc
1317 1880 1509 1933 autem
1538 1874 1809 1932 militanti
1835 1877 1891 1932 in

243 1966 547 2040 palatio,et
562 1968 633 2023 ab
649 1966 976 2036 Arbogasto
992 1954 1240 2037 quodam
1257 1965 1586 2023 facinoroso
1600 1954 1895 2037 corruptis

242 2053 621 2113 cubiculariis
645 2056 740 2125 ,ab
763 2054 982 2111 eisdem
1008 2053 1305 2110 dormiens
1338 2053 1739 2125 strangulatus
1779 2057 1892 2125 est,

242 2147 418 2215 atque
476 2147 539 2200 ut
597 2142 986 2201 voluntariam
1048 2142 1160 2198 sibi
1228 2147 1476 2199 mortem
1534 2142 1897 2200 conscivisse

247 2235 578 2304 putaretur,
610 2231 818 2304 laqueo
850 2245 1174 2305 suspensus
1209 2235 1318 2289 est.

316 2341 369 2410 2.
407 2354 575 2424 (0hr.
619 2356 730 2427 W.)
764 2357 928 2412 Anno
961 2353 1269 2412 dominica;
1304 2354 1727 2413 incarnationis
1747 2357 1899 2422 383°,

261 2443 360 2514 qui
383 2446 478 2501 est
497 2443 755 2501 Gratiani
779 2442 1094 2513 secundus,
1109 2442 1462 2515 Theophilus
1475 2444 1499 2468 ‘
1515 2442 1784 2515 pascales
1802 2444 1909 2500 cir-

245 2530 416 2589 culos
446 2532 743 2590 inchoavit
769 2550 782 2589 :

391 2656 640 2729 Sanctus
672 2654 925 2712 Basilius
959 2654 1338 2729 caesariensis
1375 2655 1689 2729 episcopus
1738 2656 1901 2714 obiit.

392 2727 479 2781 D?
510 2728 570 2782 E.
607 2729 640 2782 4
671 2757 734 2766 -—
768 2730 855 2783 1ο.
891 2739 967 2783 ea:
989 2725 1200 2797 Sigei),

321 2852 371 2905 3.
414 2852 472 2905 Α.
507 2851 569 2906 D.
606 2851 728 2920 384,
765 2848 1031 2920 Synodus
1066 2853 1170 2905 150
1195 2848 1604 2922 episcoporum
1631 2851 1883 2908 Constan

250 2936 495 3011 tinopoli
518 2938 804 2996 adversus
828 2937 1227 2996 Macedonium
1249 2946 1647 3011 congregatur
1672 2941 1783 2997 sub
1807 2936 1911 3020 Da:

251 3043 409 3085 maso
438 3043 609 3101 papa,
645 3028 668 3051 '
699 3028 795 3100 qui
826 3033 896 3085 26
917 3027 985 3063 ⁸³³
1014 3030 1181 3085 annis
1212 3030 1458 3100 regebat
1486 3030 1836 3088 wcclesiam.

324 3136 342 3156 '
370 3137 468 3209 D_?
493 3136 552 3193 E.
588 3135 697 3207 qui
725 3134 847 3194 hac
874 3151 931 3195 α.
982 3139 1086 3193 386
1142 3136 1379 3209 habent,
1435 3138 1697 3209 pergunt
1744 3158 1757 3193 :
1806 3139 1908 3196 Hic

396 3206 695 3279 decretum
725 3212 838 3269 est.
876 3206 1816 3279 ut,Constantinopolitanuspost
1837 3211 1902 3265 R.

395 3292 455 3350 p7.
510 3277 596 3350 h._
628 3294 682 3346 p.
720 3279 779 3332 In
813 3277 993 3350 Gallia
1025 3277 1433 3350 Priiscillianus
1467 3277 1787 3350 episcopus
1834 3296 1905 3336 ex

398 3347 838 3419 Manichaeorum
852 3353 913 3404 et
928 3349 1337 3419 Gnosticorum
1356 3347 1628 3419 dogmate
1645 3347 1904 3406 errorem

400 3418 533 3491 sui“
573 3418 826 3474 nominis
883 3418 1159 3491 condens,
1195 3419 1904 3491 conciliisepiscoporum

404 3487 641 3561 auditus
661 3520 718 3529 -
734 3504 863 3561 cum
881 3489 1014 3561 aliis
1029 3490 1377 3561 sequacibus
1394 3487 1815 3548 suisiltaehius
1837 3523 1906 3535 -

400 3558 603 3616 nolens
635 3560 949 3618 ltachianis
980 3558 1431 3619 communicare.
1468 3576 1543 3619 ea:
1570 3561 1778 3635 Sigeb.

332 3651 381 3703 4.
418 3649 481 3703 Α.
513 3649 574 3704 D.
610 3648 789 3705 385‘.

330 3754 420 3810 ’4.
454 3786 523 3795 -
588 3758 682 3828 11..
725 3752 998 3828 addunt:
1066 3755 1331 3828 Priamus
1377 3757 1612 3828 quidam
1661 3760 1723 3812 et
1796 3758 1909 3813 An-

404 3829 577 3899 tenor
596 3824 1080 3899 principabantur
1098 3825 1334 3884 Francis
1354 3824 1464 3885 hoc
1506 3831 1795 3898 tempore.
1836 3841 1909 3885 ea:

400 3894 603 3966 Sigeb.‘

335 4007 384 4060 5.
418 4000 642 4077 (ΒευΑ.)
676 4003 742 4059 Α.
776 4003 837 4059 D.
874 4003 995 4060 386.
1042 4002 1391 4061 Arehadium
1440 4002 1509 4037 ⁹¹²
1552 4003 1911 4062 Theodosius

265 4095 432 4165 pater
461 4095 791 4149 consortem
825 4091 984 4163 regni
1021 4092 1176 4149 facit.

335 4184 386 4237 6.
415 4179 582 4251 (0hr.
628 4180 736 4252 W.)
770 4181 833 4236 A.
868 4182 931 4236 D.
968 4184 1090 4239 387.
1127 4179 1404 4245 Maximus
1435 4194 1503 4237 ex
1528 4181 1825 4239 Britannia
1852 4182 1909 4239 in

267 4269 483 4327 Gallias
498 4269 735 4327 veniens
751 4283 1108 4340 regnumque
1123 4268 1234 4325 sibi
1254 4270 1908 4341 usurpans,Gratianum

267 4358 421 4431 apud
453 4358 789 4428 Lugdunum
822 4357 1058 4429 occidit,
1083 4357 1318 4415 fratrem
1343 4354 1482 4415 vero
1505 4358 1633 4429 ejus
1658 4360 1913 4417 Valenti-

269 4446 501 4502 nianum
532 4445 699 4503 Italia
730 4446 975 4518 expulit.

414 4532 557 4590 Anni
589 4533 917 4590 Theodosii.

342 4628 390 4678 1.
421 4620 522 4693 (H.
549 4623 619 4680 Β.
647 4626 703 4679 et
730 4623 808 4680 Η.
832 4624 936 4695 m.)
964 4625 1124 4680 Anno
1156 4622 1459 4682 dominicze
1493 4623 1914 4683 incarnationis

270 4713 394 4782 388,
427 4712 600 4767 Urbis
624 4726 764 4768 vero
786 4711 1036 4769 conditae
1059 4711 1363 4769 millesimo
1388 4717 1508 4783 139,
1533 4712 1912 4785 Theodosius,

270 4801 504 4872 genitus
551 4805 717 4874 patre
761 4799 1101 4872 Theodosio,
1156 4804 1340 4858 matre
1398 4801 1763 4858 Thermantia
1825 4801 1914 4874 ’13,

271 4892 398 4947 ιδιιδ
424 4888 493 4923 ⁹¹⁴
521 4890 593 4946 ab
624 4891 905 4961 Augusto,
941 4889 1252 4947 interfecto
1284 4904 1388 4962 per
1434 4889 1739 4947 Maximum
1783 4892 1919 4948 Gra-

273 4977 451 5048 tiano,
487 4976 793 5050 imperium
826 4979 1146 5036 Romanum
1178 4977 1339 5035 solus
1368 4976 1435 5011 ⁹¹⁸
1462 4977 1739 5049 obtinuit,
1764 4994 1922 5035 man-

274 5065 469 5137 sitque
495 5064 565 5101 ⁹¹⁶
594 5066 650 5123 in
681 5081 751 5126 eo
782 5067 950 5126 annis
982 5071 1042 5124 11
1074 5064 1164 5138 "7,
1216 5079 1346 5123 cum
1392 5065 1509 5137 jam
1554 5064 1610 5122 in
1662 5066 1918 5123 Orientis

1941 4413 1993 4473 D

2006 1792 2209 1849 fraude
2234 1792 2549 1861 Arbogasti
2572 1791 2804 1847 comitis
2825 1790 2911 1847 sui
2929 1796 2985 1847 et
3002 1791 3239 1860 Eugenii
3256 1789 3623 1860 grammatici

2005 1882 2300 1939 dormiens
2313 1882 2385 1938 ab
2399 1881 2680 1938 eunuchis
2695 1879 3073 1937 cubiculariis
3090 1881 3336 1951 pecunia
3351 1878 3648 1950 corruptis

2007 1970 2329 2028 suffocatus
2353 1974 2463 2037 est,
2484 1983 2731 2040 moxque
2749 1968 3004 2039 Eugenio
3027 1968 3079 2023 in
3099 1968 3483 2039 principatum
3502 1967 3655 2024 elec-

2009 2062 2068 2114 to
2086 2059 2157 2115 ab
2178 2059 2520 2129 Arbogasto,
2585 2057 2829 2114 collecta
2867 2056 3255 2114 multidudine
3282 2058 3653 2127 |Francorum

2010 2152 2185 2219 atque
2210 2146 2506 2203 Gallorum
2535 2150 2993 2218 preparaverunt
3011 2160 3074 2202 se
3098 2145 3150 2201 in
3178 2160 3425 2216 pugnam
3450 2149 3655 2202 contra

2008 2235 2413 2293 Theodosium.
2447 2234 2609 2301 Quod
2645 2233 2742 2289 ille
2773 2234 3037 2305 audiens,
3064 2234 3441 2304 congregavit
3464 2233 3658 2291 multi-

2010 2325 2273 2382 tudinem
2298 2323 2632 2393 militarem,
2659 2322 2955 2394 ﬁliumque
2979 2338 3143 2381 suum
3163 2322 3480 2381 Honorium
3523 2339 3659 2379 con-

2013 2413 2209 2470 stituit
2241 2413 2675 2484 imperatorem.
2703 2412 2858 2468 Misit
2880 2416 3072 2468 antem
3090 2411 3429 2482 Eulropium
3470 2414 3654 2469 Eunu.

2015 2504 2185 2560 chum
2218 2503 2332 2559 sibi
2367 2502 2764 2559 fidelissimum
2795 2501 2865 2535 "0
2896 2502 2951 2557 in
2982 2501 3327 2557 Thebaidam
3352 2502 3422 2557 ad
3453 2502 3663 2558 Johan-

2017 2607 2145 2649 nem
2176 2592 2517 2648 monachum
2550 2591 2920 2663 praescientia
2942 2590 3163 2648 clarum
3196 2590 3267 2646 de
3300 2606 3412 2661 quo
3443 2590 3662 2659 legitur

2018 2681 2073 2737 in
2106 2682 2236 2737 Vita
2271 2684 2523 2752 patrum,
2560 2685 2621 2736 ut
2656 2684 2754 2735 aut
2787 2695 2917 2736 eum
2948 2679 3147 2736 venire
3171 2678 3461 2735 volentem
3482 2679 3664 2736 dedu-

2017 2774 2199 2841 ceret,
2236 2772 2330 2828 aut
2368 2768 2661 2825 nolentem
2680 2769 2752 2826 de
2776 2767 2913 2824 belli
2939 2770 3153 2824 eventu
3180 2766 3527 2835 requireret.
3554 2768 3663 2832 Qui

2016 2859 2217 2916 venire
2236 2857 2459 2928 nolens,
2478 2857 2859 2925 mandavitei,
2879 2855 3050 2926 quod,
3069 2855 3663 2927 interfectotyranno,

2018 2947 2265 3003 victoria
2299 2946 2376 3001 sit
2410 2945 2727 3017 petiturus,
2764 2945 2864 3002 sed
2897 2945 3018 3015 ipse
3051 2943 3108 2999 in
3138 2943 3301 3000 Italia
3322 2943 3660 3001 moriturus.

1939 3055 1989 3118 α
2018 3035 2261 3093 Relictis
2287 3034 2465 3105 igitur
2484 3034 2767 3090 ambobus
2784 3033 2919 3090 ﬁliis
2943 3033 2997 3088 in
3023 3033 3168 3089 urbe
3181 3033 3667 3104 Constantinopo-

2016 3124 2218 3192 litana,
2243 3123 2600 3180 Theodosius
2622 3126 2825 3180 contra
2845 3121 3162 3191 Eugenium
3180 3121 3390 3192 pergit,
3417 3135 3667 3190 moxque

2017 3212 2100 3269 illi
2131 3211 2201 3246 "1
2231 3212 2530 3268 exercitus
2559 3210 3011 3281 Wisigotharum
3046 3209 3177 3281 plus
3229 3223 3397 3280 quam
3458 3209 3666 3280 viginti

2016 3301 2261 3358 millium
2293 3301 2590 3363 occurrit;
2625 3299 2918 3370 Eugenius
2948 3299 3147 3369 itaque
3196 3303 3253 3353 et
3302 3298 3669 3367 Arbogastus

2016 3406 2144 3447 cum
2176 3389 2464 3445 transitus
2486 3388 2712 3460 Alpium
2740 3392 3030 3456 tenerent,
3064 3386 3422 3443 Theodosius
3446 3387 3500 3442 in
3516 3402 3671 3443 sum-

2016 3479 2124 3535 mis
2161 3477 2400 3549 Alpibus
2432 3477 2811 3543 constitutus,
2837 3476 3074 3547 jejuniis
3099 3480 3155 3531 et
3190 3475 3557 3531 orationibus
3588 3475 3671 3529 in-

2015 3570 2217 3623 tentus
2246 3569 2391 3621 erat.
2431 3565 2595 3621 Circa
2628 3565 2917 3634 gallorum
2941 3577 3080 3619 vero
3098 3562 3166 3596 ⁹²²
3196 3566 3433 3618 cantum
3458 3577 3667 3633 sopore

2016 3655 2393 3722 constrictus,
2427 3653 2576 3710 vidit
2598 3652 2655 3708 in
2679 3652 2918 3721 somnis,
2946 3651 3107 3722 quasi
3128 3650 3353 3720 jaceret
3379 3650 3436 3706 in
3460 3665 3667 3721 campo

2016 3745 2075 3797 et
2105 3742 2364 3797 astarent
2397 3739 2448 3795 ei
2483 3740 2598 3796 duo
2630 3739 2863 3810 quidam
2915 3738 3023 3794 viri
3078 3738 3131 3793 in
3181 3738 3451 3794 vestibus
3497 3736 3665 3807 albis,

2016 3829 2183 3900 equis
2198 3828 2629 3885 candidissimis
2647 3826 3283 3897 residentes,jubentes
3295 3840 3427 3883 eum
3454 3825 3671 3883 habere

2020 3917 2284 3975 fiduciam
2317 3916 2623 3989 primoque
2655 3914 2916 3973 diluculo
2967 3929 3280 3986 preparare
3334 3913 3553 3970 milites
3598 3913 3672 3969 ad

2018 4006 2348 4075 victoriam,
2379 4020 2557 4076 seque
2590 4003 2860 4060 dicebant
2888 4002 2957 4059 ad
2980 4002 3255 4059 solatium
3277 4001 3391 4058 sibi
3416 4001 3675 4059 destina-

2017 4099 2131 4152 tos.
2169 4096 2421 4162 Quorum
2453 4093 2603 4150 alter
2636 4092 2887 4163 dicebat,
2924 4107 2985 4147 se
3009 4105 3139 4148 esse
3160 4092 3476 4148 Iohannem
3501 4104 3676 4147 evan—

2019 4184 2307 4253 gelistam,
2361 4183 2511 4239 alter
2546 4180 2871 4253 Philippum
2926 4179 3273 4251 apostolum.
3328 4179 3467 4246 Qua}
3521 4178 3673 4236 visio

2020 4271 2195 4328 etiam
2246 4269 2420 4327 alicui
2471 4268 2639 4324 militi
2687 4267 2755 4302 ⁸³³
2806 4267 3063 4324 revelata
3114 4272 3226 4324 est.
3281 4265 3402 4333 Qua
3447 4265 3673 4322 visione

2021 4363 2339 4431 comperta,
2376 4358 2678 4415 uberiores
2712 4358 2766 4413 in
2802 4357 3066 4414 oratione
3098 4354 3370 4413 lacrimas
3404 4353 3574 4425 fudit,
3614 4358 3673 4410 et

2024 4450 2081 4505 in
2112 4447 2433 4504 crastinum
2468 4447 2618 4501 facta
2647 4446 3087 4517 congressione,
3138 4445 3315 4500 turbo
3364 4446 3672 4501 ventorum

2025 4537 2309 4593 maximus
2329 4551 2358 4591 a
2383 4539 2549 4608 parte
2570 4534 2874 4591 Theodosii
2901 4534 2957 4589 in
2985 4548 3083 4589 ora
3108 4531 3360 4589 hostium
3394 4531 3669 4603 surrexit,

2025 4625 2122 4698 qui
2149 4625 2289 4696 tela,
2325 4639 2451 4696 quae
2486 4624 2597 4695 ipsi
2623 4624 2953 4692 mittebant,
2982 4622 3034 4677 in
3070 4621 3233 4694 ipsos
3266 4620 3670 4691 retorquebat,

2024 4729 2090 4771 ea
2125 4728 2283 4784 vero,
2316 4728 2444 4785 qua:
2473 4714 2544 4769 ab
2575 4714 2702 4783 ejus
2738 4716 2903 4784 parte
2937 4711 3110 4767 missa
3145 4712 3298 4779 sunt,
3334 4708 3485 4765 ultra
3519 4723 3673 4764 men-

2025 4817 2220 4859 suram
2251 4800 2480 4858 humani
2506 4802 2704 4871 jactus
2737 4815 2840 4871 per
2900 4812 3165 4869 magnum
3212 4798 3380 4853 inane
3433 4800 3667 4868 portata

2027 4890 2292 4947 valenter
2322 4890 2595 4945 hostibus
2628 4889 2922 4958 iungebat.
2956 4886 3248 4956 Eugenius
3296 4884 3493 4954 itaque
3544 4899 3674 4940 cor-

2030 4993 2207 5036 ruens
2238 4978 2309 5034 ad
2345 4977 2521 5049 pedes
2551 4976 2941 5049 imperatoris,
2968 4974 3193 5031 veniam
3215 4973 3481 5043 rogabat,
3512 4972 3614 5028 sed
3642 4986 3671 5026 a

2031 5066 2312 5123 militibus
2343 5065 2497 5123 circa
2522 5064 2699 5137 pedes
2722 5064 2848 5135 ejus
2872 5064 3066 5136 capite
3089 5065 3395 5120 truncatus
3417 5065 3542 5126 est;
3568 5063 3675 5116 Ar-

1596 5232 1604 5241 ’
1633 5232 1870 5290 νΑΒῙΛΕ
1912 5233 2312 5290 LECTIONES.

347 5402 416 5438 ⁹¹¹
446 5403 540 5460 XX
570 5401 763 5460 tribus
791 5402 851 5461 Ib
876 5403 1065 5461 XVIII.
1101 5407 1393 5464 5.10.1Ι.
1429 5364 1497 5438 ’λέ
1544 5405 1689 5462 Haec
1735 5418 1775 5460 α
1821 5408 1942 5464 385.
1992 5405 2060 5458 D?
2106 5405 2165 5459 E.
2218 5402 2286 5436 ⁰ί³
2331 5400 2715 5459 theremantia
2766 5404 2842 5455 9°.
2898 5399 3274 5456 terremantia
3322 5397 3400 5452 1b.
3450 5395 3516 5429 ⁹¹⁸
3560 5396 3676 5467 XL,

184 5448 197 5455 ’
278 5476 347 5530 nr
377 5448 1155 5578 Εξὲῖὶἱάῖῖεένὶσεξέδῖεέξῗ
1189 5448 1274 5532 ii?
1312 5448 1366 5532 “si

277 5545 346 5578 uo
380 5546 715 5578 nmmum...“
752 5547 818 5578 In
908 5543 951 5577 τι
985 5546 1214 5578 ληριπ
1250 5550 1264 5578 ι
1328 5547 1366 5578 υς

277 5545 346 5579 ⁰²⁰
378 5544 716 5603 fidissimum
751 5547 845 5603 El.

1426 5474 1495 5509 ⁰¹⁶
1550 5475 1812 5548 vixitque
1868 5473 2089 5548 ρ’τηῗίτΔ
2126 5475 2229 5548 XL.
2291 5480 2368 5531 9°.
2430 5472 2499 5506 “9
2552 5470 2859 5544 aquilegizn
2916 5476 2965 5528 5.
3025 5470 3094 5504 ⁸³³
3150 5470 3556 5539 victoremque
3617 5473 3669 5524 5.

908 5543 951 5577 ²¹
982 5546 1150 5608 deest
1172 5546 1215 5602 E
1250 5550 1292 5605 l.
1328 5546 1397 5581 ἠ
1428 5550 1663 5604 cantum
1691 5543 1745 5603 v'.
1775 5560 1829 5618 g.
1865 5552 1916 5604 ὅ.
1950 5545 2019 5581 ⁸³⁸
2051 5545 2213 5604 deest
2236 5549 2312 5601 9°.
