3992 6062
300 202 417 271 768

1465 196 1948 268 EKKEHARDI
1990 199 2545 270 URAUGIENSIS

3586 185 3707 258 764

294 339 606 414 guaniam‘
623 336 863 412 ingredi
883 350 1062 400 sacra
1074 336 1289 399 limina
1310 353 1442 399 eum
1454 338 1765 412 prohibebo
1784 337 1873 409 κο,
1885 338 1943 400 si
1971 336 2028 401 A
2056 339 2228 398 nibus
2259 340 2498 398 barbam
2529 336 2888 414 capillosque
2909 331 3169 395 avellens
3189 330 3555 402 frontemque
3578 342 3708 403 per-

293 444 429 488 oero
457 430 775 503 imperium
798 430 868 488 in
894 430 1278 502 tyrannidem
1296 430 1634 500 mutaverit,
1660 444 1851 488 necem
1874 430 1943 487 li-

298 518 492 578 benter
520 519 781 592 suscipio
810 519 896 576 9“.
935 521 1065 577 Haec
1096 524 1153 575 et
1178 519 1286 576 alia
1312 519 1555 591 plurima
1582 519 1825 577 Rufinus
1849 536 1948 576 au-

297 608 486 680 diens,
520 609 818 666 nunciavit
846 608 1206 680 imperatori,
1240 623 1481 664 monens
1515 623 1583 664 ne
1615 609 1686 665 de
1726 608 1946 679 palatio

297 697 664 768 procederet.
683 700 756 755 At
771 697 1220 769 imperatorhzec
1236 697 1292 752 in
1311 696 1624 766 mediajam
1645 696 1833 768 platea
1852 712 1950 753 co—

222 792 229 809 ‘
298 800 585 855 gnoscens
610 807 622 841 :
650 787 861 857 Pergo,
890 785 1099 856 inquit,
1126 785 1397 855 etjustas
1419 788 1488 843 in
1491 786 1670 857 facie
1690 785 1953 857 suscipio

297 875 698 932 contumelias.
734 876 989 945 Cumque
1018 873 1088 930 ad
1122 888 1290 930 sacra
1321 874 1518 930 limina
1555 874 1931 946 pervenisset

300 961 357 1017 in
389 967 649 1018 sanctam
681 962 910 1032 quidem
942 961 1241 1018 basilicam
1295 978 1408 1018 non
1460 963 1823 1035 prcsumpsit
1873 953 1960 1030 in:

297 1053 476 1120 trare,
511 1050 610 1105 sed
646 1051 943 1107 inveniens
973 1050 1296 1107 antistitem
1330 1052 1387 1107 in
1409 1051 1761 1108 salutatorio
1816 1051 1958 1107 resi-

298 1138 553 1210 dentem,
590 1139 979 1212 supplicabat,
1017 1144 1080 1196 ut
1103 1140 1229 1209 ejus
1256 1141 1481 1197 vincula
1504 1141 1851 1196 resolveret.
1884 1144 1957 1196 At

299 1223 398 1280 ille
433 1228 789 1296 tyrannicam
821 1226 1053 1282 dicebat
1086 1226 1212 1295 ejus
1232 1242 1365 1283 csse
1390 1228 1763 1298 prcsentiam,
1789 1243 1949 1283 eum-

303 1328 415 1384 que
440 1318 642 1370 contra
666 1316 844 1370 Deum
868 1315 1135 1371 vesanire
1155 1319 1209 1371 ct
1239 1315 1397 1384 leges
1420 1315 1545 1384 ejus
1568 1316 1816 1372 calcare.
1847 1318 1959 1373 Ve-

304 1417 429 1457 rum
463 1402 778 1472 imperator
812 1422 823 1460 :
857 1404 1003 1472 Non,
1042 1404 1248 1474 inquit.
1278 1405 1525 1475 insurgo
1547 1406 1833 1463 adversus
1852 1419 1959 1462 (ec-

298 1491 675 1549 clesiasticas
686 1492 1150 1561 sanctiones,nec
1161 1492 1370 1563 inigue
1385 1493 1625 1565 ingredi
1641 1495 1857 1551 limina
1870 1508 1942 1551 sa

2056 430 2285 487 cutiens
2299 436 2355 488 et
2369 431 2760 504 pavimentum
2775 427 3144 484 lacrimarum
3159 421 3347 495 guttis
3359 434 3699 493 aspergens,

2055 519 2281 576 veniam
2315 520 2612 591 poscebat.
2647 521 2901 588 Cumque
2935 522 3164 586 tempus
3212 511 3544 575 accederet,
3588 523 3702 581 quo

2059 623 2266 665 munus
2296 609 2367 665 ad
2400 609 2584 665 altare
2617 607 2840 665 solebat
2890 605 3122 674 offerre,
3173 615 3421 670 surgens
3449 613 3579 656 cum
3625 597 3705 654 la-

2062 697 2279 768 crimis,
2314 698 2615 768 ingressus
2635 699 2746 753 est.
2775 698 2912 752 Cum
2936 708 3073 750 vero
3096 690 3412 748 obtulisset
3437 688 3589 745 sicut
3611 701 3705 743 so-

2066 786 2206 843 litus
2236 792 2382 857 erat,
2410 787 2560 843 intra
2589 784 2882 842 cancellos
2903 782 3085 841 stetit.
3112 782 3337 837 Rursus
3362 782 3553 835 autem
3579 778 3707 831 Am-

2067 876 2295 932 brosius
2320 890 2431 931 non
2456 874 2765 945 acquievit,
2783 873 2885 929 sed
2899 870 3284 928 differentiam
3301 863 3708 923 locorumedo-

2067 963 2208 1032 cuit,
2240 968 2297 1019 et
2331 963 2517 1034 primo
2549 963 2779 1034 quidem
2814 958 3121 1031 requisivit
3154 956 3293 1027 quid
3326 954 3404 1010 ibi
3436 956 3711 1025 expecta-

2069 1058 2177 1107 ret.
2201 1055 2558 1123 lmperatore
2582 1052 2831 1121 dicente,
2855 1048 3145 1105 sustinere
3169 1060 3232 1102 se
3256 1057 3557 1101 sacrorum
3580 1055 3710 1112 per-

2068 1141 2396 1212 ceptionem
2429 1140 2856 1210 mysteriorum,
2892 1135 3255 1192 remandavit
3288 1132 3339 1188 ei
3395 1146 3495 1203 per
3541 1144 3709 1186 suum

2068 1230 2540 1286 archidiaconum
2566 1248 2578 1283 :
2609 1231 2652 1285 0
2674 1226 3013 1299 imperator,
3028 1224 3323 1281 interiora
3338 1222 3463 1277 loca
3477 1218 3711 1276 tantum

2067 1317 2473 1376 sacerdotibus
2483 1318 2695 1375 suntco
2703 1317 2788 1373 lla
2795 1317 2873 1385 ta,
2891 1329 3023 1386 qua
3036 1312 3213 1371 ceteri
3224 1325 3329 1368 nec
3346 1306 3590 1381 ingredi
3606 1319 3713 1362 nec

2069 1407 2408 1479 contingere
2424 1406 2878 1478 permittuntur.
2914 1403 3212 1475 Egredere
3239 1399 3453 1471 igitur,
3477 1396 3535 1454 et
3552 1394 3711 1452 hanc

2070 1496 2562 1567 exspectationem
2590 1509 2721 1552 cum
2749 1494 2954 1550 ceteris
2986 1490 3136 1548 habe
3155 1501 3529 1547 communem.
3554 1484 3712 1540 Pur-

299 1593 403 1637 cra
430 1580 731 1649 contendo,
765 1581 870 1639 sed
901 1582 954 1636 te
982 1582 1206 1638 solvere
1226 1582 1471 1638 vincula
1494 1596 1621 1638 mea
1648 1584 1886 1654 deposco
1905 1594 1966 1651 et
2064 1598 2224 1655 pura
2252 1598 2507 1656 namque
2534 1583 2920 1655 imperatores
2936 1579 3023 1652 9“,
3048 1594 3166 1637 non
3183 1573 3513 1635 sacerdotes
3518 1572 3705 1646 facit.

303 1669 627 1727 communis
656 1669 897 1725 Domini
913 1684 1020 1739 pro
1042 1684 1132 1725 me
1162 1684 1416 1727 exorare
1435 1670 1830 1738 clementiam,
1852 1686 1959 1731 nec
1986 1701 2041 1763 B
2070 1675 2225 1730 Tunc
2260 1672 2632 1730 fidelissimus
2665 1672 2983 1743 imperator
3028 1667 3201 1725 etiam
3249 1666 3397 1721 hanc
3445 1660 3714 1763 traditio-

307 1758 493 1815 miclzi
514 1760 775 1830 januam
805 1758 1027 1826 claudi,
1073 1772 1257 1828 quam
1286 1760 1508 1816 cunctis
1535 1761 1958 1831 paenitentiam

306 1846 621 1915 agentibus
650 1846 941 1903 Dominus
969 1847 1165 1904 noster
1194 1850 1449 1918 aperuit.
1482 1850 1636 1906 Tunc
1666 1850 1915 1907 antistes
1942 1871 1954 1905 :

312 1931 1146 2005 Quam,inquit,pcenitentiam
1157 1934 1417 1992 ostendis
1427 1936 1472 1993 ti
1470 1938 1615 2008 post
1627 1938 1831 1995 tantas
1844 1939 1963 1997 ini-

303 2020 811 2093 guitates,guibus
820 2022 1315 2080 medicaminibus
1327 2023 1696 2084 incurabilia
1708 2028 1962 2084 vulnera

296 2108 635 2181 plagasque
665 2111 943 2169 curasti?
968 2142 1038 2151 —
1065 2112 1253 2168 Tuum
1276 2113 1381 2182 est,
1408 2112 1596 2184 inquit
1616 2114 1956 2186 imperator,

302 2197 537 2255 edocere
551 2197 1038 2257 etmedicamenta
1051 2201 1392 2272 temperare,
1406 2216 1601 2259 meum
1612 2217 1745 2260 vero
1758 2204 1962 2263 oblata

300 2286 619 2357 suscipere.
651 2287 805 2342 Tunc
833 2292 1073 2344 sanctus
1108 2290 1448 2346 Ambrosius
1497 2291 1616 2346 ait:
1671 2292 1961 2358 Quoniam

294 2373 509 2448 furori
519 2374 828 2446 judicium
846 2377 1007 2433 tuum
1026 2378 1376 2436 commisisti
1396 2379 1577 2437 etnon
1588 2380 1749 2437 ratio
1757 2383 1959 2452 protu-

312 2461 386 2519 lit
402 2464 755 2521 sententiam
774 2465 880 2522 sed
898 2466 1244 2537 iracundia,
1268 2467 1459 2526 scribe
1485 2469 1686 2541 legem,
1714 2484 1847 2540 quae
1865 2472 1958 2528 de-

305 2552 468 2610 creta
465 2552 711 2626 furoris
723 2555 969 2611 ecacuet
982 2555 1149 2625 ;et30
1172 2555 1377 2613 diebus
1387 2558 1685 2617 sententia
1696 2560 1855 2617 necis
1868 2561 1958 2617 at-

308 2653 424 2711 que
422 2642 887 2713 proscriptionis
903 2642 1301 2701 tantummodo
1313 2643 1708 2704 93"maneatin
1732 2647 1956 2706 litteris

308 2728 670 2800 etjudicium
682 2730 1226 2802 eupectetrationis,
1242 2733 1458 2805 quibus
1472 2734 1676 2793 diebus
1690 2736 1956 2796 transac-

314 2817 412 2888 tis,
429 2818 665 2889 irajam
676 2819 958 2890 cessante,
973 2820 1133 2878 ratio
1147 2835 1391 2879 causam
1396 2824 1428 2893 7'
1432 2823 1684 2881 udicans
1704 2826 1865 2897 apud
1869 2840 1955 2883 se-

311 2907 642 2979 metipsam,
675 2923 806 2980 quae
844 2910 1183 2980 cognoverit
1216 2909 1324 2968 sub
1362 2912 1618 2970 veritate
1654 2912 1947 2984 disponat.

2072 1777 2197 1818 nem
2234 1763 2421 1818 animo
2446 1761 2702 1833 gratanti
2751 1759 3097 1831 suscipiens,
3142 1751 3504 1812 remandavit
3534 1771 3546 1805 :
3578 1751 3716 1808 Non

2070 1852 2342 1909 audaciee
2352 1865 2535 1909 causa
2548 1851 2715 1908 intra
2726 1849 3016 1908 cancellos
3024 1845 3223 1903 mansi
3235 1843 3338 1901 sed
3348 1843 3415 1900 in
3435 1839 3715 1898 Constan-

2072 1940 2470 2013 tinopolitana
2486 1940 2630 1998 urbe
2649 1939 2805 1997 lianc
2815 1936 3293 1996 consuetudinem
3304 1944 3428 1989 esse
3438 1928 3715 2000 cognovi,-

2069 2030 2225 2086 unde
2238 2029 2480 2100 gratias
2496 2042 2608 2099 ago
2620 2042 2731 2098 pro
2752 2023 3096 2099 hujusmodi
3105 2021 3420 2079 medicina.
3437 2017 3555 2073 Tali
3569 2029 3711 2085 ergo

2073 2123 2349 2190 tantaque
2380 2122 2439 2174 et
2467 2117 2664 2189 presul
2696 2120 2756 2171 et
2789 2116 3106 2186 imperator
3134 2111 3355 2168 virtute
3386 2106 3706 2165 clarebant.

2070 2209 2189 2276 Ego
2212 2211 2403 2263 autem
2426 2205 2736 2274 utriusque
2758 2216 2906 2274 opus
2930 2200 3222 2267 ammiror,
3248 2196 3407 2253 illius
3420 2192 3707 2257 ﬁduciam,

2069 2296 2240 2367 hujus
2269 2293 2703 2363 oboedientiam,
2739 2291 2896 2347 illius
2930 2288 3037 2345 zeli
3072 2288 3380 2355 fervorem,
3428 2281 3599 2351 hujus
3650 2278 3712 2335 fl-

2070 2384 2163 2440 dei
2199 2382 2533 2455 puritatem.
2568 2383 2752 2437 Porro
2782 2378 3017 2449 regulas
3051 2374 3289 2449 pietatis
3330 2386 3474 2444 quas
3519 2385 3547 2426 a
3599 2382 3715 2423 ma-

2066 2488 2180 2543 gno
2208 2471 2511 2527 sacerdote
2542 2469 2783 2541 recepit,
2818 2480 3095 2525 reversus
3126 2463 3299 2520 etiam
3331 2463 3386 2517 in
3439 2462 3718 2517 Constan-

2067 2560 2449 2633 tinopolitana
2481 2559 2627 2616 urbe
2678 2557 2953 2615 servavit.
3004 2555 3143 2609 Nam
3188 2552 3323 2607 dum
3376 2545 3716 2605 festivitatis

2066 2658 2329 2723 tempore
2359 2650 2429 2706 ad
2460 2648 2771 2706 ecclesiam
2805 2643 3219 2717 processisset,
3261 2639 3477 2696 oblatis
3527 2637 3582 2691 in
3628 2634 3709 2691 al-

2065 2740 2177 2797 tari
2207 2738 2276 2774 93‘
2306 2737 2664 2806 muneribus,
2701 2750 2833 2791 mox
2862 2746 3138 2805 egressus
3169 2733 3280 2786 est.
3317 2729 3572 2798 Cumque
3603 2725 3708 2779 Ne-

2063 2828 2306 2896 ctarius,
2333 2832 2470 2883 tunc
2495 2821 2993 2896 presulecclesiae,
3021 2818 3104 2875 illi
3129 2817 3482 2884 mandasset,
3508 2812 3709 2869 curin-

2063 2923 2162 2974 tus
2192 2921 2352 2973 stare
2384 2913 2690 2981 noluisset,
2724 2908 3087 2967 remandavit
3114 2907 3166 2963 ei
3213 2905 3489 2978 princeps
3522 2922 3534 2958 :
3596 2896 3731 2958 Viz‘

305 2996 383 3053 In
403 2995 495 3054 bis
513 2997 667 3054 enim
688 2998 892 3055 diebus
913 3012 1238 3069 cognosces,
1268 3000 1383 3070 anj
1390 2999 1523 3057 usta
1550 3000 1635 3058 sit
1659 3003 1954 3060 sententia
1987 3060 2030 3078 η
2051 3005 2228 3078 potui
2259 3004 2494 3071 discere,
2519 3014 2652 3073 quae
2674 3000 2737 3058 di
2732 2998 3022 3072 ferentia
3037 2997 3122 3055 sit
3137 2992 3520 3067 imperatoris
3540 2990 3597 3046 et
3612 3003 3709 3078 sa-

308 3099 491 3157 quam
516 3085 859 3157 protuleris,
882 3102 964 3145 an
986 3088 1217 3158 iniusta
1235 3108 1262 3160 ,ο
1288 3090 1349 3146 et
1363 3090 1417 3146 si
1433 3091 1594 3148 ratio
1604 3090 1959 3161 probaverit

308 3173 544 3244 injusta
573 3188 705 3244 qua
729 3175 873 3232 sunt
885 3176 1137 3246 prolata,
1163 3178 1510 3248 disrumpet,
1535 3178 1590 3236 si
1610 3181 1948 3251 cerojusta,

313 3262 593 3331 firmabit,
621 3263 851 3320 dierum
872 3278 1004 3319 vero
1024 3278 1304 3322 numerus
1321 3265 1402 3321 ad
1414 3266 1535 3323 [nec
1544 3268 1953 3327 examinanda

304 3350 589 3423 sufﬁciet.
623 3352 780 3407 Ilanc
812 3352 1279 3407 ammonitionem
1320 3352 1639 3425 imperator
1666 3357 1855 3413 animo
1886 3357 1952 3412 li-

314 3437 470 3494 benti
502 3439 824 3511 suscipiens
862 3445 921 3497 et
958 3441 1234 3512 Optimam
1267 3456 1399 3498 esse
1417 3443 1736 3515 confidens,
1764 3446 1948 3515 legem

309 3527 599 3584 conscribi
625 3532 862 3601 repente
888 3529 1149 3601 precepit
1173 3534 1232 3585 et
1250 3531 1502 3603 propriae
1518 3532 1949 3592 manuslitteris

310 3615 694 3672 confirmavit.
732 3618 855 3683 Quo
888 3618 1061 3689 facto,
1113 3619 1405 3676 vinculum
1442 3621 1568 3691 ejus
1611 3622 1951 3681 Ambrosius

310 3702 581 3761 absolvit.
604 3704 741 3770 Quae
758 3704 851 3761 lex
874 3707 1157 3763 hactenus
1176 3712 1523 3766 observatur
1545 3712 1953 3769 Constantino-

255 3813 258 3817 ν
310 3789 448 3862 poli.
480 3793 578 3849 Est
612 3798 804 3849 autem
835 3793 1159 3864 hujusmodi
1193 3815 1208 3852 :

382 3897 410 3931 «
438 3880 826 3952 Imperatores
858 3883 1185 3955 Gratianus,
1213 3885 1674 3958 Valentinianus,
1697 3888 1953 3946 Theodo-

313 3968 436 4026 sius
469 3970 702 4040 augusti
737 3970 1008 4028 Flaviano
1040 3973 1300 4043 prefecto
1332 3975 1573 4046 pretorii
1604 3974 1672 4010 ’³³³
1709 3976 1949 4035 Yllirici.

387 4078 414 4107 «
443 4057 498 4114 Si
528 4057 807 4115 vindicari
842 4060 898 4116 in
930 4059 1159 4132 aliquos
1181 4063 1444 4120 severius
1467 4069 1673 4120 contra
1693 4070 1953 4123 nostram

314 4147 794 4205 consuetudinem
827 4164 932 4221 pro
963 4164 1154 4208 causa
1185 4151 1399 4208 intuitu
1441 4152 1807 4225 jusserimus,
1858 4169 1955 4211 no-

312 4233 504 4293 lumus
538 4237 736 4293 statim
768 4252 869 4293 eos
892 4242 992 4295 aut
1022 4239 1218 4295 subire
1265 4254 1491 4311 poenam
1534 4245 1632 4298 aut
1680 4242 1953 4315 excipere

315 4325 699 4391 sententiam;
730 4325 830 4382 sed
863 4341 968 4397 per
999 4326 1122 4383 dies
1152 4331 1223 4383 30
1268 4342 1443 4399 super
1484 4333 1704 4387 statuta
1753 4345 1952 4388 eorum

2063 3076 2317 3152 cerdotis
2335 3109 2360 3163 ;
2387 3092 2497 3148 eice
2525 3092 2683 3148 enim
2700 3089 2904 3147 inveni
2920 3084 3204 3144 veritatis
3218 3082 3579 3152 magistrum
3596 3076 3666 3112 ⁸³⁸
3682 3094 3705 3145 ;

2064 3181 2431 3240 Ambrosium
2458 3191 2715 3252 namque
2741 3176 2931 3236 solum
2956 3175 3096 3233 novi
3125 3172 3300 3244 digne
3322 3168 3526 3229 vocari
3564 3181 3706 3240 pon-

2065 3272 2301 3343 tiflcem.

2133 3358 2394 3415 Habebat
2426 3356 2606 3427 igitur
2629 3355 2946 3427 imperator
2968 3354 3026 3409 et
3053 3350 3222 3408 aliam
3245 3347 3523 3407 utilitatis
3544 3359 3711 3402 occa-

2061 3448 2302 3517 sionem,
2336 3460 2438 3518 per
2472 3458 2642 3515 quam
2673 3442 2744 3499 de
2777 3442 2945 3498 bonis
2974 3439 3255 3512 operibus
3298 3436 3704 3508 triumpharet.

2061 3535 2323 3605 Conjunx
2350 3534 2501 3589 enim
2534 3533 2659 3604 ejus
2689 3530 2919 3588 divinas
2949 3529 3110 3600 leges
3151 3542 3281 3587 eum
3332 3524 3546 3597 saepius
3594 3535 3711 3578 am-

2061 3624 2352 3691 monebat,
2389 3636 2452 3678 se
2487 3621 2672 3692 ipsam
2705 3624 2895 3677 tamen
2928 3618 3094 3690 prius
3127 3616 3387 3689 perfecte
3407 3612 3704 3670 erudiens.

2060 3714 2182 3768 Non
2197 3711 2347 3767 enim
2367 3710 2526 3781 regni
2543 3708 2794 3779 fastigiis
2809 3706 3036 3764 elevata
3050 3711 3162 3775 est,
3180 3704 3286 3762 sed
3300 3703 3493 3775 potius
3516 3714 3709 3757 amore

2062 3800 2257 3858 divino
2282 3813 2589 3857 succensa.
2618 3795 2891 3853 Beneficii
2914 3808 3160 3865 namque
3173 3791 3511 3862 magnitudo
3526 3788 3710 3858 majus

2061 3890 2114 3947 ei
2139 3888 2496 3946 desiderium
2524 3884 2919 3943 benefactoris
2931 3882 3264 3939 exhibebat.
3283 3881 3542 3950 Repente
3555 3891 3712 3932 nam-

2064 3993 2175 4052 que
2210 3981 2269 4035 ut
2300 3976 2459 4033 venit
2495 3975 2567 4031 ad
2604 3987 2941 4046 purpuram,
2975 3970 3314 4028 claudorum
3347 3971 3523 4039 atque
3552 3965 3713 4022 debi-

2063 4067 2203 4124 lium
2236 4064 2542 4122 maximam
2573 4062 2778 4119 habuit
2809 4075 3031 4131 curam,
3064 4073 3177 4115 non
3207 4057 3416 4128 servis,
3441 4068 3554 4111 non
3579 4053 3711 4111 aliis

2066 4153 2348 4212 ministris
2378 4151 2448 4186 "7
2476 4154 2686 4217 utens;
2718 4149 2819 4206 sed
2853 4163 2956 4221 per
2986 4150 3168 4205 semet
3202 4146 3387 4218 ipsam
3419 4157 3616 4214 agens,
3649 4148 3713 4199 et

2067 4243 2137 4299 ad
2168 4257 2368 4300 eorum
2397 4238 2729 4298 habitacula
2761 4238 3022 4305 veniens,
3055 4236 3367 4306 unicuique
3392 4231 3543 4305 quod
3562 4245 3711 4302 Opus

2067 4332 2307 4388 haberet
2340 4331 2643 4402 prebebat.
2672 4329 2762 4385 Sic
2790 4327 2965 4384 etiam
2988 4339 3093 4398 per
3115 4322 3517 4382 ecclesiarum
3538 4335 3713 4376 xeno-

312 4428 440 4471 sors
468 4417 527 4468 et
560 4414 788 4469 fortuna
821 4429 1101 4486 suspensa
1132 4416 1227 4473 sit.
1280 4419 1432 4474 Reos
1480 4433 1618 4474 sane
1666 4420 1950 4491 accipiant
1980 4421 2036 4483 D
2069 4420 2274 4476 dochia
2306 4419 2663 4487 discurrens,
2694 4416 2816 4474 suis
2845 4414 3112 4471 manibus
3141 4411 3506 4469 ministrabat
3557 4407 3714 4463 infir-

311 4501 564 4572 vincula,
591 4507 767 4573 atque
789 4503 1057 4560 custodia
1079 4509 1135 4559 et
1159 4505 1424 4562 excubiis
1447 4506 1791 4565 sollertibus
1814 4509 1957 4579 vigi-

311 4588 501 4646 lanter
530 4590 939 4647 observentur.
966 4613 992 4639 υ

386 4679 474 4735 Sic
505 4678 684 4749 igitur
709 4680 1146 4738 sacratissimus
1170 4681 1488 4754 imperator
1511 4683 1735 4755 ingredi
1760 4683 1956 4741 limina

314 4781 485 4826 sacra
503 4782 867 4840 presumens,
893 4783 1002 4825 non
1028 4774 1192 4827 stans
1212 4770 1451 4828 Domino
1474 4773 1845 4844 supplicavit,
1864 4786 1961 4830 ne-

316 4870 427 4929 que
459 4871 645 4928 genua
677 4856 860 4929 ﬂexit,
895 4857 999 4915 sed
1031 4872 1250 4930 pronus
1290 4859 1346 4915 in
1374 4860 1706 4932 pavimento
1734 4863 1955 4933 jacens,

313 4945 633 5003 Daviticam
666 4946 1046 5019 proclamavit
1078 4962 1280 5007 vocem
1315 4968 1327 5003 :
1361 4948 1960 5022 Adbesitpaoimento

320 5033 531 5092 anima
539 5046 685 5105 mea,
699 5035 939 5109 oioiﬁca
947 5049 1040 5095 me
1049 5035 1371 5095 secundum
1387 5034 1632 5095 verbum
1651 5038 1836 5109 tum,
1853 5051 1963 5095 ma-

2070 4509 2197 4577 mis,
2231 4506 2378 4564 ollas
2409 4520 2611 4562 eorum
2640 4509 2898 4575 tergens,
2919 4502 3016 4573 jus
3035 4505 3297 4571 gustans,
3321 4495 3604 4561 coclearia
3631 4496 3716 4551 of-

2071 4597 2283 4667 ferens,
2316 4608 2522 4666 panem
2554 4594 2844 4664 frangens,
2885 4592 3165 4661 cibosque
3212 4588 3570 4657 ministrans,
3622 4599 3716 4641 ca-

2070 4684 2212 4741 lices
2244 4682 2505 4752 abluens,
2539 4686 2596 4738 et
2630 4680 2741 4736 alia
2771 4684 2983 4737 cuncta
3016 4677 3234 4734 faciens
3264 4690 3393 4747 quae
3422 4674 3610 4732 servis
3653 4677 3713 4729 et

2071 4771 2358 4829 ministris
2388 4785 2510 4828 mos
2540 4774 2632 4827 est
2663 4768 2982 4826 celebrare.
3020 4766 3121 4823 His
3140 4769 3354 4836 autem,
3381 4764 3618 4836 quieam
3641 4762 3716 4819 de

2070 4859 2486 4918 rebustalibus
2501 4859 2839 4915 nitebantur
2852 4854 3181 4929 prohibere,
3199 4854 3430 4912 dicebat
3456 4853 3716 4910 :Aurum

2072 4947 2426 5007 distribuere
2446 4961 2582 5019 opus
2597 4947 2834 5018 imperii
2852 4945 2944 5004 est
2956 4963 2982 5016 ,-
3001 4958 3105 5017 ego
3122 4942 3321 5001 autem
3324 4955 3442 5013 pro
3460 4941 3588 5011 ipso
3606 4938 3717 4994 im-

2060 5037 2235 5111 perio
2257 5036 2359 5096 hoc
2377 5050 2520 5110 opus
2538 5034 2718 5109 ofero
2740 5033 2889 5094 bona
2913 5033 3103 5095 michi
3128 5032 3331 5092 omnia
3356 5028 3710 5106 conferenti.

1678 5244 1917 5301 VARME
1956 5244 2042 5301 LE
2053 5243 2359 5305 CTIONES.

396 5405 914 5485 _”°_prohibeo_5._
969 5410 1035 5445 ⁹³¹
1086 5412 1402 5485 suscipiam
1436 5417 1485 5467 5.
1556 5411 1632 5485 {3f
1680 5412 1734 5467 in
1774 5415 1940 5485 _t_.__9°.
2020 5411 2088 5446 9”
2128 5412 2392 5485 pretorio
2437 5413 2512 5468 9ο.
2589 5409 2658 5446 ⁸³⁸
2677 5410 3083 5482 imperatorem
3125 5423 3237 5465 non
3273 5405 3640 5464 sacerdotem
3665 5408 3715 5460 δ.

356 5478 402 5513 ³⁵
441 5478 630 5538 ειῐωνθ
648 5486 729 5538 9ο.
762 5482 833 5539 ad
865 5480 1048 5539 altare
1078 5487 1127 5539 4.
1170 5478 1339 5539 m'm.
1371 5498 1425 5539 v.
1460 5487 1511 5539 5.
1553 5481 1621 5517 ⁸³⁷
1658 5482 1888 5541 ancillis
1916 5488 1991 5539 9°.
