3992 6062
107 187 236 256 ’765

100 432 348 512 semper
367 424 646 497 cogitare,
678 431 786 500 qui
812 431 1035 492 dudum
1049 438 1264 511 fuisti,
1305 443 1414 512 qui
1442 424 1607 502 modo
1654 424 1759 506 sis.

101 508 263 567 Haec
289 512 347 569 st
388 526 614 585 semper
659 521 1021 593 cogitaveris,
1053 508 1352 600 ingratus
1374 598 1379 604 _
1402 532 1766 608 benefactori

101 612 229 655 non
261 601 406 667 eris,
435 605 540 661 sed
563 607 905 682 imperium,
938 617 1098 686 quod
1120 601 1455 692 suscepisti,
1491 601 1767 696 legalz'ter

95 686 499 763 gubernatis,
526 697 586 751 et
603 697 817 755 harum
835 716 1037 783 rerum
1049 686 1644 783 auctore-mplacatis.
1666 716 1763 773 His

100 780 487 838 sermonibus
510 783 672 842 velut
694 780 970 859 optimam
995 798 1278 864 quandam
1306 780 1620 860 utilitatem
1656 805 1765 862 vir-

95 866 376 938 tutisque
405 872 818 933 abundantiam
851 882 1079 953 conjugi
1117 888 1421 945 offerebat.

168 956 466 1015 Defuncto
497 966 687 1020 autem
720 967 1042 1028 Theodosio
1077 978 1141 1029 16
1174 977 1294 1032 Kal.
1333 981 1525 1050 Febr.,
1548 999 1764 1055 corpus

93 1041 232 1112 ejus
264 1047 830 1124 Constantinopolim
865 1058 1119 1118 delatum
1149 1069 1238 1121 est
1268 1071 1300 1121 6
1325 1069 1460 1125 Idus
1486 1041 1760 1130 Revemb.

91 1138 154 1187 et
189 1135 269 1191 ab
300 1137 586 1196 Arcbadio
618 1142 736 1198 ﬁlio
765 1160 872 1202 suo
899 1148 970 1181 ³³⁸
999 1153 1315 1223 sepultura:
1348 1160 1648 1216 traditum.
1676 1162 1766 1217 Di-

91 1221 260 1277 misit
296 1230 489 1282 autem
524 1244 766 1299 regnum
804 1234 1035 1295 duobus
1064 1221 1202 1299 ﬁliis
1227 1247 1369 1317 suis,
1401 1250 1686 1308 Arehadio
1711 1252 1764 1306 in

94 1310 365 1383 Oriente,
402 1318 654 1376 Honorio
686 1322 741 1378 in
776 1325 1113 1400 Occidente,
1154 1348 1355 1390 curam
1398 1352 1537 1394 vero
1571 1340 1769 1395 ammi-

92 1400 1077 1481 nistrationisvirispotentissimis
1100 1421 1769 1497 mandavithabere,Ru'

95 1488 218 1546 ﬁno
251 1491 403 1548 aula:
432 1495 757 1569 orientalis,
804 1502 1111 1561 Stilichoni
1161 1510 1568 1569 occidentalis.
1626 1488 1762 1572 i’ost

94 1593 326 1648 paucos
351 1589 544 1639 autem
576 1586 703 1644 dies
732 1592 962 1659 quando
992 1597 1338 1655 translatum
1389 1608 1476 1657 est
1532 1619 1758 1677 corpus

92 1666 432 1771 Theodosii,
468 1672 525 1728 id
554 1680 646 1729 est
674 1681 740 1731 15
774 1679 1010 1736 Kalend.
1046 1686 1339 1758 Decemb.,
1376 1691 1552 1747 etiam
1598 1666 1763 1750 θέω·-
1793 1725 1844 1783 B

90 1755 279 1826 citus,
309 1759 403 1828 qui
429 1775 558 1818 cum
583 1778 653 1821 eo
683 1766 871 1824 fuerat
894 1775 1097 1827 contra
1124 1776 1463 1849 Eugenium,
1484 1795 1759 1841 reversus

92 1849 207 1915 est,
247 1851 307 1900 et
337 1847 469 1905 dum
507 1850 822 1923 imperator
854 1860 1176 1919 Archadius
1217 1866 1285 1921 ad
1322 1847 1523 1938 portas
1553 1887 1761 1928 occur-

96 1933 286 1990 risset
307 1939 614 2010 exercitui,
641 1943 859 2001 milites
882 1947 1148 2007 Ruﬁnum
1169 1933 1490 2023 prefectum
1513 1958 1757 2031 939pere-

94 2030 354 2079 merunt.
379 2027 515 2083 Erat
539 2030 691 2086 enim
717 2040 1045 2108 suspectus,
1070 2041 1235 2110 quasi
1254 2027 1617 2113 tyrannidem
1646 2066 1760 2106 me-

93 2109 399 2169 ditaretur
426 2130 726 2175 assumere
754 2125 812 2175 et
841 2125 1035 2183 Hunos
1066 2109 1156 2184 vel
1191 2109 1406 2190 Gothos
1461 2135 1517 2191 in
1542 2136 1611 2170 ⁰⁴⁰
1656 2141 1763 2195 Ro-

103 2214 410 2258 manorum
445 2206 775 2276 provincias
806 2218 1011 2270 contra
1048 2216 1462 2289 imperatorem
1485 2240 1755 2291 evocare,

174 2289 452 2360 Ejusdem
484 2308 622 2351 vero
654 2297 957 2357 Theodosii
1007 2307 1373 2377 temporibus
1414 2313 1564 2384 apud
1618 2289 1760 2371 Pale

98 2379 317 2435 stinam
337 2383 691 2453 provinciam
708 2388 760 2443 in
778 2392 1021 2449 castello
1036 2396 1304 2455 Emmaus
1321 2379 1491 2458 natus
1510 2408 1597 2459 est
1612 2420 1759 2476 puer

104 2466 341 2538 integer
371 2475 431 2526 et
462 2474 779 2547 perfectus,
820 2479 923 2535 sed
954 2483 1024 2537 ab
1058 2485 1331 2544 umbilico
1364 2505 1591 2547 sursum
1614 2466 1759 2549 divi-

106 2571 231 2627 sus,
270 2557 348 2614 ita
382 2564 447 2615 ut
479 2563 721 2621 haberet
755 2566 869 2622 duo
902 2574 1139 2639 pectora
1188 2578 1245 2628 et
1293 2577 1406 2632 duo
1457 2580 1646 2651 capita
1697 2587 1751 2636 et

110 2660 514 2719 quoscumque
533 2665 739 2710 sensus
763 2672 777 2720 ;
800 2659 1009 2713 etcum
1031 2676 1179 2717 unus
1194 2662 1402 2720 edebat
1420 2672 1479 2721 et
1495 2667 1751 2739 bibebat,

110 2732 267 2789 alter
298 2750 413 2792 non
446 2737 655 2795 edebat
684 2759 697 2807 ;
734 2758 883 2800 unus
914 2745 981 2779 9“
1005 2747 1348 2823 dormiebat,
1383 2753 1532 2810 alter
1556 2757 1754 2826 vigila-

109 2822 250 2890 bat;
285 2838 697 2899 nonnunquam
732 2831 967 2890 insimul
998 2822 1382 2911 dormiebant,
1410 2842 1641 2900 insimul
1668 2846 1752 2902 lu~

108 2910 330 2968 debant
352 2915 422 2969 ad
449 2916 796 2976 alterutrum
816 2928 873 2977 et
889 2923 956 2957 ⁹⁴²
972 2925 1207 2998 flebant,
1224 2934 1282 2984 et
1300 2932 1529 3002 utrique
1544 2950 1751 3004 percu-

101 3000 329 3056 tiebant
361 3017 424 3059 se
464 3004 728 3064 invicem.
781 3011 1063 3070 Vixerunt
1108 3023 1301 3074 autem
1351 3000 1516 3077 annis
1568 3024 1746 3080 ferme

992 206 1430 280 CHRONICA.
1468 252 1538 267 -
1576 217 2052 293 CHRONICON
2094 228 2640 301 UNIVERSALE.

105 325 258 386 Viro
293 333 486 389 autem
517 347 627 430 suo
661 352 800 411 sepe
828 339 1099 401 dicebat:
1138 350 1377 420 Oportet
1420 352 1492 425 te,
1525 357 1760 430 marite,
1794 361 1850 423 A

3408 245 3529 312 766

2094 368 2557 451 revelantur._e.e
2582 371 2786 445 Sigeb.
2819 376 2906 432 D’?
2936 376 2996 432 Ε.
3033 379 3335 451 pergunt:
3378 384 3523 441 Con-

2092 441 2802 513 stantinopolis—eversa.
2835 461 2912 502 ea:
2940 441 3146 505 eodem.

1953 511 2035 564 10.
2064 510 2128 565 Α.
2155 513 2217 565 D.
2244 510 2369 568 397.‘
2388 515 2831 574 Valentinianus
2855 518 2988 574 dolo
3008 522 3319 591 Arbogasti
3340 524 3515 583 moc-

1875 595 2113 668 ciditur,
2145 600 2391 672 ejusque
2424 602 2615 660 locum
2648 607 2940 676 Eugenius
2972 608 3213 666 invadit.

1948 690 2031 740 11.
2068 688 2129 742 Α.
2166 690 2226 743 D.
2260 694 2382 747 398.
2426 692 2785 752 Theodosius
2832 696 3148 767 Eugenium
3203 704 3511 772 tyranuum

1875 776 2195 844 superavit.
2220 780 2581 849 Arbogastus
2602 783 2670 816 9⁸⁸
2691 800 2795 843 sua
2821 800 2990 842 manu
3014 801 3076 843 se
3100 787 3167 820 9‘7
3191 788 3509 861 interfecit,

1874 861 2230 923 Theodosius
2254 883 2389 925 vero
2412 870 2731 929 Mediolano
2757 874 2809 928 in
2826 888 2965 945 pace
2982 876 3221 945 quievit.
3243 880 3519 948 Augusti-

1876 966 2002 1019 nus,
2038 952 2243 1011 doetor
2277 956 2747 1032 facundissimus,
2782 964 3041 1035 Hypponi
3065 966 3373 1023 ordinatur
3398 969 3518 1039 epi-

1877 1052 2111 1109 scapus.

1948 1130 2257 1202 Hucusque
2289 1135 2768 1194 :ecclesiasticam
2804 1140 3122 1211 hystoriam
3146 1144 3521 1201 Eusebiusm

1878 1217 2117 1275 Ruﬁnus
2149 1224 2438 1292 perduxit.

1879 1308 2023 1361 Anni
2058 1311 2329 1368 Arehadii
2362 1319 2420 1369 et
2452 1317 2709 1371 Honorii.

1951 1397 2113 1452 Anno
2148 1399 2450 1457 dominica)
2485 1404 2902 1463 incarnationis
2934 1412 3056 1480 309,
3108 1411 3279 1468 Urbis
3320 1412 3518 1468 condi-

1878 1486 1952 1538 ta)
1976 1485 2282 1543 millesimo
2308 1495 2426 1546 150.
2452 1493 2807 1551 Archardius
2822 1502 2875 1551 et
2894 1499 3199 1568 Honorius,
3221 1499 3319 1555 ﬁlii
3336 1501 3516 1559 Theo-

1878 1570 2045 1642 dosii,
2082 1578 2177 1632 46°
2206 1577 2331 1633 loco
2364 1581 2435 1635 ab
2469 1584 2729 1651 Augusto
2752 1600 3054 1643 commune
3076 1588 3400 1659 imperium,
3431 1591 3514 1646 di-

1876 1660 2019 1717 visis
2056 1668 2275 1721 tantum
2308 1667 2377 1701 9"
2407 1670 2663 1740 sedibus,
2697 1675 3032 1745 tenuerunt,
3083 1677 3408 1733 Arehadius
3456 1678 3511 1734 in

1877 1748 2133 1821 Oriente,
2167 1756 2458 1814 Honorius
2489 1759 2543 1813 in
2580 1760 2936 1831 Occidente‘,
2983 1762 3168 1833 (Jonb.
3202 1767 3290 1821 De
3331 1780 3383 1822 γ.
3435 1768 3513 1836 s.)

1873 1842 2025 1898 Tunc
2047 1843 2289 1901 Ruﬁnus
2306 1848 2890 1916 patrieius'Archadio
2906 1854 3154 1925 principi
3177 1856 3414 1912 tendens
3431 1857 3515 1914 in-

1873 1928 2071 2000 sidias,
2108 1933 2397 1991 Alaricum
2430 1953 2623 2006 regem
2656 1941 2993 2011 Gothorum,
3030 1948 3093 1999 ut
3136 1944 3369 2001 Grecias
3417 1961 3514 2002 va-

1873 2022 2079 2090 staret,
2102 2021 2296 2078 missis
2318 2025 2465 2081 clam
2492 2028 2772 2099 pecuniis,
2799 2029 3063 2087 invitavit
3088 2032 3218 2098 ;sed
3240 2033 3510 2091 detectus

1873 2109 2114 2167 Ruﬁnus
2144 2115 2278 2167 ante
2310 2118 2511 2183 portas
2542 2118 2703 2175 urbis
2731 2121 3409 2194 Constantinopolitanae,
3447 2129 3510 2179 ut

1872 2215 2047 2271 supra
2080 2201 2299 2259 dictum
2332 2208 2442 2273 est,
2480 2220 2509 2261 a
2556 2207 2839 2264 militibus
2883 2208 3209 2266 decollatus
3257 2216 3370 2282 est,
3417 2228 3510 2268 ca-

1873 2294 2092 2359 putque
2123 2291 2249 2361 ejus
2281 2309 2410 2349 cum
2442 2294 2682 2352 dextera
2712 2311 2881 2353 manu
2921 2298 2991 2353 ad
3040 2297 3356 2355 ludibrium
3406 2316 3509 2371 per

1872 2375 2074 2430 urbem
2107 2377 2571 2436 circumductum
2606 2384 2738 2447 cst;
2782 2397 3081 2453 uxoreque
3129 2383 3198 2416 ⁹⁵⁰
3244 2384 3502 2455 exulata,

1869 2479 2011 2534 opes
2035 2465 2162 2535 ejus
2184 2473 2427 2523 cunctas
2450 2470 2763 2540 Eutropius
2788 2471 2968 2542 spado
2992 2474 3312 2542 promeruit
3337 2477 3373 2493 “
3398 2477 3502 2544 (II.

1863 2560 1968 2621 in.)
2005 2554 2168 2611 Gildo
2199 2562 2391 2612 autem
2422 2559 2630 2615 Africm
2661 2575 2857 2615 comes
2887 2576 2916 2616 a
2939 2561 3265 2618 Theodosio
3288 2563 3504 2621 dudum

1865 2641 2189 2714 ordinatus,
2224 2646 2457 2715 cognita
2498 2651 2684 2703 morte
2731 2647 2876 2718 ejus,
2932 2650 3254 2707 arbitratus
3302 2667 3502 2723 parum

1864 2731 1987 2801 spei
2029 2732 2081 2787 in
2112 2734 2331 2805 pueris,
2353 2736 2532 2807 cmpit
2556 2737 2806 2793 Africam
2832 2738 2943 2793 sibi
2966 2739 3292 2796 vendicare.
3323 2742 3501 2813 Cujus

1866 2820 2046 2876 frater
2064 2823 2343 2879 lllascezel
2366 2840 2495 2881 cum
2521 2829 2673 2881 esset
2699 2826 2908 2897 ﬁdelis,
2924 2829 3504 2900 germaniperﬁdiam
3592 2910 3605 2915 _

1863 2908 2118 2976 detexit;
2154 2910 2252 2968 ille
2284 2916 2477 2969 autem
2510 2913 2655 2970 duos
2689 2914 2840 2971 ﬁlios
2872 2917 3096 2986 fratris,
3143 2934 3275 2975 cum
3328 2923 3499 2991 pater

1862 2996 2070 3068 abiret,
2106 2999 2421 3056 interfecit.
2449 3004 2657 3058 Contra
2683 3007 2985 3079 quemjam
3009 3011 3071 3062 ut
3094 3006 3321 3063 hostem
3346 3007 3499 3064 idem

102 3086 355 3159 duobus,
390 3096 446 3146 et
480 3108 627 3151 unus
661 3098 890 3167 quidem
923 3108 1190 3161 mortuus
1222 3111 1333 3178 est,
1369 3107 1520 3165 alter
1552 3116 1745 3169 autem
1782 3083 1829 3144 Ο
1859 3086 2291 3178 “35091919”
2315 3090 2581 3146 exercitu
2606 3091 2815 3149 missus
2836 3108 2965 3149 cum
2988 3108 3117 3150 eum
3144 3094 3311 3151 valde
3336 3110 3501 3153 coal“

102 3178 427 3248 supervixit
459 3182 668 3241 diebus
696 3189 745 3242 4.

173 3269 225 3320 2.
262 3269 423 3323 Anno
455 3269 759 3332 dominicae
788 3276 1207 3339 incarnationis
1236 3287 1387 3355 389°,
1416 3288 1512 3358 qui
1544 3295 1632 3345 est
1661 3306 1747 3347 se-

102 3352 333 3411 cundus
348 3356 651 3417 Theodosii
679 3368 809 3433 post
837 3372 1081 3423 mortem
1100 3352 1381 3445 Gratiani,
1399 3352 1547 3432 idem
1570 3380 1747 3436 Theo-

103 3440 328 3513 dosius,
353 3446 442 3501 vir
466 3448 782 3508 virtutibus
810 3453 1038 3526 plenus,
1066 3440 1552 3535 Valentinianum,
1580 3467 1744 3524 Italia

99 3530 460 3602 expulsum‘a
480 3536 741 3602 Maximo.
770 3542 824 3597 in
846 3558 1085 3613 regnum
1106 3550 1362 3606 restituit
1382 3552 1474 3621 (cf.
1498 3556 1740 3628 Deam).

97 3618 275 3691 (σήν,
314 3624 393 3679 W.
420 3655 483 3665 —
510 3627 709 3701 BEDA.)
734 3631 1014 3703 Reliquiae
1038 3640 1372 3695 sanctorum
1392 3618 1655 3701 ‘Gervasii
1687 3618 1747 3703 et

100 3708 399 3767 Protbasii
429 3714 503 3770 ab
533 3718 841 3776 Ambrosio
874 3730 1124 3793 repertae
1175 3732 1328 3782 sunt.

174 3800 225 3886 4.
259 3796 487 3867 (Pnosr.
525 3802 666 3861 0hr.
696 3808 866 3879 imp.)
899 3813 961 3867 A.
1000 3814 1059 3866 ῐ).
1089 3816 1209 3884 391,
1236 3818 1623 3886 Augustinus”
1646 3823 1743 3878 ad"

100 3883 273 3941 ﬁdem
305 3902 642 3963 conversus,
679 3898 750 3952 ab
785 3900 1093 3957 Ambrosio
1123 3883 1476 3978 baptizatur,

245 3984 636 4074 ‘Augustiuus
659 4007 694 4074 a_
716 3994 1141 4074 Manicheprum
1166 4001 1355 4059 heresi
1381 4019 1483 4074 per
1506 4006 1750 4064 Ambro-

311 4056 556 4136 s_ium__ad
581 4064 932 4136 catholicam
956 4068 1125 4125 ﬁdem
1147 4056 1548 4132 convertitur.—
1561 4056 1745 4136 THE.

308 4126 410 4184 Ea:
428 4131 636 4201 Sigeb.

173 4215 222 4268 6.
254 4214 317 4270 A.
349 4215 411 4271 D.
443 4221 568 4276 393.
598 4222 891 4283 Iohannes
919 4228 1203 4287 beremita
1236 4231 1472 4290 claruit.

170 4303 221 4381 7ἐ
255 4303 318 4359 Α.
352 4306 416 4362 Ι).
452 4311 574 4366 394.
607 4312 861 4384 Syricius
891 4332 1039 4389 papa
1074 4322 1217 4391 40‘",
1271 4323 1424 4379 sedit
1477 4325 1644 4382 annis
1690 4330 1745 4383 8»

95 4388 472 4465 decessitque
503 4402 536 4454 6
562 4400 803 4460 Kalend.
848 4407 1143 4463 Decemb‘.

240 4480 614 4575 ‘DzkEzAc‘zdd.
650 4512 670 4547 :
693 4492 875 4575 fama
910 4497 1310 4575 et‘Eustoehia
1344 4499 1413 4534 ⁰⁴³
1456 4502 1571 4560 ﬁlia
1621 4504 1747 4575 ejus

311 4554 545 4613 Christo
576 4562 933 4621 ancillantur
972 4554 1325 4627 Bethlehem.

171 4640 413 4736 8:”(0Itr.
455 4648 564 4718 W.)
590 4651 654 4706 A.
686 4653 750 4707 D.
779 4656 899 4709 395.
927 4656 1299 4716 Hieronimus
1323 4660 1555 4734 librum,
1575 4679 1741 4736 quem

98 4726 174 4783 de
206 4728 535 4793 illustribus
564 4739 707 4797 viris
735 4742 996 4816 scripsit,
1030 4745 1332 4820 hucusque
1362 4726 1659 4824 perduxit,

173 4820 220 4873 9.
256 4819 319 4876 A.
354 4824 417 4878 D.
452 4828 606 4884 396.’

244 4907 435 4984 ’ΒΧ-Ε.
468 4916 500 4968 li
576 4919 658 4972 fl.
686 4918 827 4975 add.
855 4920 1152 4979 :Didimus
1176 4923 1540 4983 Alexandria
1568 4928 1733 4984 obiit.

308 4979 392 5035 κδ.
431 4984 683 5057 Corpora
722 4991 957 5049 Abacuc
979 4998 1037 5048 et
1060 4979 1294 5051 Micheae
1319 4979 1737 5068 prophetarum

1773 4439 1828 4502 D

1858 3177 2033 3244 taret,
2068 3175 2121 3230 in
2153 3175 2343 3246 fugam
2372 3192 2600 3249 versus,
2634 3184 2767 3251 post
2802 3196 3020 3252 paucos
3050 3181 3174 3239 dies
3221 3188 3492 3256 strangu-

1858 3261 2016 3319 latus
2047 3268 2156 3319 est.

2000 3334 2206 3415 ξ’ρῖΑὲ
2240 3336 2379 3415 add;
2413 3358 2433 3394 .-
2454 3339 3166 3415 Imperatores—destrui.
3190 3356 3269 3399 ea:
3284 3343 3489 3415 Sigeb.

2000 3406 2136 3487 2D?
2165 3408 2224 3462 E.
2258 3408 2392 3464 add.
2428 3428 2447 3464 :
2480 3406 3016 3468 Romae-removit.
3052 3427 3127 3470 ea:
3152 3415 3351 3486 θέρει).

1931 3491 2143 3567 (Ιοῐιο.)
2177 3497 2510 3568 Hesperiam
2542 3513 2682 3555 vero
2714 3500 2939 3571 plagam
2968 3502 3023 3558 in
3056 3517 3236 3574 regno
3258 3504 3496 3561 Honorii

1858 3580 2231 3652 imperatoris
2264 3585 2509 3655 primum
2540 3588 2899 3659 Radagaisus
2930 3589 2998 3624 πί
3031 3592 3244 3663 Scytha
3292 3592 3499 3649 crude-

1857 3668 2121 3727 lissimus
2144 3688 2274 3729 cum
2294 3675 2563 3731 ducentis
2588 3678 2823 3735 milibus
2837 3680 3494 3753 Gothoruminundavit,

1859 3758 1953 3828 qui
1978 3774 2202 3816 omnem
2222 3762 2460 3819 Romani
2485 3765 2681 3836 populi
2708 3769 3045 3837 sanguinem
3071 3770 3382 3842 prepinare
3402 3770 3500 3826 de-

1857 3848 2034 3903 vovit.
2074 3850 2177 3914 (H.
2208 3856 2313 3919 m.)
2352 3854 2563 3909 Contra
2598 3871 2765 3926 quem
2797 3857 2910 3913 duo
2940 3848 3150 3930 pagani
3175 3859 3355 3917 duces
3386 3862 3498 3918 Hu-

1859 3951 2062 3992 norum
2095 3938 2377 3996 Huldinus
2393 3947 2451 3997 et
2474 3942 2650 4000 Sarus
2674 3960 2701 3999 a
2726 3946 2999 4004 Romanis
3020 3948 3294 4025 conducti
3320 3954 3451 4005 sunt
3481 3967 3495 4015 ;

1860 4025 1960 4081 sed
1990 4026 2218 4083 nolente
2248 4030 2362 4083 Deo
2384 4045 2618 4086 causam
2648 4035 2921 4101 potentim
2945 4050 3064 4090 suae
3090 4050 3192 4106 per
3213 4035 3493 4093 virtutem

1859 4112 2151 4169 hominum
2183 4130 2483 4187 superare,
2517 4117 2798 4176 divinitus
2831 4121 3074 4178 territus
3096 4127 3186 4179 est
3218 4124 3496 4191 Radagai-

1860 4216 1982 4271 sus,
2018 4203 2358 4274 fugiensque
2392 4206 2445 4260 in
2480 4207 2832 4264 Peeulanum
2857 4214 3129 4281 montem,
3157 4212 3375 4282 ingenti
3400 4228 3498 4268 un-

1861 4290 2034 4362 dique
2069 4292 2275 4349 timore
2306 4293 2374 4326 ⁹⁵²
2405 4295 2812 4364 concluditur;
2846 4304 2902 4354 et
2937 4299 3070 4356 dum
3102 4294 3249 4357 fame
3279 4302 3495 4373 sitique

1860 4378 2107 4451 laborat,
2145 4381 2346 4439 volens
2380 4384 2598 4453 fugere,
2626 4385 2786 4443 solus
2808 4390 3308 4459 conprehenditur
3336 4406 3365 4447 a
3389 4393 3499 4448 Ro-

1860 4469 2042 4525 manis
2072 4468 2158 4540 m,
2194 4471 2519 4542 missusque
2551 4474 2605 4528 in
2638 4490 2955 4543 carcerem,
2981 4477 3058 4533 ibi
3093 4484 3359 4537 mortuus
3382 4485 3491 4537 est.

1854 4558 2029 4613 Tanta
2062 4574 2203 4613 vero
2236 4559 2548 4617 multitudo
2580 4563 2650 4617 de
2683 4565 2885 4621 Gothis
2927 4568 3346 4638 comprehensa
3379 4576 3492 4641 est,

1856 4651 1915 4701 ut
1952 4646 2105 4703 sicut
2133 4647 2268 4704 vilia
2302 4664 2511 4719 pecora
2545 4652 2939 4710 venderentur
2965 4671 3125 4723 ;nam
3150 4657 3364 4727 singuli
3392 4660 3497 4714 Go-

1852 4734 1936 4790 thi
1970 4736 2216 4806 singulis
2247 4738 2440 4794 aureis
2481 4740 2886 4799 vendebantur
2935 4744 3146 4815 (Jonn.)
3199 4747 3337 4802 Post
3386 4748 3495 4801 Ra-

1852 4823 2148 4893 dagaisum
2197 4825 2460 4883 Alaricus
2511 4843 2614 4885 rex
2672 4831 2986 4887 Gothorum
3042 4824 3266 4888 Italiam
3316 4833 3496 4890 intra-

1848 4912 1953 4984 vit,
1987 4918 2044 4969 et
2079 4918 2141 4971 ut
2173 4916 2443 4987 superius
2477 4917 2531 4972 in
2565 4918 2749 4988 gestis
2777 4921 3091 4977 Gothorum
3120 4920 3185 4954 9“
3209 4921 3493 4994 scriptum

1848 5005 1959 5072 est,
1994 5002 2174 5059 multa
2205 5004 2352 5060 mala
2374 5006 2649 5062 Roman's
2677 5008 3007 5077 ceterisque
3040 5009 3309 5080 inferens,
3337 5010 3488 5082 apud

1448 5166 1683 5222 VARIJE
1726 5168 2123 5227 LECTIONES.

164 5289 231 5365 Ῠθδ
260 5292 385 5362 ejus
415 5300 489 5351 9°.
569 5296 637 5331 93°
666 5300 828 5358 deest
855 5307 929 5357 9°.
1009 5304 1078 5336 "0
1104 5306 1269 5361 deest
1292 5313 1366 5363 9°.
1444 5307 1512 5341 9“
1543 5307 1693 5365 alter
1722 5315 1770 5364 b’.

94 5502 167 5538 ’⁵³
193 5502 244 5561 a.
278 5520 382 5564 r.c.
419 5512 470 5565 5.
552 5510 619 5544 ⁹⁸⁴
651 5513 813 5571 deest
840 5519 915 5573 9°.

1850 5311 1917 5344 ⁰⁴²
1975 5313 2138 5371 deest
2161 5320 2236 5371 9°.
2314 5314 2382 5348 "3
2421 5317 2785 5373 custocbium
2818 5319 2913 5374 E1.
2992 5318 3059 5352 9“
3083 5320 3246 5377 deest
3270 5328 3345 5378 9°.
3423 5322 3492 5357 9“

94 5362 540 5449 arboga‘stis.9°._
570 5374 654 5425 10.
694 5375 777 5449 ηε
857 5373 1046 5449 “fite
1074 5378 1168 5430 El.
1207 5362 1769 5449 arbogastesﬁretl.“
1797 5381 1864 5415 ⁹⁴⁷
1898 5384 2060 5442 deest
2079 5362 2162 5441 ἶν’.
2199 5401 2301 5442 sua
2334 5401 2395 5442 se
2429 5402 2499 5441 in.
2528 5389 2622 5443 El.
2702 5388 2770 5421 ⁹⁴⁸
2800 5390 3023 5446 eusebii
3056 5398 3129 5447 9°.

92 5463 168 5527 Ε
195 5434 466 5527 perduxit
498 5438 712 5527 desumit
737 5443 867 5527 Et.“
910 5444 979 5478 9‘9
1010 5449 1200 5502 tamen
1236 5448 1310 5503 ib.
1350 5434 1458 5484 “95°
1490 5434 1755 5523 nitorque
1783 5434 2044 5524 ejusWEl.
2124 5455 2191 5491 9“
2224 5457 2531 5527 radagisus
2584 5460 2634 5514 4.
2670 5463 2747 5515 9°.

3181 5394 3490 5465 Hucusque

2797 5474 3040 5533 semper.
3120 5461 3186 5495 ³⁵³
3237 5469 3277 5532 t.
3333 5461 3485 5522 u.'5.
