3992 6034
349 266 464 336 ’16⁸7
676 368 690 387 ἰ
1350 234 1355 237 λ
1514 268 1999 337 EKKEHARDI
2037 266 2591 341 URAUGIENSIS
3068 316 3079 325 ι
3630 265 3751 334 768

354 402 723 463 Consentiam
754 407 1022 465 mortuus
1053 410 1161 465 est.
1207 407 1311 479 (Η.
1359 413 1463 480 m.)
1520 409 1621 467 Cui
1672 408 1992 468 succedens
2024 407 2079 467 A
2180 414 2265 468 13.
2302 409 2471 481 (Chr.
2512 411 2629 482 W.)
2659 412 2724 469 Α.
2770 412 2831 468 D.
2883 407 3004 466 411.
3058 404 3383 466 Archadius
3429 404 3752 479 imperator

353 495 678 564 Atbaulfus,
716 498 1183 566 consanguineus
1213 499 1358 570 ejus,
1392 500 1666 571 quicquid
1720 500 1816 557 ille
1864 499 1997 557 reli-

357 586 503 658 quit,
539 586 782 657 abrasit,
816 590 873 642 et
904 586 1218 659 Placidam,
1251 589 1484 645 Honorii
1518 604 1804 661 sororem,
1847 589 2000 646 aufe-

356 688 511 744 rens,
548 674 603 730 in
632 675 1061 731 matrimonium
1092 676 1336 747 accepit.

427 766 640 830 (H.971.
673 769 733 820 et
758 766 951 837 Iono.)
985 766 1227 822 Stilicho
1261 763 1489 838 quoque
1513 782 1727 839 comes,
1750 769 1846 840 qui
1870 774 2000 825 erat

355 853 425 910 de
460 853 676 925 perﬁda
736 857 792 909 ct
826 854 1028 910 dolosa
1057 861 1230 925 gente
1273 856 1683 915 Wandalorum
1716 862 1907 929 natus,
1939 863 1999 914 et

355 947 482 997 erat
519 957 689 998 socer
718 943 977 1013 Honorii,
1013 945 1179 1015 cujus
1214 944 1345 1002 filim
1374 946 1502 1003 dua)
1534 947 1705 1003 Maria
1754 952 1814 1002 et
1863 950 1999 1003 Iler-

356 1031 570 1086 mantia
587 1032 769 1087 altera
787 1036 918 1102 post
944 1033 1186 1089 alteram
1213 1035 1459 1106 principi
1484 1035 2000 1108 Honoriodespon—

357 1123 502 1175 sata:
527 1125 679 1189 sunt,
700 1119 798 1176 sed
824 1126 1086 1191 utrmque
1101 1123 1354 1191 virgines
1379 1123 2001 1189 defunclzesunt,obli-

356 1213 451 1263 tus
482 1208 919 1279 beneﬁciorum,
954 1210 1175 1265 oblitus
1223 1212 1771 1281 consanguinitatis,
1823 1227 1999 1282 regno

355 1294 481 1364 ejus
506 1295 770 1365 inhiavit,
795 1302 853 1351 et
875 1296 1321 1355 Alamannorum
1344 1301 2000 1370 Suevorumquegcntes

355 1383 508 1440 datis
530 1384 796 1454 pecuniis
826 1400 1003 1457 super
1033 1402 1163 1442 cum
1194 1390 1594 1458 congregavit,
1623 1390 1758 1459 quia
1784 1388 2002 1445 Euche-

356 1472 503 1527 rium
538 1473 717 1528 ﬁlium
751 1488 939 1543 suum,
975 1476 1313 1532 christiauis
1346 1492 1575 1549 semper
1607 1493 1635 1533 a
1659 1492 1840 1548 puero
1864 1477 2003 1533 insi-

357 1558 483 1615 dias
519 1561 872 1630 molientem,
910 1578 1185 1619 catsarem
1214 1566 1403 1620 facere
1431 1566 1706 1635 cogitavit
1733 1583 1746 1631 ;
1774 1566 1873 1622 sed
1896 1568 2003 1621 llo-

355 1648 556 1703 norius
582 1655 935 1719 congregato
957 1653 1219 1708 exercitu
1242 1669 1369 1708 cum
1395 1653 1481 1708 eis
1506 1669 1789 1724 pugnans,
1811 1659 2004 1710 utros-

2109 500 2609 573 Constantinopoli
2639 501 2934 558 moritur.‘

2250 609 2438 664 ‘1)?E.
2464 608 2597 664 add.
2626 630 2645 665 .-
2666 606 2973 664 Nestorius
3014 602 3613 675 Constantinopolites
3629 601 3756 674 epi-

2323 693 2540 750 scopus
2586 680 2655 736 ad
2703 678 2955 734 heresim
3006 692 3134 750 quae
3184 677 3241 731 in
3292 675 3526 732 Christo
3572 675 3752 729 Deum

2323 752 2395 807 ab
2424 747 2653 807 homine
2686 752 2919 822 separat
2954 747 3223 805 vertitur.
3712 766 3717 775 -

2109 837 2254 893 Anni
2288 839 2539 895 Honorii.

2183 928 2284 991 (H.
2320 942 2393 982 m.
2429 930 2485 983 et
2525 928 2718 999 Iono.)
2771 930 2932 982 Auno
2982 924 3285 982 dominicae
3332 921 3755 980 incarnationis

2111 1019 2233 1084 412,
2265 1016 2439 1071 Urbis
2468 1016 2718 1073 conditae
2752 1015 3059 1072 millesimo
3110 1018 3230 1070 163.
3286 1012 3572 1070 Honorius
3621 1015 3756 1083 post

2112 1109 2351 1159 mortem
2384 1105 2585 1160 fratris
2614 1120 2744 1161 cum
2776 1103 3115 1174 Theodosio,
3150 1102 3269 1159 filio
3305 1101 3527 1171 fratris,
3562 1099 3754 1157 adhuc

2112 1208 2360 1263 regnans
2392 1193 2559 1249 annis
2592 1197 2673 1263 15,
2708 1208 2838 1249 cum
2868 1192 3090 1248 videret
3127 1207 3246 1247 rem
3271 1189 3561 1262 publicam
3584 1188 3758 1246 cotti-

2112 1280 2205 1336 die
2238 1281 2595 1349 decrescere,
2622 1282 2797 1351 elegit
2822 1281 3007 1338 virum
3037 1281 3242 1336 fortem
3264 1284 3323 1335 et
3347 1282 3752 1350 pugnatorem,

2113 1370 2517 1425 Constantium
2552 1370 2844 1439 comitem,
2876 1374 2931 1425 et
2968 1367 3299 1423 transmisit
3328 1380 3460 1423 eum
3509 1364 3579 1422 ad
3631 1364 3759 1421 Gal-

2112 1457 2240 1513 lias.
2278 1459 2698 1515 Constantinus
2730 1457 2880 1513 enim
2914 1456 3166 1527 quidam,
3199 1455 3401 1511 Galliis
3428 1453 3755 1525 occupatis,

2114 1546 2325 1601 invasit
2361 1547 2701 1619 imperium;
2734 1548 2901 1619 cujus
2933 1546 3135 1603 hostes
3166 1546 3280 1601 duo
3305 1544 3551 1614 juvenes
3602 1542 3761 1599 Iocu-

2117 1634 2326 1706 pletcs,
2360 1634 2619 1691 Didimus
2649 1639 2710 1690 et
2739 1634 3096 1704 Viridianus,
3139 1632 3455 1704 assumptis
3504 1630 3760 1703 propriis

356 1751 488 1807 quc,
534 1738 775 1794 occidit.
829 1740 951 1804 Quo
999 1755 1146 1796 anno
1196 1746 1251 1796 et
1305 1720 1649 1812 Art-badius,
1700 1720 2005 1800 orientalis

2135 1722 2305 1780 tervis
2327 1728 2385 1779 et
2409 1723 2759 1795 vernaculis,
2787 1737 2921 1780 sese
2943 1722 3309 1794 patriamque
3322 1720 3628 1777 defensare
3643 1735 3763 1775 mo-

367 1825 686 1896 imperator
719 1842 965 1897 regnans
988 1836 1118 1899 post
1141 1830 1362 1886 obitum
1391 1831 1572 1902 patris
1595 1846 1777 1888 annos
1797 1836 1883 1901 13,
1908 1832 2006 1888 de-

360 1913 595 1970 functus
630 1921 723 1971 cst
756 1933 904 1972 anno
938 1918 1131 1974 aetatis
1162 1922 1276 1988 31°,
1312 1918 1645 1989 relinquens
1693 1920 1869 1976 ﬁlium
1917 1936 2007 1976 no-

358 2004 507 2059 mine
539 2005 914 2063 Theodosium
949 2023 1229 2064 annorum
1257 2012 1307 2064 8.
1358 2019 1552 2080 quem“
1575 2014 1709 2066 ante
1759 2016 2002 2067 mortem

360 2107 521 2148 suam
548 2094 865 2166 appellavit
892 2096 1303 2168 imperatorem
1328 2115 1342 2164 ;
1368 2098 1465 2167 qui
1490 2099 1809 2155 succedens
1825 2099 2000 2170 patri,

362 2183 630 2265 regnavit
659 2184 824 2242 annis
856 2188 942 2255 41,
980 2201 1111 2243 eum
1141 2190 1349 2257 patruo
1378 2187 1628 2243 Honorio
1662 2190 1746 2257 15,
1802 2193 2002 2259 postea

354 2273 444 2340 26,
479 2270 576 2341 qui
615 2271 760 2329 ﬁunt
791 2276 874 2330 41.
912 2276 1094 2345 Hujus
1126 2280 1391 2346 tempore
1415 2274 1762 2332 Claudianus
1783 2282 1843 2332 et
1865 2279 2005 2334 Pru-

358 2358 592 2417 dentius
623 2366 810 2432 poetae
844 2363 1102 2433 insignes
1118 2363 1409 2420 habentur
1431 2364 1527 2435 (cf.
1548 2366 1751 2421 Puosr.
1782 2365 1998 2423 Cicron.

355 2444 525 2519 imp.)

359 2552 502 2609 Anni
536 2556 830 2613 Arcbadii.

432 2646 480 2697 1.
514 2642 684 2711 (Chr.
723 2646 842 2713 W.)
877 2648 1070 2705 Primo
1101 2652 1295 2705 autem
1326 2664 1476 2706 anno
1504 2651 1777 2707 Archadii
1807 2655 1863 2707 et
1897 2653 2006 2707 Ho-

360 2730 529 2800 norii,
568 2733 664 2803 qui
695 2742 787 2790 est
831 2748 1015 2791 annus
1070 2736 1371 2794 dominicae
1420 2738 1837 2795 incarnationis
1879 2742 2001 2810 399,

356 2817 646 2878 Iohannes
675 2822 954 2879 heremita
986 2825 1152 2881 obiit.

430 2912 480 2963 2.
520 2911 584 2965 A.
616 2911 681 2967 D.
713 2914 834 2968 400.
872 2913 1120 2969 Sanctus
1164 2914 1447 2970 Martinus
1492 2913 1561 2971 ad
1609 2930 1858 2987 superna
1907 2917 2007 2972 mi-

358 2997 570 3067 gravit.

432 3091 481 3185 β.
519 3090 581 3144 A.
619 3090 681 3145 Ι).
714 3093 833 3146 401.
883 3092 1130 3148 Sanctus
1169 3094 1508 3150 Ambrosius
1554 3109 1727 3151 carne
1776 3094 2005 3152 solutus
2038 3120 2087 3185 α

358 3179 466 3233 est.

435 3270 483 3322 4.
549 3271 610 3323 A.
668 3271 727 3323 D.
776 3272 895 3326 402.
948 3271 1294 3328 Anastasius
1342 3286 1487 3343 papa
1539 3275 1660 3329 41‘“
1702 3272 2009 3330 ordinatus

362 3361 473 3423 est,
516 3356 842 3428 sedensque
874 3359 1039 3415 annis
1069 3360 1279 3430 tribus,
1316 3361 1585 3429 migravit
1606 3360 1674 3395 9“
1704 3365 1735 3415 ti
1768 3361 2003 3467 Kalend.

364 3445 489 3499 Mai.

439 3539 489 3591 5.
523 3537 587 3592 A.
624 3537 685 3592 D.
722 3539 867 3594 403‘.
905 3536 1073 3593 Gothi
1105 3537 1429 3608 Radagaiso
1476 3545 1534 3595 et
1582 3538 1812 3595 Alarico
1862 3538 2012 3609 regi-

369 3622 476 3678 bus
508 3622 730 3680 ltaliam
764 3625 989 3695 predati
1023 3630 1175 3681 sunt.

507 3730 614 3784 ‘D?
644 3731 703 3785 E.
740 3731 878 3787 add.
920 3750 931 3784 :
966 3734 1027 3786 In
1058 3732 1351 3787 Britannia
1384 3734 1445 3788 P.
1482 3732 1537 3788 d.
1572 3746 1622 3789 e.
1658 3747 1707 3789 e.
1736 3747 1808 3788 m.
1837 3748 1889 3789 η.
1916 3732 2016 3790 do-

577 3815 719 3857 cens
748 3802 901 3858 inter
931 3808 1127 3859 cetera
1162 3802 1448 3859 hominem
1478 3819 1523 3860 s.
1557 3818 1611 3873 g.
1658 3806 1712 3861 d.
1763 3821 1814 3873 p.
1868 3820 1914 3860 s.
1962 3818 2009 3860 s.

583 3887 653 3927 m.
690 3877 746 3927 et
782 3873 1068 3937 hominem
1104 3874 1229 3929 sine
1257 3890 1312 3945 p.
1345 3891 1396 3931 ο.
1434 3876 1612 3931 nasci.
1645 3889 1720 3933 ea:
1738 3873 1939 3947 Sigeo.

442 3981 493 4034 6.
533 3980 593 4034 A.
632 3979 693 4035 D.
746 3982 865 4035 404.
919 3981 1175 4053 (Pnosr.)
1226 3980 1489 4052 Synodus
1536 3982 1901 4039 Alexandriae
1952 3982 2013 4036 lit

377 4072 619 4139 propter
651 4069 974 4126 doctrinam
1015 4071 1304 4140 Origenis.

440 4159 490 4211 7.
529 4160 591 4213 A.
628 4160 693 4214 D.
730 4161 849 4215 405.
906 4160 1276 4216 Innocentius
1326 4175 1470 4231 papa
1517 4163 1639 4215 42‘"
1687 4159 2012 4229 ordinatus,

378 4245 532 4301 sedit
566 4247 730 4303 annis
758 4253 841 4318 15,
878 4247 1247 4319 decessitque
1275 4251 1307 4303 4
1332 4248 1469 4305 ldus
1500 4248 1735 4304 Martii.‘

514 4352 627 4405 ‘D?
658 4353 717 4407 E.
754 4354 945 4408 4—11.
978 4353 1117 4409 add.
1154 4374 1173 4409 :
1204 4352 1305 4408 Hic
1335 4352 1639 4410 constituit
1688 4353 1758 4408 ad
1810 4353 2020 4410 missas

592 4423 754 4493 pacis
786 4421 1049 4480 osculum
1081 4422 1226 4478 dari.
1259 4437 1335 4479 ea:
1358 4424 1561 4495 Sigeo.

451 4532 502 4583 9.
541 4528 798 4601 (Pnosr.)
833 4531 895 4585 A.
931 4530 991 4585 Ι).
1027 4532 1149 4586 407.
1186 4531 1435 4586 Severus
1463 4530 1639 4586 vitam
1665 4530 1847 4587 sancti
1878 4533 2019 4587 Mar-

379 4616 482 4673 tini
507 4616 811 4674 describit.

450 4729 534 4782 10.
574 4726 638 4781 A.
674 4726 735 4781 D.
772 4728 919 4782 408.‘

520 4834 630 4889 ‘D?
751 4832 889 4891 add.
925 4852 944 4888 .-
973 4831 1280 4905 Iohannes,
1316 4833 1726 4905 Crisostomuﬁs,
1777 4838 2020 4905 urgente

595 4904 852 4961 Eudoxia
886 4910 1157 4973 augusta,
1193 4904 1543 4976 episcopatu
1575 4904 1898 4970 abdicatus,
1949 4907 2021 4963 ab

595 4974 1243 5033 Archadio-intentat.‘
1270 4990 1345 5031 ea:
1369 4974 1570 5045 Sigeo.
1605 4978 1795 5032 4-11.
1831 4976 1969 5033 add.
2002 4996 2021 5032 .-

584 5048 881 5105 Iohannes
945 5046 1343 5103 Crisostomus
1408 5046 1463 5101 in
1513 5046 1688 5102 exilio
1735 5047 1899 5102 obiit.
1953 5049 2022 5104 Et

2117 1813 2205 1868 liti
2227 1818 2383 1885 sunt,
2409 1814 2826 1885 capientesque
2852 1813 3031 1870 filium
3055 1811 3183 1883 ejus
3217 1813 3615 1880 Constantem,
3642 1824 3763 1866 mo-

2115 1904 2359 1960 nachum
2390 1903 2670 1960 fecerunt.
2709 1902 2886 1969 Quem
2926 1905 3097 1973 pater
3142 1915 3214 1956 ex
3260 1898 3539 1956 monacho
3584 1912 3764 1955 caesa-

2114 2007 2234 2049 rem
2270 1992 2405 2048 fecit
2436 1997 2493 2048 et
2516 1996 2721 2047 contra
2749 1990 2881 2047 illos
2904 1990 3081 2046 misit.
3118 1989 3226 2046 Sed
3270 1988 3648 2045 Constantius
3688 1987 3763 2043 ab

2112 2079 2364 2136 Honorio
2422 2079 2654 2150 missus,
2714 2093 2843 2135 mox
2895 2084 2956 2135 ut
3008 2076 3248 2134 Galliam
3304 2076 3604 2146 ingressus
3646 2079 3763 2141 est,

2114 2167 2553 2223 Constantinum
2588 2168 2741 2239 apud
2774 2150 3067 2222 Arelatem
3103 2163 3335 2222 inclusit
3359 2168 3413 2219 et
3440 2162 3675 2230 occidit,
3704 2160 3767 2216 [i-

2112 2254 2251 2312 lium
2284 2271 2424 2313 vero
2453 2257 2580 2327 ejus
2624 2256 2996 2311 Constantem
3048 2253 3105 2309 in
3156 2252 3372 2310 Vienna
3425 2250 3760 2321 Gerontius,

2112 2359 2309 2402 comes
2340 2344 2684 2415 Constantii,
2718 2343 2987 2415 peremit.
3040 2342 3295 2410 Quorum
3346 2340 3518 2398 exicii
3570 2340 3766 2395 imme-

2113 2448 2326 2505 mores,
2360 2434 2636 2490 Iovianus
2663 2437 2719 2489 et
2753 2432 3129 2489 Sebastianus
3162 2430 3298 2487 item
3328 2430 3384 2486 in
3433 2428 3633 2485 Galliis
3678 2434 3766 2499 ty-

2113 2523 2412 2579 rannidem
2438 2523 2779 2593 moliuntur,
2807 2521 2910 2578 sed
2934 2524 2993 2576 et
3016 2520 3125 2592 ipsi
3152 2535 3285 2576 mox
3306 2518 3760 2575 interficiuntur.

2114 2611 2492 2669 Heraclianus
2524 2624 2756 2682 quoque
2786 2624 2985 2666 comes
3018 2609 3225 2665 Africae
3251 2622 3382 2665 cum
3407 2608 3599 2682 tribus
3620 2605 3767 2663 mili-

2116 2702 2225 2757 bus
2244 2699 2483 2756 armatis
2501 2698 2555 2755 el
2576 2697 2962 2771 septingentis
2985 2697 3231 2754 navibus
3245 2696 3313 2752 ad
3331 2695 3764 2768 depredaudam

2115 2789 2350 2844 Romam
2381 2787 2533 2843 venit
2560 2805 2574 2855 ;
2606 2791 2809 2844 contra
2840 2800 3009 2857 quem
3042 2785 3296 2841 Marinus
3325 2799 3522 2842 comes
3569 2797 3768 2853 egres-

2116 2892 2239 2949 sus,
2273 2877 2356 2933 sic
2384 2892 2513 2934 eum
2546 2875 2891 2947 perterruit,
2926 2878 2990 2931 ut
3029 2889 3159 2930 cum
3205 2886 3314 2930 una
3357 2879 3582 2929 tantum
3634 2872 3767 2929 navi

2116 2966 2482 3036 Kartaginem
2517 2964 2584 2997 ⁸⁵⁸
2617 2965 2866 3035 fugeret,
2912 2962 3009 3019 ubi
3040 2966 3098 3019 et
3131 2977 3265 3018 mox
3296 2961 3533 3019 occisus
3560 2967 3671 3017 est.
3706 2963 3767 3017 In

2116 3054 2206 3113 bis
2235 3069 2374 3125 ergo
2408 3053 2633 3123 diebus,
2676 3052 3038 3125 precipicnte
3078 3050 3332 3108 Honorio
3363 3053 3419 3106 et
3454 3049 3769 3121 adjuvante

2119 3142 2481 3212 Constantio,
2518 3142 2679 3198 firma
2713 3156 2826 3213 pax
2855 3138 3123 3196 omnibus
3148 3137 3456 3195 catholicis
3480 3136 3772 3195 :ecclesiis

2120 3246 2222 3305 per
2253 3231 2583 3288 universam
2614 3229 2862 3285 Africam
2899 3227 3125 3284 reddita
3156 3232 3267 3297 est,
3314 3225 3588 3298 quamdiu
3637 3240 3771 3298 pre-

2118 3320 2480 3378 clarissimus
2513 3318 2788 3389 magister
2826 3315 3110 3374 mcclesia
3153 3314 3306 3388 apud
3355 3316 3651 3387 Ypponem
3699 3315 3773 3349 ’⁸⁷

2119 3410 2360 3479 Regium
2395 3408 2639 3464 florebat
2673 3405 3054 3477 Augustinus.
3089 3406 3245 3461 Inter
3273 3404 3400 3462 haec
3429 3404 3635 3474 Vallia,
3662 3419 3771 3460 rex

2123 3499 2458 3567 Gothorum,
2493 3511 2694 3569 pacem
2726 3494 2861 3551 fecit
2886 3492 2955 3527 ³³⁵⁸
2976 3509 3106 3551 cum
3129 3492 3405 3563 Honorio,
3428 3497 3486 3548 et
3512 3491 3770 3549 reddidit

2122 3588 2175 3644 ei
2204 3585 2518 3643 Placidiam
2554 3599 2816 3641 sororem
2850 3598 3032 3653 suam,
3067 3597 3237 3654 quam
3267 3581 3393 3654 ipse
3425 3582 3772 3639 Constantio

2125 3676 2392 3749 patricio,
2420 3674 2516 3745 qui
2539 3688 2663 3731 eam
2689 3676 3090 3743 revocaverat,
3120 3671 3176 3729 in
3202 3670 3636 3740 matrinonium,
3671 3670 3775 3727 de-

2125 3765 2231 3822 dit.
2266 3763 2555 3819 Honorius
2584 3777 2724 3818 vero
2756 3766 3068 3832 postquam
3107 3775 3237 3818 cum
3279 3758 3621 3829 Theodosio,
3665 3759 3772 3815 fra-

2127 3854 2236 3909 tris
2267 3851 2353 3909 sui
2388 3850 2527 3922 filio,
2554 3849 3004 3922 regnavit‘annis
3028 3854 3111 3918 15,
3137 3853 3198 3904 et
3218 3862 3338 3905 rem
3367 3846 3653 3920 publicam
3675 3862 3774 3919 pa-

2127 3941 2416 3998 cificatum
2451 3938 2692 4009 dimisit,
2725 3939 2919 3995 Romae
2952 3940 3217 3994 mortuus
3246 3940 3358 3994 est.

2198 4033 2247 4086 4.
2284 4030 2453 4101 (Chr.
2494 4028 2612 4098 W,)
2646 4030 2709 4084 A.
2744 4028 2804 4082 D.
2843 4030 2963 4084 415.
2989 4025 3275 4097 Alaricus,
3302 4039 3406 4083 rex
3429 4025 3770 4096 Gothorum,

2126 4120 2359 4177 Romam
2394 4117 2623 4175 invasit.

2195 4213 2249 4266 7.
2287 4210 2351 4264 A.
2388 4209 2449 4263 D.
2484 4208 2605 4262 4'18.
2641 4207 2899 4276 Corpora
2951 4204 3287 4261 sanctorum
3349 4200 3647 4274 Stephani,
3682 4201 3777 4255 Ni-

2128 4295 2392 4355 chodemi
2428 4298 2487 4351 et
2515 4294 2761 4351 aliorum
2795 4292 3052 4350 revelata
3081 4295 3219 4349 sunt
3246 4290 3334 4347 π’.

2199 4390 2249 4442 9.
2289 4387 2350 4440 Α.
2384 4386 2445 4440 1).
2494 4386 2614 4439 420.
2667 4382 2932 4439 Zosimus
2979 4393 3125 4453 papa
3157 4383 3284 4437 43m
3325 4378 3396 4413 ⁹⁸⁰
3442 4378 3771 4436 ordinatus.

2047 4476 2100 4536 D
2131 4474 2282 4531 sedit
2312 4487 2522 4530 annum
2555 4486 2752 4541 unum,
2785 4469 3153 4540 decessitque
3183 4475 3233 4526 7.
3269 4466 3390 4525 Kal.
3413 4469 3648 4525 Ianuar.
3672 4466 3777 4522 Hic

2130 4564 2460 4631 constituit,
2490 4565 2549 4617 ut
2580 4560 2859 4617 diaconus
2889 4558 3088 4616 lwvam
3128 4560 3309 4628 tegat.

2203 4658 2285 4708 10.
2322 4653 2385 4708 A.
2420 4654 2480 4706 D.
2518 4653 2637 4707 421.
2668 4648 2997 4706 Bonifacius
3038 4661 3184 4720 papa
3233 4648 3358 4703 44‘“
3403 4644 3554 4703 sedit
3608 4643 3777 4701 annis

2131 4742 2344 4812 tribus,
2379 4753 2608 4797 menses
2634 4741 2684 4794 8.

2202 4826 2289 4887 12.
2326 4828 2494 4897 (Chr.
2535 4827 2652 4894 W.)
2680 4828 2742 4882 A.
2779 4826 2839 4881 D.
2868 4828 2985 4883 423.
3013 4826 3262 4882 Sanctus
3286 4822 3655 4880 liicronimus
3677 4820 3781 4876 mi-

2129 4917 2321 4992 gravit
2353 4931 2503 4973 anno
2534 4916 2671 4973 vitae
2700 4917 2813 4972 91°.

2207 5010 2289 5062 13.
2318 5008 2381 5062 A.
2419 5006 2479 5061 υ.
2512 5007 2631 5061 424.
2660 5000 2950 5059 Honorius
2973 4999 3125 5074 apud
3148 5001 3478 5058 Ravennam
3499 4998 3783 5056 Constan-

592 5091 1377 5188 πῖὀιῗεηῖιῖἀοξὶένεῖυξυξῑω
1424 5091 1738 5175 subsecuta
1776 5091 1897 5175 Bst.
1949 5091 2007 5176 ἓξ

2135 5097 2277 5154 tium
2311 5097 2643 5155 consortem
2676 5092 2840 5164 regni
2871 5091 3023 5148 fecit.

587 5188 795 5261 Sigeo.

2206 5190 2292 5244 14.
2330 5188 2394 5242 A.
2429 5186 2491 5240 D.
2526 5185 2648 5241 ωδ.
2684 5180 3013 5241 Celestinus
3040 5193 3189 5253 papa
3235 5181 3364 5238 43‘“
3409 5176 3562 5236 sedit
3611 5177 3785 5234 annis

1730 5365 1967 5421 VARUS
2026 5363 2423 5421 LEC'I'IONES.

445 5516 533 5589 7°“,
568 5514 717 5572 obiit
762 5515 853 5589 El.
930 5515 1000 5552 '“
1038 5516 1435 5586 carthagincm
1476 5521 1523 5571 5,
1602 5514 1669 5555 σιτ
1709 5517 2033 5589 hypponem
2072 5519 2103 5571 5
2139 5512 2223 5571 El.
2301 5510 2369 5551 ⁸⁸⁸
2410 5511 2575 5570 deest
2609 5515 2685 5568 9°.
2764 5510 2833 5547 9”
2862 5507 3198 5566 revelantur
3228 5505 3312 5563 El.
3389 5505 3459 5543 ’σο
3492 5505 3681 5561 XLIImi
3732 5513 3788 5563 δ.

382 5586 566 5645 XLIII.
601 5599 751 5644 corr.
788 5588 943 5645 XLII.
982 5590 1032 5643 4.
