3992 6062
220 192 340 259 769

1109 184 1539 256 CHRONICA.
1572 226 1651 239 —-
1679 186 2153 255 CHRONICON
2207 192 2753 283 UNIVERSALE.

3502 203 3621 265 770

224 332 345 389 fere
371 328 440 365 ’“
470 332 524 402 9,
557 327 935 401 decessitque
963 333 997 387 8
1030 326 1266 386 Kalend.
1306 324 1524 400 Aprilis
1555 327 1650 398 (cf.
1700 328 1868 384 Bson:
1898 328 1952 389 A
1980 333 2038 385 et
2053 336 2186 386 octo
2206 346 2389 388 annos
2412 337 2722 403 morantes,
2740 331 3073 390 Occidentis
3095 348 3325 407 quoque
3349 338 3614 397 obtinue-

219 421 456 494 Δίαν-ιδ.
484 419 588 477 Hic
607 417 678 452 ω
698 419 1009 475 constituit
1031 420 1295 489 Sanctus,
1320 417 1590 487 Sanctus,
1621 418 1868 474 Sanctus

219 510 469 567 cantari.
496 511 520 533 "

365 599 389 623 ‘
410 598 490 673 D?_
518 598 577 673 Ε,
608 616 621 650 :
654 611 704 653 c.
738 597 987 673 Sanctus
1016 596 1241 673 cantari
1272 601 1330 673 et
1365 599 1425 673 ut
1454 593 1869 673 psalmi_-:_ro-

438 669 754 725 citabatur.
795 668 894 723 Hic
920 682 1152 737 quoque
1175 666 1245 722 ad
1268 664 1505 723 Scottos
1533 697 1589 706 -
1616 664 1686 720 ad
1711 664 1870 737 Chri-

440 746 611 796 stum.
664 753 740 795 ea:
784 734 990 809 Sigea}.
1043 734 1506 809 5—~1|.rgadd.:
1560 734 1867 809 constituit

441 810 616 936 ξηειιῖ
658 815 721 865 ut
760 806 968 881 psalmi
1018 809 1196 864 David
1254 807 1324 841 ⁹⁸³
1376 812 1727 872 cantentur;
1785 806 1865 878 ο]-

491 894 582 936 we
624 922 636 935 .

436 882 636 951 Sigeb.

300 974 386 1025 1:3.
425 970 486 1023 A.
523 970 584 1023 Ι).
613 971 733 1025 426.
764 968 1054 1024 Honorius
1082 967 1277 1023 Romae
1309 967 1574 1036 moritur,
1599 981 1748 1022 anno
1770 965 1869 1020 im-

226 1057 377 1129 perii
410 1057 500 1114 sui
535 1061 603 1112 30
631 1056 722 1128 9“,
744 1071 985 1127 quorum
1007 1055 1157 1113 duos
1178 1055 1438 1125 regnavit
1463 1056 1571 1112 sub
1593 1059 1779 1127 patre,
1804 1058 1867 1111 l3

222 1161 360 1203 cum
392 1147 592 1217 fratre,
633 1151 696 1202 15
729 1160 859 1202 cum
893 1144 1009 1201 ﬁlio
1041 1144 1242 1201 fratris
1270 1144 1591 1201 Theodosio
1644 1144 1739 1215 (cf.
1786 1144 1864 1200 H.

219 1236 351 1307 θοι).
387 1233 799 1305 Εἐιηιῖηυηάιιε,
841 1232 995 1290 ﬁlius
1043 1232 1445 1305 Marcomedis,
1501 1233 1765 1304 regnavit
1814 1233 1870 1287 in

223 1322 466 1380 Francia
500 1323 596 1395 (cf.
632 1324 838 1379 Pnosr.
879 1321 1020 1380 0hr.
1051 1322 1238 1395 imp).

298 1411 517 1469 Paulus
545 1410 614 1445 ⁸⁸⁸
642 1412 884 1469 Orosius
914 1413 1222 1483 presbyter
1247 1410 1457 1467 librum
1487 1425 1655 1468 suum
1678 1411 1873 1482 hysto-

226 1500 413 1558 ricum
444 1515 475 1556 a
503 1499 841 1557 conditione
876 1499 1050 1556 mund
1103 1500 1404 1572 hucusque
1439 1499 1727 1572 perduxit.

301 1590 446 1646 Anni
478 1589 785 1647 Theodosii
808 1589 1078 1660 junioris.

1983 424 2115 475 runt
2147 420 2472 491 imperium.
2506 423 2690 476 Porro
2711 419 2996 492 Wandali,
3030 423 3275 478 sociatis
3301 426 3618 484 sibiAlanis

1980 511 2035 562 et
2079 508 2398 580 Germanis,
2434 509 2529 579 qui
2564 514 2699 564 tunc
2738 509 2940 565 Franci
2986 511 3366 583 vocabantur,
3393 517 3620 571 transe-

1984 599 2153 651 untes
2200 596 2408 652 Ninum
2450 596 2686 653 ﬂuvium
2736 597 3075 667 Modigisclo
3103 600 3270 671 duce,
3321 601 3623 659 habitave-

1984 687 2117 739 runt
2152 683 2206 739 in
2235 685 2527 756 Hispania.

2052 774 2130 829 Eo
2164 777 2426 845 tempore
2463 776 2697 831 fuerunt
2732 776 2848 831 duo
2883 780 3173 847 pretores,
3197 777 3406 835 Aecius
3428 783 3487 834 et
3519 781 3623 835 Bo-

1980 862 2248 933 nifacius,
2286 878 2429 933 quos
2454 864 2831 935 Theodosius,
2871 866 3202 935 postulante
3252 866 3617 938 Valentiano,
3688 874 3691 877 ’

1978 950 2213 1006 Romam
2260 949 2495 1008 direxit.
2550 953 2804 1023 Cumque
2864 953 3194 1009 Bonifacius
3235 955 3623 1025 principatum

1977 1040 2189 1097 Africae
2219 1042 2580 1112 percepisset
2612 1042 2808 1113 ibique
2834 1042 3087 1112 gloriose
3134 1049 3354 1115 ageret,
3406 1044 3624 1100 invidia

1979 1128 2191 1185 ductus
2222 1131 2433 1187 Accius
2465 1132 2762 1188 accusavit
2794 1146 2923 1188 eum
2956 1133 3108 1204 apud
3140 1133 3475 1203 Placidiam,
3511 1147 3625 1188 ma-

1981 1221 2128 1272 trem
2159 1218 2567 1290 Valentiniani,
2597 1221 2751 1291 quod
2776 1220 3215 1277 rebellationem
3242 1220 3624 1277 meditaretur

1979 1302 2241 1362 ceterum
2257 1308 2551 1364 Bonifacio
2574 1309 2815 1380 scripsit
2838 1329 2853 1368 :
2873 1310 2950 1367 Si
2962 1310 3285 1368 accersitus
3281 1310 3514 1383 fueris,
3532 1323 3628 1367 ac-

1980 1394 2182 1452 cedere
2209 1395 2360 1462 noli;
2392 1398 2705 1455 incusatus
2732 1398 2891 1455 enim
2915 1412 2993 1468 es,
3016 1399 3075 1455 et
3100 1399 3295 1456 dolose
3322 1398 3538 1456 vocant
3574 1398 3627 1455 te

1979 1484 2385 1555 imperatores.
2421 1485 2522 1541 Cui
2554 1485 2800 1543 credens
2832 1485 3178 1556 Bonifacius,
3211 1486 3489 1542 accedere
3540 1486 3626 1541 di-

1984 1572 2154 1628 stulit
2186 1574 2530 1630 accersitus.
2564 1576 2717 1632 Tunc
2755 1575 3143 1646 Imperatores
3185 1575 3419 1631 Accium
3460 1574 3624 1646 quasi

304 1679 405 1750 (Η.
428 1679 534 1750 m.)
559 1680 722 1735 Anno
755 1678 1062 1759 dominicae
1095 1676 1514 1734 incarnationis
1543 1680 1665 1747 427,
1700 1677 1872 1733 Urbis
1898 1703 1955 1763 Β
1984 1663 2263 1763 devoluta
2291 1668 2773 1763 aecenerunt,_et_
2793 1664 3073 1763 adversus
3103 1665 3460 1763 Bon‘ifacium
3485 1665 3624 1763 _duo

223 1767 480 1823 condita;
504 1766 810 1824 millesimo
834 1770 954 1823 178.
979 1751 1337 1824 Theodosius
1353 1767 1569 1837 junior,
1598 1766 1870 1823 Archadii

1990 1751 2182 1823 duces,
2214 1754 2533 1811 Mavortius
2561 1758 2619 1811 et
2656 1753 2876 1825 Galbio,
2909 1753 3068 1810 missi
3102 1759 3257 1824 sunt,
3302 1753 3404 1809 sed
3447 1755 3518 1809 ab
3558 1768 3628 1809 eo

225 1856 403 1925 ﬁlius,
438 1871 620 1928 nepos
647 1856 944 1913 Theodosii
981 1857 1191 1927 magni,
1223 1860 1317 1913 47°
1338 1856 1465 1913 loco
1488 1857 1560 1913 ab
1584 1858 1866 1929 Augusto,

227 1945 395 2002 solus
425 1945 609 2002 tenuit
641 1946 965 2017 imperium,
1016 1960 1147 2002 cum
1198 1950 1369 2002 antea
1416 1950 1689 2016 regnaret
1738 1961 1868 2002 cum

212 2039 433 2106 patruo
464 2034 718 2090 Honorio
748 2050 930 2092 annos
963 2038 1065 2100 15;
1102 2035 1407 2107 imperavit
1437 2041 1631 2093 autem
1662 2040 1866 2106 postea

210 2122 384 2178 annis
410 2126 498 2191 26,
534 2122 629 2193 qui
663 2128 799 2179 sunt
831 2124 962 2179 anni
996 2126 1081 2179 41.
1120 2125 1303 2195 (Jono.
1331 2155 1393 2166 —
1419 2124 1497 2181 H.
1529 2125 1633 2195 m.)
1682 2125 1868 2179 Hono-

211 2210 310 2266 rio
342 2216 535 2267 autem
569 2212 862 2282 defuncto,
887 2212 1179 2269 Johannes
1199 2212 1431 2284 quidam
1456 2227 1695 2283 regnum
1714 2213 1866 2269 occi-

213 2298 453 2355 dentale
477 2300 710 2366 invasit,
736 2300 1009 2372 misitque
1030 2300 1378 2371 legationem
1394 2300 1462 2357 ad
1479 2301 1865 2358 Theodosium

214 2388 653 2460 imperatorem,
685 2390 902 2461 suscipi
950 2389 1289 2461 deprecans.
1353 2390 1482 2461 Qui,
1548 2390 1759 2460 legatis
1808 2391 1862 2445 in

212 2492 511 2535 carcerem
547 2478 755 2550 trusis,
784 2478 1171 2536 Ardubarium
1196 2487 1488 2551 pretorem
1506 2486 1710 2536 contra
1734 2495 1863 2537 eum

217 2566 402 2637 misit,
438 2582 608 2638 quem
640 2566 739 2623 ille
772 2567 924 2640 apud
955 2570 1290 2625 Ravennam
1322 2582 1658 2639 aggressus,
1684 2568 1867 2626 inclu-

216 2656 321 2712 sit.
351 2655 475 2722 Quo
504 2656 866 2713 Theodosius
897 2657 1114 2728 agnito,
1147 2656 1635 2729 Valentinianum,
1675 2658 1866 2715 amitae
1920 2709 1929 2715 .

216 2759 342 2801 suae
374 2744 646 2802 Placidite
674 2760 747 2801 ex
780 2746 1120 2802 Constantio
1152 2746 1354 2818 ﬁlium,
1388 2760 1665 2804 caesarem
1709 2747 1865 2818 fecit,

217 2837 280 2888 et
311 2848 439 2891 cum
475 2837 662 2890 matre
695 2848 798 2891 sua
833 2834 903 2889 ad
936 2834 1335 2907 recipiendum
1369 2835 1736 2892 occidentale
1783 2850 1871 2891 re-

216 2934 394 2992 gnum
423 2922 658 2993 direxit,
685 2926 744 2978 et
767 2926 1067 2995 Asparem,
1096 2923 1405 2980 Ardubarii
1427 2922 1496 2957 ⁸⁸⁸
1514 2923 1715 2996 ﬁlium,
1737 2929 1870 2982 ante

218 3024 351 3065 cum
383 3014 584 3065 contra
615 3011 931 3067 Iohannem
950 3010 1128 3066 misit.
1157 3012 1412 3081 Angelus
1434 3016 1628 3069 autem
1649 3012 1869 3070 Domini

218 3100 278 3152 in
311 3097 513 3165 habitu
550 3100 807 3170 pastoris
840 3113 1151 3171 apparens,
1196 3101 1439 3157 deduxit
1487 3104 1764 3174 Asparem
1813 3108 1871 3158 et

219 3187 320 3257 qui
351 3202 480 3244 cum
513 3202 583 3245 eo
614 3193 779 3245 erant
814 3203 918 3260 per
942 3189 1232 3261 paludem,
1260 3204 1386 3260 quae
1410 3190 1698 3248 Ravenna
1720 3191 1875 3262 adja-

220 3274 346 3330 cuit
375 3275 540 3346 prius
568 3275 721 3331 invia
752 3274 840 3346 9",
874 3291 1044 3347 quam
1078 3281 1217 3333 tunc
1248 3279 1397 3334 Deus
1428 3278 1569 3335 fecit
1593 3279 1871 3350 perviam,

220 3363 645 3435 venientesque
661 3365 1011 3436 Ravennam,
1039 3365 1872 3439 portasinveneruntapertas,

220 3458 283 3508 et
332 3452 748 3524 ingredientes,
793 3457 1101 3525 tyrannum
1149 3455 1462 3512 Iohannem
1512 3455 1873 3527 occiderunt,

224 3540 649 3599 Ardurbarium
673 3557 703 3598 a
727 3542 974 3599 vinculis
1004 3543 1402 3601 absolverunt.
1439 3544 1877 3603 Valentinianus

223 3630 407 3700 igitur
437 3631 676 3688 veniens
704 3630 951 3702 Italiam,
987 3647 1278 3690 consensu
1302 3634 1556 3690 omnium
1582 3635 1770 3691 factus
1788 3639 1874 3690 est

224 3718 567 3790 imperator,
604 3719 855 3791 ideoque
886 3734 957 3776 ex
984 3719 1223 3777 decreto
1252 3721 1557 3779 Theodosii
1591 3725 1878 3793 angustus

224 3805 577 3861 appellatur.
1444 3812 1455 3819 ‘

224 3810 577 3878 appellatur.
1155 3866 1175 3878 _
1444 3812 1455 3819 ‘

295 3866 509 3952 Bodem
538 3899 805 3969 tempore
828 3901 997 3954 erant
1019 3866 1186 3954 Goth‘i
1212 3902 1272 3954 et
1294 3898 1420 3955 aliae
1439 3903 1644 3970 gentes
1675 3899 1878 3957 multa;

224 3998 292 4041 ac
324 3998 546 4056 magnae
572 3988 738 4043 trans
764 3986 1107 4058 Danubium,
1137 3988 1533 4059 Hyperboreis
1554 3988 1699 4045 locis
1722 3988 1880 4044 inha-

227 4073 508 4145 bitantes,
542 4088 615 4131 ex
646 4076 859 4147 quibus
888 4076 1358 4133 rationabiliores
1389 4082 1555 4133 erant
1603 4083 1877 4151 quatuor,

232 4162 423 4233 Gothi,
483 4165 832 4237 Hypogothi,
886 4165 982 4236 qui
1030 4168 1088 4222 et
1131 4165 1489 4237 Wisigothaa,
1540 4168 1772 4240 Gepidaa
1821 4172 1881 4224 et

230 4252 515 4325 Wandali,
548 4269 756 4312 nomen
790 4258 1015 4312 tantum
1056 4260 1112 4312 et
1163 4255 1343 4313 nichil
1384 4255 1543 4313 aliud
1589 4262 1884 4316 mutantes

233 4355 464 4414 unaque
497 4341 691 4413 lingua
724 4348 999 4411 utentes;
1036 4359 1238 4401 omnes
1287 4347 1479 4403 autem
1528 4350 1694 4402 erant
1747 4346 1881 4404 ﬁdei

1906 3057 1955 3119 Ο

1981 1842 2314 1915 interempti
2348 1846 2504 1900 sunt.
2540 1845 2764 1900 Rursus
2792 1848 2999 1900 contra
3056 1858 3187 1899 eum
3244 1841 3628 1912 Sigiswaldus

1980 1947 2175 1988 comes
2208 1932 2498 2001 dirigitur.
2538 1932 2865 1988 Bonifacius
2894 1946 3032 1988 vero
3059 1943 3325 2001 cernens,
3370 1946 3431 1986 se
3480 1930 3629 1985 Afri-

1980 2036 2102 2078 cam
2136 2026 2337 2078 tenere
2367 2036 2480 2077 non
2515 2036 2707 2093 posse,
2743 2020 3142 2078 transfretavit
3173 2021 3229 2075 in
3281 2019 3627 2090 Hyspaniam

1980 2109 2051 2165 ad
2080 2109 2395 2167 Waudalos
2427 2114 2484 2165 et
2518 2109 2753 2181 Alanos,
2798 2113 2858 2165 et
2913 2126 3045 2166 cum
3101 2109 3475 2179 Modigisclus
3511 2109 3627 2178 jam

1978 2202 2246 2255 mortuus
2260 2204 2440 2264 esset,
2467 2198 2619 2254 ﬁlios
2640 2199 2767 2268 ejus
2788 2199 3171 2255 Guntharium
3193 2203 3251 2253 et
3270 2196 3625 2253 Geisericum

1976 2286 2165 2343 suasit
2195 2288 2249 2342 in
2282 2287 2533 2343 Africam
2566 2287 2764 2344 venire
2786 2301 3028 2357 eamque
3052 2286 3373 2359 possidere.
3400 2285 3509 2351 Qui
3537 2300 3634 2342 ve-

1976 2375 2224 2445 nientes,
2260 2380 2437 2431 totam
2472 2390 2618 2447 pene
2647 2375 2716 2409 ⁹⁶⁸
2748 2375 2999 2431 Africam
3034 2375 3187 2430 ferro
3209 2379 3266 2429 et
3292 2374 3517 2429 ﬂamma
3539 2387 3634 2429 ra-

1978 2464 2244 2537 pinisque
2266 2463 2720 2535 dissipaverunt.
2738 2464 2855 2520 Sub
2870 2463 2979 2519 hoc
2996 2462 3230 2518 turbine
3253 2461 3629 2519 beatissimus

1980 2553 2339 2623 Augustinus
2358 2552 2759 2625 Hypponensis
2778 2552 2977 2623 episco
2986 2566 3114 2623 pus,
3132 2565 3202 2607 ne
3223 2550 3480 2606 civitatis
3508 2565 3629 2608 suae

1980 2643 2206 2698 ruinam
2238 2646 2527 2713 cerneret,
2562 2641 2751 2698 tercio
2783 2655 2978 2698 mense
3009 2639 3331 2697 obsidionis
3358 2639 3485 2709 ejus
3530 2639 3632 2696 mi-

1979 2731 2172 2801 gravit
2200 2731 2270 2787 ad
2302 2731 2622 2801 Dominum,
2654 2731 3026 2803 septuaginta
3056 2735 3115 2787 et
3147 2745 3251 2787 sex
3284 2730 3417 2786 vita:
3467 2728 3647 2785 annis

1982 2819 2251 2892 expletis,
2286 2835 2355 2875 ex
2390 2820 2601 2891 quibus
2631 2823 2701 2875 40
2730 2820 2787 2876 in
2818 2820 3100 2876 clericatu
3149 2819 3235 2876 vel
3287 2818 3633 2889 episcopatu

1985 2913 2370 2978 transegerat.
2400 2910 2632 2964 Interea
2654 2908 2887 2979 quidam
2910 2912 3267 2977 senatorum,
3284 2905 3453 2961 amici
3470 2904 3637 2960 Boni-

1987 2998 2139 3067 facii,
2166 2997 2366 3053 falsam
2409 2996 2836 3069 accusationem
2875 2995 3036 3051 Aecii
3062 2994 3480 3051 intimaverunt
3509 2991 3637 3048 Pla-

1985 3086 2174 3156 cidi-.9,
2206 3084 2585 3141 ostendentes
2605 3084 2657 3139 ei
2689 3083 2996 3155 epistolam
3030 3084 3103 3139 ab
3133 3082 3333 3139 eodem
3365 3082 3437 3137 ad
3472 3080 3638 3136 Boni-

1984 3175 2195 3232 facium
2218 3173 2515 3244 scriptam.
2548 3176 2615 3228 At
2644 3170 2740 3227 illa
2763 3172 3111 3243 stupefacta,
3140 3170 3373 3227 Accium
3397 3168 3629 3240 quidem

1986 3279 2097 3320 non
2123 3263 2292 3333 laesit,
2319 3260 2611 3318 Bonifacio
2632 3275 2772 3318 vero
2794 3261 3036 3317 verbum
3059 3257 3545 3328 exhortatorium,
3573 3261 3634 3313 ut

1986 3367 2229 3411 securus
2261 3350 2508 3419 veniret,
2539 3366 2670 3407 cum
2688 3349 3039 3419 juramentis
3061 3349 3238 3405 misit.
3262 3348 3371 3414 Qui
3396 3346 3638 3405 veniens

1987 3438 2719 3513 suspicionemdisssolvit,
2737 3444 2796 3495 et
2811 3439 3090 3508 magister
3110 3437 3358 3494 militum
3372 3436 3635 3506 effectus,

1988 3547 2100 3588 non
2118 3531 2300 3588 multo
2318 3533 2451 3602 post
2464 3529 2666 3584 morbo
2688 3529 2984 3584 extinctus
2996 3532 3106 3583 est.
3151 3526 3366 3582 Deinde
3396 3524 3639 3580 Romani

1988 3621 2276 3678 dederunt
2299 3618 2596 3676 Wandalis
2627 3623 2852 3691 partem
2884 3616 3092 3672 Africae
3123 3614 3196 3670 ad
3235 3613 3636 3682 habitandum,

1989 3712 2141 3767 facta
2170 3724 2310 3782 pace
2339 3724 2470 3766 cum
2509 3708 2615 3764 eis.
2666 3708 2892 3763 Mortuo
2936 3708 3131 3762 autem
3177 3702 3247 3736 9“
3295 3700 3636 3771 Gunthario,

1989 3799 2316 3857 Geiserieus
2345 3797 2659 3854 Alanorum
2690 3799 2748 3852 et
2782 3794 3194 3852 Wandalorum
3210 3790 3281 3826 “7°
3320 3792 3642 3864 imperator

1990 3890 2184 3945 factus
2207 3891 2319 3943 est.
2348 3887 2455 3953 Qui
2481 3884 2750 3955 quoniam
2776 3883 3057 3941 Arrianus
3078 3886 3227 3953 erat,
3250 3881 3396 3937 infra
3422 3879 3640 3936 limites

1988 3975 2372 4034 habitationis
2420 3990 2541 4031 suae
2573 3975 2626 4030 in
2678 3973 2869 4030 Africa
2920 3972 3390 4045 persecutionem
3438 3972 3644 4026 contra

1988 4065 2340 4123 christianos
2370 4064 2528 4135 fecit,
2559 4062 2904 4119 catholicam
2936 4061 3107 4116 ﬁdem
3140 4059 3382 4132 cupiens
3409 4057 3650 4114 subver-

1988 4160 2139 4227 tere,
2163 4154 2497 4225 multosque
2517 4152 2831 4224 episcopos
2853 4147 3176 4207 catholicos
3196 4149 3252 4205 in
3267 4150 3494 4204 tantum
3517 4159 3648 4217 per-

1993 4247 2234 4303 secutus
2252 4250 2361 4313 est,
2388 4236 3143 4313 utprivatosaacclesiarum
3164 4232 3547 4304 suarumjure
3573 4231 3645 4288 de

1992 4333 2332 4392 civitatibus
2354 4328 2694 4404 expelleret.
2726 4326 2944 4384 Deinde
2975 4324 3343 4396 Kartaginem
3374 4320 3643 4380 simulata

230 4411 511 4488 Arrianae.
543 4411 645 4490 Isti
678 4434 787 4490 sub
819 4433 1108 4491 Archadio
1148 4439 1206 4491 et
1256 4435 1512 4493 Honorio
1557 4436 1880 4494 Danubium
1911 4418 1965 4481 D
1994 4438 2138 4497 pace
2164 4421 2470 4495 invadens,
2503 4431 2705 4481 omnes
2736 4417 2972 4477 divitias
3001 4421 3059 4477 et
3094 4411 3650 4477 ornamentwccle‘

229 4521 627 4592 transeuntes,
658 4520 835 4579 locati
868 4526 1004 4579 sunt
1035 4523 1091 4579 in
1123 4523 1439 4595 provinciis
1469 4526 1881 4601 Romanorum,

229 4611 286 4664 et
314 4607 549 4680 Gepida:
574 4610 827 4682 quidem,
851 4626 925 4668 ex
947 4611 1160 4683 quibus
1175 4611 1544 4685 postmodum
1559 4613 1731 4674 divisi
1747 4622 1882 4675 sunt

230 4698 248 4751 l
273 4698 595 4767 ongobardi
619 4702 677 4754 et
692 4700 928 4772 Avares,
954 4699 1123 4758 villas
1146 4717 1273 4775 quze
1297 4708 1435 4760 sunt
1457 4704 1611 4761 circa
1637 4706 1862 4779 Sygedo

230 4798 362 4841 nem
381 4789 440 4841 et
460 4786 744 4857 Syrmium
768 4788 1179 4847 habitaverunt
1207 4808 1220 4857 ;
1237 4792 1580 4867 Wisigothae
1594 4808 1734 4851 vero
1747 4802 1886 4867 post

231 4873 527 4933 Alaricum
551 4875 981 4949 depopulantes
996 4880 1255 4951 Romam,
1278 4882 1333 4937 in
1366 4881 1582 4940 Gallias
1615 4883 1887 4943 abierunt

232 4968 291 5019 et
326 4978 456 5034 quae
487 4965 566 5021 ibi
597 4970 735 5024 sunt
765 4967 1167 5041 obtinuerunt,
1201 4971 1368 5027 Gothi
1411 4976 1625 5045 autem,
1679 4975 1775 5044 qui
1827 4978 1887 5032 et

234 5052 633 5139 Ostrogothus,
713 5057 1066 5116 Pannoniam
1138 5059 1385 5133 primum
1450 5062 1883 5139 habitaverunt,

232 5138 443 5200 deinde
466 5158 621 5201 nono
644 5144 868 5205 decimo
887 5162 1035 5205 anno
1058 5149 1283 5221 imperii
1311 5149 1618 5209 Theodosii
1636 5138 1886 5223 junioris

235 5229 453 5290 Traciae
476 5232 649 5292 villas
672 5236 1117 5310 habitaverunt,
1139 5237 1336 5310 ibique
1355 5254 1459 5312 per
1493 5241 1917 5315 quinquaginta

1992 4513 2231 4576 siastiea
2260 4514 2523 4576 abstulit.

2063 4608 2507 4665 Valentinianus
2520 4610 2715 4664 autem
2732 4607 3041 4675 angustus,
3058 4597 3385 4657 Constantii
3401 4599 3456 4652 et
3473 4591 3647 4650 Gallae

1995 4696 2173 4769 ﬁlius,
2209 4697 2280 4755 ad
2310 4697 2693 4754 Theodosium
2724 4692 3141 4754 consobrinum
3172 4704 3341 4748 suum
3372 4686 3648 4744 Constan-

1996 4786 2298 4859 tinopolim
2333 4787 2653 4859 profectus,
2707 4785 2863 4842 ﬁlius
2912 4783 3040 4855 ejus
3088 4779 3423 4846 Eudoxiam,
3476 4784 3646 4844 quam

1995 4875 2107 4934 sibi
2137 4876 2397 4934 Eudoxia
2427 4875 2650 4948 genuit,
2683 4874 2741 4930 in
2772 4870 3206 4930 matrimonium
3238 4864 3483 4936 accepit,
3537 4861 3647 4916 Ro-

1996 4982 2262 5040 mamque
2293 4966 2488 5024 rediit.
2720 4982 2741 4997 ι·

2065 5058 2381 5115 Tricesimo
2414 5060 2610 5113 autem
2643 5067 2794 5111 anno
2831 5047 3060 5122 imperii
3109 5042 3415 5104 Theodosii
3467 5045 3649 5098 terre-

1996 5153 2190 5207 motus
2207 5146 2399 5217 magni
2427 5145 2565 5203 facti
2589 5148 2723 5203 sunt
2754 5134 3259 5209 Constantinopoli
3276 5148 3380 5207 per
3398 5135 3649 5204 quatuor

1998 5253 2245 5311 menses,
2276 5239 2358 5296 ita
2388 5240 2453 5295 ut
2480 5234 2762 5292 timentes
2793 5229 3063 5301 Bizantii,
3087 5230 3253 5285 extra
3276 5221 3573 5282 civitatem
3598 5219 3653 5275 in

1582 5340 1821 5401 VARle
1876 5343 2072 5403 LECTI
2080 5341 2282 5399 ONES'

307 5416 375 5455 ’“
425 5421 592 5481 deest
620 5423 696 5481 1b.
752 5430 827 5481 9ο.
861 5425 930 5461 9“
971 5427 1074 5483 Hic
1120 5458 1191 5468 —
1239 5428 1555 5484 cantentur
1610 5442 1731 5489 aes.
1788 5434 1842 5489 4.
1890 5442 1891 5463 ³

2016 5430 2181 5489 deest
2228 5432 2307 5485 9°.
2364 5424 2433 5460 ⁹⁶⁴
2486 5423 2634 5479 XXI0
2685 5422 2783 5478 El.
2840 5417 3039 5489 5.790.
3081 5415 3265 5489 XXXI.
3322 5413 3379 5489 4_
3429 5413 3515 5467 10.
3567 5413 3652 5489 4t.

238 5489 309 5527 ’“
329 5492 479 5564 Hac
503 5493 719 5555 desinit
742 5496 839 5552 Et.
873 5495 940 5530 °“
965 5497 1259 5555 ardobarii
1292 5501 1342 5555 4.
1372 5501 1423 5554 5.
1450 5496 1520 5533 ’⁸⁷
1578 5499 1789 5560 inviam
1840 5506 1939 5564 Et.

239 5566 266 5622 1
283 5563 409 5637 χοι.
440 5569 528 5624 87.

2002 5478 2255 5559 ἰδ’ῖῇνᾷ
2295 5478 2365 5554 ⁷θα
2416 5478 2703 5554 “Vdecet
2745 5495 2829 5555 9°.
2887 5488 2959 5524 ’το
3011 5485 3276 5546 dalorum
3324 5483 3429 5565 ita»
3461 5478 3633 5555 ροτσὶ
