3992 6062
396 186 507 253 771

393 418 842 488 perseverarent
883 413 938 468 in
981 411 1229 468 laetaniis
1269 412 1338 467 ad
1383 414 1560 467 Deum
1620 411 2030 467 vociferantes.

395 504 651 571 Quadam
671 518 811 573 ergo
833 502 924 557 die
950 507 1105 557 terra
1133 502 1452 558 ﬂuctuante
1471 505 1526 556 et
1542 500 1692 555 omni
1718 501 1933 572 populo
1954 506 2038 557 at-

391 593 614 649 tentius
638 592 799 662 kyrie
816 591 1035 647 eleison
1060 590 1366 659 clamante,
1394 589 1549 645 circa
1572 589 1770 644 horam
1795 590 2038 646 terciam

395 680 1013 737 omnibusvidentibus
1029 679 1260 749 quidam
1276 677 1753 734 adolescentulus
1770 679 1825 733 in
1849 693 2040 734 aerem

394 769 755 838 sublevatur,
784 767 1122 838 audivitque
1136 781 1335 823 vocem
1358 766 1648 822 dicentem
1673 766 1803 836 sibi,
1824 770 1884 822 ut
1902 782 2043 823 nun-

383 857 568 914 ciaret
596 856 872 927 episcopo
903 869 970 912 ac
1007 855 1218 927 populo
1251 854 1520 911 laetanias
1546 855 1740 911 facere
1761 859 1821 911 et
1847 856 1933 913 sic
1961 856 2045 930 di_

386 961 522 1003 cere
548 966 558 999 :
582 946 838 1003 Sanetus
860 947 1038 1015 Deus,
1060 945 1300 1001 saucius
1308 944 1521 1016 fortis,
1546 946 1792 1003 sanctus
1814 947 2048 1002 immor-

387 1035 553 1105 talis,
574 1037 853 1091 miserere
878 1033 1063 1103 nobis,
1092 1032 1269 1089 nichil
1296 1033 1451 1089 aliud
1470 1049 1539 1104 ap
1551 1039 1855 1105 ponentes.
1884 1035 2047 1101 Quod

394 1138 521 1180 cum
557 1123 742 1192 fieret,
778 1124 1132 1177 terremotus
1161 1122 1431 1177 cessavit.
1467 1123 1648 1178 Porro
1699 1124 1867 1179 beata
1918 1124 2051 1179 Pul-

395 1212 611 1282 cheria,
647 1226 815 1267 soror
845 1210 1172 1279 Theodosii,
1208 1225 1316 1265 una
1348 1225 1477 1265 cum
1512 1212 1691 1266 fratre
1722 1227 1898 1283 super
1942 1213 2050 1268 hoc

396 1300 679 1356 miraculo
702 1299 871 1357 valde
895 1300 1123 1369 mirata,
1148 1299 1339 1355 sanxit
1358 1314 1462 1369 per
1488 1300 1825 1356 universum
1850 1302 2048 1357 orbem

1564 140 2047 250 EKKEHARDI
2090 174 2643 281 URAUGIENSIS

392 327 521 384 loco
553 325 650 398 qui
683 323 897 381 dicitur
929 326 1177 395 Campus
1203 338 1311 379 una
1333 338 1461 380 cum
1484 322 1760 394 episcOpo
1784 321 2033 379 Proculo
2064 323 2121 384 A

3685 206 3811 272 7‘72

2364 326 2421 414 id
2447 333 2535 385 est
2565 331 2865 414 Merefech,
2894 335 3213 414 dictusest
3237 352 3310 414 ;Aa
3340 354 3462 414 quo
3487 342 3666 414 etiam
3700 359 3812 414 po-

2365 402 2485 480 stea
2520 415 2689 481 reges
2719 402 3069 481 Braneorum
3098 402 3413 481 Meroﬁng'i,
3444 412 3501 467 id
3550 419 3646 471 est
3691 402 3810 471 Me-

2365 444 2485 480 υ-νιτ
2520 444 2583 481 ..τ
2620 444 2689 481 ,υυ
2719 444 2960 461 unus-vva
2980 444 3069 463 ιιιιι
3098 444 3413 481 ηιυιυιιιιδι,
3444 444 3501 467 ιιι
3550 444 3646 471 σοι
3692 444 3810 471 ωσ-

2364 444 2753 553 r'evi‘ngingi,
2786 480 2920 553 sunt
2946 478 3236 553 appellati
3279 480 3365 537 9"".
3412 483 3597 553 Hujus
3644 485 3810 542 mins

2364 541 2697 623 I‘Iildericus
2715 541 2918 614 genuit
2946 541 3334 623 Ludevvieum,
3360 554 3459 623 qui
3483 541 3659 611 etiam
3684 556 3814 612 (Σιο-

2366 612 2939 697 doveuhsAdi’ct'usest.
2966 621 3044 691 cf.
3071 612 3488 697 Eredegfliist.
3520 627 3720 697 cpite.
3747 631 3808 682 9.

2223 683 2272 736 6.
2306 681 2367 736 A.
2401 683 2465 737 Ι).
2502 687 2624 740 432.
2657 681 3346 751 (ἶεεείαηυεύοιίθιὶοόθε
3388 681 3632 767 patrum
3662 681 3811 755 seri;

2154 769 2258 823 bit.

2225 860 2277 913 8.
2322 862 2385 914 A.
2438 863 2501 917 D.
2549 866 2670 919 434.
2716 866 2929 937 Syxtus
2971 883 3116 941 papa
3162 873 3288 926 46‘"
3337 873 3492 929 sedit
3536 875 3706 930 annis
3745 878 3805 945 8,

2157 945 2301 1002 obiit
2329 952 2379 1001 5.
2413 950 2533 1006 Kal.
2564 954 2796 1024 Aprilis.

2231 1039 2313 1092 10.
2360 1040 2423 1095 Α.
2472 1040 2534 1095 D.
2590 1043 2709 1097 436.
2770 1045 3017 1102 Sanctus
3072 1047 3391 1106 Germanus
3442 1051 3808 1108 Autisiodori

2158 1123 2470 1195 episcopus
2495 1126 2729 1187 claruit.

2237 1218 2318 1268 11.
2352 1214 2518 1281 (Chr.
2562 1218 2675 1287 W.)
2703 1222 2765 1275 A.
2802 1222 2863 1276 D.
2897 1225 3016 1279 437.
3043 1224 3064 1247 ⁶
3088 1224 3352 1294 Synodus
3373 1227 3557 1284 tercia
3589 1228 3799 1285 univer

2162 1301 2302 1357 salis
2334 1304 2437 1360 200
2462 1305 2867 1380 episcoporum
2914 1313 3024 1369 sub
3067 1314 3244 1385 Syxto
3290 1328 3438 1387 papa
3486 1331 3809 1387 congrega-

395 1389 547 1445 hune
581 1403 810 1459 ymnum
843 1388 1039 1443 taliter
1072 1387 1392 1443 decantari.
1431 1388 1546 1444 Sub
1574 1388 1665 1444 his
1700 1390 1819 1444 fere
1842 1388 2051 1445 diebus
2161 1394 2258 1448 tur
2286 1391 2340 1447 in
2370 1394 2596 1464 Epheso
2627 1404 2831 1455 contra
2865 1401 3210 1459 Nestorium.

395 1478 574 1533 Roma
601 1479 767 1532 tanto
801 1479 1122 1531 terremotu
1157 1489 1444 1531 concussa
1476 1481 1588 1547 est,
1625 1480 1688 1532 ut
1710 1475 1956 1547 plurima
1976 1492 2051 1533 ze-

396 1563 589 1620 diiieia
618 1567 981 1620 corruerent.

466 1654 576 1707 Per
607 1651 728 1707 haec
764 1656 1025 1722 tempora
1059 1667 1163 1706 rex
1197 1653 1493 1708 Hunorum
1528 1652 1709 1708 Attila
1741 1652 1874 1709 dum
1920 1656 2051 1722 Tra_
2080 1678 2136 1739 Β

390 1741 513 1797 cias
546 1745 606 1794 et
631 1739 928 1795 Ylliricum
966 1739 1321 1810 devastaret,
1377 1744 1619 1797 coactus
1668 1742 2052 1826 Theodosius,

391 1830 685 1900 legatione
718 1830 787 1883 ad
819 1843 947 1884 eum
983 1828 1178 1899 missa,
1212 1844 1313 1884 sex
1347 1829 1502 1884 milia
1539 1830 1816 1887 librarum
1848 1834 1899 1887 ei
1942 1851 2049 1905 pro

394 1932 628 1974 recessu
654 1918 888 1989 prebuit
911 1922 971 1972 et
995 1916 1150 1973 mille
1176 1916 1457 1974 librarum
1481 1919 1770 1976 tributum
1795 1933 2046 1979 annuum

394 2005 681 2078 promisit.

462 2095 601 2150 Post
631 2094 755 2150 hinc
783 2094 1142 2151 Theodosius
1189 2096 1389 2151 morbo
1438 2101 1836 2168 consumptus,
1892 2099 2042 2171 apud

391 2182 955 2254 Constantinopolim
990 2183 1158 2254 obiit,
1195 2198 1342 2239 anno
1374 2183 1599 2256 imperii
1633 2188 1747 2241 41°.
1780 2187 1906 2243 Fuit
1949 2202 2044 2244 au-

391 2276 505 2328 tem
541 2272 773 2343 sapiens
808 2271 1073 2342 multum,
1102 2272 1381 2343 patientia
1408 2273 1789 2330 etelementia
1814 2276 2043 2332 univer-

389 2375 489 2417 sos
513 2359 836 2431 precelens.
872 2361 962 2417 Sic
993 2360 1144 2415 enim
1180 2361 1287 2416 fuit
1318 2360 1594 2433 clemens,
1630 2364 1687 2417 ut
1712 2363 1757 2419 si
1808 2365 2040 2434 quando

393 2447 606 2519 aliquis
639 2448 872 2518 dignum
908 2454 1093 2504 morte
1129 2448 1428 2519 quippiam
1462 2451 1874 2522 committeret,
1926 2468 2040 2508 non

393 2551 579 2609 usque
600 2537 671 2595 ad
693 2542 895 2609 portas
908 2537 1167 2593 civitatis
1185 2536 1353 2592 merit
1367 2552 1504 2593 urus
1518 2540 1916 2609 perveniebat,
1936 2541 2039 2597 sed

390 2627 517 2697 ejus
565 2627 872 2683 clementia
924 2642 1054 2681 mox
1106 2627 1474 2696 subsequens
1521 2641 1650 2683 eum
1703 2629 2033 2685 revocabat.

389 2715 569 2781 Quem
602 2730 733 2772 cum
767 2715 998 2786 quidam
1050 2714 1419 2771 familiarium
1472 2715 1881 2788 interrogaret,
1934 2733 2039 2774 cur

386 2803 610 2861 nullum
626 2803 1037 2860 selaedentium
1061 2804 1234 2859 morti
1259 2803 1599 2875 subjugaret
1624 2823 1636 2858 :
1669 2806 1929 2877 Utinam,
1958 2807 2039 2860 in-

388 2892 534 2964 quit,
566 2892 752 2949 mic/ii
774 2893 925 2950 esset
934 2891 1240 2964 possibile,
1268 2893 1446 2949 etiam
1468 2895 1726 2951 mortuos
1749 2895 1831 2951 ad
1848 2896 2038 2952 vitam

382 2994 677 3038 revocare.
705 2982 819 3036 Nec
844 2985 1038 3036 tamen
1062 2981 1151 3036 vir
1172 2980 1287 3036 iste
1313 2981 1470 3048 vitiis
1484 2982 1675 3039 caruit
1696 2987 1853 3049 ;erat
1882 2984 2034 3040 enim

386 3069 636 3140 mobilis,
672 3068 826 3125 omni
862 3074 1037 3125 vento
1069 3070 1492 3140 circumdatus,
1523 3072 1671 3126 unde
1695 3072 1829 3126 etin
1853 3072 2035 3130 cartis

385 3174 498 3216 non
529 3158 804 3230 perlectis
837 3173 897 3214 se
928 3158 1358 3214 subscribebat.
1397 3160 1518 3215 [loc
1548 3162 1741 3215 autem
1782 3164 2029 3231 mortuo,

386 3249 556 3304 beata
580 3246 907 3313 Pulcheria,
934 3261 1105 3302 soror
1126 3247 1269 3316 ejus,
1294 3246 1544 3302 nondum
1576 3252 1761 3303 morte
1794 3249 1919 3318 ejus
1952 3250 2035 3305 di-

383 3336 641 3406 vulgata,
677 3335 1046 3405 Marcianum,
1082 3334 1136 3389 in
1172 3333 1454 3403 religione
1487 3339 1544 3390 et
1576 3336 1863 3407 pudicicia
1898 3353 2033 3395 con-

383 3429 713 3482 versantem
750 3438 965 3495 senem,
1000 3428 1061 3479 et
1091 3423 1361 3479 idoneum
1396 3424 1602 3496 virum,
1635 3425 1704 3482 ad
1734 3440 1795 3482 se
1837 3442 2033 3483 accer-

382 3513 539 3585 sivit,
576 3514 746 3584 eiquc
771 3512 963 3567 dixitq:
994 3512 1283 3577 Quoniam
1302 3514 1631 3583 imperator
1650 3516 1914 3572 mortuas
1946 3517 2037 3574 est

381 3604 442 3661 et
459 3616 561 3675 ego
595 3602 648 3659 te
678 3601 830 3673 elegi
861 3602 1151 3671 tanquam
1184 3600 1649 3673 beneplacentem
1670 3606 1916 3662 ewomni
1946 3618 2031 3662 se-

382 3692 535 3751 riam
554 3692 633 3748 da
644 3688 1267 3761 micliioerbamgaod
1276 3691 1893 3761 oirginitatemmeam
1904 3707 2030 3751 eus-

384 3781 775 3851 todiasqaam
794 3780 914 3836 Deo
937 3778 1160 3850 decori,
1178 3784 1238 3836 ei
1252 3779 1662 3850 pronauciabo
1691 3780 1744 3837 te
1776 3782 2030 3853 impera-

382 3871 582 3929 torem.
601 3868 763 3935 Quod
797 3866 897 3922 illo
919 3883 1049 3924 cum
1075 3872 1443 3941 sacramento
1468 3869 1801 3940 pollicente,
1835 3886 2028 3927 accer-

382 3960 495 4017 sito
522 3957 856 4030 patriarcha
871 3956 1178 4012 Anatholio
1200 3972 1331 4013 eum
1355 3959 1507 4012 omni
1532 3966 1757 4028 senatu,
1778 3974 2028 4031 pronun-

380 4048 558 4105 ciavit
573 4062 700 4104 eum
718 4047 1108 4103 Romanorum
1124 4045 1747 4118 imperatoremﬂujus
1763 4052 2026 4120 tempore

378 4142 622 4195 sanctus
654 4135 953 4193 Servatius
985 4134 1204 4191 ﬂoruit.

448 4227 596 4285 Anni
622 4224 946 4281 Theodosii.

443 4321 497 4373 2.
532 4317 597 4372 Α.
632 4317 696 4370 Ι).
730 4316 849 4369 4‘28.
883 4311 969 4365 9'“.

2305 1484 2326 1504 ‘
2356 1484 2442 1537 D?
2471 1487 2530 1539 E.
2564 1486 2705 1543 add.
2734 1507 2745 1541 :
2777 1489 3027 1559 Cyrillus
3052 1525 3114 1533 -
3138 1493 3383 1551 notavit.
3414 1507 3489 1551 ea;
3512 1493 3717 1567 Sigeo.

2239 1574 2322 1626 12.
2351 1573 2414 1628 A.
2452 1575 2512 1627 Ι).
2546 1578 2665 1632 438.
2693 1579 2715 1599 ’

2306 1663 2327 1683 "
2354 1662 2723 1805 12831.5(};de
2754 1666 3013 1724 Eudoxia
3036 1700 3106 1709 -—
3131 1670 3185 1725 in
3229 1670 3351 1727 Kal.
3406 1672 3669 1741 Augusti.
3727 1686 3806 1728 ea:

2235 1825 2317 1876 13.
2356 1824 2417 1878 Α.
2472 1824 2531 1878 D.
2586 1827 2706 1879 439.
2756 1826 2969 1883 Accius
3042 1828 3492 1886 Gundicharium
3538 1832 3801 1901 Burgun-

2161 1908 2395 1966 dionum
2430 1926 2624 1981 regem
2675 1913 2837 1985 vicit,
2890 1916 3232 1989 petentique
3272 1919 3520 1989 gratiam
3561 1919 3794 1991 tribuit,

2157 2012 2325 2068 quem
2357 2000 2502 2056 Huni
2538 2007 2738 2072 postea
2773 2008 3147 2075 peremerunt
3173 2006 3269 2077 (cf.
3304 2006 3536 2079 Pnosr.)

2228 2087 2490 2158 14.(C’lzr.
2548 2090 2663 2162 W.)
2706 2093 2768 2147 A.
2830 2094 2893 2148 D.
2954 2096 3073 2150 440.
3135 2094 3575 2155 Valentinianus
3616 2093 3794 2153 ﬁliam

2152 2176 2457 2233 Theodosii
2485 2181 2731 2252 accepit.

2226 2271 2309 2321 15.
2342 2266 2442 2336 (H.
2475 2270 2674 2339 ni.)fA.
2704 2271 2766 2326 D.
2803 2273 2924 2327 441.
2955 2271 3220 2330 Julianus
3265 2273 3652 2344 Pelagianista
3696 2274 3794 2330 he-

2154 2355 2375 2413 reticus
2405 2372 2433 2413 a
2468 2357 2645 2429 Syxto
2677 2374 2821 2431 papa
2857 2360 3225 2432 dampnatur.
3271 2364 3638 2419 Terremotus
3677 2376 3794 2418 ma-

2149 2445 2245 2513 gni
2281 2445 2419 2501 facti
2452 2451 2589 2501 sunt
2618 2448 3143 2521 Constantinopoli.

2227 2532 2308 2586 16.
2346 2534 2411 2588 Λ.
2442 2534 2505 2587 D.
2538 2535 2657 2589 442.
2696 2534 2805 2591 Leo
2834 2550 2982 2607 papa
3016 2538 3141 2591 47ms
3188 2536 3514 2608 ordinatur,
3561 2535 3796 2593 sedens-

2152 2634 2263 2689 que
2291 2622 2459 2677 annis
2494 2625 2571 2691 16,
2604 2622 2872 2692 migravit
2903 2627 2935 2679 4
2961 2624 3082 2680 Kal.
3117 2624 3273 2680 Julii.

2222 2712 2305 2764 18.
2346 2708 2509 2777 (σήν.
2550 2711 2664 2782 W.)
2700 2714 2761 2767 A.
2798 2713 2862 2767 D.
2897 2715 3017 2769 444.
3045 2714 3402 2783 Theodosius
3425 2711 3638 2770 bellum
3660 2727 3796 2769 con-

2148 2802 2239 2854 tra
2271 2798 2584 2855 Wandalos
2610 2799 2677 2833 ’7‘
2704 2800 2996 2857 inutiliter
3029 2803 3225 2859 movit.

2221 2892 2304 2944 19.
2343 2887 2569 2957 (Pnosr.
2602 2890 2770 2960 imp.)
2792 2893 2864 2967 Α.
2900 2891 2964 2946 D.
3001 2894 3121 2947 445.
3154 2890 3320 2946 Alani
3355 2895 3570 2948 terram
3593 2888 3796 2946 Galliae

2102 2965 2446 3051 :ulterioris
2477 2978 2532 3035 vi
2566 2965 2887 3051 possident.

2214 3071 2284 3124 20
2316 3068 2636 3139 (ΟΙιγηΠῙ.)
2685 3072 2744 3124 A.
2798 3071 2861 3124 D.
2916 3071 3036 3125 446.
3094 3069 3340 3126 Sanctus
3388 3068 3638 3126 Brictius
3687 3069 3798 3124 Tu-

2144 3172 2420 3213 ronorum
2451 3156 2519 3190 ⁹τ⁶
2548 3158 2856 3229 episcopus
2888 3158 3177 3228 migravit.

2211 3250 2301 3302 21.
2336 3249 2398 3302 A.
2435 3247 2496 3302 D.
2529 3248 2679 3302 447.‘
2708 3247 3057 3304 Eustochius
3090 3246 3305 3305 Brictio
3328 3245 3635 3304 successit.

2283 3335 2394 3389 *D?
2426 3335 2486 3390 E.
2523 3334 2659 3391 add.
2687 3357 2706 3392 ,ο
2737 3335 2946 3406 Ephesi
2988 3341 3021 3390 7
3052 3334 3404 3391 dormientes
3432 3339 3565 3406 post
3596 3347 3784 3390 annos

2353 3406 2722 3462 domuitionis
2753 3410 2853 3462 192
2881 3421 2912 3461 a
2940 3422 3139 3463 somno
3172 3412 3442 3476 surgunt,
3467 3410 3524 3461 et
3554 3408 3782 3462 asserta

2352 3477 2465 3549 fide
2494 3477 2968 3549 resurrectionis,
3004 3478 3216 3533 iterum
3265 3478 3322 3533 in
3372 3478 3605 3533 Christo
3652 3476 3787 3533 dor-

2354 3548 2556 3604 miunt.
2590 3550 2666 3620 cf.
2699 3548 2899 3619 Sigeo.

2207 3644 2294 3696 23.
2333 3640 2562 3708 (Pnosr.
2599 3639 2767 3709 imp.)
2799 3640 2862 3693 A.
2898 3640 2960 3692 D.
2998 3640 3119 3694 449.
3154 3636 3329 3694 Bleda
3358 3637 3651 3694 Hunorum
3675 3649 3780 3691 rex

2138 3729 2335 3785 Attila}
2369 3727 2567 3783 fratris
2598 3726 2799 3781 fraude
2830 3727 3180 3796 percutitur.

2207 3822 2294 3874 25.
2329 3819 2392 3873 A.
2425 3818 2488 3871 D.
2525 3818 2645 3871 451.
2685 3817 3016 3871 Merovecus
3044 3813 3131 3885 ⁸⁷⁸,
3169 3814 3350 3871 Clodii
3387 3814 3558 3883 filius,
3583 3828 3787 3883 regna-

2134 3906 2215 3961 vit
2251 3907 2307 3961 in
2341 3905 2577 3960 Francia
2612 3904 2778 3958 annis
2812 3908 2897 3960 10.

2205 3999 2292 4053 26.
2328 3995 2431 4063 (Η.
2466 3999 2571 4062 m.)
2610 3996 2672 4048 A.
2708 3993 2771 4048 D.
2807 3995 2929 4048 452.
2963 3991 3552 4061 Thcodosiusjunior,
3579 3991 3782 4046 Orien-

2136 4084 2210 4140 tis
2241 4084 2579 4156 imperator,
2616 4081 2761 4138 obiit
2795 4096 2944 4138 anno
2987 4081 3211 4153 imperii
3262 4080 3350 4137 sui
3384 4085 3498 4150 41°,
3533 4093 3775 4150 quorum

2134 4176 2199 4230 15
2233 4172 2497 4244 regnavit
2526 4186 2656 4227 cum
2688 4174 2897 4241 patruo
2929 4169 3206 4240 Honorio,
3248 4170 3318 4224 26
3356 4183 3487 4225 cum
3527 4167 3779 4224 Valenti-

2134 4263 2305 4318 niano
2336 4260 2691 4319 consobrino
2724 4273 2848 4315 suo.

446 4410 496 4462 5.
536 4400 702 4473 (0hr.
747 4402 861 4473 W.)
893 4402 959 4488 Α.
989 4403 1112 4456 431.
1164 4399 1398 4469 Accius,
1431 4398 1631 4455 multis
1662 4400 1896 4457 Francis
1929 4415 2021 4459 oc-

2208 4426 2370 4480 Anno
2402 4420 2706 4478 dominica;
2735 4417 3156 4475 incarnationis
3186 4418 3336 4488 453°,
3372 4417 3444 4473 ab
3466 4416 3619 4472 Urbe
3642 4429 3779 4472 con-

375 4495 537 4564 cisis,
592 4496 816 4563 partem
865 4487 1064 4544 Galliae
1114 4502 1282 4559 quam
1334 4488 1714 4558 possederant
1772 4491 2018 4563 recepit.

374 4580 633 4656 (Pnosr.)
694 4577 947 4649 Clodius,
1009 4575 1350 4633 Faramundi
1412 4576 1589 4647 ﬁlius,
1647 4580 1911 4649 regnavit
1963 4580 2020 4637 in

369 4671 614 4731 Francia
646 4668 811 4725 annis
841 4672 929 4723 20.
961 4667 1041 4739 *1)

513 4764 592 4789 ﬁl\
624 4764 693 4789 An
747 4762 804 4789 44
871 4756 991 4789 ηλλ
1039 4775 1049 4787 ι
1086 4757 1201 4789 [alo
1236 4770 1362 4789 num
1398 4755 1555 4789 ἶιινίη
1592 4757 1791 4789 mann:

542 4764 593 4833 1)
624 4764 709 4815 10.
747 4762 831 4813 11.
869 4756 1009 4813 add.
1039 4775 1049 4810 :
1086 4757 1201 4812 Iste
1235 4770 1363 4813 cum
1392 4756 1557 4827 juxta
1592 4769 1747 4813 mare
1778 4757 1833 4813 in
1870 4763 2020 4816 aestu

585 4831 700 4889 diei
760 4845 891 4885 cum
950 4842 1132 4885 uxore
1190 4827 1460 4896 sedisset,
1528 4827 1719 4883 bestia
1776 4831 2014 4889 marina.

582 4902 893 4974 equitauro
925 4897 993 4932 ⁰⁶²
1024 4898 1252 4968 similis,
1290 4902 1350 4954 ut
1396 4899 1600 4974 fertur,
1658 4916 1898 4974 uxorem
1947 4906 2018 4961 ad

585 4970 892 5048 lavandum
905 4984 1094 5048 perge
1103 4976 1255 5048 ntem
1279 4970 1545 5048 appetiit,
1564 4973 1879 5048 statimque
1896 4977 2019 5033 sive

584 5061 616 5103 a
650 5046 837 5104 bestia
869 5042 992 5102 sive
1023 5058 1054 5118 a
1086 5045 1213 5100 viro
1243 5042 1813 5118 concipiens,_filium
1844 5062 2023 5118 pepe-

586 5117 686 5190 rit,
722 5118 823 5190 qui
855 5132 887 5176 a
904 5115 1049 5175 mari
1068 5120 1129 5174 et
1149 5130 1181 5174 a
1200 5114 1494 5174 maculosa
1517 5115 1663 5174 facie
1694 5114 2014 5192 Mero’ve‘us,

2136 4513 2257 4569 dita
2290 4514 2476 4567 12040.
2508 4509 2857 4579 Marcianus,
2886 4509 2980 4563 48°
3010 4506 3141 4563 loco
3173 4506 3246 4562 ab
3280 4508 3566 4576 Augusto,
3590 4503 3778 4561 orien-

2135 4601 2238 4658 tali
2267 4600 2413 4657 aulae
2446 4598 2753 4672 proﬁcitur
2784 4597 3120 4668 imperator,
3155 4600 3211 4651 et
3236 4595 3647 4665 regnavitcum
3669 4593 3776 4650 Va-

2132 4689 2452 4747 lentiniano
2485 4688 2652 4744 annis
2682 4692 2736 4742 7.
2769 4688 3036 4743 Ceterum
3075 4682 3461 4739 Valentiniani
3508 4687 3771 4753 tempora

2130 4779 2303 4848 hujus
2336 4777 2428 4836 vel
2462 4776 2782 4851 superioris
2812 4774 3184 4851 imperatoris
3216 4774 3619 4834 asscribentur
3639 4786 3771 4831 cur-

2129 4870 2349 4932 riculis.
2380 4869 2559 4942 Igitur
2580 4870 3038 4940 Valentinianus,
3062 4867 3445 4925 occidentalis
3460 4864 3770 4923 rectorim-

2129 4958 2276 5031 perii
2307 4956 2397 5029 ⁸⁷⁷,
2422 4971 2621 5028 pacem
2646 4955 2894 5010 ﬁrmavit
2918 4969 3046 5011 cum
3065 4953 3381 5022 Geiserico,
3407 4950 3588 5007 divisa
3614 4949 3769 5006 inter

2129 5052 2409 5118 utrosque
2437 5045 2505 5118 “7?
2538 5044 2770 5118 Africa,
2788 5044 3118 5100 Geisericus
3137 5057 3289 5118 vero
3319 5039 3549 5118 dumde
3574 5052 3768 5096 rerum

2128 5111 2404 5179 successu
2427 5117 2603 5176 etiam
2620 5116 2776 5189 apud
2799 5130 2939 5174 suos
2953 5114 3310 5189 superbiret,
3326 5111 3516 5171 valida
3529 5124 3767 5169 suorum

1722 5270 1959 5330 VARIE
1999 5275 2400 5335 LECTIONES.

436 5394 506 5430 ντί
530 5407 823 5472 amorum
850 5394 1090 5452 numeri
1109 5392 1193 5472 in;
1199 5399 1258 5472 _1.
1288 5394 1636 5472 omnesfere
1656 5398 1905 5472 correcti
1933 5390 2230 5472 legumina
2259 5400 2327 5435 οτι
2348 5398 2446 5472 qui
2468 5397 2536 5472 in
2562 5401 2648 5472 10.
2671 5394 2924 5472 deletum
2943 5390 3277 5472 esseoideri
3291 5389 3504 5472 potest,
3523 5385 3679 5446 unde
3699 5389 3762 5443 11

368 5472 426 5526 et
453 5467 600 5527 auri.
633 5465 703 5501 ⁸⁷³
733 5481 780 5524 s.
812 5482 863 5523 a.
896 5471 1031 5523 sunt
1052 5471 1145 5542 10.
1174 5464 1595 5537 "‘folium'in
1647 5472 1704 5539 1;
1755 5469 1931 5529 deest.
1980 5464 2049 5506 ‘7‘
2097 5464 2394 5542 tunorum’,
2422 5470 2493 5528 at
2529 5467 2801 5542 piaetur,
2847 5478 3001 5542 porr.
3061 5468 3333 5542 turonum
3388 5467 3439 5521 5.
3485 5464 3765 5520 tunorum

370 5552 521 5602 corr.
550 5544 899 5601 turonorum
936 5542 1018 5594 10.
1051 5535 1121 5571 ⁰⁷⁶
1145 5535 1488 5595 merovecus
1508 5535 1999 5604 corn'meroveus
2023 5549 2076 5605 5.
2110 5535 2415 5604 meroveu’s
2444 5543 2498 5600 4.
2525 5539 2593 5578 ⁸⁷⁷
2617 5539 2655 5600 i.
2686 5554 2736 5599 r.
2763 5544 2814 5597 5.
2845 5536 3107 5605 "intres
3130 5539 3208 5595 9°.
