3992 6034
423 124 537 187 775

1608 120 2091 182 EKKEHARDI
2128 122 2683 191 URAUGIENSIS

3732 130 3851 192 7'76

429 255 727 329 progenie,
752 270 822 310 ex
851 252 1085 309 tribuno
1112 252 1358 310 militum
1386 255 1704 327 imperatur
1729 255 1977 325 electus,
2022 262 2077 311 et
2111 259 2167 318 Α
2270 263 2380 317 Leo
2410 264 2588 333 igitur
2616 265 2957 336 imperator,
2995 271 3299 335 postquam
3337 265 3625 322 orientale
3676 267 3850 338 impe-

424 348 495 401 ah
533 343 843 400 Anatholio
878 343 1209 413 patriarcha
1244 350 1576 414 coronatus,
1599 347 1693 399 490
1727 343 1853 399 loco
1878 345 1949 397 ab
1974 347 2085 399 Au-

426 438 621 501 gusto,
659 445 897 500 regnum
923 429 1219 485 Orientale
1238 432 1486 501 accepit,
1512 436 1567 486 et
1600 436 1660 485 16
1682 431 1848 486 annis
1868 432 2077 485 tenuit.

428 521 535 586 Qui
569 520 778 576 deinde
811 518 1076 588 sequenti
1107 522 1367 589 tempore
1399 519 1578 575 ﬁlium
1620 534 1788 575 suum
1842 520 2079 575 Leonem

429 610 651 665 socium
685 607 795 663 sibi
828 606 971 662 fecit
1002 606 1056 660 in
1082 621 1260 675 regno
1300 607 1675 661 Occidentale
1718 622 1856 661 vero
1909 607 2083 677 impe-

432 700 580 755 rium
606 696 1008 752 Mauronianus
1040 694 1153 761 (vel
1176 694 1525 763 Majorianus
1545 696 1635 766 995)
1657 696 1889 766 quidam
1912 696 2084 751 'acce-

431 787 520 858 pit
550 788 700 857 apud
728 786 1074 850 Ravennam,
1103 783 1205 837 sed
1232 788 1442 851 quarto
1473 799 1623 838 anno
1646 785 1786 840 haut
1814 783 2018 855 procul
2051 799 2079 839 a

430 874 680 928 Dertona
706 872 945 927 civitate
964 869 1197 925 occisus
1212 876 1323 937 est,
1342 872 1656 941 statimque
1672 875 1922 927 Severus
1957 872 2080 927 sine

423 962 590 1032 jussu
624 960 830 1015 Leonis
863 959 1012 1029 apud
1044 960 1371 1013 Ravennam
1398 960 1717 1030 imperator
1741 962 1991 1015 efficitur
2022 965 2079 1015 et

430 1054 720 1119 angustus
744 1046 1098 1119 appellatur,
1124 1047 1221 1102 sed
1245 1055 1299 1101 et
1328 1048 1451 1119 ipse
1478 1055 1611 1119 post
1633 1054 1883 1119 quatuor
1902 1064 2083 1103 annos

428 1138 624 1193 Romae
655 1137 967 1191 defunctus
1018 1140 1125 1189 cst.
1176 1138 1385 1206 Nono.)
1435 1138 1572 1191 Post
1622 1136 1789 1205 cujus
1838 1143 2078 1192 mortem

424 1239 713 1281 consensu
747 1224 931 1278 torius
966 1222 1188 1278 militite
1226 1224 1332 1279 Leo
1364 1224 1681 1295 imperator
1712 1224 2077 1280 Anthemium

427 1312 543 1367 divi
565 1312 833 1367 Marciani
859 1326 1157 1380 generum,
1184 1326 1253 1365 ex
1280 1311 1525 1381 patricio
1548 1327 1824 1368 czesarem
1844 1312 2076 1381 faciens,

428 1402 661 1455 Romam
696 1399 851 1454 misit
884 1400 936 1453 in
972 1399 1295 1469 imperium.
1335 1400 1434 1467 (II.
1467 1402 1568 1469 φη.)
1603 1402 1897 1471 Sequenti
1931 1414 2079 1455 anno

430 1487 785 1556 Servandus,
820 1486 918 1556 qui
948 1486 1245 1556 profectus
1276 1492 1405 1541 erat
1438 1486 1493 1539 in
1528 1486 1730 1555 Gallia,
1765 1488 1966 1542 volens
1999 1487 2080 1541 in-

2197 351 2343 406 rium
2366 354 2613 408 sedecim
2640 359 2870 409 rexerat
2895 354 3081 419 annis,
3108 355 3372 423 Leonem,
3390 359 3665 426 nepotem
3683 370 3849 413 suum

2196 453 2268 494 ex
2301 440 2547 508 Ariagne
2572 441 2708 509 ﬁlia,
2731 441 2980 497 Zenonis
3006 442 3207 510 ﬁlium,
3231 441 3509 498 ordinans
3540 442 3852 514 imperato-

2196 543 2337 597 rem,
2373 528 2523 584 diem
2563 530 2774 585 clausit
2824 534 3168 585 extremum.
3222 532 3437 601 (Ιοιω.)
3488 532 3601 586 Leo
3651 532 3849 603 itaque

2190 617 2520 685 juniorcum
2538 619 2737 689 paucis
2757 619 3054 675 mensibus
3067 619 3326 675 rexisset
3342 620 3653 690 imperium
3674 635 3848 678 manu

2197 722 2298 760 sua
2314 721 2602 761 coronans
2619 708 2942 774 genitorem
2960 722 3128 763 suum
3142 709 3427 763 Zenonem
3452 708 3854 765 constituens-

2196 808 2306 862 que
2338 794 2772 864 imperatorem,
2810 798 2985 851 rebus
3015 797 3274 851 excessit
3307 795 3594 851 humanis.
3622 796 3729 863 (Η.
3751 797 3851 867 m.)

2194 882 2318 936 Mox
2353 882 2683 952 Basyliscus
2713 884 2987 953 magister
3034 884 3243 940 Africae
3294 885 3616 954 imperator
3669 884 3853 940 accla-

2195 978 2405 1041 matus,
2437 973 2686 1028 Marcum
2710 972 2886 1028 ﬁlium
2909 988 3077 1028 suum
3101 987 3379 1028 czesarem
3405 972 3564 1043 fecit,
3586 978 3649 1028 et
3678 973 3856 1028 Zeno-

2196 1058 2347 1114 biam
2382 1075 2617 1115 uxorem
2651 1076 2813 1115 suam
2848 1061 2902 1113 in
2933 1066 3241 1129 augustam
3264 1059 3591 1116 coronavit.
3619 1062 3854 1116 Interea

2190 1147 2359 1211 Zeno,
2398 1148 2579 1203 totius
2608 1148 2863 1203 Orientis
2890 1148 3193 1217 magister,
3221 1163 3349 1204 cum
3376 1148 3629 1218 Ariagne
3670 1162 3855 1203 uxore

2194 1249 2296 1289 sua
2328 1236 2399 1290 ad
2434 1236 2648 1304 regiam
2685 1236 3033 1306 perveniens
3068 1236 3289 1304 urbem,
3335 1240 3655 1308 susceptus
3687 1240 3782 1291 est
3822 1251 3853 1291 a

2194 1322 2407 1392 populo
2429 1329 2487 1377 et
2513 1326 2718 1377 senatu
2746 1339 2761 1387 ;
2788 1322 3120 1391 Basyliscus
3144 1337 3281 1378 vero
3306 1322 3533 1391 fugiens
3553 1323 3626 1377 ad
3651 1322 3855 1378 accele-

2192 1411 2356 1481 siam,
2385 1411 2671 1480 imperiali
2697 1411 3004 1480 dignitate,
3030 1412 3139 1466 hoc
3162 1417 3254 1466 est
3278 1425 3514 1481 corona,
3550 1410 3607 1465 in
3651 1424 3851 1466 mensa

2193 1499 2383 1555 divina
2417 1499 2629 1570 posita,
2664 1499 2787 1570 ipse
2819 1515 2949 1555 cum
2986 1513 3168 1555 uxore
3198 1514 3299 1555 sua
3322 1498 3577 1555 Zenobia
3600 1498 3748 1568 fugit
3783 1498 3852 1553 ad

426 1574 637 1630 vadere
662 1572 986 1644 imperium:
1013 1574 1084 1627 ει)
1112 1574 1414 1627 Anthemio
1436 1573 1489 1626 in
1514 1573 1582 1605 ⁹⁹⁶
1604 1574 1841 1629 Oﬁlium
1864 1574 2077 1631 miSSUS
2107 1606 2161 1666 B
2196 1588 2623 1658 baptisterium.
2657 1589 2808 1643 Zeno
2841 1593 3032 1644 autem
3062 1588 3341 1644 continuo
3370 1586 3735 1659 imperialem
3758 1600 3854 1641 na-

429 1667 541 1717 est.
575 1663 801 1718 Rursus
836 1666 967 1732 post
1017 1676 1227 1715 annum
1278 1663 1567 1717 Romanus
1609 1662 1892 1731 patricius
1936 1667 2076 1717 temo

430 1756 601 1823 ptans
627 1750 1025 1805 fraudulenter
1046 1750 1313 1820 accipere
1342 1750 1665 1820 imperium,
1682 1749 1847 1818 jussu
1864 1751 2078 1806 Anthe-

424 1839 521 1893 mii
554 1837 623 1870 ’97
656 1838 884 1893 occisus
911 1843 1024 1891 est.

500 1926 599 1981 His
620 1927 982 1997 temporibus
1005 1928 1111 1980 Leo
1133 1926 1450 1997 imperator
1470 1928 1776 1995 Zenonem,
1801 1941 2077 1996 generum

433 2031 623 2086 suum,
644 2016 829 2071 totius
844 2015 1102 2070 Orientis
1119 2015 1459 2083 magistrum
1480 2016 1635 2083 fecit,
1652 2022 1708 2070 et
1728 2016 2077 2086 Basyliscum

428 2106 672 2161 fratrem
697 2107 935 2160 Verenze
960 2105 1159 2160 uxoris
1178 2119 1319 2173 suae,
1353 2106 1695 2172 magistrum
1721 2108 1760 2158 Α
1773 2106 1927 2160 frica}
1947 2121 2081 2160 con-

430 2196 648 2253 stituit.
674 2195 782 2249 Leo
803 2194 999 2263 itaque
1024 2194 1342 2265 imperator
1363 2210 1563 2263 parem
1592 2193 1807 2248 faciens
1831 2208 1959 2249 cum
1981 2194 2081 2248 Os-

432 2282 751 2353 trogothis,
778 2282 991 2352 quibus
1010 2286 1149 2337 tunc
1171 2281 1711 2352 Walamirprcerat,
1730 2281 1929 2337 fratris
1955 2281 2079 2351 ejus

426 2371 702 2428 Dietmari
739 2370 920 2427 ﬁlium
948 2370 1385 2440 Theodericum,
1415 2369 1530 2439 jam
1565 2377 1834 2426 octavum
1885 2371 2078 2425 aetatis

430 2475 639 2517 annum
687 2464 1007 2529 gerentem,
1059 2459 1319 2515 obsidem
1369 2460 1616 2529 accepit,
1672 2474 1840 2528 quem
1890 2463 2077 2513 tamen

428 2553 630 2620 postea
648 2548 801 2619 patri
826 2563 957 2603 cum
980 2547 1200 2602 honore
1222 2546 1445 2602 remisit
1470 2547 1566 2617 (cf.
1590 2548 1754 2602 Jonn.
1780 2547 1868 2602 De
1894 2561 1945 2601 γ.
1983 2544 2075 2615 G.,

426 2652 477 2693 c.
512 2638 620 2706 53).

502 2724 603 2794 (Η.
637 2724 742 2792 m.)
774 2724 885 2777 Per
913 2721 1037 2776 haec
1070 2716 1327 2792 tempora
1356 2722 1508 2777 inter
1532 2721 1899 2777 Anthemium
1926 2722 2079 2793 prin-

433 2812 621 2883 cipem
655 2812 899 2881 ejusque
931 2825 1206 2879 generum
1239 2810 1581 2866 Ricimerem
1618 2810 1943 2881 patricium,
1981 2811 2076 2881 qui

426 2904 569 2957 tunc
611 2897 913 2953 Mediolani
965 2896 1189 2967 positus
1236 2900 1469 2969 precrat
1518 2896 1784 2965 Liguriae,
1836 2912 2076 2966 magnus

2191 1682 2324 1731 ctus
2356 1676 2718 1747 dignitatem,
2754 1676 3008 1732 obtinuit
3045 1676 3369 1748 imperium.

2265 1766 2409 1819 Anni
2445 1766 2668 1820 Leonis.

2264 1861 2312 1909 1.
2347 1854 2539 1908 Primo
2570 1854 2752 1923 igitur
2782 1868 2931 1908 anno
2980 1852 3203 1922 Leonis,
3255 1852 3352 1922 qui
3404 1855 3491 1907 est
3542 1849 3855 1906 dominicae

2192 1941 2612 1996 incarnationis
2636 1940 2741 1995 459
2770 1940 2858 2010 πε,
2891 1955 3106 2011 corpus
3137 1943 3357 1995 sanctae
3390 1938 3855 1995 Anastasiae‘de-

2192 2027 2371 2083 latum
2405 2032 2494 2083 est
2527 2044 2557 2083 a
2589 2029 2811 2098 Syrmio
2840 2033 2900 2083 et
2930 2028 3250 2099 repositum
3268 2030 3359 2082 est
3392 2026 3447 2080 in
3469 2025 3688 2097 templo
3726 2024 3854 2095 ejus

2192 2116 2248 2170 in
2281 2116 2606 2187 porticibus
2636 2116 2921 2170 Domnini.

2262 2194 2312 2259 2'.
2349 2206 2414 2258 A.
2450 2206 2511 2259 D.
2559 2209 2679 2259 461.
2737 2203 3067 2259 llildericus
3114 2204 3284 2273 (228),
3338 2200 3625 2257 Meroveci
3677 2199 3850 2268 ﬁlius,

2191 2293 2455 2362 regnavit
2486 2293 2542 2346 in
2579 2292 2818 2347 Francia
2853 2292 3020 2347 annis
3049 2293 3118 2346 24
3151 2291 3231 2363 (cf
3256 2292 3323 2349 (ἰ.
3355 2290 3485 2361 Fr.)
3508 2291 3529 2311 "

2332 2383 2451 2436 ‘D?
2478 2382 2540 2436 E.
2573 2381 2711 2437 add.
2750 2400 2762 2433 :
2803 2383 3045 2450 Symeon
3096 2380 3153 2434 in
3203 2379 3469 2435 columna
3519 2382 3690 2434 stans
3744 2380 3854 2433 An-

2404 2452 2636 2507 tiochiae
2667 2453 2874 2508 claret.
2908 2466 2982 2508 ex
3010 2450 3213 2522 θέρει).
3244 2465 3301 2507 α.
3328 2453 3448 2506 458.

2262 2545 2313 2597 3.
2353 2544 2410 2596 Α.
2446 2543 2508 2595 Ι).
2546 2542 2709 2597 462.“”

2330 2630 2352 2653 "
2384 2630 2462 2683 D?
2493 2631 2550 2683 E.
2588 2632 2815 2683 4-11.
2862 2628 2992 2686 add.
3026 2648 3038 2681 :
3092 2626 3467 2697 Ilildericum,
3521 2624 3857 2697 insolenter

2404 2705 2464 2755 et
2487 2699 2788 2756 luxuriose
2812 2714 2875 2755 se
2899 2704 3186 2770 agentem,
3211 2698 3417 2754 Franci
3440 2696 3623 2766 regno
3648 2696 3860 2753 detur-

2406 2771 2563 2826 bant.
2589 2786 2662 2827 σας
2677 2771 2877 2841 Sigeb.

2262 2866 2312 2915 6.
2349 2862 2413 2915 A.
2449 2861 2509 2914 D.
2545 2864 2665 2915 465.
2721 2859 3051 2931 Simplicius
3106 2872 3252 2930 papa
3301 2861 3427 2914 49‘“
3473 2856 3628 2912 sedit
3683 2857 3856 2912 annis

430 2986 855 3043 discordiarum
888 2986 1070 3039 fomes
1094 2989 1337 3040 exortus
1359 2990 1471 3048 est,
1499 2984 1711 3055 quibus
1733 2999 1793 3040 se
1825 2984 1915 3040 vir
1951 2999 2078 3040 san-

2268 2976 2275 3018 ;
2311 2950 2698 3019 migravitque
2728 2952 2760 3003 6
2791 2951 2931 3004 Non.
2966 2950 3128 3004 Mart.
3154 2950 3175 2970 *

424 3076 639 3133 ctitate
657 3074 1011 3146 conspicuus
1034 3073 1403 3144 Epyphanius
1420 3073 1741 3128 Ticinensis
1766 3074 2079 3143 episeogius

426 3165 825 3235 interponens,
852 3178 953 3217 eos
979 3162 1047 3218 ad
1073 3162 1445 3217 concordiam
1470 3162 1793 3229 revocavit;
1819 3162 1921 3217 sed
1947 3162 2079 3231 quia

432 3250 686 3308 Ricimer
725 3252 794 3305 de
838 3250 1057 3320 perﬁda
1105 3254 1227 3303 erat
1275 3254 1448 3317 gente
1495 3249 1830 3314 Gothorum,
1881 3264 2079 3319 pacem

431 3338 707 3410 disrupit,
742 3344 960 3392 etcum
996 3350 1165 3391 manu
1198 3337 1387 3391 valida
1437 3336 1507 3390 ad
1548 3337 1761 3391 Urbem
1811 3337 2079 3406 tendens,

431 3427 799 3484 Anthemium
819 3424 933 3494 jam
960 3430 1169 3494 quarto
1191 3439 1339 3481 anno
1362 3428 1700 3493 regnantem
1724 3425 1959 3491 occidit,
1981 3424 2081 3480 sed

429 3530 542 3571 non
576 3514 673 3570 diu
705 3514 775 3569 de
811 3512 1048 3584 perﬁdia
1074 3527 1172 3568 sua
1196 3512 1429 3568 laetatus
1447 3517 1535 3569 est
1563 3531 1577 3580 ;
1604 3527 1732 3567 nam
1756 3518 1889 3583 post
1930 3529 2087 3569 men-

429 3618 553 3662 sem
587 3602 835 3659 tercium
865 3586 1261 3671 eicrueiatus,
1298 3600 1578 3671 languore
1628 3601 1870 3656 interiit.
1926 3604 2085 3658 inter

430 3693 555 3749 haec
589 3691 847 3746 Olibrius
878 3706 905 3745 a
956 3691 1140 3744 Leone
1192 3694 1442 3758 augusto
1492 3690 1704 3745 missus
1756 3690 1825 3745 ad
1870 3691 2080 3745 Urbem

429 3779 612 3849 venit,
646 3779 896 3848 vivoque
919 3777 1107 3832 adhuc
1131 3777 1457 3847 Anthemio,
1488 3778 1703 3846 regiam
1727 3777 1975 3849 adeptus
2002 3779 2084 3834 di-

426 3868 732 3939 gnitatem,
766 3865 1101 3935 Placidiam,
1136 3864 1524 3920 Valentiniani
1557 3865 1839 3937 principis
1868 3872 2078 3935 natam,

431 3956 598 4013 duxit
631 3970 888 4012 uxorem.
926 3954 1031 4020 Qui
1064 3970 1194 4009 cum
1228 3959 1450 4023 septem
1500 3969 1727 4009 menses
1778 3955 2080 4026 imperium

426 4045 738 4102 tenuisset.
776 4049 966 4099 morte
983 4043 1215 4115 propria
1244 4044 1437 4099 Romae
1463 4043 1777 4101 defunctus
1802 4050 1911 4100 est.
1938 4047 2083 4101 Post

427 4134 596 4204 cujus
624 4139 869 4190 mortem
904 4133 1163 4189 Licerius
1194 4132 1348 4203 apud
1379 4133 1710 4188 Ravennam
1763 4134 2082 4205 imperator

429 4223 622 4281 factus
644 4226 767 4291 est;
793 4224 892 4278 sed
918 4237 1066 4278 anno
1091 4221 1357 4291 sequenti
1374 4222 1611 4278 veniens
1646 4237 1776 4278 cum
1813 4223 2078 4280 exercitu

426 4313 619 4384 Nepos
644 4312 953 4384 patricius,
980 4310 1282 4381 Nepotiani
1304 4310 1480 4379 ﬁlius,
1508 4311 1789 4368 Licerium
1826 4312 2071 4384 expulit,
2105 4315 2161 4376 D

428 4401 675 4473 ipseque
709 4415 944 4457 sumens
974 4399 1303 4471 imperium,
1336 4400 1498 4456 illum
1522 4401 1577 4456 in
1603 4401 1808 4458 Salona
1838 4403 2076 4459 civitate

429 4490 737 4546 Dalmaciae
768 4490 1060 4546 ordinavit
1090 4489 1426 4560 episcopum
1460 4491 1555 4560 (cf.
1587 4492 1799 4562 Jonn.).
1834 4494 1932 4562 (Η.
1974 4494 2076 4563 m.)

428 4580 510 4637 Eo
539 4583 806 4650 tempore
837 4577 1081 4633 Euricus
1113 4577 1265 4648 apud
1288 4577 1588 4634 Tholosam
1631 4594 1808 4651 super
1840 4581 2081 4650 Wisigo-

431 4668 565 4724 thos
589 4667 877 4738 regnavit,
904 4666 1060 4723 ﬁlius
1082 4667 1400 4738 Teoderici,
1418 4667 1657 4738 quicum
1677 4670 1851 4725 Aecio
1875 4675 2076 4727 contra

434 4755 673 4814 Attilam
708 4770 974 4828 pugnans
1001 4755 1291 4812 occubuit.

2334 3040 2451 3093 'D?
2480 3040 2537 3092 Ε.
2574 3038 2712 3093 add.
2744 3058 2756 3091 :
2792 3038 2892 3093 Hic
2925 3037 3260 3108 dampnavit
3311 3036 3546 3108 Petrum
3598 3033 3860 3108 Alexan-

2404 3110 2636 3165 drinum
2678 3110 3037 3180 episcopum,
3062 3106 3404 3166 'Euticiante
3450 3106 3679 3162 heresis
3718 3119 3862 3161 con-

2403 3180 2643 3236 victum.
2678 3195 2753 3236 ex
2779 3180 2982 3250 Sigeb.
3040 3226 3047 3235 .

2264 3276 2315 3327 8.
2352 3272 2458 3341 (Η.
2490 3274 2593 3339 m.)
2629 3272 2692 3338 A,
2726 3272 2787 3323 D.
2822 3273 2942 3323 467.
2976 3268 3174 3324 Pictor
3207 3268 3438 3338 quidam
3470 3281 3601 3322 cum
3652 3264 3859 3341 Salva-

2195 3338 2379 3406 torem
2415 3338 2651 3420 pingere
2684 3350 3135 3420 presumpsisset
3169 3347 3485 3404 secundum
3512 3338 3859 3401 similitudi-

2195 3445 2321 3486 nem
2344 3432 2519 3500 Jovis,
2547 3432 2801 3485 arefacta
2826 3434 2913 3484 est
2940 3444 3140 3483 manus
3157 3427 3320 3497 ejus;
3348 3440 3517 3496 quem
3539 3429 3853 3496 peccatum

2195 3526 2359 3568 suum
2389 3511 2723 3566 confessum
2756 3509 2980 3565 sanavit
3003 3507 3333 3563 Gennadius
3363 3506 3678 3576 cpiscopus
3711 3505 3867 3559 Con-

2196 3598 2775 3669 stantinopolitanus.

2264 3684 2315 3734 9.
2354 3684 2416 3734 A.
2452 3682 2514 3734 D.
2550 3682 2671 3733 468.
2702 3678 3041 3733 Translatus
3090 3680 3199 3731 estc
3229 3674 3382 3746 apud
3436 3670 3852 3727 Alexandriam

2194 3761 2459 3818 Heliseus
2482 3761 2767 3831 propheta
2794 3758 2845 3812 in
2864 3753 3457 3812 monasteriumPauli
3482 3752 3722 3823 leprosi,
3750 3751 3852 3820 qui

2196 3843 2489 3914 leprosum
2523 3839 2769 3907 sanavit,
2806 3842 2865 3893 et
2897 3838 3191 3908 leprosum
3228 3835 3384 3903 fecit,
3418 3838 3475 3889 et
3508 3833 3564 3888 in
3605 3845 3672 3886 ea
3719 3845 3850 3901 qua:

2195 3922 2406 3993 leprosi
2438 3924 2603 3975 erant
2636 3918 2960 3974 translatus
2993 3921 3104 3973 est.

2335 4094 2356 4113 '
2378 4091 2421 4144 D
2444 4090 2467 4143 ?
2490 4090 2548 4143 E.
2585 4086 2723 4143 add.
2764 4104 2775 4139 :
2806 4086 3121 4139 Mamertus
3140 4084 3203 4137 V.
3231 4097 3280 4137 ο.
3307 4098 3356 4137 c.
3385 4097 3440 4152 q.
3468 4080 3505 4135 l.
3532 4094 3583 4134 a.
3611 4093 3662 4152 a.
3687 4078 3747 4152 d_.
3770 4077 3844 4152 ob

2407 4158 2797 4215 imminentem
2847 4156 3068 4212 cladem
3119 4148 3518 4210 instituitfeav
3553 4148 3777 4221 Sigeb._
3813 4150 3847 4201 4

2404 4236 2498 4285 --1
2516 4236 2563 4286 l.
2612 4229 2799 4285 add.:
2852 4229 3163 4283 Mamertus
3212 4222 3555 4281 Viennensis
3611 4219 3682 4254 ’δ’
3730 4219 3847 4277 cla-

2404 4302 2541 4371 ruit,
2576 4314 2651 4356 ea:
2668 4298 2874 4370 Sigeb.

2263 4400 2346 4450 11.
2382 4393 2447 4446 Α.
2482 4392 2544 4445 D.
2575 4390 2814 4444 47Ο.¹’1.

2331 4477 2353 4497 ⁸
2384 4474 2433 4543 1)
2469 4477 2551 4526 10.
2587 4474 2671 4543 tl.
2716 4467 2855 4543 add:
2883 4485 2906 4543 _:
2961 4466 3165 4543 Basina
3209 4464 3409 4543 regina
3456 4461 3847 4543 Turingorum

2403 4534 2740 4619 repudiato,
2772 4538 3080 4619 llilderico,
3126 4537 3255 4619 quia
3288 4534 3394 4616 7“”?
3440 4534 3844 4619 potentioret

2404 4604 2591 4670 dicier
2640 4604 2769 4681 fuit,
2817 4610 2872 4665 in
2927 4604 3199 4679 conjugio
3228 4622 3313 4681 se
3346 4604 3567 4681 juuxit.
3624 4604 3847 4659 Verum

2401 4686 2463 4740 in
2495 4684 2679 4759 prima
2712 4679 2884 4738 necte
2914 4681 3059 4759 dixit
3092 4682 3156 4759 ei
3181 4680 3291 4738 :Mi
3321 4679 3570 4759 (terniue,

2404 4745 2643 4815 cm‘nbas
2672 4767 2914 4823 mecum,
2935 4753 3114 4810 donec
3134 4753 3201 4811 in
3218 4752 3439 4810 somnis
3459 4745 3705 4822 aliquid
3724 4745 3848 4804 tibi

1308 4921 1335 4937 “
1791 4898 2028 4958 VARle
2069 4897 2467 4960 LECTIONES.

494 5001 564 5080 9”
592 5018 648 5060 v.
684 5002 751 5060 Μ.
786 5001 936 5081 inut;
966 5000 1155 5081 ρρμΕι2
1187 5001 1392 5081 eadem
1417 5018 1601 5081 meite}
1626 5009 2035 5081 superscripta
2061 5010 2241 5077 sunt;
2269 5008 2337 5081 M.
2371 5022 2423 5061 v.
2460 5005 2578 5062 des.
2613 5006 2665 5059 4.
2701 5007 2749 5058 ti.
2774 5006 2863 5081 .90.
2902 5005 3096 5081 10.11.
3121 4995 3563 5081 'f‘themioine

426 5070 735 5154 Ἦλθον,
771 5080 819 5131 1.
856 5074 923 5108 ⁸⁸⁸
954 5070 1201 5154 466η1δ.
1227 5079 1277 5130 5.
1314 5076 1412 5131 Ε1.
1442 5075 1511 5109 ⁹⁹⁹
1542 5077 1605 5134 V.
1638 5070 1955 5152 episcopus
1989 5082 2087 5154 qui
2118 5070 2368 5139 letanias
2396 5080 2530 5134 ante
2561 5074 2960 5134 ascensionem
3009 5072 3236 5130 Domini
3292 5070 3549 5127 instituit
3601 5070 3687 5122 10.
3744 5071 3839 5121 11.

432 5144 526 5179 ¹⁰⁰⁰
553 5145 667 5203 Leo
689 5144 756 5188 -'—
780 5147 1049 5218 regnavit
1075 5146 1146 5206 in
1177 5148 1295 5205 loco
1321 5159 1461 5206 raso
1490 5154 1540 5205 1.

2016 5276 2239 5336 NOTAE.

529 5376 654 5449 228)
687 5377 754 5449 In
780 5378 1135 5436 Francorum
1156 5392 1356 5449 regum
1375 5379 1707 5438 nominibus
1729 5381 2078 5441 adnotandis

439 5446 600 5520 Ekk.,
635 5446 757 5520 qui
787 5449 914 5509 haec
940 5446 1402 5512 secundis'curis
1428 5451 1660 5526 adjecit,
1704 5468 1816 5512 non
1864 5454 2079 5528 ubique

2188 5399 2321 5441 cum
2356 5382 2546 5441 Gestis
2574 5384 2923 5440 Francorum
2947 5381 3244 5454 convenit,
3278 5380 3381 5454 sed
3405 5379 3584 5439 alium
3632 5391 3842 5453 quem-

2193 5454 2324 5518 dam
2352 5470 2553 5528 regum
2584 5454 2913 5530 catalogum
2942 5451 3501 5516 habuisse'videtur.
