3992 6062
160 214 304 282 .777

1050 208 1492 278 CHRONICA.
1536 250 1614 263 -
1658 208 2139 281 CHRONICON
2181 211 2730 281 UNIVERSALE.

3476 219 3594 283 ⁸7⁸78

395 348 1022 431 videasprofataram.
1056 348 1154 431 ille
1174 349 1577 431 consentiens,
1601 349 1752 407 vidit
1775 349 1830 431 in
1864 355 1917 416 Α
1948 349 2108 408 ricus
2140 367 2243 407 rex
2276 350 2780 426 Ostrogotharum,
2817 353 3194 427 permittente
3237 354 3468 413 Zenone
3496 372 3593 415 au-

398 419 633 479 somnis
652 419 875 477 leonem
910 419 1224 492 inipalacio
1257 419 1656 491 deambula’re,
1679 422 1832 492 quod

398 493 787 565 interpretata
819 495 928 561 est,
968 491 1175 565 fortem
1210 506 1283 565 se,
1305 492 1494 565 tilium
1526 491 1829 563 generare.

400 563 573 630 Quod
598 568 655 618 et
691 564 907 619 factum
937 564 1047 619 est.
1085 564 1220 618 Nam
1257 563 1605 619 Clodovcum
1647 564 1832 620 virum

400 634 866 707 potentissimum
890 633 1111 703 genuit.
1137 635 1217 707 cf.
1234 635 1480 707 Fredeg.
1498 635 1638 693 hist.
1657 635 1836 707 epita-

394 706 567 763 inata
595 718 642 762 ο.
677 709 763 760 12.

260 818 344 869 16.
383 812 551 882 (σΙιφ.
596 812 704 882 W.)
737 814 802 867 Α.
836 813 898 866 D.
953 814 1072 867 475.
1128 812 1239 868 Leo
1289 811 1380 846 ¹⁰⁰¹
1424 814 1616 870 senior
1646 813 1833 880 obiit;

185 916 295 973 pro
327 916 442 973 quo
472 903 580 957 Leo
605 899 805 970 junior
845 900 1047 970 paucis
1077 901 1374 958 mensibus
1408 903 1688 973 regnavit.

184 991 333 1047 Anni
359 990 623 1047 Zenonis.

261 1086 309 1136 1.
371 1083 534 1136 Anno
582 1079 886 1135 dominicas
936 1079 1355 1137 incarnationis
1404 1083 1553 1151 476°,
1603 1097 1633 1138 a
1685 1083 1836 1138 Urbe

190 1183 337 1225 vero
359 1167 592 1225 condita
625 1166 936 1223 millesimo
966 1170 1119 1237 227°,
1142 1168 1311 1239 Zeno,
1327 1183 1542 1239 genere
1577 1171 1834 1240 Isaurus,

182 1270 367 1327 gener
400 1256 604 1313 Leonis
634 1256 1031 1327 imperatoris,
1067 1255 1552 1328 quinquagesimo
1597 1256 1725 1315 loco
1764 1260 1838 1315 ab

187 1347 457 1415 Augusto
518 1344 769 1415 adeptus
838 1344 1142 1415 imperium
1209 1345 1519 1415 orientale,
1571 1346 1836 1416 regnavit

183 1434 357 1489 annis
388 1436 471 1489 16.
500 1431 880 1489 Occidentale
910 1447 1050 1488 vero
1082 1433 1387 1505 imperium
1419 1435 1614 1491 Romae
1648 1435 1838 1491 tenuit

185 1523 395 1595 Nepos.
433 1522 533 1593 (H.
566 1524 671 1594 τη.)
705 1520 887 1588 Quem
922 1522 1163 1579 Orestes
1204 1523 1485 1595 patricius
1536 1524 1607 1580 de
1659 1538 1839 1594 regno

185 1610 569 1683 proturbans,
596 1609 985 1681 Augustulum
1013 1610 1191 1667 filium
1224 1626 1388 1668 suum
1421 1612 1835 1684 imperatorem

186 1698 349 1769 fecit,
401 1699 789 1770 sequentique
846 1714 997 1756 anno
1057 1715 1188 1757 cum
1236 1714 1373 1771 rege
1426 1700 1835 1759 Wandalorum
1867 1725 1919 1784 Β

180 1787 487 1845 Geiserico
517 1787 704 1845 foedus
730 1788 960 1845 statuit.

260 1878 404 1934 Dum
435 1877 557 1934 haec
587 1878 785 1934 Romae
814 1882 1122 1949 geruntur,
1158 1878 1439 1949 Odoacar,
1469 1893 1684 1949 genere
1725 1881 1838 1937 Ru-

1946 446 2144 510 gusto,
2180 440 2404 497 Italia'm
2440 457 2819 514 possessurus
2851 442 3109 500 intravit.
3140 444 3301 510 Quod
3336 446 3590 517 qualiter

1948 530 2258 600 sitae-tum,
2275 532 2547 602 superius
2564 530 2674 601 legi
2695 535 2885 603 potest
2904 532 2956 587 in
2975 532 3236 603 bystoria
3251 534 3588 591 Gothorum.

1946 618 2095 674 Zeno
2112 619 2307 689 itaque
2322 619 2755 689 augustusdum
2771 620 3103 691 praefuisset
3120 621 3394 677 orientali
3414 637 3592 692 regno

1946 705 2112 761 annis
2143 709 2227 775 17,
2255 705 2390 762 vitae
2424 705 2737 762 terminum
2768 708 3016 780 accepit.
3046 707 3224 777 Cujus
3250 709 3430 764 frater
3455 710 3596 766 Lon-

1945 794 2118 864 ginus
2149 793 2452 866 imperium
2486 800 2778 867 temptans
2807 796 3101 866 invadere,
3129 798 3200 853 ab
3225 797 3475 867 Ariagne
3508 813 3594 854 re-

1948 883 2155 955 pulsus
2185 888 2295 954 est,
2320 888 2379 939 et
2409 884 2757 941 Anastasius
2786 883 3148 940 silentiarius
3183 901 3285 958 per
3315 886 3441 956 ejus
3466 902 3595 943 sua-

1948 988 2075 1029 sum
2108 973 2179 1028 ab
2207 973 2360 1028 omni
2394 977 2599 1029 senatu
2629 977 2686 1029 et
2712 973 2925 1045 populo
2950 973 3207 1045 eligitur,
3236 974 3593 1047 indutusque

1950 1076 2228 1133 purpura,
2252 1061 2511 1117 eamdem
2545 1063 2892 1131 Ariagnnem
2933 1063 2987 1117 in
3021 1063 3292 1133 conjugio
3321 1065 3571 1121 sortitur

2162 1151 2203 1225 D
2224 1151 2247 1203 ?
2268 1150 2338 1205 E.
2358 1149 2533 1225 add._:
2560 1150 3458 1225 Acephalorumhcresis‘exorta
3483 1161 3593 1225 est,

2166 1220 2608 1293 inpugnantium
2641 1220 2749 1277 tria
2783 1220 3039 1293 capitula
3072 1221 3275 1291 synodi
3323 1223 3570 1280 Calcedo

2164 1291 2359 1365 nensis
2394 1292 2566 1365 “sine
2636 1291 2869 1365 nomine
2940 1293 3246 1365 auctoris;
3306 1294 3380 1349 ob
3438 1310 3554 1365 quo

2168 1361 2452 1434 accphali,
2488 1363 2545 1418 id
2575 1368 2664 1419 est
2698 1363 2823 1420 sine
2869 1364 3083 1436 capite,
3115 1369 3253 1420 sunt
3303 1361 3516 1423 vocati.

2020 1451 2071 1502 2.
2109 1450 2271 1506 Anno
2300 1451 2605 1509 dominicae
2639 1452 3060 1509 incarnationis
3096 1455 3216 1509 477.
3256 1453 3413 1509 Felix
3447 1470 3593 1528 papa

1951 1536 2472 1609 quinquagesimus
2505 1540 2660 1596 sedit
2687 1541 2853 1597 annis
2884 1544 2934 1597 8.

2366 1629 2504 1686 add.
2545 1649 2556 1683 :
2589 1630 2693 1687 Hic
2722 1630 3028 1686 Achatium
3058 1662 3127 1670 —
3156 1629 3486 1703 dampnato.
3519 1647 3595 1691 ea:

2214 1716 2238 1757 ι
2352 1742 2365 1755 .
3279 1752 3287 1758 .

2214 1716 2365 1757 1060.

2021 1791 2071 1842 3.
2101 1786 2270 1857 (0hr.
2309 1789 2417 1860 W.)
2449 1791 2511 1844 Α.
2550 1792 2612 1845 D.
2639 1793 2762 1846 478.
2789 1790 3053 1848 Odoacar
3081 1792 3306 1849 Italiam
3332 1792 3592 1850 intravit.

2021 1878 2072 1931 4.
2108 1877 2170 1931 Α.
2206 1878 2272 1932 D.
2306 1880 2426 1934 479.
2463 1880 2689 1949 Corpus
2722 1881 2998 1936 Barnabas
3058 1881 3311 1952 apostoli
3341 1886 3397 1938 et
3426 1897 3600 1940 evan~

181 1980 321 2038 gus,
354 1964 853 2037 Thurcilingorum
911 1970 970 2023 et
1018 1968 1324 2039 Scyrorum
1373 1968 1837 2040 Herulorumque
1947 1963 2161 2035 gelium
2195 1965 2402 2025 Matbei
2433 1966 2682 2039 apostoli
2715 1967 2854 2024 stilo
2877 1968 3064 2040 ipsius
3085 1969 3370 2042 scriptum
3404 1971 3569 2028 inven

186 2055 386 2113 turbis
414 2055 619 2127 fretus,
640 2056 710 2112 ab
732 2057 1014 2113 extremis
1036 2058 1345 2114 Pannonia)
1379 2057 1592 2115 ﬁnibus
1614 2057 1836 2114 Italiam
1950 2059 2071 2111 tum
2102 2059 2213 2111 est.
2252 2057 2273 2079 ‘
2306 2063 2329 2112 1
3044 2085 3055 2095 η

184 2145 519 2203 contendit.
547 2143 656 2211 Qui
680 2145 814 2201 dum
848 2146 1035 2202 adhuc
1069 2161 1170 2218 per
1198 2146 1538 2203 Noricorum
1573 2160 1708 2203 rura
1738 2146 1836 2203 du-

180 2237 353 2291 ceret
385 2233 733 2303 exercitum,
767 2234 1004 2303 cognita
1038 2235 1187 2291 fama
1219 2235 1376 2293 servi
1406 2235 1506 2292 Dei
1554 2233 1835 2304 Severini,

180 2322 288 2394 qui
308 2320 577 2379 illistunc
592 2321 842 2392 degebat
857 2323 913 2379 in
938 2323 1105 2393 locis,
1122 2324 1194 2380 ad
1216 2338 1347 2381 eum
1373 2323 1839 2380 benedictionem

179 2411 487 2485 petiturus
508 2410 779 2467 accessit.
799 2410 928 2480 Qui,
946 2411 1357 2469 benedictione
1372 2415 1668 2484 percepta,
1684 2425 1844 2482 egre-

182 2502 360 2559 diens
391 2515 421 2556 a
452 2498 687 2569 cellula,
722 2499 856 2556 dum
890 2505 1068 2572 caput
1100 2500 1433 2571 inclinaret,
1459 2515 1530 2557 ne
1564 2500 1842 2571 impinge-

183 2593 305 2658 ret,
339 2603 409 2646 eo
441 2587 595 2660 quod
628 2602 891 2660 procerae
924 2593 1169 2646 statum
1199 2593 1377 2659 esset,
1403 2603 1433 2644 a
1466 2589 1567 2645 Dei
1597 2589 1724 2645 viro
1759 2588 1842 2644 fu-

180 2684 458 2736 turorum
489 2678 722 2750 prescio
753 2678 974 2735 audivit
1009 2698 1020 2733 :
1069 2678 1225 2735 Vade
1262 2692 1420 2736 nunc
1455 2678 1538 2736 ad
1563 2677 1836 2749 Italiam,

185 2768 482 2838 Odoacar,
496 2768 650 2824 vade
658 2767 982 2825 vilissimis
996 2767 1239 2824 interim
1258 2767 1662 2825 animantium
1670 2766 1841 2839 pelli-

183 2857 296 2915 bus
307 2856 1109 2928 indatus,multiscitoplara
1134 2855 1488 2928 largitm'us.
1507 2857 1639 2911 Haec
1660 2855 1838 2911 verba

182 2947 388 3004 exitus
409 2959 546 3002 vera
583 2944 849 3017 probavit
880 2962 895 3011 ;
929 2959 1058 3000 nam
1092 2944 1460 3016 postmodum
1486 2959 1591 3016 per
1612 2957 1837 3000 omnem

182 3033 416 3092 Italiam
447 3033 735 3104 regnavit.
774 3034 1045 3103 Ingresso
1076 3034 1258 3104 igitur
1296 3033 1517 3090 Italiam
1552 3032 1839 3090 Odoacari

184 3213 378 3272 currit
406 3231 419 3280 ;
454 3211 557 3269 sed
588 3211 795 3269 videns
826 3211 1186 3269 multitudini
1216 3216 1396 3269 tantae
1425 3226 1488 3268 se
1521 3226 1630 3268 non
1666 3226 1839 3284 posse

184 3302 494 3372 resistere,
530 3301 680 3356 intra
712 3300 994 3372 Ticinum,
1030 3315 1158 3372 quae
1192 3315 1339 3358 nunc
1373 3300 1549 3372 Papia
1598 3301 1834 3370 dicitur,

185 3406 249 3450 se
283 3390 552 3463 trepidus
582 3388 840 3446 inclusit.
866 3390 1117 3447 Veniens
1139 3394 1331 3447 autem
1355 3389 1648 3469 Odoacar,
1660 3404 1840 3461 expu-

183 3485 425 3553 gnatam
483 3478 685 3536 urbem
738 3480 999 3549 intravit,
1045 3478 1235 3535 omnia
1291 3478 1513 3551 rapinis
1557 3478 1833 3549 vastavit,

185 3569 795 3641 comprehensumque
819 3569 1085 3625 Orestem
1099 3566 1295 3638 gladio
1311 3567 1633 3625 trucidavit
1649 3566 1839 3634 ;'inde-

184 3672 302 3731 que
334 3656 588 3729 dispersi
619 3657 855 3713 barbari
885 3671 1111 3713 omnem
1146 3656 1369 3713 Italiam
1401 3656 1525 3713 sine
1555 3656 1837 3713 tarditate

185 3763 298 3805 suo
314 3745 699 3804 subdiderant
717 3745 855 3816 juri.
884 3745 1149 3803 Odoacar
1171 3746 1367 3817 itaque
1391 3759 1707 3818 prosperos
1724 3744 1837 3801 sibi

184 3851 439 3895 cernens
471 3850 789 3892 successus
821 3849 1185 3905 accrescere,
1213 3835 1411 3892 statim
1444 3834 1661 3905 regiam
1694 3835 1838 3890 arri-

187 3927 318 4000 puit
334 3924 1076 3996 dignitatem;Augustulus
1088 3940 1228 3981 vero
1242 3938 1490 3981 cernens
1503 3924 1836 3980 universam

188 4014 419 4072 Italiam
450 4013 770 4071 Odoacaris
798 4013 1025 4070 viribus
1057 4012 1250 4083 subdi,
1292 4012 1636 4084 inopinabili
1678 4016 1837 4068 metu

188 4104 568 4179 perterritus,
604 4118 734 4160 cum
765 4103 863 4159 vix
894 4102 1162 4160 undecim
1187 4101 1485 4159 mensibus
1507 4116 1628 4158 rem
1650 4099 1840 4174 publi-

185 4208 318 4251 cam
340 4193 717 4263 obtinuisset,
737 4197 947 4264 sponte
971 4206 1285 4265 purpuram
1310 4191 1666 4248 miserabilis
1685 4190 1841 4262 abje-

187 4285 275 4341 cit
304 4286 363 4340 et
391 4281 749 4354 imperialem
797 4280 1161 4351 majestatem
1192 4280 1485 4352 deposuit.
1522 4281 1607 4336 Ita
1634 4280 1842 4337 Roma-

192 4387 333 4431 num
368 4371 672 4444 imperium
700 4374 829 4427 toto
851 4370 992 4427 orbe
1013 4369 1408 4427 venerandum
1429 4374 1489 4425 et
1511 4369 1841 4440 augustalis

189 4462 292 4519 illa
306 4459 658 4531 sublimitas,
677 4474 804 4532 quae
826 4461 900 4516 ab
922 4461 1186 4531 Augusto
1209 4459 1498 4530 quondam
1523 4458 1841 4516 Octaviano

189 4555 328 4608 709°
359 4563 389 4605 a
421 4548 655 4605 condita
687 4550 843 4605 Urbe
872 4563 1021 4605 anno
1051 4548 1251 4621 coepit,
1278 4547 1335 4604 in
1367 4548 1478 4604 hoc
1510 4547 1843 4618 Augustulo

190 4639 375 4713 periit
396 4653 546 4696 anno
570 4639 642 4695 ab
664 4639 817 4695 Urbe
837 4638 1070 4695 condita
1096 4636 1406 4693 millesimo
1418 4639 1571 4708 227°,
1588 4652 1618 4694 a
1634 4638 1843 4694 Cesare

191 4743 357 4799 vero,
385 4728 481 4800 qui
516 4727 738 4800 primus
772 4727 1127 4797 singularem
1148 4726 1204 4782 in
1231 4740 1299 4783 ea
1332 4726 1723 4799 principatum
1757 4740 1846 4782 ar-

192 4816 401 4891 ripuit,
459 4831 610 4874 anno
656 4818 807 4887 524°,
842 4817 914 4873 ab
962 4816 1364 4873 incarnatione
1412 4816 1639 4873 Domini
1697 4830 1845 4873 anno

191 4910 345 4964 4770.
373 4909 396 4931 *
417 4907 604 4978 Igitur
621 4904 849 4977 dejecto
873 4905 1215 4976 Augustulo,
1236 4905 1503 4964 Odoacar
1525 4908 1735 4964 Urbem
1763 4906 1848 4962 in-

194 5011 466 5068 gressus,
482 4994 669 5055 totius
695 4995 879 5055 Italiae
904 5009 1144 5068 regnum
1166 4999 1254 5054 est
1281 4994 1552 5070 adeptus,
1572 4995 1726 5069 quod
1740 5010 1846 5069 per

195 5090 265 5143 14
293 5100 478 5146 annos
509 5087 672 5147 nullo
703 5083 1066 5160 inquietante
1089 5086 1365 5158 obtinuit,
1387 5086 1569 5146 donec
1598 5086 1850 5146 Theode-

1869 3082 1918 3145 C
1967 3131 1979 3142 .

186 3124 390 3183 statim
421 3122 572 3196 apud
600 3122 846 3193 Liguriae
873 3123 1154 3179 terminos
1177 3123 1415 3180 Orestes
1438 3123 1722 3195 patricius
1744 3137 1839 3179 oc-
1869 3121 1918 3145 υ

2090 2147 2112 2168 "
2133 2145 2181 2215 1)
2212 2149 2297 2219 10.
2332 2145 2592 2219 “Ladd.
2631 2165 2643 2200 :
2679 2146 3007 2204 Clodoveus
3039 2148 3392 2219 Rothildem,
3421 2151 3594 2209 ﬁliam

2165 2216 2320 2304 regis
2348 2216 2751 2304 Allobrogum,
2779 2218 2877 2289 qui
2907 2216 3599 2304 nunc.Burg.undiappel-

2164 2287 2379 2357 lantur,
2407 2302 2625 2359 amans,
2646 2303 2776 2344 cum
2799 2287 3040 2360 propter
3071 2287 3315 2347 insidias
3340 2287 3596 2350 inimico-

2167 2372 2291 2413 rum
2323 2362 2526 2431 aperte
2557 2374 2668 2415 non
2707 2360 3166 2431 posset,occulte
3199 2376 3303 2431 per
3337 2365 3597 2420 Aurelia~

2160 2444 2295 2502 num
2330 2430 2555 2502 fidelem
2590 2430 2756 2487 suum
2781 2432 2890 2487 sub
2925 2430 3123 2487 habitu
3150 2430 3430 2502 perigrini
3456 2450 3595 2491 ann-

2165 2499 2281 2574 lum
2300 2501 2566 2574 mittens,
2584 2516 2716 2574 eam
2750 2499 3441 2574 desponsavitISed'cum
3473 2506 3596 2561 ﬁni-

2167 2572 2275 2654 bus
2298 2573 2646 2654 Durgundiae
2679 2572 3199 2654 appropinquaret,
3226 2575 3317 2629 his
3335 2576 3446 2654 qui
3468 2591 3594 2654 eam

2164 2643 2455 2717 ducebant
2470 2643 2943 2717 pe_rsuasit‘,ut'ex
2961 2650 3209 2717 utraque
3226 2643 3410 2717 parte,
3426 2652 3441 2701 1
3455 2653 3487 2704 2
3502 2649 3599 2704 mi-

2166 2711 2742 2787 liariaincendercnt,
2762 2711 3189 2787 deprzedarcnt,
3216 2711 3491 2786 quatinus
3506 2720 3597 2776 vel

2168 2799 2337 2841 unam
2377 2785 2692 2859 vindictam
2732 2785 3103 2859 conspiceret
3134 2785 3207 2842 de
3238 2787 3327 2844 his
3356 2791 3451 2859 qui
3483 2791 3594 2847 sibi

2165 2860 2390 2981 patrem
2423 2856 2781 2927 occiderant,
2818 2856 3082 2927 matrem,
3108 2871 3250 2915 saxo
3280 2859 3349 2913 ad
3375 2856 3596 2918 collum

2189 2927 2364 2981 igato.
2399 2942 2547 2981 aqua
2578 2929 3037 2981 submerserant.
3074 2930 3285 2981 fratres
3323 2931 3596 2981 exiliave-

2189 2927 2386 3008 igato,“
2396 2942 2547 3008 aqua
2578 2929 3037 3008 submerserant,
3074 2930 3285 3008 fratres
3323 2931 3597 2987 exiliave-

2165 3001 2319 3069 rant,
2354 2998 2784 3074 Sigisxnun‘dum
2810 3014 3013 3074 regem
3046 3001 3369 3074 patruelem
3403 3018 3592 3074 suum,

2165 3084 2507 3142 cumuxorc
2535 3072 2592 3124 et
2625 3069 2760 3126 ﬁliis
2807 3070 2862 3124 in
2913 3076 3149 3141 puteum
3203 3069 3590 3142 proiecerant.

2166 3138 2327 3213 Quod
2377 3140 2591 3213 factum
2641 3146 2753 3196 est.
2792 3138 2966 3213 Hunc
3011 3138 3253 3213 sanctus
3300 3138 3597 3213 Remigius

2165 3210 2504 3287 baptizavit,
2557 3215 2626 3267 30
2672 3212 2838 3267 annis
2888 3212 3172 3283 regnavit.
3216 3213 3310 3285 0f.
3348 3210 3591 3287 Μαῖρα.

2162 3280 2305 3339 hiat.
2340 3280 2573 3353 epitom.

2018 3375 2072 3428 8.
2103 3374 2168 3427 A.
2202 3373 2265 3426 D.
2301 3373 2423 3426 484.
2461 3370 2788 3428 Clodoveus
2826 3370 2935 3443 ¹⁰⁰²,
2974 3372 3248 3429 llilderici
3299 3375 3470 3444 filius,
3508 3392 3596 3433 re-

1946 3460 2146 3532 gnavit
2195 3461 2250 3516 in
2284 3460 2521 3517 Francia
2570 3460 2739 3517 annis
2787 3464 2872 3517 30.
2924 3462 3084 3519 Hunc
3133 3461 3225 3496 ¹⁰⁰³
3274 3464 3594 3534 baptizavit

1947 3554 2191 3607 sanctus
2222 3549 2539 3619 Remigius.

2018 3644 2077 3696 9.
2117 3641 2181 3695 A.
2216 3640 2280 3694 D.
2327 3640 2450 3695 485.
2496 3638 2761 3697 Gelasius
2800 3655 2950 3712 papa
2997 3643 3122 3697 ὕίυε
3174 3640 3387 3698 sedens
3426 3643 3594 3699 annis

1948 3731 2000 3801 4,
2034 3741 2214 3785 mens.
2249 3731 2302 3798 8,
2338 3727 2591 3786 decessit
2623 3732 2688 3784 13
2730 3729 2847 3784 Kal.
2880 3731 3181 3787 Decembr.
3217 3733 3238 3753 ‘

2089 3817 2487 3958 ‘Dsiiﬁbadd.
2531 3837 2543 3872 :
2592 3817 2694 3874 Hic
2751 3818 3099 3876 Manicheos.
3163 3851 3230 3860 --
3289 3820 3455 3877 fecit.
3521 3834 3597 3880 ea:

2020 3973 2104 4024 10.
2143 3967 2366 4040 (ΒευΑ.)
2400 3970 2463 4025 Α.
2514 3970 2576 4024 Ι).
2611 3972 2732 4025 486.
2770 3968 3092 4025 Hunericus
3144 3983 3245 4025 rex
3293 3970 3598 4028 Wandalo-

1949 4072 2096 4127 rum,
2162 4054 2315 4112 filius
2374 4056 2672 4128 Geiserici,
2723 4057 2854 4128 plus
2904 4072 3072 4128 quam
3123 4061 3227 4113 334
3282 4058 3595 4130 episcopos

1948 4143 2274 4202 catholicos
2325 4143 2608 4212 exiliavit,
2641 4144 2989 4217 quibusdam
3043 4145 3268 4215 linguas
3317 4147 3594 4220 abscidit,

1952 4234 2049 4306 qui
2082 4239 2271 4290 tamen
2305 4232 2719 4305 loquebantur,
2754 4247 2997 4304 quorum
3031 4234 3239 4291 beatus
3281 4235 3596 4305 Gregorius

1954 4324 2012 4379 in
2042 4321 2195 4379 libro
2226 4321 2597 4391 Dialogorum
2630 4321 2649 4392 (
2681 4322 2746 4394 li,
2782 4324 2871 4393 32)
2903 4321 3182 4378 meminit.

1869 4439 1924 4501 Β
2028 4414 2110 4467 14.
2146 4414 2211 4468 Α.
2245 4413 2308 4468 D.
2345 4414 2522 4501 589._'_

2099 4504 2120 4523 '
2156 4498 2546 4576 4—1}.-a_dd.
2586 4517 2599 4553 :
2636 4498 2839 4576 Avitus
2868 4498 2956 4533 ¹⁰⁰⁸
3000 4482 3344 4576 \[ienneusis
3375 4503 3601 4576 episco-

2170 4587 2279 4644 pus
2306 4570 2522 4626 Gallias
2551 4570 2864 4627 convertit.
2902 4584 2977 4628 θα)
3003 4572 3205 4644 Sigeb.

2026 4664 2109 4717 15.
2147 4661 2208 4716 A.
2239 4662 2302 4715 D.
2339 4661 2460 4716 490.
2492 4660 2516 4683 ί
2550 4659 2891 4716 Anastasius
2936 4675 3082 4733 papa
3137 4666 3263 4718 52‘13
3294 4663 3443 4719 sedit
3505 4678 3601 4720 an-

1952 4765 2088 4809 num
2122 4763 2320 4820 unum,
2356 4762 2536 4805 mens.
2572 4748 2790 4805 decem.

2093 4841 2226 4896 'D?
2252 4837 2390 4896 add.
2429 4857 2441 4893 :
2479 4837 2684 4895 Avitus
2717 4837 2780 4894 V.
2811 4853 2861 4894 e.
2900 4836 3117 4896 Gallias
3155 4840 3227 4896 ab
3259 4855 3309 4896 a.
3353 4840 3406 4895 h.
3445 4839 3500 4895 d.
3538 4845 3601 4897 et

2148 4910 2333 4968 libros
2363 4911 2435 4967 de
2463 4924 2520 4967 c.
2554 4924 2627 4967 m.
2655 4910 2899 4967 metrice
2930 4911 3277 4983 composuit.
3301 4925 3375 4967 ea:
3391 4912 3596 4983 Sigeb.

2027 5004 2110 5058 17.
2147 4998 2234 5072 [Α.
2267 5001 2338 5057 D.
2375 5001 2497 5056 492.
2528 4997 2640 5071 ίοοι]
2673 4998 3050 5071 Symmachus
3094 5012 3240 5071 papa
3289 5003 3415 5056 53‘“
3443 4999 3601 5058 sedit

1956 5088 2122 5148 annis
2163 5091 2249 5148 14.

1558 5186 1796 5246 VARUS
1835 5186 2236 5250 LECTIONES.

268 5310 362 5390 f°°f
396 5310 855 5390 Leo-frggnavit
883 5308 953 5390 in
982 5309 1103 5390 ιοσρ
1129 5315 1392 5390 τίκα-1.,
1433 5310 1523 5346 ²⁰⁰²
1555 5311 2251 5390 Clodoveus—Remigius
2277 5308 2398 5390 des.
2435 5315 2521 5390 10.
2549 5313 2766 5390 tum”
2799 5308 3355 5390 Hunc—Remigius
3384 5309 3503 5376 des.
3549 5315 3598 5376 4.

193 5381 441 5471 ἐξήρκει
468 5387 530 5471 ᾼίς
545 5381 851 5471 ,τούξ-ψτ
864 5384 947 5471 ξπ
972 5382 1096 5471 ea
1113 5383 1746 5471 Atlanteas/era
2063 5381 2468 5471 ,καί
2492 5386 2810 5471 cavimus.
2852 5388 3050 5471 ρνεηιο
3106 5381 3485 5471 milesia/et
3512 5390 3606 5448 εια

196 5461 249 5510 5.
284 5458 370 5513 9°.
372 5456 428 5527 ),
424 5454 665 5585 xposiea
688 5468 931 5539 auium,
952 5454 1401 5540 quinquin",
1419 5454 1522 5514 493
1549 5454 1620 5541 in
1644 5454 1750 5544 4.92
1776 5459 2055 5532 mutavit,
2089 5454 2521 5533 ideoque'ltanc
2550 5460 2773 5519 limam
2797 5454 3008 5531 erasit,
3030 5454 3328 5531 υενῡαᾷοιιε
3357 5454 3607 5534 S'ymma-

198 5528 420 5585 chus—
474 5528 543 5585 IV
570 5528 752 5585 malo
771 5527 1039 5585 mimus
1065 5540 1134 5585 ιη
1158 5526 1437 5585 margine
1462 5530 1930 5585 δαῆναι-491.
1979 5535 2030 5585 4.
2064 5533 2144 5585 In
2171 5532 2240 5585 E.
2281 5531 2404 5585 [me
2431 5531 2669 5585 ἀθηιηί.

198 5526 543 5586 chus—XIV
566 5528 752 5603 paulo
771 5526 1039 5600 infmia
1065 5527 1134 5586 in
1158 5526 1437 5600 margine
1462 5528 1930 5602 scripsit—7491.
1979 5526 2144 5592 L'Ia
2171 5526 2252 5589 Εἴ
2281 5531 2404 5592 hac
2431 5531 2669 5592 demat.

520 5625 781 5691 PATROL.
815 5624 1028 5690 CLIV.

3294 5630 3371 5692 25
