3992 6062
389 211 505 285 ’779

389 358 535 415 Anni
581 359 894 416 Anastasii.

458 457 510 504 1.
545 448 646 518 (Η.
675 451 770 521 It.)
805 451 968 506 Anno
1000 448 1302 506 dominica:
1337 447 1757 506 incarnationis
1779 451 1882 504 492
1912 445 2024 518 1°“,

387 537 558 593 [Trbis
597 542 788 593 autem
838 538 1090 594 condita:
1139 538 1446 593 millesimo
1494 541 1646 607 243°,
1685 535 2030 592 Anastasius

387 627 687 698 imperium
719 628 966 698 accepit,
993 632 1052 683 et
1069 631 1136 682 27
1169 626 1334 682 annis
1358 627 1646 696 regnavit,
1673 622 2032 696 quinquage-

383 716 530 771 simo
563 716 749 787 primo
779 715 909 772 loco
941 718 1012 772 ab
1044 717 1334 784 Augusto;
1371 714 1471 783 (Η.
1497 717 1601 786 m.)
1635 713 2033 770 Theodericus

385 819 523 860 vero
577 820 705 861 cum
753 805 956 861 Gothis
1001 805 1258 860 Romano
1309 803 1574 875 presedit
1627 803 1907 874 imperio;
1939 802 2029 858 hic

383 895 687 964 Arrianus,
707 893 802 948 illc
821 893 1202 950 Euthicianus
1219 891 2032 962 liereticusllistemporibus

382 997 582 1052 magna
617 981 907 1039 discordia
944 983 1091 1038 facta
1125 988 1218 1038 est
1251 982 1446 1038 Romae
1503 985 1743 1053 propter
1775 982 2031 1050 Symma-

380 1072 548 1127 chum
582 1076 640 1126 et
675 1071 1072 1138 Laurencium,
1110 1071 1457 1142 quibusdam
1500 1068 1856 1138 eligentibus
1889 1071 2030 1125 Lau-

380 1159 630 1216 rentium
665 1165 862 1232 preter
909 1159 1395 1216 consuetudinem
1445 1150 1856 1228 Romanorum,
1891 1157 2028 1214 aliis

379 1263 518 1306 vero
547 1249 798 1305 sanioris
829 1249 1057 1306 consilii
1107 1249 1508 1318 Symmachum
1553 1247 1879 1304 diaconum.
1914 1249 2028 1304 Pro

381 1351 492 1408 qua
522 1352 696 1394 causa
732 1339 882 1394 facta
905 1346 1040 1394 sunt
1065 1337 1244 1392 multa
1262 1337 1574 1392 homicidia
1597 1337 1792 1392 Romae
1813 1335 2027 1392 civnum

379 1426 785 1496 Romanorum,
817 1427 1162 1482 clericorum
1195 1427 1369 1482 etiam
1403 1429 1462 1481 et
1503 1425 1874 1480 sacerdotum
1926 1439 2029 1496 per

378 1516 504 1568 tres
525 1513 763 1569 circiter
777 1527 976 1583 annos,
993 1529 1178 1584 usque
1203 1528 1317 1583 quo
1337 1511 1729 1568 Theodericus
1753 1511 2028 1582 princeps

378 1601 613 1656 Romam
646 1603 842 1666 venit;
877 1603 974 1672 qui
1007 1602 1268 1671 quamvis
1299 1601 1580 1656 Arrianus
1608 1605 1788 1670 esset,
1823 1600 2025 1655 habito

1561 217 2042 288 EKKEHARDI
2086 219 2508 287 UHAUGIEA
2519 223 2644 287 SlS

2063 362 2115 420 Α
2147 357 2282 430 dum
2319 358 2372 414 in
2401 357 2616 429 heresi,
2653 372 2766 430 qua
2815 353 3082 428 dilapsus
3115 356 3323 428 fuerat,
3361 364 3793 431 perseveraret,

3673 215 3797 286 780

2148 447 2416 504 Ormisda
2451 461 2618 519 papa,
2650 445 2969 518 Symmachi
3001 461 3329 516 successor,
3361 447 3516 503 misit
3559 449 3629 504 ad
3659 463 3794 504 eum

2145 537 2467 594 Ennodium
2493 536 2848 592 Ticinensem
2880 535 3215 606 episcopum
3253 550 3384 591 cum
3417 535 3547 592 aliis
3593 538 3796 592 esthoc

2143 625 2297 696 licis,
2333 631 2396 682 ut
2427 640 2558 681 eum
2589 623 2941 680 reducerent
2985 622 3056 679 ad
3104 623 3364 693 regulam
3417 624 3546 680 ﬁdei
3592 627 3796 681 catho-

2142 713 2289 783 licae,
2309 714 2412 771 sed
2435 713 2536 771 ille
2558 727 2670 769 non
2694 711 2882 768 solum
2907 711 3120 767 monita
3143 726 3344 768 eorum
3361 712 3622 769 salubria
3636 729 3794 785 spre-

2140 803 2246 873 vit,
2275 815 2475 858 verum
2507 801 2683 858 etiam
2712 816 2742 857 a
2774 799 3192 871 conspectibus
3216 799 3338 857 suis
3361 815 3471 856 non
3496 800 3620 857 sine
3643 801 3792 871 inju-

2141 891 2228 946 ria
2259 891 2506 962 expulit,
2530 891 2780 961 naviquc
2807 893 2992 946 Veteri
3023 889 3332 960 fragilique
3364 890 3690 962 impositos,
3717 905 3790 946 ne

2141 979 2363 1051 uspiam
2381 995 2482 1052 per
2496 985 2679 1036 totam
2696 979 2955 1035 Greciam
2972 977 3270 1036 civitatem
3283 977 3460 1035 ullam
3475 979 3785 1049 intrarent,

2139 1068 2422 1139 precepit.
2467 1067 2646 1134 Quam
2700 1067 2828 1138 ejus
2877 1066 3108 1136 impiam
3159 1067 3550 1122 temeritatem
3591 1067 3788 1124 divina

2142 1171 2271 1212 mox
2294 1155 2442 1212 ultio
2463 1157 2775 1213 subsecuta
2792 1160 2904 1211 est.
2924 1156 3060 1210 Nam
3084 1169 3216 1211 cum
3240 1160 3309 1212 27
3331 1155 3559 1226 imperii
3583 1160 3786 1226 ageret

2139 1258 2374 1315 annum,
2437 1249 2706 1302 mortuus
2763 1247 2873 1300 est.
2937 1242 3181 1309 Quidam
3237 1257 3378 1300 vero
3423 1244 3606 1314 aiunt,
3633 1243 3787 1314 quod

2139 1332 2380 1388 fulmine
2410 1347 2722 1405 percussus
2761 1331 2857 1388 sit.

2209 1423 2258 1476 4.
2295 1420 2461 1491 (0hr.
2513 1422 2619 1493 W.)
2669 1423 2732 1476 A.
2780 1421 2843 1474 D.
2898 1422 3018 1475 495.
3080 1418 3470 1476 Theodericus
3527 1419 3786 1476 Odoaca-

2138 1524 2258 1564 rem
2291 1509 2609 1580 interemit,
2634 1515 2694 1564 et
2721 1509 2848 1580 ipse
2880 1507 3216 1564 Occidentis
3245 1522 3487 1577 regnum
3519 1511 3580 1563 31
3613 1509 3784 1564 annis

2137 1597 2344 1654 tenuit.

377 1694 568 1745 tamen
601 1691 840 1761 synodo,
875 1691 1272 1760 Symmachum
1320 1689 1656 1760 episcopum
1705 1689 1899 1744 Romae
1933 1689 2026 1744 ﬁr-
2055 1717 2107 1775 Β
2153 1692 2258 1775 η7.
2309 1689 2374 1742 Α.
2410 1687 2490 1775 7D.
2533 1688 2664 1775 408.
2711 1685 3143 1775 Trasamundus
3190 1699 3293 1775 rex
3347 1684 3778 1775 Wandalorum,

379 1777 576 1846 mavit,
593 1777 964 1832 Laurentium
991 1792 1126 1832 vero
1151 1777 1204 1831 in
1229 1775 1470 1832 civitate
1495 1775 1780 1831 Nucerina
1804 1775 2026 1845 episco-

381 1879 513 1936 pum
545 1864 724 1920 locari
761 1867 1041 1936 precepit.
1079 1864 1184 1930 Qui
1217 1871 1412 1920 tamen
1447 1864 1609 1921 nullo
1650 1869 1818 1936 pacto
1864 1864 2027 1934 quie-

375 1967 566 2023 scens,
592 1953 695 2008 sed
728 1955 1052 2010 scdiciones
1085 1968 1472 2022 commovens,
1501 1968 1531 2008 a
1557 1953 1894 2024 Symmacho
1928 1953 2025 2008 de-

379 2043 614 2114 ponitur
644 2047 703 2097 et
735 2043 790 2098 in
821 2043 1056 2099 exilium
1104 2042 1442 2098 Dalmatiam
1477 2041 1750 2098 mittitur.
1785 2044 1807 2066 "

517 2133 539 2154 "
562 2131 648 2186 D?
679 2131 739 2188 E.
783 2132 922 2188 add.
957 2133 1069 2188 Pro
1100 2131 1270 2200 cujus
1299 2163 1363 2171 —
1394 2130 1646 2186 excelsis
1697 2129 2016 2186 decantari.

585 2216 660 2258 ex
687 2203 889 2273 Sigeb.

443 2291 658 2348 Eodem
719 2295 982 2363 tempore
1029 2289 1478 2360 Trasamundus,
1514 2289 1790 2346 Geiscrici
1841 2289 2014 2360 ﬁlius,

375 2378 474 2448 qui
500 2377 618 2448 jam
640 2392 818 2449 super
840 2378 1154 2434 Wandalos
1173 2377 1458 2448 regnavit,
1486 2382 1726 2434 secutus
1750 2377 1934 2448 patris
1958 2380 2016 2431 et

373 2466 572 2522 fratris
603 2465 930 2538 perﬁdiam,
953 2465 1250 2523 aecclesias
1279 2467 1379 2522 Dei
1410 2465 1648 2536 clausit,
1675 2472 1735 2522 et
1763 2469 1869 2522 220
1899 2463 2018 2535 epi-

368 2569 580 2628 scopos
612 2557 666 2612 in
699 2556 1022 2612 Sardiniam
1053 2555 1340 2624 exiliavit,
1373 2555 1586 2625 quibus
1627 2555 1834 2610 beatus
1867 2554 2018 2626 Sym-

369 2645 610 2702 machus
642 2659 786 2716 papa
815 2645 1132 2702 cottidiana
1167 2643 1431 2700 subsidia
1467 2643 1840 2699 ministravit.

440 2735 598 2789 Inter
624 2733 729 2788 has
755 2736 1142 2804 tempestates
1179 2733 1388 2788 beatus
1421 2731 1758 2800 Fulgentius
1790 2729 2014 2801 episco-

368 2837 477 2894 pus
506 2821 562 2877 in
593 2821 958 2878 confessione
996 2821 1128 2877 ﬁdei
1159 2825 1216 2876 et
1247 2820 1495 2877 scientia
1526 2821 1760 2876 claruit.

436 2911 534 2968 His
589 2910 732 2982 ipsis
789 2910 996 2966 diebus
1045 2911 1196 2983 apud
1248 2909 1497 2966 Africam
1550 2909 1684 2966 dum
1731 2907 2012 2964 Arrianus

365 2999 616 3073 quidam,
653 3000 940 3072 Oliinpius
973 3001 1224 3071 nomine,
1256 3000 1314 3055 in
1369 2999 1575 3055 balneo
1626 2998 1923 3054 lavaretur
1951 3001 2010 3052 et

2137 1774 2292 1831 ﬁlius
2323 1774 2620 1844 Geiserici,
2652 1773 2974 1830 catholicas
2999 1772 3300 1830 aacclesias
3329 1773 3560 1844 clausit,
3591 1777 3648 1828 et
3677 1776 3786 1828 220

2135 1863 2448 1934 episcopos
2480 1863 2534 1917 in
2564 1861 2802 1918 exilium
2837 1862 3010 1919 misit.

2207 1956 2294 2008 12.
2331 1955 2392 2007 Α.
2447 1953 2508 2008 D.
2559 1955 2679 2008 503.
2739 1951 2984 2008 Boecius
3031 1951 3236 2009 consul
3285 1953 3482 2008 Romae
3530 1950 3779 2022 plurima

2134 2041 2348 2112 ingenii
2379 2046 2470 2100 sui
2503 2041 2852 2098 monimenta
2883 2041 3199 2098 scribendo
3230 2041 3496 2113 reliquit.

2206 2133 2290 2187 14.
2345 2132 2408 2188 A.
2461 2133 2526 2188 D.
2579 2135 2699 2188 505.
2752 2130 3146 2187 Theodericus
3199 2131 3438 2186 Romam
3490 2129 3668 2200 venit,
3718 2137 3780 2185 et

2133 2219 2311 2277 multa
2343 2220 2604 2277 miranda
2633 2219 2878 2277 aediﬁcia
2909 2219 2966 2274 in
2997 2234 3063 2276 ea
3100 2218 3450 2275 construxit.

2202 2313 2287 2366 15.
2321 2312 2384 2366 A.
2417 2311 2480 2366 D.
2515 2314 2637 2366 506.
2691 2308 2992 2366 Hormisda
3039 2321 3186 2380 papa
3237 2310 3363 2363 54‘"
3413 2305 3564 2364 sedit
3609 2307 3777 2363 annis

2127 2403 2179 2468 9,
2215 2399 2586 2470 decessitque
2612 2402 2646 2454 8
2676 2397 2814 2454 Idus
2846 2397 3108 2468 Augusti.

2195 2491 2282 2544 20.
2319 2489 2382 2543 Α.
2416 2489 2481 2544 Ι).
2513 2491 2634 2544 511.
2671 2489 2693 2511 "

2268 2577 2530 2633 '5—11.
2590 2576 2730 2632 add.
2785 2595 2798 2630 :
2859 2575 3142 2632 Genovefa
3198 2573 3362 2644 virgo
3421 2574 3775 2644 Parisiensis

2338 2647 2711 2718 octogenaria
2741 2646 3011 2717 migravit
3033 2646 3104 2702 ad
3128 2643 3311 2702 Deum
3333 2643 3441 2700 λοστ.
3467 2659 3544 2702 ea:
3563 2643 3768 2718 Sigeb.

2193 2737 2656 2881 Ξίὺέἐλαὲῗς
2683 2825 2972 2882 Genovefa
2995 2841 3048 2881 v.
3070 2825 3132 2880 P.
3157 2839 3210 2881 ο.
3235 2823 3450 2880 transit
3481 2821 3554 2880 ad
3583 2823 3772 2880 Domi-

2335 2929 2491 2970 num.
2525 2928 2602 2971 ea:
2635 2915 2840 2986 Siyeb.

2190 3007 2278 3060 22.
2311 3007 2377 3059 A.
2420 3005 2484 3060 ι).
2532 3007 2655 3058 513.
2688 3003 3013 3060 Clodovcus
3061 3016 3163 3059 rex
3213 3001 3384 3071 obiit,
3421 3001 3768 3073 relinquens

363 3089 597 3159 indigna
629 3091 890 3161 quaedam
913 3094 973 3146 et
997 3089 1332 3162 blaSphcma
1358 3090 1534 3146 verba
1559 3088 1628 3144 de
1651 3092 1870 3144 sanctae
1891 3086 2010 3142 Tri-
2039 3073 2090 3137 C
2121 3097 2373 3165 quatuor
2405 3091 2557 3150 ﬁlios
2600 3091 2846 3148 heredes
2897 3090 3060 3162 regni
3091 3090 3186 3162 (cf,
3222 3092 3292 3152 θ,
3325 3090 3476 3163 FN,

364 3179 568 3236 nitatis
589 3179 700 3235 ﬁde
725 3179 1086 3250 loqueretur,
1106 3179 1300 3235 subito
1315 3179 1519 3248 igneus
1532 3175 1764 3246 gladius
1779 3175 1848 3231 de
1862 3175 2009 3231 caelo

363 3268 524 3324 venit
545 3281 793 3338 eumque
821 3267 1130 3338 percussit.
1149 3267 1460 3322 Deuterius
1482 3272 1672 3321 autem
1697 3264 2008 3336 episcopus

363 3357 741 3412 Arrianorum
786 3356 1092 3426 baptizans
1143 3354 1430 3424 quendam
1483 3352 1726 3409 Bizantii
1776 3353 2007 3408 nomine

363 3446 628 3516 Barbam,
659 3445 794 3500 dum
824 3450 1026 3501 contra
1061 3443 1322 3514 regulam
1356 3443 1488 3498 ﬁdei
1521 3442 1801 3498 minorem
1834 3443 2007 3499 Patre

363 3533 567 3591 Filium
599 3540 658 3590 et
687 3533 962 3606 Spiritum
997 3538 1262 3590 sanctum
1297 3547 1586 3602 asserens,
1611 3531 1832 3588 diceret
1859 3549 1872 3586 :
1896 3531 1990 3590 Ba

356 3623 537 3696 ptizc,
572 3625 626 3680 te
651 3623 907 3692 Bai-bas,
942 3625 1008 3681 iu
1037 3625 1274 3681 uouiine
1311 3623 1520 3680 Patris
1538 3635 1652 3694 per
1682 3621 1912 3680 Filium
1940 3623 2008 3678 iu

359 3713 603 3783 Spiritu
621 3713 845 3782 sancto,
861 3712 1056 3769 subito
1079 3725 1249 3784 aqua,
1267 3712 1322 3768 in
1339 3727 1449 3782 qua
1465 3711 1764 3783 baptizare
1779 3709 2002 3782 debuit,

362 3815 643 3872 nusquam
672 3802 1018 3873 comparuit.
1056 3801 1215 3869 Quod
1247 3800 1453 3857 videns
1486 3799 1580 3871 qui
1617 3797 2006 3868 baptizandus

361 3893 512 3960 erat,
545 3891 854 3947 confestim
887 3890 956 3946 ad
987 3890 1308 3948 ascclesiam
1339 3889 1686 3946 catholicam
1728 3903 2004 3960 propera-

361 3977 462 4048 vit,
495 3982 550 4035 et
578 3979 745 4050 juxta
771 3995 987 4036 morem
1011 3984 1188 4036 rectas
1215 3978 1344 4035 ﬁdei
1370 3978 1724 4050 baptismum
1748 3976 1996 4048 accepit.

431 4066 661 4124 Hisdem
701 4069 1062 4140 temporibus
1096 4067 1484 4124 Alamundaro
1522 4066 1781 4138 principe
1804 4065 2002 4121 Sarra-

359 4169 634 4213 cenorum
666 4157 984 4230 baptizata,
1009 4164 1295 4213 venerunt
1325 4156 1396 4212 ad
1428 4171 1560 4212 eum
1593 4155 1708 4210 duo
1739 4154 2000 4225 episcopi

359 4245 608 4318 Arriani,
631 4247 948 4303 suadentes
969 4247 1042 4310 ei,
1062 4251 1123 4302 ut
1145 4261 1266 4302 suae
1290 4249 1468 4302 secta:
1489 4244 1874 4300 consentiret.
1891 4243 1999 4310 Qui

356 4337 430 4392 ab
458 4335 803 4393 orthodoxis
837 4335 1170 4406 baptizatus
1201 4341 1260 4390 et
1291 4333 1639 4403 instructus,
1665 4332 2001 4389 memorabi-

2189 3185 2276 3238 23.
2311 3183 2373 3237 A.
2409 3183 2471 3237 D.
2508 3185 2630 3237 514.
2667 3181 2998 3250 Lotharius,
3033 3179 3302 3236 Clodovei
3354 3179 3530 3250 ﬁlius,
3566 3193 3768 3250 regna-

2117 3269 2204 3325 vit
2229 3271 2397 3327 annis
2433 3274 2519 3325 51.

2187 3362 2274 3416 24.
2311 3361 2374 3414 Α.
2408 3361 2471 3414 D.
2507 3363 2630 3416 515.
2662 3359 2953 3416 Iohannes
2987 3372 3134 3431 papa
3162 3363 3290 3414 35“
3321 3356 3484 3414 sedit
3512 3355 3680 3414 annis
3707 3361 3763 3426 2,

2118 3461 2298 3504 mens.
2331 3450 2384 3504 9.
2429 3449 2451 3470 ⁶

2250 3545 2382 3600 'D?
2411 3546 2472 3601 E.
2513 3545 2653 3603 add.
2701 3565 2714 3600 :
2763 3547 2885 3602 Rex
2933 3544 3337 3616 Sigismundus
3369 3577 3404 3586 -
3445 3543 3764 3601 sanitatum

2327 3617 2536 3688 gratia.
2569 3631 2644 3673 ea:
2667 3617 2874 3690 Siyeb.
2928 3643 2932 3647 -

2183 3712 2273 3770 25.
2308 3713 2476 3785 (σήν.
2547 3715 2655 3788 W.)
2711 3727 2776 3771 A.
2837 3717 2900 3770 Ι).
2961 3717 3082 3770 516.
3141 3711 3530 3770 Theodericus
3588 3711 3762 3770 ﬁliam

2116 3817 2280 3861 suam
2313 3802 2780 3862 Amalasuindam
2813 3803 2974 3860 dedit
2997 3801 3330 3859 Eutharico.

2183 3895 2272 3950 27.
2324 3895 2390 3950 Α.
2441 3894 2505 3949 D.
2558 3895 2682 3949 518.
2736 3893 2895 3949 Felix
2952 3905 3100 3963 papa
3155 3890 3280 3947 56“
3329 3891 3478 3947 sedit
3510 3891 3677 3948 annis
3706 3894 3757 3963 4,

2111 3982 2349 4039 transiit
2384 3987 2440 4038 11
2475 3981 2599 4038 Kal.
2633 3985 2756 4040 Jan.

2185 4072 2287 4141 (Η.
2321 4085 2398 4128 m.
2435 4076 2493 4127 et
2524 4073 2718 4142 Jonn.)
2771 4075 2936 4128 Anno
2985 4071 3289 4128 dominica:
3340 4069 3760 4128 incarnationis

2113 4164 2262 4230 519°,
2295 4161 2470 4217 Urbis
2513 4161 2766 4217 conditas
2815 4160 3122 4216 millesimo
3161 4165 3312 4232 270°,
3339 4161 3630 4231 Justinus,
3661 4175 3760 4230 ge~

2112 4262 2250 4304 nere
2281 4250 2576 4320 lllyricus,
2609 4249 2698 4305 vir
2727 4249 3052 4305 catholicus
3079 4254 3139 4306 ct
3168 4249 3364 4306 senior
3395 4247 3758 4320 multumque

2115 4337 2359 4408 peritus,
2393 4353 2590 4394 comes
2619 4339 3050 4408 excubitorum,
3075 4353 3105 4394 a
3137 4337 3424 4394 militibus
3447 4336 3756 4410 proﬁciens

353 4424 492 4481 liter
517 4438 618 4480 eos
646 4424 948 4494 redarguit
977 4421 1381 4496 hujuscemodi
1419 4421 1632 4480 fabula.
1669 4422 1765 4478 Ait
1792 4423 1943 4479 enim
1981 4441 1993 4478 :
2025 4431 2082 4494 Β
2112 4425 2185 4482 ad
2216 4432 2502 4498 senatum,
2527 4431 2622 4482 52°
2651 4426 2778 4483 loco
2799 4426 2870 4483 ab
2899 4429 3182 4498 Augusto,
3207 4431 3447 4484 senatus
3466 4425 3757 4483 electione

353 4513 615 4571 Litteras
641 4513 838 4584 accepi
869 4512 1060 4584 hodie,
1086 4513 1236 4585 quia
1261 4511 1574 4570 Μίσήαήθί
1598 4511 1998 4584 archangelus

349 4601 618 4659 mortou
647 4603 751 4659 est.
788 4601 910 4659 Illis
933 4617 1070 4658 vero
1100 4601 1453 4672 dicentibus,
1489 4602 1598 4656 hoc
1631 4601 1996 4672 impossibile

352 4691 497 4760 fore,
523 4689 604 4746 ait
637 4691 904 4763 princeps
929 4710 942 4746 :
964 4693 1046 4748 Ει
1065 4691 1349 4762 quomodo
1375 4690 1655 4748 Christus
1675 4690 1999 4748 secundum

347 4795 450 4838 cas
468 4779 643 4837 ciuus
663 4781 992 4840 cruciﬁxus
1014 4781 1119 4850 est,
1143 4781 1268 4838 nisi
1286 4781 1648 4838 naturarum
1679 4781 1832 4838 esset
1858 4781 1998 4838 dua-

346 4871 747 4942 rum,quaudo
758 4871 866 4940 qui
875 4871 1000 4927 dem
1019 4883 1124 4927 uec
1141 4869 1394 4942 angelus
1413 4877 1682 4927 mortuus
1693 4871 1808 4929 est?
1820 4871 1888 4925 Et
1914 4870 1994 4927 ita

349 4972 480 5014 cum
503 4957 845 5014 confusione
866 4957 1539 5029 recesseruntepiscopi.
1556 4959 1739 5029 Hujus
1754 4961 1996 5016 Anasta-

349 5045 420 5101 sii
443 5047 806 5118 temporibus
833 5046 1160 5104 Clodovcus
1182 5046 1238 5101 in
1262 5046 1500 5102 Francia
1516 5047 1802 5118 regnavit,
1822 5049 1991 5119 quiet

353 5134 640 5192 Alaricum
673 5151 867 5208 regem
899 5137 1218 5194 Gothorum
1251 5135 1567 5201 interfecit,
1599 5141 1661 5192 et
1687 5137 1760 5193 ab
1788 5139 1990 5195 eodem

349 5225 660 5280 Anastasio
701 5225 982 5296 epistolas
1032 5241 1136 5298 pro
1181 5223 1526 5282 consulatus
1571 5224 1853 5296 dignitate
1900 5242 1991 5286 ac-

2110 4516 2335 4588 accepit
2385 4516 2714 4588 imperium,
2766 4516 3145 4588 regnavitque
3191 4515 3358 4572 annis
3400 4519 3452 4573 8.
3484 4514 3572 4571 Ad
3603 4514 3755 4572 hunc

2107 4605 2181 4662 ob
2209 4619 2446 4662 causam
2476 4603 2944 4676 redintegrandaa
2978 4604 3110 4662 ﬁdei
3141 4604 3404 4662 directus
3433 4619 3464 4662 a
3495 4605 3754 4662 Romano

2107 4693 2345 4765 presule
2393 4694 2484 4750 vir
2530 4693 2846 4750 sanctitate
2894 4694 3214 4766 precipuus
3260 4694 3601 4764 Germanus,
3653 4693 3756 4750 Ca-

2107 4797 2314 4854 puanae
2343 4781 2508 4839 urbis
2530 4781 2863 4854 episcopus,
2889 4783 3062 4853 digne
3089 4782 3162 4839 ab
3192 4797 3262 4838 eo
3292 4787 3382 4839 est
3415 4785 3750 4855 susceptus,

2107 4871 2542 4943 multorumque
2571 4871 2751 4928 corda
2782 4869 2958 4927 dubia
2991 4871 3046 4927 in
3078 4871 3192 4928 ﬁde
3235 4869 3534 4928 solidavit.

2177 4962 2256 5016 Eo
2289 4963 2550 5032 tempore
2581 4964 2813 5017 mortuo
2857 4960 3012 5032 apud
3057 4959 3310 5017 Africam
3358 4957 3755 5016 Trasemundo

2105 5063 2242 5120 rege
2287 5049 2721 5121 Wandalorum,
2763 5048 3116 5120 Hildericus,
3147 5048 3307 5106 ﬁlius
3355 5047 3483 5120 ejus
3529 5061 3603 5104 ex
3643 5047 3757 5105 Eu-

2102 5138 2276 5196 doxia
2306 5139 2538 5212 captiva
2566 5137 2954 5196 Valentiniani
2987 5138 3124 5210 ﬁlia,
3159 5152 3401 5210 regnum
3442 5135 3708 5208 suscepit
3737 5154 3752 5201 ;

2103 5229 2200 5300 qui
2229 5243 2340 5285 non
2375 5233 2596 5301 patrem
2619 5243 2905 5300 avumque
2933 5229 3233 5301 Arrianos,
3259 5227 3362 5286 sed
3389 5233 3634 5286 matrem
3656 5241 3756 5286 ca-

346 5309 505 5387 cepit
536 5309 630 5383 (cf.
665 5313 845 5373 Gesta
872 5314 1118 5388 Frauc.)
1150 5315 1378 5388 (H.m.)
1412 5314 1756 5372 Anastasius
1789 5315 1988 5388 itaque
2099 5318 2376 5376 tholicam
2429 5321 2692 5388 secutus,
2739 5323 2915 5379 rectae
2964 5317 3097 5379 ﬁdei
3149 5317 3342 5380 cultor
3389 5314 3608 5380 extitit.
3643 5314 3756 5380 Hic

1701 5423 1938 5485 VARle
1977 5426 2380 5488 LECTIONES.

415 5514 507 5554 ποθ’
537 5517 656 5576 493.
691 5520 740 5576 5.
775 5523 852 5578 9ο.
889 5525 973 5580 11.
1006 5523 1130 5580 492.
1162 5534 1314 5580 corr.
1347 5523 1471 5581 493.
1505 5524 1592 5582 10.
1653 5520 1744 5559 W’
1772 5523 2067 5584 dominum
2097 5529 2175 5590 9°.
