3992 6062
171 214 286 279 781

1046 212 1487 278 CHRONICA.
1521 248 1599 257 —
1637 206 2115 277 CHRONICON
2159 206 2708 282 UNIVERSALE.

3460 208 3579 281 782

173 350 917 423 universosepiseoposqui
945 350 997 405 in
1014 349 1191 405 exilio
1213 352 1379 403 erant
1406 345 1635 417 regredi
1656 345 1809 416 fecit,
1844 346 1902 407 A
1932 363 1993 404 se
2024 349 2078 404 in
2110 352 2380 409 omnibus
2427 350 2719 407 auxiliari.
2755 350 2968 406 Eodem
3001 365 3149 407 anno
3209 351 3433 409 adhesit
3468 355 3577 410 Ro-

166 439 372 511 eisque
397 439 700 496 accelesias
734 440 1047 495 reformare
1078 437 1376 510 praecepit,
1403 450 1531 507 quae
1565 450 1595 490 a
1626 434 1819 490 Geise-

166 531 292 587 rico
325 545 507 602 usque
563 533 634 589 ad
691 529 1042 588 llildericum
1089 544 1188 601 per
1220 532 1291 583 70
1346 540 1530 583 annos
1592 526 1818 581 fuerant.

161 621 264 676 dst
309 626 517 677 ructae.

241 709 507 766 Justinus
531 723 762 780 quoque
788 713 1071 778 angustus
1093 712 1261 763 sexto
1304 704 1530 776 imperii
1562 703 1649 759 sui
1674 716 1822 756 anno

172 813 280 869 pro
303 798 514 855 ardore
536 797 841 853 catholicae
867 798 997 853 fidei
1022 796 1366 852 decertabat
1390 793 1685 850 hereticos
1708 792 1824 847 dis-

173 888 389 960 sipare,
441 887 819 958 preeepitque
870 892 933 943 ut
964 886 1180 957 ubique
1238 884 1467 941 illarum
1525 882 1825 940 mcclesias

172 975 452 1032 catholici
476 975 733 1047 episcopi
748 982 1183 1032 consecrarent.
1203 972 1366 1041 Quod
1384 972 1627 1029 audiens
1647 971 1827 1027 Theo-

174 1064 435 1133 dericus,
473 1065 570 1135 qui
600 1069 659 1120 et
690 1064 815 1135 ipse
851 1064 958 1120 fuit
990 1064 1288 1133 Arrianus,
1322 1062 1477 1118 misit
1507 1062 1822 1117 Iohannem

178 1158 319 1209 tunc
344 1152 625 1224 temporis
649 1168 853 1225 papam
878 1153 946 1208 ad
970 1153 1285 1221 Iustinum,
1318 1155 1379 1206 ut
1413 1154 1511 1207 aut
1548 1148 1825 1205 hereticis

173 1241 477 1298 zeeclesias
521 1256 659 1298 suas
706 1241 974 1297 redderet
999 1239 1108 1311 ίθθδ,
1156 1246 1252 1296 aut
1285 1241 1409 1311 ipse
1432 1238 1615 1295 totius
1644 1236 1825 1293 Italim

178 1330 458 1401 populum
487 1328 684 1401 gladio
717 1330 938 1385 feriret.
975 1330 1099 1396 Quo
1133 1331 1404 1398 abeunte,
1441 1328 1564 1399 ipse
1593 1326 1825 1382 interim

173 1418 579 1489 Symmachum
611 1420 920 1491 patricium
970 1427 1030 1475 et
1059 1418 1318 1475 Boetium
1348 1421 1676 1474 senatorem
1708 1414 1828 1485 gla-

170 1507 272 1564 dio
296 1508 564 1580 peremit,
600 1508 1059 1580 redeuntemque
1093 1523 1297 1580 papam
1330 1508 1474 1563 fame
1507 1504 1821 1561 interfecit.

172 1597 338 1654 Unde
394 1596 602 1653 divinae
633 1597 960 1667 ‘Wjudicio
1019 1597 1287 1653 vindicia;
1339 1599 1435 1652 99°
1466 1593 1673 1650 dehinc
1731 1592 1825 1648 die

1933 440 2116 495 manis
2150 441 2360 497 mulier
2424 442 2684 512 quaedam
2718 455 2790 496 ex
2848 441 3045 510 lIunis,
3106 440 3298 511 vidua,
3360 444 3578 501 habens

1933 542 2128 584 secum
2175 531 2470 586 Hunorum
2504 534 2737 586 centum
2772 529 2946 585 milia.
2982 533 3135 587 Tunc
3168 537 3224 586 et
3261 548 3361 587 rex
3392 535 3579 589 Huno~

1934 632 2080 687 rum,
2117 618 2212 689 qui
2246 625 2377 676 sunt
2435 620 2603 689 juxta
2646 620 3023 689 Bosphorum,
3082 620 3310 676 nomine
3366 623 3575 691 Corda,

1933 706 2185 762 accessit
2217 707 2283 763 ad
2320 708 2755 780 imperatorem,
2783 711 2840 763 et
2868 710 3055 767 factus
3081 707 3170 742 ¹⁰ί⁵
3198 710 3577 781 christianus,

1934 800 2248 866 susceptus
2279 801 2364 852 est
2400 798 2471 852 ah
2504 812 2594 868 eo,
2648 798 2966 870 multisque
2988 798 3043 853 ei
3068 797 3155 830 ¹⁰¹⁶
3188 800 3456 871 prestitis
3485 800 3581 855 do-

1934 880 2043 949 nis,
2062 882 2219 937 misit
2252 899 2382 940 eum
2426 884 2479 939 in
2528 888 2823 957 regionem
2845 888 3028 960 ipsius
3060 890 3128 943 ad
3162 891 3450 945 Romanas
3487 904 3581 944 res

1932 970 2347 1029 custodiendas
2378 978 2434 1029 et
2469 976 2829 1046 BOSphorum
2863 978 3180 1047 civitatem,
3218 994 3344 1049 quae
3379 994 3481 1049 pro
3514 993 3581 1033 eo

1935 1062 2267 1135 Bosphorus
2320 1069 2411 1119 est
2441 1061 2618 1132 dicta,
2654 1063 2805 1134 quod
2862 1067 3134 1123 Romanis
3166 1082 3267 1138 per
3325 1066 3585 1135 singulos

1935 1166 2116 1209 annos
2147 1154 2327 1209 boves
2358 1168 2464 1223 pro
2497 1153 2762 1223 pecuniis
2797 1153 3102 1210 inferebat.
3140 1155 3456 1211 Renovavit
3493 1154 3583 1187 1°"

1936 1240 2252 1312 imperator
2284 1241 2463 1313 leges,
2492 1241 2708 1297 faciens
2741 1242 3001 1298 codicem
3028 1244 3381 1313 singularem
3406 1249 3464 1300 et
3490 1262 3583 1301 vo»

1933 1343 2074 1386 cans
2127 1345 2256 1387 eum
2308 1330 2568 1387 novellas
2622 1332 3097 1389 constitutiones.
3162 1334 3378 1393 Eodem
3436 1352 3583 1393 anno

1935 1432 2103 1489 passa
2154 1424 2245 1474 est
2280 1419 2584 1475 Antiochia
2632 1423 2986 1478 terremotns
3016 1437 3251 1493 magnos
3278 1428 3332 1478 et
3370 1429 3584 1496 tempe-

1935 1511 2143 1576 states,
2167 1510 2225 1563 et
2252 1507 2542 1564 faciebant
2587 1507 2850 1566 lmtanias
2871 1526 3072 1567 omnes
3094 1510 3440 1584 discalciati,
3471 1514 3586 1569 ela-

1940 1600 2165 1652 mantes
2198 1596 2356 1668 kyrie
2388 1597 2641 1668 eleyson.
2678 1600 2958 1670 Apparuit
2994 1606 3183 1655 autem
3219 1601 3272 1656 in
3308 1602 3432 1658 visu
3467 1603 3584 1658 cui-

172 1687 480 1743 subitanea
533 1691 717 1743 morte
750 1686 993 1742 interiit.
1052 1685 1317 1742 Justinus
1344 1698 1483 1740 vero
1542 1685 1825 1751 angustus
1853 1710 1909 1772 Β
1940 1684 2067 1739 dam
2102 1685 2202 1740 Dei
2230 1686 2466 1756 cultori,
2503 1691 2561 1743 ut
2607 1688 2827 1744 diceret
2862 1688 3150 1759 omnibus,
3187 1690 3340 1760 quod
3371 1692 3586 1747 scribe-

171 1790 307 1834 eum
334 1776 450 1847 jam
485 1780 692 1834 octavo
722 1789 873 1831 anno
901 1774 1268 1845 augustalem
1293 1772 1635 1843 dignitatem
1668 1775 1826 1826 tene-

175 1874 291 1937 ret,
324 1881 518 1923 mense
541 1866 748 1938 Aprili,
781 1865 1100 1922 indictione
1122 1867 1349 1935 quarta,
1377 1865 1665 1931 aegrotare
1688 1859 1827 1916 inci-

176 1956 365 2028 piens,
410 1956 698 2028 provexit,
734 1955 871 2012 dum
918 1954 1104 2012 adhuc
1136 1952 1379 2021 viveret,
1418 1950 1472 2006 in
1522 1949 1824 2022 imperium

172 2045 589 2116 Iustinianum,
634 2044 854 2102 sororis
886 2058 1005 2101 suae
1039 2042 1239 2112 tilium,
1274 2041 1371 2112 qui
1400 2044 1460 2096 et
1509 2038 1827 2110 coimpera-

174 2137 264 2193 vit
293 2135 385 2170 “1°
411 2135 463 2192 ei
512 2134 806 2192 mensibus
852 2137 1135 2205 quatuor;
1171 2145 1365 2188 mense
1392 2143 1532 2187 vero
1565 2131 1827 2199 Augusto

174 2225 304 2296 ipse
326 2224 479 2297 apud
495 2222 1056 2295 Constantinopolim
1073 2220 1249 2278 rebus
1260 2218 1514 2276 excessit
1535 2217 1821 2276 humanis.

175 2314 325 2371 Anni
355 2312 586 2371 Iustini.

246 2408 295 2457 1.
331 2403 543 2476 (Ionn.)
578 2403 680 2459 Hic
726 2416 875 2459 anno
907 2400 1068 2471 regni
1103 2400 1193 2457 sui
1253 2399 1438 2472 primo
1497 2398 1823 2455 Amantium

170 2491 537 2564 prepositum
572 2490 773 2564 palatii
804 2494 863 2548 et
894 2490 1039 2547 alios
1070 2504 1251 2560 regno
1284 2504 1391 2545 suo
1423 2488 1715 2545 inhiantes
1744 2486 1826 2542 in-

170 2582 431 2638 terfecit.

247 2673 298 2727 4.
330 2672 403 2725 A.
433 2672 502 2727 D.
542 2675 670 2728 522.
711 2669 802 2704 1°“
835 2668 1164 2726 Bonifacius
1219 2682 1363 2740 papa
1395 2672 1522 2724 57°!
1545 2665 1700 2724 sedit
1730 2679 1827 2722 an-

171 2760 267 2818 nis
294 2763 353 2816 2.

248 2855 306 2908 6.
339 2852 404 2905 A.
431 2851 491 2906 D.
514 2853 636 2907 524.
660 2850 973 2920 Iohannes,
999 2848 1098 2919 qui
1127 2853 1186 2904 et
1209 2847 1545 2917 Mercurius,
1572 2859 1718 2918 papa
1736 2843 1826 2877 ¹⁰¹²

176 2942 308 2996 58¹³⁶
337 2939 492 2998 sedit
523 2940 690 2996 annis
717 2943 770 3010 2,
825 2937 1193 3009 decessitque
1224 2942 1255 2993 5
1285 2935 1414 2992 Kal.
1476 2936 1657 2992 Iunii.
1722 2934 1824 2991 Hie

177 3029 397 3086 missus
447 3027 1009 3100 Constantinopolim
1039 3029 1108 3084 ad
1167 3028 1457 3084 Iustinum
1489 3041 1520 3083 a
1570 3025 1825 3082 Theode-

175 3119 320 3189 rico,
341 3133 471 3176 cum
498 3118 755 3176 venisset
789 3117 860 3174 ad
895 3123 1121 3190 portam
1156 3131 1410 3188 auream,
1443 3130 1662 3172 caecum
1696 3114 1825 3172 illu-

171 3207 416 3264 minavit
444 3208 538 3279 (cf.
572 3209 813 3281 Bson).

240 3303 295 3354 7.
328 3300 400 3353 A.
438 3299 508 3353 Ι).
564 3302 692 3353 525.
750 3296 1135 3354 Theodericus
1190 3312 1294 3353 rex
1321 3295 1411 3330 ¹⁰¹³
1439 3296 1709 3354 Boeeium
1763 3300 1821 3352 et

170 3387 575 3457 Symmachum
622 3386 818 3457 gladio
849 3385 1192 3457 trucidavit,
1246 3388 1557 3444 Iohannem
1615 3400 1821 3459 papam

170 3477 322 3532 fame
353 3476 409 3531 in
440 3491 677 3533 carcere
738 3476 989 3548 necavit,
1025 3476 1266 3549 ipseque
1321 3481 1418 3534 99°
1446 3476 1539 3533 die
1598 3476 1819 3534 interiit

168 3569 305 3636 post
340 3564 483 3622 haec.

243 3658 295 3711 8.
333 3652 499 3726 (0hr.
546 3654 653 3727 W.)
687 3657 756 3711 A.
786 3657 855 3711 D.
897 3657 1305 3714 526.1ustinus
1323 3657 1715 3714 Iustinianum
1736 3672 1822 3713 rc-

166 3744 272 3814 gni
300 3749 635 3801 consortem
666 3750 725 3801 et
756 3760 1158 3803 successorem
1190 3746 1428 3817 faciens,
1463 3747 1636 3803 obiit.
1679 3749 1823 3817 Aga-

171 3833 451 3905 pitusm“
502 3850 646 3907 papa
692 3838 819 3891 59°“
846 3835 999 3894 sedit
1055 3851 1236 3894 annos
1293 3836 1516 3907 decem,
1551 3836 1701 3892 obiit
1756 3838 1825 3892 10

169 3921 299 3978 Kal.
334 3922 469 3979 Mai.

247 4010 347 4082 (Η.
380 4016 485 4086 m.)
521 4015 684 4070 Anno
734 4015 806 4070 ab
840 4014 1241 4072 incarnatione
1284 4013 1507 4071 Domini
1565 4017 1716 4083 527°,
1749 4014 1821 4069 ab

166 4101 327 4157 Urbe
348 4103 583 4160 condita
608 4102 913 4161 millesimo
942 4106 1095 4173 278°,
1127 4103 1513 4173 Iustinianus,
1548 4102 1702 4160 filius
1732 4116 1823 4159 so-

170 4191 328 4247 roris
346 4192 555 4248 Iustini
592 4193 983 4265 imperatoris,
1017 4197 1113 4249 53°
1135 4193 1262 4249 loco
1286 4193 1358 4250 ab
1404 4196 1687 4263 Augusto,
1723 4192 1823 4248 im-

168 4281 399 4354 perium
433 4281 594 4338 solus
652 4282 929 4352 obtinuit,
964 4284 1020 4337 et
1051 4284 1121 4338 28
1148 4282 1315 4338 annis
1374 4281 1658 4352 regnavit.
1718 4282 1821 4340 Hic

169 4387 308 4429 mox
330 4377 394 4427 ut
422 4370 742 4444 imperialia
768 4371 899 4441 jura
919 4371 1205 4442 suscepit,
1231 4371 1300 4427 ad
1325 4370 1712 4443 reparandum
1737 4371 1822 4427 rei

1942 1777 2072 1829 rent
2103 1774 2157 1829 in
2191 1774 2739 1846 superliminaribus
2766 1777 2890 1834 suis
2924 1796 2937 1834 :
2975 1777 3255 1837 Christus
3286 1779 3586 1838 mbiscum

1937 1862 2109 1920 state.
2143 1863 2267 1930 Quo
2299 1863 2471 1935 facto,
2506 1864 2672 1921 stetit
2707 1865 2789 1922 ira
2822 1866 2941 1922 Dei.

2012 1953 2236 2009 Interea
2262 1952 2648 2025 Athalaricus,
2676 1970 2855 2027 nepos
2876 1956 3236 2029 Theoderici,
3253 1974 3351 2015 rex
3376 1961 3587 2018 Gotho-

1939 2055 2086 2113 rum,
2123 2058 2251 2100 cum
2303 2045 2507 2115 paucis
2538 2046 2703 2102 annis
2735 2052 3027 2118 regnaret,
3063 2046 3368 2106 immatura
3401 2054 3585 2107 morte

1940 2138 2257 2202 preventus
2283 2138 2392 2191 est.
2420 2136 2596 2206 Cujus
2619 2140 2805 2191 mater
2828 2136 3204 2195 Amalsuinda
3228 2139 3584 2196 Theodatum

1937 2224 2351 2279 consobrinum
2398 2240 2563 2281 suum
2616 2224 2728 2280 sibi
2786 2225 3030 2281 asscivit
3063 2226 3116 2282 in
3151 2242 3411 2298 regnum.
3473 2230 3582 2285 Sed

1938 2318 2071 2385 post
2097 2314 2222 2371 dies
2240 2312 2465 2384 aliquot
2491 2313 2693 2382 isdem,
2726 2313 3026 2371 immemor
3056 2316 3256 2372 collati
3293 2318 3577 2387 beneficii,

1937 2418 2063 2460 eam
2096 2403 2151 2459 in
2207 2403 2414 2460 balneo
2444 2403 2803 2473 strangulari
2834 2402 2923 2435 ¹⁰¹⁸
2956 2405 3239 2477 precepit.
3274 2405 3415 2471 Quia
3444 2421 3583 2463 vero

1938 2492 2059 2565 ipsa
2094 2494 2228 2549 dum
2270 2492 2493 2549 tiveret
2528 2507 2589 2549 se
2633 2506 2917 2563 suumque
2948 2492 3125 2549 filium
3161 2494 3409 2566 principi
3439 2511 3584 2551 com-

1937 2581 2334 2651 mendaverat,
2397 2581 2593 2638 audita
2626 2581 2752 2651 ejus
2785 2586 2992 2654 morte,
3052 2582 3371 2654 imperator
3418 2586 3582 2652 gravi

1936 2670 2160 2726 exarsit
2183 2670 2486 2727 iracundia
2510 2669 2564 2726 in
2587 2670 2960 2727 'l‘heodatum.
2989 2671 3149 2737 Quod
3177 2671 3272 2727 ille
3297 2674 3577 2743 sentiens,

1937 2759 2247 2830 Agapitum
2280 2774 2483 2831 papam
2509 2760 2956 2816 intercessorem
2988 2761 3147 2816 misit
3179 2762 3582 2821 Constantino-

1937 2846 2132 2920 polim.
2151 2848 2403 2915 Quicum
2430 2848 2689 2905 venisset
2720 2853 2781 2904 et
2801 2848 3154 2920 colloquium
3178 2865 3305 2906 cum
3339 2851 3583 2922 impera-

1937 2941 2063 2993 tore
2095 2938 2310 2993 habere
2333 2936 2424 2970 1°“
2450 2936 2747 3009 coepisset,
2779 2938 3000 3009 reperit
3030 2953 3160 2994 eum
3191 2939 3246 2994 in
3299 2941 3582 3002 Eutieetis

1935 3026 2141 3097 dogma
2173 3027 2488 3083 corruisse.
2544 3027 2669 3092 Quo
2700 3027 2772 3082 ad
2804 3027 2938 3082 fidei
2989 3028 3247 3097 regulam
3284 3037 3579 3099 revocato,

1937 3115 2086 3173 idem
2121 3116 2404 3187 Agapitus
2438 3130 2582 3188 papa
2613 3116 2942 3171 Anthimum
2995 3118 3584 3190 Constantinopolita-

1935 3220 2070 3262 num
2101 3205 2460 3277 episcopum,
2512 3205 2611 3276 qui
2641 3205 2878 3261 eandem
2927 3205 3173 3263 heresim
3207 3206 3578 3278 defendebat,

1934 3294 2170 3367 publice
2200 3295 2473 3365 convicit,
2504 3309 2753 3365 eumque
2783 3296 3187 3352 communione
3221 3297 3489 3368 privavit,
3524 3305 3579 3355 ct

1936 3391 2000 3441 ut
2032 3384 2280 3440 eundem
2307 3383 2545 3440 exilium
2579 3384 2859 3453 mitteret,
2895 3385 3234 3456 imperatori
3270 3390 3577 3458 persuasit.

1934 3474 2054 3530 Hoc
2088 3474 2265 3545 facto,
2301 3488 2413 3529 non
2446 3472 2630 3529 multo
2665 3477 2795 3544 post
2831 3474 2979 3530 idem
3010 3477 3268 3546 pontifex
3301 3479 3582 3548 Agapitus

1935 3562 2014 3617 ibi
2046 3561 2136 3598 ¹⁰²⁰
2168 3563 2483 3619 defunctus
2512 3568 2621 3618 est.

2007 3653 2234 3709 Interea
2261 3666 2393 3710 cum
2416 3653 2539 3724 jam
2572 3667 2676 3723 per
2706 3652 2919 3709 multos
2947 3667 3128 3711 annos
3149 3655 3414 3712 Wandali
3440 3659 3583 3714 Afri-

1932 3755 2059 3797 cam
2081 3746 2373 3812 tenerent,
2400 3742 2559 3797 misit
2579 3743 2898 3814 imperator
2921 3744 3246 3801 Bilisarium
3273 3746 3580 3818 patricium

1934 3847 2065 3889 cum
2098 3832 2366 3888 exercitu
2423 3835 2629 3887 contra
2659 3846 2779 3888 eos.
2840 3832 2945 3898 Qui
2976 3834 3215 3890 veniens
3274 3836 3581 3907 tribusque

1935 3922 2255 3992 mensibus,
2291 3920 2347 3976 id
2396 3924 2486 3977 est
2520 3934 2547 3975 a
2584 3920 2859 3978 Kalendis
2906 3924 3264 3993 Septembris
3297 3941 3480 3997 usque
3510 3929 3581 3984 ad

1934 4009 2223 4067 Kalendas
2254 4008 2614 4077 Decembris,
2676 4024 2777 4065 eos
2809 4010 3168 4082 impugnans,
3203 4014 3403 4070 multis
3434 4016 3584 4071 oeci-

1934 4100 2034 4171 sis,
2069 4097 2300 4155 tandem
2334 4112 2437 4155 eos
2470 4097 2630 4168 vicit,
2665 4099 3031 4167 Kartaginem
3089 4100 3350 4172 intravit,
3388 4118 3581 4174 regem

1933 4187 2347 4246 Wandalorum
2380 4188 2755 4243 Gclismerem
2808 4188 2999 4243 vivum
3029 4190 3203 4260 cepit,
3238 4204 3581 4263 omnemque

1935 4272 2210 4348 Africam,
2237 4283 2372 4350 post
2390 4276 2699 4346 nonaginta
2723 4291 2825 4333 sex
2842 4290 3024 4333 annos
3047 4293 3075 4333 a
3100 4280 3581 4351 Wandalieojure

1936 4368 2265 4438 liberatam,
2290 4367 2547 4423 Romano
2572 4365 2815 4437 imperio
2838 4365 3110 4435 subjecit.
3139 4370 3352 4427 Deinde
3375 4383 3579 4436 contra

170 4460 427 4536 publicze
452 4434 668 4518 statum
693 4434 945 4518 animum
971 4434 1241 4530 intendit,
1266 4475 1332 4516 ac
1356 4434 1603 4532 primum
1624 4460 1823 4519 Bilisa-
1849 4434 1905 4498 D
1934 4434 2291 4514 Tbeodatum
2323 4456 2558 4526 missus,
2594 4434 2724 4512 cum
2749 4434 2974 4512 veniret
2992 4458 3264 4533 Siciliam,
3288 4434 3583 4529 Theodato

172 4553 326 4608 rium
353 4550 660 4624 patricium
685 4550 978 4620 ingentem
1025 4550 1210 4607 virum
1235 4554 1436 4607 contra
1462 4550 1689 4621 Persas,
1723 4552 1822 4623 qui

172 4640 465 4698 Romanos
494 4639 638 4696 fines
670 4640 1023 4708 invaserant,
1056 4638 1293 4709 direxit,
1320 4638 1420 4710 qui
1442 4638 1512 4695 de
1544 4638 1660 4698 illis
1688 4641 1824 4698 viri-

173 4727 313 4786 liter
339 4728 743 4802 triumphavit.
791 4730 1018 4784 lnterea
1047 4743 1150 4785 rex
1208 4729 1578 4799 Herulorum,
1615 4730 1822 4788 Cretes

171 4819 425 4892 nomine,
462 4836 592 4877 cum
640 4819 854 4893 populo
884 4835 989 4877 suo
1048 4818 1607 4892 (.onstantinopolim
1638 4819 1818 4891 venit,

174 4913 388 4982 petens
402 4914 468 4967 ut
488 4910 911 4982 baptizaretur.
938 4910 1116 4976 Quem
1140 4908 1195 4964 in
1217 4908 1542 4982 epypbania
1565 4909 1824 4982 baptiza-

170 5003 299 5056 tum
330 4998 649 5075 imperator
678 5000 751 5059 de
802 5002 959 5058 fonte
990 5000 1271 5072 suscepit,
1305 4999 1740 5073 promittentem
1770 5000 1823 5058 ei

1937 4547 2270 4617 interfecto,
2328 4545 2561 4616 Witigis
2594 4561 2832 4616 regnum
2866 4548 2995 4619 ejus
3046 4550 3280 4624 invasit,
3316 4557 3417 4612 sed
3448 4574 3586 4616 eun-

1934 4637 2065 4694 dem
2095 4640 2330 4709 captum
2363 4635 2669 4692 Bilisarius
2693 4638 3251 4712 Constantinopolim
3283 4648 3577 4716 perduxit.

1934 4727 2019 4801 (P.
2052 4727 2115 4782 D.
2150 4741 2189 4796 ι,
2222 4724 2336 4796 25.)
2387 4724 2510 4781 Alia
2544 4739 2774 4797 quoque
2804 4728 3004 4798 praelia
3041 4730 3219 4787 multa
3268 4733 3415 4790 idem
3450 4738 3582 4794 Bili-

1934 4816 2124 4877 sarius
2156 4813 2247 4849 ¹⁰²¹
2269 4814 2581 4885 commisit,
2607 4815 2940 4888 multasque
2971 4823 3176 4889 gentes
3196 4821 3467 4880 bellando
3485 4826 3583 4883 de-

1933 4905 2294 4973 vicit;unde
2325 4909 2385 4962 et
2439 4907 2683 4977 pr0pter
2741 4906 2956 4963 multas
3013 4908 3292 4966 victorias
3349 4913 3580 4973 diversa

1939 4997 2247 5072 agnomina
2278 4995 2515 5067 meruit,
2565 4994 2645 5052 ita
2679 4999 2744 5053 ut
2776 5001 3090 5054 vocaretur
3150 4998 3580 5078 Alamannicus,

1537 5175 1775 5234 νΑΡιῐτΕ
1813 5174 2214 5232 LECTIONES.

247 5302 340 5382 1°“
354 5301 590 5382 [animi
611 5304 684 5382 in
710 5303 865 5382 cod.
894 5310 951 5361 1.
990 5301 1258 5363 excisum
1302 5302 1406 5382 est.
1490 5300 1582 5336 ¹⁰⁰⁹
1612 5300 1818 5382 divino
1856 5297 2150 5382 vi_n9_d_icte
2177 5304 2254 5358 9°.
2340 5294 2433 5382 ίξίο
2448 5297 2826 5382 comparavit
2852 5300 2902 5382 &_.
2936 5305 3014 5382 9°,
3040 5297 3192 5382 _‘°“
3222 5308 3350 5382 523.
3388 5310 3437 5365 4.
3471 5302 3582 5382 qui

168 5375 317 5435 inde
341 5372 412 5434 ᾱῡ
441 5389 501 5436 a.
528 5380 650 5435 520.
668 5407 740 5418 —
762 5378 894 5434 527.
922 5388 1234 5433 nil/merum
1257 5375 1547 5448 majorem
1576 5372 1831 5458 εωζιὶᾷετ.
1874 5445 1885 5457 .
1913 5373 2061 5431 “1'1.
2100 5388 2246 5480 papa
2280 5372 2381 5446 qui
2406 5376 2465 5431 et
2497 5372 2656 5457 m..'5.
2735 5372 2827 5407 ¹⁰¹³
2852 5376 3015 5434 deest
3040 5377 3083 5432 E
3116 5382 3163 5435 t.
3218 5376 3307 5413 ¹⁰¹⁴
3336 5372 3497 5439 Ηωό
3519 5394 3577 5440 α.

173 5452 280 5480 mm
334 5449 379 5480 ιι·
482 5447 573 5480 1011
600 5448 627 5480 r
674 5450 759 5480 nos
792 5452 851 5480 ne
954 5445 1044 5480 1010
1065 5446 1284 5480 1".an
1315 5451 1337 5480 4
1445 5444 1536 5480 1017
1566 5447 1608 5480 n
1669 5449 1847 5480 .mhm
1871 5461 1885 5480 ι
1934 5446 1976 5480 Ir
1998 5452 2018 5480 4
2126 5446 2145 5479 ι
2195 5444 2590 5480 δθηαηαηιιιηιη
2618 5451 2647 5480 κ
2742 5444 2831 5480 1019
2855 5445 3090 5480 J‘Aofm
3176 5449 3267 5480 tono
3288 5451 3498 5480 ςιιεριηη.
3526 5457 3556 5480 κ

171 5452 300 5504 525.
334 5449 397 5505 E.
482 5447 573 5482 1°“
600 5448 638 5505 f.
673 5450 764 5506 est
792 5452 875 5505 9°.
954 5445 1286 5506 “"deestE
1315 5444 1365 5505 1.
1445 5444 1536 5481 ¹⁰¹⁷
1566 5447 1634 5505 R.
1668 5445 1847 5517 igitur
1871 5445 1906 5503 i.
1934 5446 1976 5503 E
1998 5452 2045 5503 1.
2100 5444 2145 5479 ’ί

170 5517 268 5553 “ﬂ
299 5518 401 5582 Mc
424 5520 628 5594 vergit
650 5524 698 5576 1.

2233 5444 2592 5519 transgulari
2615 5451 2665 5506 5.
2742 5444 3106 5505 “”’deest9°.
3176 5449 3498 5509 “mihide
3524 5457 3576 5510 5.
