3992 6062
377 214 493 279 783

1540 205 2019 272 EKKEHARDI
2066 202 2621 272 URAUGIENSIS

3670 198 3787 265 784

378 348 678 420 Gothicus,
712 345 1044 417 Francicus,
1095 344 1491 417 Germanicus,
1530 345 1826 415 Alanicus,
1865 346 2029 401 Wan-
2056 346 2113 406 A
2144 343 2234 401 hic
2266 342 2549 401 habitare.
2576 363 2605 396 ι)
2656 343 2910 399 Veniens
2943 348 3136 398 autem
3169 347 3405 398 sanctus
3436 339 3792 397 Benedictus

377 438 619 509 dalicus,
648 437 972 494 Africanus.
1002 437 1257 505 Magnam
1285 449 1515 506 quoque
1563 435 1807 504 gloriam
1842 439 1902 490 et
1930 434 2029 490 ho-

377 543 577 584 norem
601 528 752 599 apud
783 529 852 581 im
867 529 1192 597 peratorem
1222 528 1280 579 et
1313 539 1512 579 omnes
1545 524 1859 595 optimates
1881 522 2030 579 obti-

377 617 525 672 nuit.
556 616 782 685 (H.712)
810 613 1069 680 Quicum
1111 614 1304 668 Roma}
1347 616 1696 682 moraretur,
1730 612 2027 667 Thcodora

378 710 625 775 augusta
661 704 710 758 ei
747 701 1139 772 demandavit,
1175 707 1238 757 ut
1269 699 1574 756 Silvcrium
1610 716 1834 773 papam,
1865 699 2032 756 falso-

380 809 505 850 rum
540 793 777 849 testium
826 791 1199 847 aceusationc
1258 790 1611 860 convictum,
1674 790 1939 846 truderet
1974 788 2030 844 in

379 882 636 945 exilium,
672 897 739 936 eo
769 880 920 950 quod
969 878 1669 950 Anthimumﬂiereticum
1704 878 2033 934 Constanti-

381 970 779 1043 nopolitanum
823 968 1183 1039 episcopum,
1217 982 1386 1038 quem
1442 968 1725 1038 Agapitus
1760 981 1904 1038 papa
1936 980 2033 1021 ex-

378 1057 848 1125 communicavit,
898 1057 1206 1112 absolvere
1257 1056 1558 1112 noluisset.
1618 1054 1783 1122 Quod
1834 1054 2033 1111 Bilisa-

379 1149 518 1217 rius,
546 1147 677 1203 licet
707 1146 931 1215 nolens,
957 1145 1171 1215 eil'ecit,
1212 1160 1461 1216 cumque
1484 1146 1552 1201 ad
1578 1146 1917 1201 Pontianam
1950 1144 2034 1198 in-

377 1237 562 1292 sulam
595 1235 878 1304 cxiliavit,
943 1235 1036 1290 ubi
1070 1240 1129 1289 et
1159 1234 1332 1289 obiit.
1391 1234 1669 1289 Similiter
1696 1238 1757 1289 et
1788 1232 2035 1303 Vigilius

377 1341 545 1397 papa,
582 1338 893 1381 successor
924 1323 1074 1393 ejus,
1109 1337 1285 1378 causa
1318 1322 1579 1391 ejusdem
1616 1320 2033 1392 indignationis

375 1430 482 1485 per
503 1413 834 1470 Anthimum
856 1413 1182 1468 seribonem
1209 1411 1769 1482 Constantinopolim
1795 1411 2027 1482 ductus,

377 1503 510 1558 inde
541 1503 594 1558 in
653 1502 890 1559 exilium
939 1504 1030 1556 est
1090 1500 1304 1556 missus
1337 1500 1426 1569 (P.
1468 1502 1536 1555 D.
1579 1500 1623 1555 ἰ.
1665 1501 1738 1563 ι.)
1776 1501 1892 1556 Sub
1922 1500 2032 1555 hoc

380 1610 529 1667 papa
579 1594 789 1664 \‘igilio
844 1596 1055 1649 Arator
1112 1591 1510 1648 subdiaconus
1559 1593 1753 1647 Roma:
1810 1591 2026 1662 ﬂoruit,

378 1688 675 1752 Actusque
708 1680 1109 1753 apostolorum
1143 1680 1413 1736 versibus
1444 1681 1703 1752 scripsit.

450 1771 548 1826 His
581 1785 811 1841 quoque
860 1769 1225 1840 temporibus
1259 1768 1644 1825 Cassiodorus
1686 1770 1881 1825 Romae
1912 1773 2029 1824 tam

378 1859 630 1915 scculari
666 1872 833 1929 quam
858 1858 1047 1912 divina
1075 1857 1317 1913 scientia
1349 1857 1584 1929 claruit,
1611 1858 1708 1928 qui
1734 1858 1887 1912 inter
1919 1856 2029 1912 alia

379 1947 527 2003 bona
562 1960 687 2015 qua}
715 1945 950 2015 scripsit
977 1943 1327 2015 psalmorum
1362 1949 1590 2000 secreta
1614 1945 1832 2016 optime
1857 1946 2033 1999 inter-

380 2039 648 2108 pretatus
681 2038 789 2089 est.
826 2035 942 2089 Istc
963 2041 1133 2088 antea
1157 2033 1359 2089 consul
1386 2033 1513 2104 fuit,
1541 2033 1748 2089 deinde.
1773 2039 2028 2105 senator,

378 2125 450 2180 ad
483 2124 757 2179 ultimum
783 2122 1120 2177 monachus.

450 2215 564 2267 Hoc
595 2212 767 2267 etiam
804 2217 1064 2282 tempore
1097 2210 1387 2266 Dionisius
1447 2212 1628 2266 abbas
1664 2211 1718 2266 in
1775 2213 2031 2268 Romana

377 2302 521 2357 urbe
540 2301 789 2372 positus.
814 2299 1012 2371 cyclos
1034 2298 1337 2370 paschales
1360 2301 1655 2371 sapienter
1669 2302 2031 2373 composuit;

372 2391 473 2448 sed
504 2396 565 2447 et
616 2390 954 2445 Priscianus
1000 2388 1376 2445 Cznsariensis
1435 2389 1778 2459 profundum
1810 2404 2033 2460 grama-

375 2482 505 2537 tica)
536 2479 861 2549 inquisivit.

448 2570 557 2641 (In.
596 2585 654 2638 ιι,
696 2570 787 2640 9.)
839 2568 1000 2623 Felix
1030 2582 1259 2638 quoque
1310 2568 1698 2625 Tharvisianze
1747 2567 2029 2625 {ecclesiae

374 2655 573 2729 presul
603 2661 662 2710 et
711 2656 1069 2709 Fortunatus
1119 2654 1558 2724 condiscipulus
1614 2654 1740 2725 ejus
1771 2655 2027 2711 fuerunt.

372 2746 475 2801 llic
506 2746 867 2800 Fortunatus
913 2742 1019 2798 fuit
1054 2743 1124 2797 de
1155 2742 1284 2798 loco
1310 2742 1404 2813 qui
1438 2741 1655 2799 dicitur
1682 2743 2026 2815 Duplabilis,

374 2848 485 2889 non
515 2832 688 2901 longe
719 2846 748 2887 a
777 2831 1101 2898 Tharvisio,
1127 2831 1503 2901 gramatieam
1530 2847 1670 2887 vero
1699 2835 1760 2886 et
1782 2831 2032 2887 rethori-

370 2937 495 2978 cam
551 2920 757 2977 didicit
813 2919 966 2991 apud
1026 2920 1374 2975 Ravennam.
1438 2919 1707 2987 Quicum
1769 2919 2027 2976 dolorem

372 3015 679 3084 pateretur
736 3008 1019 3080 dentium,
1074 3008 1361 3079 simulque
1417 3009 1609 3065 socius
1664 3008 1791 3079 ejus
1848 3009 2025 3079 Felix,

373 3100 643 3155 abierunt
677 3099 845 3154 ambo
878 3098 947 3153 ad
1000 3098 1325 3154 {ecclesiam
1356 3103 1689 3153 sanctorum
1754 3098 2032 3154 Johannis

371 3194 432 3245 et
461 3188 644 3258 Pauli,
698 3203 824 3258 qua)
854 3192 944 3242 est
1006 3186 1059 3241 in
1090 3186 1290 3241 eadem
1353 3186 1593 3242 civitate
1648 3188 1938 3258 Ravenna,
1973 3187 2028 3242 in

373 3292 484 3349 qua
517 3284 607 3333 est
637 3281 697 3333 et
740 3276 926 3331 altare
958 3276 1143 3331 sancti
1177 3275 1423 3341 Martini,
1468 3276 1632 3343 juxta
1694 3276 1845 3346 quod
1881 3278 2031 3333 fene-

374 3371 495 3422 stra
518 3369 626 3435 est,
654 3365 707 3419 in
735 3379 845 3434 qua
879 3363 1114 3418 lucerna
1150 3362 1283 3433 poni
1332 3362 1579 3434 solebat,
1603 3364 1671 3418 de
1702 3363 1868 3433 cujus
1898 3364 2030 3421 oleo

373 3467 551 3525 super
582 3452 786 3508 oculos
824 3466 963 3507 suos
991 3456 1335 3522 posuerunt,
1364 3456 1421 3505 et
1466 3451 1771 3507 sanitatem
1797 3466 2032 3524 recepe-

373 3548 529 3599 runt.
568 3544 679 3596 Pro
713 3557 822 3610 qua
857 3555 1032 3595 causa
1067 3541 1422 3595 Fortunatus
1455 3540 1689 3596 beatum
1724 3542 2029 3598 Martinam

372 3632 427 3686 in
462 3635 685 3685 tantum
722 3628 950 3697 dilexit,
986 3635 1047 3683 ut
1085 3628 1329 3699 patriam
1374 3628 1699 3699 dimittens,
1735 3630 1803 3685 ad
1840 3629 2032 3702 sepul-

370 3721 570 3776 chrum
596 3717 722 3788 ejus
742 3720 1032 3773 Turonum
1058 3718 1306 3787 veniret,
1330 3722 1639 3787 antequam
1664 3718 2029 3789 Longobardi

371 3808 594 3865 Italiam
631 3808 950 3873 intrarent;
1000 3807 1247 3876 indeque
1297 3806 1615 3862 Pictavium
1649 3808 1895 3865 tendens
1928 3809 2034 3865 ibi-

372 3912 483 3969 que
535 3911 790 3966 manens,
848 3894 1060 3952 multas
1119 3896 1426 3965 passiones
1480 3904 1844 3968 sanctorum,
1887 3898 2031 3955 alias

371 4001 475 4059 per
513 4000 737 4055 versus,
757 3985 902 4041 alias
926 4000 1029 4057 per
1060 4000 1270 4056 prosas
1300 3986 1657 4056 composuit,
1698 3985 1894 4057 ibique
1916 3988 2031 4059 pri-

372 4091 525 4133 mum
560 4075 873 4148 presbiter,
910 4082 1106 4146 postea
1132 4076 1446 4147 episcopus
1479 4076 1668 4132 factus
1697 4081 1808 4132 est.

441 4166 552 4237 (in.
577 4180 614 4233 ι,
645 4167 771 4237 26.)
796 4164 1029 4219 Hisdem
1068 4165 1431 4235 temporibus
1470 4169 1709 4221 sanctus
1741 4170 1908 4236 pater
1940 4165 2031 4199 ¹⁰²²

373 4253 733 4310 Benedictus
759 4257 887 4324 post
912 4252 1311 4308 heremiticam
1339 4254 1538 4324 vitam,
1579 4268 1750 4324 quam
1774 4255 1939 4311 duxit
1973 4256 2027 4312 in

370 4343 503 4400 loco
526 4344 620 4399 cui
646 4342 930 4399 Sublacus
966 4341 1310 4397 vocabulum
1336 4347 1449 4413 est,
1477 4342 1533 4397 in
1558 4348 1752 4399 monte
1786 4345 2029 4401 Cassino

2142 434 2198 489 in
2229 433 2622 491 summitatem
2643 432 2877 503 montis,
2902 432 2955 487 in
2974 446 3175 502 magna
3199 446 3261 488 se
3286 430 3645 488 constrinxit
3661 430 3796 485 abs-

2142 523 2420 589 tinentia;
2457 523 2728 593 factoque
2772 521 3145 592 monasterio,
3180 519 3466 576 habitavit
3497 519 3599 589 ibi,
3634 518 3794 575 sicut

2141 611 2195 666 in
2230 611 2461 682 dialogo
2491 613 2572 683 (ιι,
2607 612 2658 683 1)
2692 612 2925 681 legitur.

2212 699 2312 769 (H.
2345 704 2450 772 an.)
2483 702 2602 757 Hoc
2649 699 2855 756 eodem
2892 705 3152 771 tempore
3184 712 3328 767 gens
3386 694 3791 765 Longobardo—

2142 804 2287 859 rum,
2325 789 2506 845 amica
2534 792 2676 846 tunc
2706 789 2963 843 Romano
3010 785 3243 858 pepulo,
3280 786 3334 841 in
3363 785 3653 843 Pannonia
3692 785 3793 840 ha-

2142 878 2388 949 bitabat,
2413 879 2506 935 cui
2528 884 2668 934 tunc
2702 878 2759 933 in
2792 877 2953 947 regni
2988 875 3383 945 gubernaculo
3414 874 3636 931 Audoin
3668 888 3796 944 pre-

2140 970 2290 1038 erat,
2322 967 2596 1037 omnique
2627 970 2912 1037 tempore,
2950 979 3064 1035 quo
3099 963 3456 1033 LongoLardi
3485 962 3541 1017 in
3572 964 3799 1017 Panno-

2141 1056 2232 1111 nia
2250 1055 2401 1111 habi:
2417 1056 2892 1125 abant,Roman33
2909 1054 2991 1110 rei
3006 1052 3257 1125 publica:
3270 1054 3337 1108 ad
3349 1050 3795 1107 versusemulos

2142 1144 2444 1214 adjutores
2466 1148 2653 1200 erant.
2690 1142 2852 1199 Unde
2880 1148 2940 1198 et
2970 1141 3196 1211 Alboin,
3233 1140 3479 1197 Audoini
3506 1139 3675 1209 filius,
3702 1154 3793 1195 ro-

2139 1237 2314 1303 gatus
2347 1248 2377 1288 a
2402 1234 2665 1303 Narsete,
2693 1246 2863 1303 quem
2884 1230 3249 1287 Justinianus
3271 1229 3582 1286 exarchum
3606 1228 3790 1285 Italiae

2143 1322 2281 1378 fecit
2310 1327 2366 1379 et
2399 1323 2452 1376 in
2487 1322 2880 1378 defensionem
2901 1321 3286 1375 Romanorum
3309 1324 3509 1373 contra
3543 1317 3787 1373 Totilam

2142 1412 2457 1469 Gothorum
2486 1426 2674 1481 regem
2706 1410 2941 1480 direxit,
2980 1407 3228 1464 validam
3262 1408 3315 1463 ei
3350 1422 3574 1463 manum
3608 1406 3665 1461 in
3692 1421 3787 1462 au-

2143 1500 2345 1557 xilium
2380 1499 2558 1569 misit,
2595 1513 2709 1570 qua
2742 1499 2926 1554 fretus
2948 1500 3180 1568 Narses,
3212 1495 3451 1553 Totilam
3476 1495 3635 1567 vicit,
3670 1510 3790 1551 om-

2144 1603 2389 1659 nemque
2414 1588 2639 1643 Italiam
2663 1602 2692 1643 a
2712 1590 3006 1659 potestate
3031 1586 3349 1642 Gothorum
3369 1585 3610 1641 liberam
3632 1583 3794 1639 dein-

2059 1707 2115 1768 B
2144 1692 2295 1768 ceps‘
2319 1678 2476 1768 fecit.

2218 1765 2519 1823 Bilisarius
2553 1770 2746 1823 autem
2773 1764 3057 1837 patricius
3086 1767 3397 1821 accusatus
3429 1761 3580 1834 apud
3614 1762 3796 1834 impe-

2145 1860 2419 1925 ratorem,
2458 1855 2611 1926 quod
2643 1855 2929 1911 adversus
2958 1868 3088 1910 eum
3124 1852 3543 1924 conspirasset,
3580 1850 3796 1906 ablatis

2144 1945 2434 2015 omnibus,
2488 1944 2698 2000 missus
2745 1947 2837 1999 est
2870 1943 2925 1998 in
2955 1942 3314 2009 custodiam;
3367 1939 3471 1997 sed
3502 1945 3633 2012 post
3681 1954 3794 1995 non

2145 2033 2391 2090 multum
2426 2037 2656 2105 tempus
2686 2033 2983 2102 dimissus,
3020 2030 3208 2088 omnia
3241 2030 3482 2101 recepit.

2213 2121 2578 2178 Justinianus
2601 2136 2739 2178 vero
2763 2121 3081 2192 imperator
3104 2123 3409 2191 postquam
3436 2120 3505 2174 38
3520 2115 3683 2173 annis
3704 2113 3798 2148 ¹⁰²³

2144 2210 2432 2281 regnavit,
2464 2211 2643 2266 rebus
2675 2208 2939 2266 humanis
2970 2207 3247 2265 excessit.

2145 2300 2290 2355 Anni
2322 2299 2654 2355 Iustiniani.

2215 2387 2316 2458 (Η.
2346 2387 2448 2460 m.)
2483 2388 2676 2444 Primo
2706 2388 2882 2459 hujus
2904 2401 3053 2443 anno
3082 2385 3300 2441 missus
3346 2387 3546 2441 contra
3576 2384 3792 2438 Persas

2141 2475 2449 2533 Bilisarius
2480 2477 2766 2549 patricius
2798 2475 3022 2547 magnis
3050 2489 3152 2531 eos
3181 2472 3399 2546 praeliis
3425 2471 3593 2543 fudit,
3628 2474 3685 2526 et
3715 2484 3789 2526 ex

2139 2565 2445 2623 voluntate
2493 2565 2773 2637 principis
2810 2562 3364 2636 Constantinopolim
3420 2560 3786 2633 triumphans

2144 2654 2404 2710 intravit.

2211 2748 2262 2799 2.
2296 2746 2341 2799 A
2374 2746 2435 2800 D.
2469 2747 2590 2801 528.
2640 2747 3013 2801 Terremotus
3061 2756 3303 2812 magnus
3356 2739 3677 2796 Antiochia}
3708 2738 3785 2795 fa-

2139 2838 2273 2890 ctus
2300 2836 2408 2889 est.

2212 2927 2262 2977 3.
2291 2924 2355 2979 A.
2380 2924 2445 2978 D.
2469 2926 2589 2977 529.
2615 2921 2979 2979 Justinianus
2996 2919 3344 2977 sententiam
3368 2916 3781 2991 promulgavit,

2142 3026 2211 3067 ne
2237 3010 2558 3067 militarent
2580 3012 2786 3082 pagani
2810 3010 2902 3067 vel
2927 3009 3188 3081 heretici,
3215 3008 3360 3075 dans
3384 3008 3465 3064 illi
3491 3012 3611 3064 tres
3633 3020 3790 3063 men-

2142 3114 2239 3157 ses
2270 3099 2342 3155 ad
2374 3099 2639 3156 inducias
2672 3100 3092 3156 conversionis.

2212 3193 2263 3244 6.
2299 3188 2464 3259 (Chr.
2522 3189 2627 3256 W.)
2656 3191 2724 3243 Α.
2758 3191 2827 3244 1).
2886 3193 3015 3245 532.
3053 3188 3343 3244 Dionisius
3375 3187 3556 3242 abbas
3585 3186 3786 3241 Roma-

2142 3293 2251 3335 nus
2283 3278 2586 3350 paschales
2616 3277 2815 3348 cyclos
2848 3281 2920 3335 ab
2962 3279 3070 3336 hoc
3104 3277 3396 3333 inchoavit
3427 3291 3602 3331 anno.

2212 3372 2271 3423 8.
2306 3366 2413 3438 (H.
2434 3370 2547 3430 m.)
2569 3369 2635 3421 A.
2663 3369 2733 3423 Ι).
2755 3370 2883 3423 534.
2912 3369 2973 3423 In
3002 3364 3399 3438 Pompeiopoli
3432 3365 3620 3435 Misyze
3651 3362 3795 3419 civi-

2142 3461 2265 3512 tate
2289 3456 2469 3512 scissa
2491 3459 2583 3511 est
2607 3460 2765 3511 terra
2785 3458 3175 3526 aterremotu,
3193 3459 3251 3511 et
3272 3455 3544 3511 obrutum
3570 3456 3793 3508 estme-

2143 3544 2300 3601 dium
2332 3544 2591 3601 civitatis
2630 3560 2761 3601 cum
2794 3545 3249 3613 habitatoribus,
3299 3548 3355 3599 et
3386 3556 3559 3599 voces
3589 3555 3791 3597 eorum

2144 3633 2360 3690 auditae
2384 3633 2605 3692 suntde
2620 3635 2832 3691 subtus
2845 3639 2998 3690 terra
3024 3633 3419 3703 clamantium,
3445 3636 3507 3687 ut
3527 3629 3637 3687 sibi
3662 3644 3794 3686 suc-

2142 3728 2518 3791 curreretur;
2549 3727 2605 3778 et
2653 3722 2972 3795 imperator
3002 3724 3074 3779 ad
3106 3720 3440 3779 educendos
3469 3735 3573 3777 eos
3608 3717 3789 3775 multa

2145 3811 2402 3882 donavit,
2430 3811 2812 3883 viventesque
2834 3811 3160 3868 liberaliter
3178 3811 3465 3868 liberavit.
3489 3842 3554 3850 —
3577 3808 3791 3865 Eodem

2144 3915 2293 3958 anno
2317 3901 2938 3959 tradiditJustinianus
2958 3902 3027 3958 ad
3054 3900 3410 3972 psallendum
3427 3899 3712 3957 zecclesize
3728 3897 3799 3955 il-

2143 3988 2239 4047 lud
2258 3990 2411 4061 quod
2429 3990 2686 4046 canitur:
2709 3990 3066 4062 Uniyenitus
3079 3989 3278 4047 Filius
3290 3990 3349 4045 et
3386 3986 3632 4045 Verbum
3644 3989 3783 4045 Dei.

2217 4083 2309 4136 10.
2333 4081 2403 4134 A.
2434 4080 2505 4134 D.
2535 4081 2663 4133 536.
2696 4078 2979 4134 Silverius
3002 4093 3146 4150 papa
3180 4082 3306 4134 60‘"J
3338 4077 3489 4134 sedit
3521 4091 3708 4133 annos
3735 4079 3789 4147 2,

2143 4168 2292 4224 obiit
2325 4172 2388 4222 1:2
2418 4168 2548 4224 Kal.
2581 4166 2741 4223 Julii.

2214 4260 2271 4312 11
2340 4259 2411 4312 A.
2442 4258 2510 4312 D.
2540 4262 2670 4313 537.
2718 4256 3129 4327 Theodericus,
3163 4255 3316 4313 illius
3348 4253 3644 4325 Clodovei,
3682 4253 3796 4309 fra-

2147 4350 2236 4400 ter
2261 4345 2535 4415 l.otharii,
2560 4344 2706 4400 obiit
2731 4359 2878 4400 anno
2901 4345 3063 4414 regni
3100 4346 3184 4401 sui
3218 4349 3334 4416 23°,
3362 4344 3701 4414 relinquens
3735 4341 3795 4397 ti-

372 4431 641 4489 doctrina
694 4435 752 4487 et
805 4430 1103 4487 miraculis
1136 4430 1368 4487 claruit.
1431 4432 1555 4498 Quo
1592 4447 1720 4488 cum
1782 4433 2029 4504 primum
2059 4421 2115 4481 D
2146 4433 2285 4489 lium
2314 4433 2777 4490 Theodebertum
2807 4433 2902 4504 (cf.
2939 4431 3008 4491 (ἶ.
3033 4434 3192 4507 Fin).

370 4521 663 4591 tenderet,
698 4519 899 4576 relicta
937 4520 1130 4590 priore
1165 4519 1531 4577 habitatione
1585 4536 1658 4576 ex
1693 4522 1885 4578 divina
1914 4523 2032 4593 jus.

370 4611 556 4680 sione,
584 4615 709 4665 tres
734 4608 916 4678 corvi,
941 4623 1083 4679 quos
1113 4608 1359 4665 cottidie
1382 4609 1704 4678 nutriebat,
1741 4627 1923 4683 prepe
1952 4612 2035 4684 ip-

370 4714 495 4757 sum
529 4713 763 4770 semper
787 4697 1040 4753 volando
1075 4698 1261 4753 secuti
1287 4705 1425 4754 sunt
1447 4713 1600 4770 eum,
1632 4704 1693 4756 ut
1729 4700 1784 4755 in
1817 4702 2035 4771 Longo-

370 4788 684 4846 bardorum
719 4786 977 4858 hysteria
1040 4786 1346 4843 scribitur.
1385 4788 1643 4858 Cumque
1700 4789 1924 4844 veniret
1959 4790 2031 4845 ad

371 4876 659 4949 quoddam
688 4876 926 4946 bivium,
946 4874 1061 4931 duo
1081 4874 1273 4944 angeli
1294 4877 1653 4947 apparebant
1675 4882 1734 4933 et
1756 4877 1808 4932 in
1834 4878 2030 4949 specie

372 4964 622 5023 duorum
648 4964 947 5035 juvenum,
1000 4963 1383 5020 ostendentes
1413 4964 1486 5034 ei,
1524 4978 1627 5036 per
1679 4979 1847 5035 quam
1880 4967 2031 5024 viam

372 5054 457 5109 ire
483 5054 748 5111 deberet.
786 5054 844 5109 In
883 5052 1012 5110 loco
1042 5057 1239 5109 autem
1270 5053 1395 5125 ipso
1428 5054 1662 5123 quidam
1692 5055 1790 5110 Dei
1825 5071 2032 5114 servus

371 5141 697 5211 habitabat,
730 5142 825 5199 cui
859 5157 970 5198 vox
1003 5142 1073 5198 de
1104 5141 1250 5198 cmlo
1299 5142 1571 5198 dicebat:
1621 5144 1743 5201 Hi8
1765 5145 1831 5201 tu
1851 5159 2034 5216 parca

372 5230 537 5300 locis,
570 5231 727 5287 alter
778 5232 1009 5289 amicus
1038 5230 1225 5288 adest.
1270 5231 1434 5297 Quod
1463 5231 1729 5304 apertius
1761 5232 1980 5290 dicitur
2015 5254 2027 5290 :

375 5341 401 5370 α
432 5319 652 5390 Amice,
678 5318 772 5376 exi
822 5318 893 5375 de
930 5318 1060 5377 loco
1085 5320 1219 5392 isto,
1254 5320 1386 5393 quia
1420 5319 1570 5378 alter
1603 5320 1825 5380 amicus
1855 5323 2031 5381 debet

2217 4527 2309 4578 12.
2352 4526 2422 4578 A.
2452 4524 2524 4578 D.
2556 4526 2685 4578 538.
2712 4521 2963 4592 Vigilius
2992 4538 3137 4594 papa
3163 4527 3288 4578 61lu
3313 4520 3465 4578 sedit
3500 4519 3666 4576 annis
3696 4521 3791 4575 14.

2216 4616 2310 4665 12.
2343 4610 2452 4679 (Η.
2480 4610 2597 4681 m.)
2623 4612 2690 4667 A.
2720 4611 2790 4665 D.
2813 4613 2941 4667 539.
2966 4610 3211 4667 Mundus
3233 4608 3465 4682 quidam
3489 4623 3562 4665 ex
3580 4620 3801 4679 genere

2144 4698 2495 4770 Gepidarum
2527 4699 2789 4756 sociatus
2817 4705 2905 4756 est
2937 4700 3239 4756 Romanis.

2216 4787 2362 4843 Anni
2396 4787 2469 4843 ab
2500 4787 2677 4843 inicio
2711 4788 2906 4845 mundi
2941 4791 3098 4845 4500.

2218 4881 2308 4932 15.
2339 4878 2412 4931 Α.
2442 4878 2511 4932 D.
2555 4879 2684 4933 541.
2715 4878 3003 4949 Ypapanti
3028 4876 3250 4934 Domini
3274 4876 3523 4949 sumpsit
3555 4873 3797 4931 inicium

2146 4972 2209 5022 ut
2239 4964 2645 5023 celebraretur
2666 4967 2820 5039 apud
2843 4966 3190 5039 Bizantium,
3216 4980 3348 5025 cum
3367 4970 3524 5024 esset
3549 4979 3619 5022 eo
3641 4978 3804 5021 anno

2144 5055 2222 5112 ibi
2255 5070 2460 5126 magna
2493 5054 2846 5113 mortalitas.

2214 5147 2310 5202 17.
2336 5147 2409 5201 Α.
2438 5146 2509 5200 D.
2541 5148 2670 5201 543.
2706 5146 2919 5203 Factus
2949 5150 3043 5203 est
3076 5149 3433 5202 terremotus
3464 5157 3709 5214 magnus
3738 5142 3806 5199 in

2144 5232 2420 5291 universo
2452 5234 2697 5303 mundo;
2730 5235 3054 5308 eodemque
3086 5250 3234 5293 anno
3256 5232 3530 5308 apparuit
3561 5231 3807 5304 quidam

2142 5338 2215 5381 ex
2246 5323 2797 5397 regioneltalorum,
2814 5325 3048 5383 nomine
3062 5323 3347 5397 Andreas,
3371 5319 3659 5399 pel-villas
3683 5318 3812 5380 dis-

1743 5448 1976 5508 VARLE
2018 5449 2418 5511 LECTIONES.

450 5514 542 5562 ml
574 5531 629 5595 p.
665 5519 870 5575 noster
900 5516 982 5580 1b.
1061 5516 1155 5557 *(³³⁸
1185 5516 1350 5579 deest
1376 5524 1429 5582 1.
