3992 6034
208 235 335 305 789

1101 232 1539 303 CHRONICA.
1576 267 1652 282 -
1686 229 2167 298 CHRONICON
2210 232 2760 335 UNIVERSALE.

3512 239 3635 307 790

212 373 471 436 GOdOOC-
526 370 650 443 QUO
702 373 952 445 11101⁸1110,
1006 369 1159 432 ﬁlius
1190 371 1315 446 eius
1345 371 1561 447 Calpho
1600 368 1866 442 regnavit
1898 369 1948 430 A
1984 377 2116 437 dum
2138 374 2372 436 brachia
2394 379 3143 453 extenderent,crudeliter
3161 380 3232 439 ab
3251 379 3522 440 hostibus
3537 393 3631 439 0οο

214 470 443 525 sextus.
496 466 564 522 Et
611 464 723 522 isto
777 468 1029 534 mortuo,
1076 464 1343 535 regnavit
1377 464 1662 537 septimus
1688 460 1861 518 Tado.

213 556 359 611 Post
390 554 508 612 11100
540 554 762 625 egressi
796 553 1157 624 Longobardi
1191 552 1261 610 de
1290 553 1584 624 Rugilant,
1620 565 1747 623 quae
1770 552 1869 607 La-

211 643 344 700 tino
370 643 608 715 eloquio
638 645 933 714 Rugorum
964 644 1149 715 patria
1183 643 1421 712 dicitur,
1455 642 1865 699 habitaverunt

215 732 274 790 in
299 733 525 805 apertis
552 733 793 806 campis,
826 732 923 804 qui
947 748 1210 790 sermone
1241 733 1546 789 barbarico
1577 728 1872 802 appellan-

215 827 320 879 tur
354 821 476 880 felt.
519 824 581 879 In
614 837 729 894 quo
761 821 889 879 loco
919 823 1053 879 dum
1087 837 1191 893 per
1227 826 1350 878 tres
1393 836 1574 877 annos
1616 820 1871 877 habitas-

218 914 380 981 sent,
417 926 606 983 pugna
640 912 900 968 surrexit
931 911 1083 968 inter
1110 911 1396 967 Tadonem
1428 914 1488 967 et
1518 908 1868 966 Ruodolfum

218 1014 416 1070 regem
450 1000 817 1071 Herulorum,
854 1000 950 1071 qui
986 1000 1148 1071 prius
1180 999 1344 1055 amici
1380 999 1640 1061 fuerunt;
1673 1000 1734 1053 et
1763 996 1869 1053 hoc

220 1089 332 1145 fuit
364 1089 598 1158 malum,
634 1088 785 1145 unde
817 1089 873 1144 in
906 1103 1007 1146 eos
1037 1088 1326 1144 discordia
1365 1086 1624 1142 intravit.
1667 1087 1870 1142 Frater

219 1176 491 1234 Ruodolﬁ
519 1177 676 1247 regis
696 1192 801 1249 pro
823 1192 996 1234 causa
1021 1177 1180 1248 pacis
1204 1177 1271 1233 ad
1296 1176 1581 1232 Tadonem
1604 1179 1865 1245 venerat,

217 1269 277 1320 et
305 1280 435 1322 eum
459 1266 530 1322 ad
557 1281 718 1322 suam
745 1266 990 1338 patriam
1018 1266 1232 1322 reverti
1256 1264 1455 1334 vellet,
1480 1270 1614 1320 ante
1637 1263 1868 1320 domum

159 1346 163 1351 ’
216 1355 619 1426 Rumetrudze,
654 1355 787 1411 filiae
820 1354 998 1425 regis,
1029 1354 1287 1410 transiit.
1320 1353 1423 1410 Illa
1455 1368 1594 1410 vero
1626 1367 1756 1409 cum
1788 1351 1871 1408 vi-

222 1447 394 1504 deret
421 1447 633 1505 multos
658 1448 818 1504 viros
841 1446 1066 1504 nobiles
1088 1447 1172 1504 ire
1189 1461 1317 1505 cum
1341 1461 1430 1515 eo,
1458 1446 1866 1516 interrogavit,

223 1536 356 1606 quis
383 1539 565 1608 esset,
597 1536 934 1607 dictumque
955 1541 1049 1593 est
1072 1536 1176 1608 illi,
1206 1535 1362 1608 quod
1392 1536 1572 1592 frater
1600 1534 1866 1591 Ruodolfi

220 1624 382 1693 regis
415 1624 642 1682 fuisset.
675 1626 828 1681 Tunc
854 1624 951 1681 illa
976 1624 1135 1680 misit
1167 1624 1438 1696 puellam,
1472 1638 1599 1694 quae
1625 1638 1757 1679 eum
1788 1622 1870 1676 in-

1983 471 2290 527 debantur.
2334 472 2696 543 Longobardi
2736 474 2935 544 itaque
2966 472 3223 529 victores
3253 471 3465 541 effecti,
3499 486 3631 543 pre-

1982 557 2112 615 dam
2133 575 2394 631 magnam
2415 562 2569 618 inter
2584 577 2646 619 se
2662 562 3016 627 diviserunt;
3035 562 3187 618 Tado
3201 576 3339 617 vero
3352 560 3627 617 vexillum

1980 650 2041 704 et
2060 648 2285 720 galeam
2310 652 2574 708 Ruodolfi
2600 653 2756 721 regis
2780 652 3029 723 accepit,
3061 666 3229 721 quam
3254 654 3457 722 postea
3483 664 3630 707 sem-

1983 752 2087 807 per
2116 738 2169 795 in
2200 740 2355 796 bello
2398 741 2673 812 portavit.
2710 743 2793 800 Ex
2832 740 2932 797 illo
2971 747 3238 811 tempore
3279 739 3624 795 Herulorum

1982 825 2172 883 virtus
2204 829 2287 884 sic
2320 829 2621 887 humiliata
2650 835 2761 897 est,
2797 835 2859 885 ut
2882 845 3059 900 super
3081 844 3141 886 se
3166 844 3357 899 regem
3381 828 3630 898 amplius

1982 931 2096 972 non
2118 917 2187 972 ha
2200 919 2433 986 herent;
2457 920 2819 989 Longobardi
2843 935 2983 975 vero
3006 935 3076 976 ex
3097 921 3207 975 hoc
3230 918 3444 975 divites
3467 917 3628 986 facti,

1979 1011 2287 1078 coeperunt
2319 1009 2390 1064 de
2426 1009 2656 1080 propria
2696 1009 3000 1065 voluntate
3035 1023 3257 1079 pugnas
3289 1022 3537 1077 querere
3567 1012 3625 1062 et

1979 1094 2223 1163 gloriam
2253 1096 2651 1167 virtutemque
2681 1114 2843 1155 suam
2874 1098 3090 1168 ubique
3118 1097 3453 1154 extendere.
3488 1098 3629 1150 Post

1982 1182 2102 1240 haec
2132 1186 2284 1241 Tado
2317 1185 2387 1241 de
2412 1202 2513 1242 sua
2547 1187 2792 1244 victoria
2826 1202 2936 1242 non
2971 1187 3214 1243 multum
3244 1186 3481 1241 laetatus
3502 1188 3624 1249 est;

1981 1288 2108 1328 nam
2141 1274 2312 1331 irruit
2346 1291 2521 1348 super
2553 1291 2683 1333 eum
2713 1278 2950 1348 Wacho,
2987 1276 3138 1331 filius
3172 1275 3374 1331 fratris
3404 1274 3494 1331 sui
3524 1274 3629 1328 Zu-

1980 1362 2251 1432 chilonis,
2282 1369 2341 1419 et
2369 1365 2586 1421 occidit
2622 1380 2779 1422 eum.
2825 1367 2980 1422 Tunc
3021 1364 3302 1433 Hildegis,
3352 1363 3502 1419 filius
3528 1365 3629 1417 Ta-

1981 1449 2169 1519 donis,
2204 1452 2481 1523 pugnavit
2504 1453 2788 1511 adversus
2806 1454 3178 1522 Wachonem,
3205 1450 3307 1508 sed
3330 1450 3469 1507 vicit
3494 1465 3624 1506 eum

1980 1539 2217 1597 Waeho.
2260 1541 2364 1608 Qui
2411 1543 2555 1612 fugit
2586 1543 2657 1599 ad
2691 1543 2959 1614 Gepidos,
3002 1545 3057 1596 et
3099 1541 3176 1597 ibi
3218 1544 3483 1596 mortuus
3512 1542 3621 1595 est.

1982 1627 2093 1683 Pro
2124 1644 2235 1699 qua
2261 1645 2432 1688 causa
2464 1632 2831 1701 Longobardi
2861 1646 2990 1688 cum
3019 1629 3255 1701 Gepidis
3285 1643 3356 1684 ex
3386 1643 3457 1683 eo
3485 1631 3631 1682 tem-

220 1712 461 1782 vitaret,
489 1717 549 1767 ut
571 1712 912 1783 dignaretur
934 1728 1064 1770 cum
1087 1728 1153 1769 ea
1181 1713 1396 1770 bibere.
1425 1713 1529 1780 Qui
1556 1716 1621 1769 ut
1643 1712 1749 1768 hoc
1772 1726 1871 1767 au-
1897 1730 1952 1791 Β
1986 1729 2125 1784 pore
2176 1716 2462 1776 inimicias
2512 1719 2863 1775 habuerunt.
2916 1718 3126 1773 Habuit
3173 1720 3362 1773 autem
3411 1715 3626 1770 Wacho

220 1800 389 1871 divit,
420 1816 549 1857 eum
583 1801 829 1874 simplici
860 1802 1039 1859 corde
1069 1802 1246 1858 venit.
1281 1802 1391 1859 Sed
1421 1802 1553 1873 quia
1585 1800 1866 1857 modicam

221 1891 506 1943 staturam
530 1887 803 1957 habebat,
825 1888 1015 1959 puella
1041 1888 1292 1959 superba
1317 1892 1377 1945 et
1398 1887 1654 1958 gloriosa
1679 1886 1869 1957 despi-

222 1975 419 2031 ciebat
448 1990 575 2031 eum
600 1982 659 2031 et
680 1976 1004 2033 deridebat.
1040 1977 1142 2033 Ille
1174 1980 1367 2033 autem
1391 1976 1562 2032 talem
1591 1990 1868 2032 verecun-

226 2063 378 2119 diam
422 2079 533 2120 non
577 2065 897 2135 sustinens,
940 2066 1188 2138 amplius
1226 2080 1349 2122 eam
1392 2064 1715 2136 injuriavit.
1765 2063 1864 2119 llla

223 2166 363 2207 vero
406 2165 646 2209 accensa
686 2152 770 2208 ira
816 2154 1078 2223 feminea,
1121 2154 1354 2225 malum,
1400 2155 1555 2224 quod
1586 2153 1641 2208 in
1676 2157 1865 2209 mente

225 2247 598 2312 conceperat,
644 2242 975 2313 complevit.
1018 2244 1211 2299 Finxit
1240 2244 1392 2300 enim
1424 2257 1485 2299 se
1514 2257 1618 2314 per
1650 2242 1868 2314 patien-

222 2329 361 2386 tiam
410 2329 600 2386 lzetam
646 2344 801 2400 esse,
834 2336 894 2388 et
925 2331 1177 2389 invitans
1220 2348 1348 2389 eum
1401 2332 1471 2388 ad
1523 2332 1863 2399 sedendum,

222 2418 363 2475 fecit
395 2432 524 2475 eum
550 2419 607 2474 in
630 2418 737 2475 tali
758 2419 889 2476 loco
917 2422 1139 2492 sedere,
1175 2421 1270 2477 ubi
1304 2423 1557 2478 fenestra
1583 2423 1707 2477 erat
1734 2424 1864 2490 post

222 2506 460 2563 dorsum
493 2506 642 2578 ejus,
684 2512 745 2564 et
774 2522 846 2565 ne
878 2507 974 2565 ille
1007 2509 1257 2579 aliquam
1298 2510 1689 2580 suspicionem
1732 2507 1864 2562 mali

220 2600 421 2667 posset
453 2596 690 2667 habere,
723 2612 973 2669 pannum
1005 2598 1499 2669 preciosissimum
1524 2602 1659 2653 ante
1683 2598 1868 2653 fenes-

222 2692 371 2744 tram
398 2687 576 2758 jussit
605 2689 867 2760 tendere,
902 2688 1165 2760 dixitque
1189 2690 1387 2761 pueris
1410 2690 1550 2759 suis,
1587 2693 1648 2745 ut
1674 2689 1729 2744 in
1755 2704 1863 2759 qua

216 2775 359 2833 hora
388 2777 610 2833 diceret
636 2796 647 2831 :
672 2777 877 2847 Misce,
905 2776 988 2832 illi
1017 2792 1147 2834 eum
1169 2793 1197 2833 a
1223 2778 1398 2835 dorso
1429 2778 1649 2834 lanceis
1677 2783 1869 2833 trans-

217 2867 502 2921 forarent.
556 2866 765 2938 Sicque
809 2866 1021 2922 factum
1063 2870 1170 2921 est.
1221 2866 1385 2933 Quod
1415 2883 1545 2923 cum
1576 2866 1866 2922 Ruodolfo

217 2953 341 3024 regi
378 2952 714 3010 nunciatum
743 2959 923 3025 esset,
966 2953 1136 3009 nimis
1166 2953 1352 3011 iratus
1385 2956 1456 3011 de
1484 2958 1603 3010 tam
1639 2956 1865 3011 funesta

218 3045 408 3099 morte
432 3042 631 3098 fratris
650 3042 761 3113 sui,
784 3042 1037 3114 disrupit
1058 3057 1276 3114 pacem,
1300 3058 1466 3113 quam
1488 3058 1617 3100 eum
1636 3042 1865 3099 'l‘adone

212 3146 353 3200 rege
388 3130 613 3200 habuit,
645 3135 706 3187 et
736 3130 787 3188 ei
826 3146 1074 3203 pugnam
1116 3131 1343 3188 indixit.
1389 3133 1644 3203 Cumque
1677 3131 1868 3188 venis-

209 3223 347 3275 sent
396 3219 580 3276 ambae
631 3225 828 3290 partes
869 3220 923 3276 in
961 3234 1226 3292 campum
1277 3225 1565 3292 apertum,
1615 3220 1873 3277 Ruodolf

207 3323 350 3365 suos
384 3307 677 3364 mandavit
703 3308 771 3364 ad
796 3322 1067 3379 pugnam,
1101 3309 1223 3381 ipse
1253 3323 1390 3365 vero
1414 3309 1468 3364 in
1494 3310 1751 3366 tentorio
1779 3324 1866 3365 se-

208 3396 378 3468 dens,
408 3398 720 3467 jocabatur
760 3398 828 3453 ad
866 3398 1150 3467 tabulam,
1185 3412 1295 3453 non
1328 3397 1604 3454 dubitans
1644 3397 1863 3468 aliquid

211 3485 288 3542 de
307 3500 413 3541 sua
435 3485 708 3543 victoria.
732 3487 880 3541 Gens
895 3486 1046 3542 enim
1063 3486 1405 3542 Herulorum
1429 3485 1669 3542 multum
1691 3487 1863 3542 docta

211 3577 344 3631 erat
391 3573 703 3646 pugnandi,
733 3579 793 3630 et
825 3578 885 3630 ut
921 3574 1080 3630 leves
1118 3578 1314 3630 essent
1356 3575 1424 3630 ad
1470 3574 1863 3646 pugnandum,

211 3678 422 3719 omnes
448 3662 585 3719 nudi
609 3663 965 3734 pugnabant,
997 3662 1357 3719 solummodo
1388 3663 1636 3719 verenda
1661 3678 1865 3734 corpo-

215 3752 304 3808 ris
330 3752 584 3808 membra
610 3751 1034 3822 coeperientes.
1061 3753 1184 3807 Rex
1206 3765 1344 3807 vero
1367 3750 1768 3807 indubitanter
1791 3751 1863 3806 de

214 3838 543 3898 virtutibus
563 3854 763 3897 eorum
784 3840 1105 3911 confidens,
1127 3855 1372 3897 securus
1412 3844 1474 3896 ut
1497 3841 1769 3911 diximus,
1791 3841 1860 3897 ad

212 3929 479 3985 tabulam
506 3928 834 3999 jocabatur,
860 3945 1036 3987 unum
1061 3935 1250 3986 tamen
1276 3928 1345 3984 de
1369 3929 1491 3985 suis
1518 3929 1569 3983 in
1596 3931 1861 3984 arborem

204 4015 392 4087 jussit
410 4015 746 4086 ascendere,
769 4016 866 4087 qui
885 4015 938 4072 ei
956 4016 1258 4073 victoriam
1278 4030 1515 4073 suorum
1538 4015 1860 4083 nuuciaret,

213 4102 572 4176 promittens
601 4103 673 4171 ei,
707 4118 770 4159 se
801 4108 971 4175 caput
1018 4104 1144 4174 ejus
1182 4102 1507 4169 abscidere,
1541 4103 1586 4159 si
1622 4103 1865 4160 llerulos

208 4208 356 4249 suos
387 4191 693 4248 nunciaret
724 4193 944 4263 fugere.
977 4192 1089 4249 Sed
1112 4192 1209 4248 ille
1231 4208 1361 4249 cum
1396 4192 1619 4249 videret
1650 4207 1753 4249 eos
1783 4193 1865 4249 fu-

209 4296 359 4353 gere
378 4285 434 4336 et
460 4282 874 4352 Longobardos
897 4282 1127 4337 fortiter
1148 4282 1388 4351 instare,
1414 4281 1815 4351 interrogatus
1832 4298 1863 4337 a

215 4384 382 4440 rege,
417 4369 556 4440 quid
588 4368 785 4426 Heruli
820 4370 1099 4440 facerent,
1132 4370 1435 4441 respondit
1470 4390 1481 4425 :
1519 4371 1866 4442 Optimepn-

1899 3091 1947 3152 C

1982 1818 2195 1860 uxores
2214 1808 2358 1873 tres,
2388 1807 2629 1877 primam
2653 1807 3072 1876 Ranigundam,
3110 1804 3282 1860 filiam
3308 1803 3465 1873 regis
3483 1802 3631 1858 Thu-

1981 1890 2276 1959 ringorum
2297 1912 2311 1959 ;
2332 1894 2538 1951 deinde
2557 1896 2695 1953 tulit
2715 1896 3139 1963 Austrigosam,
3157 1892 3330 1948 filiam
3351 1891 3506 1961 regis
3526 1892 3631 1947 Ge-

1981 1978 2272 2055 pidorum,
2303 1985 2373 2041 de
2396 2000 2505 2056 qua
2536 1986 2675 2042 fecit
2697 1985 2843 2041 duas
2864 1985 3014 2040 filias
3039 2003 3052 2037 :
3080 1997 3283 2039 nomen
3311 1981 3404 2037 uni
3427 1979 3631 2036 Wisel-

1977 2069 2179 2137 garda,
2235 2089 2402 2144 quam
2454 2076 2893 2131 Theodebertus
2940 2088 3042 2129 rex
3093 2074 3440 2128 Francorum
3489 2069 3627 2126 tulit

1982 2173 2241 2230 uxorem,
2287 2162 2471 2219 altera
2514 2163 2669 2220 dicta
2702 2168 2791 2219 est
2822 2160 3175 2229 Walterada,
3208 2175 3377 2231 quam
3412 2159 3622 2215 iterum

1977 2247 2118 2302 tulit
2168 2264 2403 2307 uxorem
2453 2251 2853 2309 Chusahaldus
2906 2267 3004 2307 rex
3050 2252 3418 2315 Francorum,
3455 2262 3624 2317 quam

1978 2334 2112 2391 odio
2143 2336 2382 2405 habens,
2419 2340 2578 2395 dedit
2613 2340 2708 2395 uni
2734 2340 2806 2396 de
2826 2340 2965 2407 suis,
3002 2339 3099 2408 qui
3128 2338 3437 2393 dicebatur
3468 2335 3628 2390 Gari-
3736 2392 3747 2397 _

1981 2423 2135 2494 bald,
2162 2425 2215 2480 in
2241 2427 2594 2497 conjugium.
2620 2428 2876 2485 Terciam
2907 2442 3145 2484 uxorem
3177 2426 3377 2482 habuit
3411 2422 3625 2478 Wacho

1980 2512 2289 2585 Salingam,
2317 2516 2490 2572 filiam
2524 2517 2683 2586 regis
2712 2516 3081 2585 Herulorum,
3112 2516 3182 2571 de
3207 2529 3315 2585 qua
3341 2514 3513 2567 natus
3536 2513 3629 2566 est

1979 2590 2281 2669 Walthari,
2319 2602 2414 2674 qui
2452 2608 2617 2673 patre
2647 2607 2876 2660 mortuo
2893 2618 3076 2675 super
3100 2600 3509 2671 Longobardos
3542 2613 3627 2655 re-

1977 2691 2173 2758 gnavit
2208 2697 2471 2749 octavus.
2507 2693 2607 2749 Isti
2639 2707 2839 2749 omnes
2870 2692 3080 2761 Litmgi
3116 2693 3369 2758 fuerunt,
3398 2689 3466 2744 de
3489 2703 3629 2759 qua-

1979 2779 2109 2835 dam
2151 2780 2354 2851 stirpe.
2400 2795 2527 2851 quae
2569 2780 2926 2837 nobilissima
2967 2779 3274 2835 dicebatur
3305 2776 3457 2848 apud
3487 2790 3615 2832 eos.

1980 2869 2259 2924 Walthari
2312 2869 2574 2937 regnavit
2625 2869 2791 2925 annis
2820 2875 2874 2937 7,
2918 2873 2975 2924 et
3010 2872 3274 2924 mortuus
3321 2870 3432 2922 est.
3488 2867 3601 2920 Pos

1979 2973 2147 3029 quem
2183 2958 2445 3026 regnavit
2482 2973 2666 3014 nonus
2695 2956 2939 3026 Andoin,
2968 2957 3062 3026 qui
3089 2961 3220 3027 post
3244 2970 3354 3009 non
3382 2953 3623 3009 multum

1977 3050 2209 3117 tempus
2242 3045 2651 3115 Longobardos
2677 3046 2732 3100 in
2756 3045 3107 3101 Pannoniam
3140 3042 3485 3099 introduxit.
3522 3042 3625 3098 1110

1978 3135 2182 3192 habuit
2217 3149 2453 3191 uxorem
2496 3132 2898 3201 Rodclindam,
2935 3147 3062 3201 quae
3097 3131 3320 3204 peperit
3354 3130 3405 3187 ei
3440 3129 3619 3185 filium

1979 3221 2206 3295 Alboin,
2248 3222 2343 3293 qui
2388 3220 2491 3278 fuit
2537 3219 2705 3277 fortis
2742 3224 2800 3276 et
2839 3223 3075 3276 astutus
3104 3219 3157 3273 in
3189 3219 3473 3274 omnibus.
3518 3218 3621 3273 Ge-

1980 3312 2131 3384 pidis
2153 3311 2332 3380 igitur
2349 3326 2478 3366 cum
2505 3308 2901 3379 Longobardis
2921 3307 3104 3363 rixam
3130 3306 3498 3376 facientibus,
3518 3322 3621 3377 pu-

1975 3416 2145 3470 gnam
2168 3399 2277 3456 sibi
2300 3399 2482 3455 ambaa
2503 3401 2700 3469 partes
2720 3401 3053 3469 preparaut.
3083 3395 3403 3453 Commisso
3422 3394 3619 3465 itaque

1980 3489 2183 3561 prelio,
2226 3489 2359 3545 dum
2401 3488 2582 3543 ambze
2621 3491 2820 3559 partes
2854 3486 3085 3542 fortiter
3117 3486 3440 3557 pugnarent
3471 3488 3528 3538 et
3562 3482 3618 3537 in

1977 3578 2191 3633 nullam
2228 3581 2451 3648 partem
2484 3580 2646 3642 terga
2680 3578 3002 3643 verterent,
3033 3572 3280 3643 contigit
3312 3577 3375 3628 ut
3404 3572 3459 3626 in
3493 3570 3617 3642 ipsa

1981 3681 2167 3736 pugna
2201 3665 2427 3734 Alboin,
2456 3665 2609 3720 filius
2639 3663 2884 3733 Audoin,
2915 3668 2975 3718 et
3002 3660 3443 3728 Thurismodus,
3470 3659 3588 3715 11110

1974 3752 2302 3809 Thurisindi
2322 3752 2477 3823 regis
2495 3752 2867 3824 Gepidorum,
2889 3750 2998 3807 sibi
3021 3750 3263 3806 invicem
3283 3747 3586 3805 obviarcnt

1975 3841 2076 3897 sed
2105 3841 2311 3898 Alboin
2332 3840 2774 3897 Thurismodum
2801 3844 2966 3911 spata
2996 3838 3350 3910 percutiens,
3375 3836 3447 3892 de
3468 3850 3619 3906 equo

1975 3928 2225 4000 dejecit;
2264 3933 2321 3984 et
2365 3944 2449 3984 810
2494 3932 2758 3985 mortuus
2797 3932 2910 3983 est.
2956 3926 3156 3997 Gepidi
3186 3940 3324 3981 vero
3356 3923 3622 3987 videntes

1976 4016 2156 4073 filium
2187 4016 2341 4085 regis
2371 4018 2682 4081 mortuum,
2717 4014 2771 4069 in
2803 4028 2917 4084 quo
2948 4028 3209 4081 magnam
3240 4011 3530 4066 habebant
3562 4010 3621 4063 li-

1975 4105 2225 4173 dueiam,
2278 4102 2473 4159 statim
2526 4103 2831 4171 fugerunt;
2888 4100 3246 4170 Longobardi
3296 4103 3487 4154 autem
3537 4114 3621 4151 sc-

1977 4196 2224 4263 quentes
2246 4191 2378 4247 illos
2401 4190 2631 4245 fortiter
2661 4191 2955 4258 sternunt,
2990 4186 3305 4256 multisque
3327 4200 3396 4241 ex
3419 4184 3505 4240 eis
3527 4200 3624 4240 oe-

1976 4281 2135 4349 cisis,
2171 4280 2241 4335 ad
2271 4279 2456 4351 spolia
2503 4280 2831 4335 recurrunt.
2876 4277 3059 4333 Finita
3101 4274 3370 4344 victoria,
3406 4274 3623 4341 Longo-

1980 4370 2143 4426 bardi
2174 4369 2242 4425 ad
2278 4383 2380 4426 sua
2412 4368 2535 4423 loca
2569 4382 2698 4423 cum
2732 4367 3014 4437 redirent,
3044 4368 3397 4434 rogaverunt
3427 4376 3621 4433 regem

204 4458 426 4530 gnant.
462 4458 574 4513 Nec
608 4473 789 4515 ausus
819 4458 924 4515 fuit
957 4463 1124 4514 antea
1157 4457 1350 4516 dicere
1375 4459 1585 4514 malum
1612 4460 1761 4531 quod
1787 4458 1866 4514 vi-
1892 4451 1949 4515 D
1983 4458 2229 4529 Audoin,
2266 4461 2327 4515 ut
2348 4457 2539 4513 ﬁlium
2582 4471 2749 4513 suum
2795 4455 2998 4512 Alboin
3033 4468 3230 4511 secum
3262 4450 3333 4508 ad
3368 4465 3621 4508 mensam

213 4546 419 4616 debat,
465 4560 634 4617 quam
677 4562 878 4603 omnes
920 4546 1116 4603 Heruli
1160 4551 1321 4617 terga
1353 4548 1681 4604 vertebant.
1713 4549 1866 4603 Tunc

219 4635 489 4707 quamvis
524 4636 686 4692 tarde
718 4651 916 4693 vocem
948 4636 1163 4706 emisit,
1208 4636 1407 4693 dicens
1434 4655 1445 4691 :
1485 4638 1574 4693 Va!
1602 4636 1728 4706 tibi,
1760 4638 1869 4693 mi-

1982 4549 2349 4620 permitteret
2391 4545 2595 4601 sedere
2626 4548 2681 4599 et
2715 4544 3024 4616 prandere,
3069 4558 3138 4599 eo
3170 4540 3325 4613 quod
3360 4556 3462 4613 per
3492 4554 3621 4596 eum

1980 4637 2283 4693 victoriam
2325 4635 2627 4703 baberent,
2673 4639 2736 4691 ut
2777 4633 2930 4689 sicut
2970 4632 3119 4704 patri
3154 4646 3258 4688 suo
3292 4630 3485 4688 socius
3518 4628 3622 4684 fuit

216 4738 362 4783 sera
391 4725 666 4796 Herolia,
696 4725 810 4782 Dei
830 4725 1079 4782 celestis
1099 4725 1198 4781 ira
1214 4739 1515 4794 percussa.
1550 4725 1871 4784 Ruodoli’us
1981 4725 2033 4780 in
2069 4723 2349 4796 periculo,
2386 4724 2462 4779 ita
2494 4726 2651 4779 esset
2675 4725 2730 4777 et
2759 4721 2812 4777 in
2836 4721 3127 4777 convivio.
3162 4720 3269 4775 Sed
3300 4723 3468 4789 pater
3496 4714 3623 4784 ejus

221 4828 366 4869 vero
397 4813 507 4869 hoc
536 4813 799 4883 audiens,
833 4816 1156 4870 commotus
1182 4813 1260 4869 ait
1298 4831 1309 4867 :
1344 4815 1625 4871 Forsitan
1659 4816 1871 4872 Heruli

215 4900 339 4959 mei
354 4901 637 4975 fugiunt.
674 4902 776 4958 ille
810 4902 954 4958 dixit
990 4921 1001 4959 :
1036 4903 1163 4959 Hoc
1190 4916 1308 4958 non
1332 4917 1454 4973 ego,
1488 4917 1590 4959 .«ea
1621 4904 1703 4966 tu.
1737 4918 1866 4973 rea,

216 4990 462 5049 diatisti.
499 4992 673 5063 Tune,
710 4995 774 5047 ut
805 4991 859 5046 111
894 4990 1116 5048 talibus
1158 4991 1281 5048 fieri
1322 4991 1491 5061 solet,
1525 5006 1626 5046 rex
1657 4992 1780 5063 ipse
1811 4996 1869 5049 et

217 5094 425 5137 omnes
455 5079 553 5150 qui
585 5094 714 5136 eum
744 5095 813 5137 eo
843 5083 1012 5136 erant
1051 5079 1295 5149 turbati,
1330 5078 1467 5150 quid
1503 5083 1742 5149 agerent
1775 5094 1871 5137 ne-

216 5168 505 5225 sciebant.
537 5167 895 5239 Longobardi
913 5183 1055 5225 vero
1075 5167 1580 5239 supervenientes,
1604 5182 1794 5238 regem
1810 5174 1871 5226 et

214 5270 422 5312 omnes
441 5256 539 5326 qui
560 5272 690 5312 eum
709 5272 779 5313 eo
799 5261 962 5312 erant
986 5255 1351 5312 occiderunt.
1371 5254 1582 5311 Herulo
1593 5271 1714 5311 rum
1730 5271 1871 5315 vero

217 5343 524 5401 exercitus
547 5345 683 5402 dum
706 5344 818 5402 huc
835 5349 896 5401 et
917 5344 1056 5402 illuc
1082 5345 1329 5415 fugeret,
1355 5348 1517 5400 tanta
1535 5343 1616 5400 ira
1639 5343 1708 5400 de
1726 5347 1870 5404 caelo

221 5445 404 5504 super
435 5447 540 5488 eos
570 5432 749 5501 venit,
776 5437 839 5489 ut
864 5432 1105 5489 frutices
1134 5429 1352 5488 virides
1374 5431 1429 5487 in
1451 5445 1654 5503 campo
1678 5432 1872 5490 viden-

223 5522 339 5589 tes,
383 5535 565 5598 aquas
603 5535 734 5578 esse
775 5525 1072 5596 putarent,
1104 5525 1160 5577 et
1195 5520 1328 5576 dum
1371 5521 1535 5596 quasi
1571 5521 1640 5578 ad
1674 5531 1871 5583 natan~

1983 4814 2206 4871 Audoin
2238 4812 2537 4884 respondit
2570 4812 2657 4867 eis
2694 4830 2705 4865 :
2742 4812 2866 4867 Hoc
2879 4810 3094 4882 facere
3131 4822 3247 4865 non
3264 4818 3526 4877 possum,
3560 4803 3629 4859 at

1977 4918 2252 4974 rumpam
2277 4902 2661 4960 constitutam
2692 4901 2874 4970 legem
2894 4898 3095 4969 gentis
3120 4895 3353 4953 nostra.
3392 4895 3495 4949 Vos
3513 4892 3625 4949 sci-

1982 4992 2081 5061 tis,
2116 4993 2295 5049 talem
2341 4990 2821 5049 consuetudinem
2859 4987 3022 5059 apud
3046 4999 3149 5042 nos
3179 4996 3322 5052 esse,
3362 4982 3627 5051 ntﬂlins

1978 5082 2141 5151 regis
2178 5096 2310 5139 eam
2344 5080 2519 5151 patre
2554 5093 2659 5136 suo
2688 5078 2826 5134 ante
2852 5089 2969 5132 non
2988 5072 3307 5145 prandeat,
3343 5085 3526 5144 quam
3553 5070 3627 5128 ab

1981 5171 2264 5228 extraneo
2283 5182 2420 5239 rege
2439 5182 2615 5225 arma
2641 5163 2913 5235 recipiat.
2949 5161 3156 5217 Alboin
3185 5166 3247 5217 ut
3270 5160 3378 5216 hoc
3404 5157 3628 5214 audivit

1982 5273 2011 5314 a
2039 5263 2223 5330 patre,
2254 5256 2391 5313 tulit
2427 5271 2625 5313 secum
2650 5252 2998 5323 4010νο1108,
3024 5255 3080 5306 01
3108 5248 3367 5322 perrexit
3391 5247 3459 5303 ad
3482 5247 3628 5303 Thu-

1984 5347 2266 5404 risindum
2310 5360 2528 5415 regem,
2567 5357 2699 5400 cum
2742 5358 2857 5413 quo
2901 5345 3072 5397 antea
3107 5337 3402 5411 pugnavit,
3435 5341 3493 5391 et
3527 5351 3631 5406 pro

1986 5452 2095 5507 qua
2144 5450 2315 5493 causa
2359 5434 2640 5498 venisset,
2686 5432 2741 5486 ei
2784 5430 3084 5489 indicavit.
3114 5428 3236 5485 Rex
3263 5431 3455 5483 autem
3488 5425 3633 5479 bene

2006 5526 2233 5597 uscepit
2285 5536 2437 5585 cum,
2473 5527 2531 5580 et
2568 5519 2841 5579 invitavit
2886 5518 2955 5577 ad
2998 5518 3327 5593 prandium,
3382 5514 3631 5583 fecitque
