3992 6034
369 242 485 313 ’791
564 193 579 209 .
1535 241 1945 310 EKKEHAR]

2201 234 2617 305 \UGIENSIS
3656 228 3777 294 ’792

369 401 501 444 eum
532 385 737 444 sedere
759 383 829 443 ad
854 383 1155 442 dexteram
1189 397 1370 454 suam,
1402 382 1500 440 ubi
1533 381 1686 439 ﬁlius
1717 380 1845 451 ejus
1875 380 2023 437 Thu-
2048 374 2106 435 A
2137 376 2363 435 nomine
2395 375 2552 448 regis
2576 374 2665 434 sui
2689 374 2909 432 Avares
2938 373 3075 430 sunt
3103 364 3415 442 appellati;
3439 365 3653 424 deinde
3674 364 3781 424 ivit

373 475 670 533 rismodus
693 475 899 532 sedere
922 474 1244 543 consuevit,
1278 487 1444 545 quem
1470 470 1673 527 Alboin
1699 469 2019 526 interfecit.
2131 467 2202 523 ad
2229 467 2601 539 pugnandum
2624 480 2753 523 cum
2778 463 3031 536 Gepidis.
3060 460 3169 516 Sed
3191 474 3322 517 cum
3347 456 3550 530 Gepidi
3574 459 3781 514 contra

374 566 687 635 Postquam
730 568 922 621 autem
959 564 1076 633 jam
1121 562 1237 619 laeti
1282 561 1417 618 facti
1449 564 1606 629 sunt,
1637 557 2023 615 Thurisindus
2132 555 2341 612 Alboin
2374 558 2706 627 pergerent,
2748 555 2967 609 Avares
3006 550 3205 608 statim
3239 549 3295 603 in
3326 551 3546 604 terram
3579 561 3781 602 eorum

375 669 478 710 rex
529 654 736 709 videns
788 653 1226 708 interfectorem
1277 650 1376 704 ﬁlii
1421 649 1510 705 sui
1557 646 1764 703 sedere
1795 647 1849 702 in
1893 646 2022 703 loco
2132 645 2518 713 intraverunt,
2546 644 2847 700 sicutcum
2865 639 3070 696 Alboin
3092 637 3550 695 constituerunt.
3575 637 3692 691 Hac
3710 635 3782 690 de

374 742 524 813 ejus,
558 742 673 797 alta
704 742 886 796 traxit
927 740 1201 811 suspiria,
1234 744 1292 795 et
1325 737 1585 794 dolorem
1616 750 1786 806 quem
1819 734 2021 791 habuit
2131 748 2308 790 causa
2348 749 2477 789 cum
2520 732 2715 788 tristis
2763 729 3012 787 nuncius
3056 726 3282 784 veniret
3324 724 3397 782 ad
3436 723 3786 813 Chunimun-

398 812 433 885 n
465 831 641 887 corde
674 830 925 903 aperuit,
957 829 1198 885 dicens:
1225 826 1523 884 Amabilis
1551 824 1839 884 estmielti
1864 823 2025 882 locus
2133 824 2288 891 dum,
2334 822 2432 879 ille
2471 822 2644 878 nimis
2684 820 2951 887 amictus,
2994 816 3173 888 ccepit
3203 829 3373 872 orare
3403 828 3544 870 suos
3575 816 3640 869 ut
3672 812 3788 903 pri-

371 920 505 990 iste,
527 920 631 977 sed
637 901 916 990 persona,
942 931 1075 988 quae
1094 916 1185 975 ibi
1204 917 1385 985 sedet,
1407 916 1666 973 multum
1682 913 1870 974 michi
1884 927 2027 984 θνα-
2137 927 2290 969 mum
2320 927 2449 968 cum
2483 908 2880 980 Longobardis
2906 909 3231 978 pugnarent
3261 908 3321 960 et
3349 909 3553 975 postea
3585 902 3655 959 ad
3692 901 3787 956 de—

371 1008 467 1065 cis
485 1007 675 1065 estad
691 1007 1033 1065 videndum.
1060 1008 1216 1063 Tunc
1242 1003 1391 1061 alter
1413 1003 1569 1061 ﬁlius
1599 1002 1758 1073 regis
1786 1001 2029 1060 audiens
2140 1001 2441 1073 pellendos
2481 1003 2703 1057 Avares
2743 997 3115 1069 repedat-ent.
3150 994 3298 1050 Inito
3329 998 3524 1051 autem
3560 990 3782 1063 prielio,

375 1109 678 1151 sermones
721 1095 930 1166 patris,
976 1096 1059 1150 ira
1101 1108 1422 1151 succensus
1451 1098 1561 1163 est,
1606 1096 1667 1148 et
1705 1091 2031 1162 Longobar-
2142 1089 2346 1146 Alboin
2394 1087 2611 1145 occidit
2659 1085 3143 1153 Chunimundum,
3195 1086 3253 1139 et
3302 1082 3373 1139 de
3419 1080 3613 1152 capite
3662 1080 3789 1149 ejus

375 1181 482 1238 dos
513 1183 683 1240 nimis
721 1184 1002 1255 injuriare
1042 1182 1243 1253 coepit,
1286 1184 1347 1237 et
1392 1180 1526 1251 quia
1568 1179 1838 1237 fasciolas
1869 1180 2033 1235 albas
2146 1183 2345 1251 postea
2391 1178 2527 1234 fecit
2565 1176 2864 1248 scyphum,
2909 1174 3006 1244 qui
3037 1172 3255 1228 dicitur
3287 1170 3441 1242 apud
3470 1183 3574 1226 eos
3604 1167 3789 1234 scala,

376 1268 746 1328 habebantin
765 1270 1062 1336 cruribus,
1085 1269 1395 1327 deridebat
1413 1284 1540 1339 eos,
1564 1269 1800 1326 dicens:
1830 1265 2034 1325 Tibiae
2143 1266 2297 1337 apud
2350 1266 2584 1322 Latinos
2632 1268 2854 1336 patera,
2886 1267 2942 1317 et
2977 1260 3153 1316 ﬁliam
3191 1259 3319 1329 ejus
3356 1255 3788 1314 Rosemundam

373 1360 543 1419 albas
559 1359 785 1416 habetis
800 1373 992 1429 usque
1008 1358 1091 1415 ad
1096 1357 1300 1429 pedes,
1322 1358 1380 1414 et
1394 1357 1623 1415 similes
1645 1356 1788 1414 estis
1799 1358 2037 1428 jumeu'
2142 1371 2271 1413 cum
2314 1369 2516 1425 magna
2557 1352 2929 1411 multitudine
2968 1351 3228 1407 virorum
3259 1363 3324 1404 ac
3361 1347 3675 1404 mulierum
3708 1360 3793 1402 se-

374 1450 456 1507 tis
472 1448 669 1506 variis
688 1448 942 1519 etfwtus
947 1445 1345 1519 facientibus.
1365 1447 1524 1502 Tunc
1550 1445 1792 1514 unuside
1813 1446 2035 1514 Longo-
2140 1460 2271 1502 cum
2298 1444 2543 1501 abduxit
2571 1442 2880 1514 captivam.
2913 1439 3118 1511 Gepidi
3140 1438 3290 1494 enim
3315 1437 3401 1493 sic
3424 1442 3563 1493 sunt
3587 1434 3788 1504 deleti,

379 1537 578 1593 bardis
606 1536 688 1593 sic
714 1536 797 1590 illi
823 1534 1127 1606 respondit
1152 1552 1163 1588 :
1188 1534 1382 1606 Perge
1409 1535 1479 1591 in
1507 1546 1778 1604 campum
1805 1536 1914 1605 qui
1939 1546 2033 1589 υο-
2144 1538 2206 1591 ut
2228 1535 2301 1590 ab
2324 1533 2424 1590 illo
2453 1537 2716 1605 tempore
2741 1531 2857 1600 jam
2883 1530 2954 1586 de
2976 1529 3097 1585 suis
3118 1542 3313 1599 regem
3341 1541 3455 1583 non
3480 1526 3788 1587 baberent.

377 1627 552 1683 catur
583 1625 799 1698 Asfelt,
832 1625 891 1681 et
919 1623 1009 1681 ibi
1042 1624 1174 1681 sine
1213 1621 1390 1680 dubio
1420 1636 1762 1694 cognoscere
1778 1623 2026 1694 poteris,
2141 1624 2214 1679 Ut
2243 1626 2436 1678 autem
2472 1627 2697 1678 mortua
2732 1623 2822 1676 est
2853 1617 3236 1674 Glothsuinda
3266 1615 3488 1684 regina,
3521 1614 3636 1670 ﬁlia
3669 1613 3794 1670 Clo-
3862 1686 3863 1689 η

378 1715 593 1786 quales
621 1714 765 1771 sunt
782 1713 891 1770 isti
912 1726 1060 1785 quos
1084 1711 1452 1783 iujumentis
1480 1711 1712 1769 similes
1727 1724 1853 1772 esse
1870 1712 2031 1769 εἰίωί-
2058 1732 2112 1793 B
2139 1711 2336 1781 tharii,
2384 1710 2586 1767 Alboin
2627 1710 2695 1765 ad
2740 1707 3040 1763 interitum
3082 1721 3269 1775 suum,
3306 1708 3368 1761 ut
3406 1704 3461 1759 in
3494 1702 3795 1793 sequenti-

376 1804 478 1871 sti,
504 1803 791 1874 quomodo
800 1801 1062 1873 possunt
1082 1801 1437 1868 calcitrare;
1462 1799 1553 1857 ibi
1582 1791 2100 1870 euimhiuceaies_
2144 1801 2250 1856 bus
2300 1800 2552 1866 dicetur,
2600 1798 2766 1854 duxit
2815 1794 3237 1852 Rosemundam
3290 1808 3550 1859 uxorem,
3614 1791 3790 1846 ﬁliam

376 1906 513 1951 ossa
524 1891 763 1964 fratris
794 1891 884 1946 tui
912 1890 1204 1960 dispersa,
1238 1889 1419 1961 quasi
1447 1888 1517 1945 de
1542 1888 1656 1945 oili
1671 1889 1944 1960 jumeuto
1963 1889 2034 1946 iu
2143 1888 2551 1945 Chunimundi.

377 1980 595 2038 mediis
613 1966 837 2052 pratis.
875 1977 1077 2050 Gepidi
1110 1978 1232 2033 haec
1265 1977 1589 2047 audientes,
1624 1981 1682 2033 et
1716 1977 2034 2048 turpitudi-
2212 1980 2371 2033 Inter
2409 1978 2532 2034 haec
2570 1976 2936 2033 Justinianus
2980 1974 3250 2045 princeps
3292 1974 3559 2028 mortuus
3588 1973 3702 2038 est,
3735 1975 3793 2025 et

382 2084 510 2126 nem
542 2073 764 2125 tantam
791 2083 902 2126 non
930 2067 1307 2136 sustinentes,
1333 2066 1506 2122 nimis
1529 2065 1665 2122 irati
1689 2070 1844 2137 sunt,
1877 2071 1934 2122 et
1959 2066 2031 2122 de
2139 2066 2405 2123 Justinus
2434 2067 2618 2122 minor
2643 2064 2929 2122 successit
2951 2064 3001 2118 ei
3026 2063 3096 2119 ad
3124 2062 3431 2132 regendam
3466 2059 3797 2116 Constanti-

382 2163 499 2214 tam
525 2159 827 2215 manifesta
852 2156 1059 2228 injuria
1084 2171 1148 2211 se
1168 2156 1466 2212 vindicare
1488 2155 1820 2211 voluerunt.
1857 2157 2035 2212 Econ-
2144 2155 2420 2226 nopolim.
2461 2155 2622 2226 Apud
2654 2168 2845 2224 quem,
2875 2159 2937 2209 ut
2960 2167 3137 2223 supra
3170 2151 3454 2221 scriptum
3478 2152 3590 2217 est,
3626 2162 3795 2204 accu-

385 2251 472 2303 tra
508 2246 867 2317 Longobardi
910 2247 981 2303 ad
1017 2260 1265 2317 pugnam
1299 2259 1362 2300 se
1397 2248 1797 2316 preparantes,
1834 2258 2034 2301 omnes
2144 2249 2308 2300 satus
2350 2246 2562 2299 Narses
2605 2242 2907 2314 patricius,
2946 2255 3114 2311 quem
3147 2239 3276 2296 loco
3310 2237 3559 2294 Bilisarii
3593 2237 3665 2292 ad
3700 2237 3796 2292 de-

381 2335 897 2407 apprehcnderunt
922 2334 1168 2405 gladios.
1196 2334 1791 2402 Rexverosurgensa
1811 2345 2030 2402 mensa,
2147 2331 2462 2388 fensionem
2514 2332 2695 2388 italiae
2745 2330 2899 2387 misit
2951 2330 3270 2400 imperator
3316 2325 3705 2391 Justinianus,
3743 2326 3793 2380 in

382 2424 438 2479 in
473 2423 727 2481 medium
773 2422 1005 2480 illorum
1052 2437 1115 2479 se
1161 2422 1338 2492 misit,
1381 2426 1443 2477 et
1480 2435 1617 2477 suos
1656 2420 1728 2476 ab
1769 2420 1853 2476 ira
1882 2435 2036 2477 com-
2145 2420 2459 2477 vindictam
2484 2419 2711 2489 injuriae
2732 2435 2851 2476 suae
2872 2419 3272 2487 misitlegatos
3289 2417 3357 2471 ad
3379 2414 3797 2483 Longohardos

385 2511 632 2584 pescuit,
664 2513 890 2582 jurans,
927 2525 990 2567 se
1022 2510 1184 2568 illum
1227 2509 1518 2579 occidere,
1553 2508 1649 2580 qui
1683 2509 1906 2580 primus
1938 2524 2036 2565 au-
2146 2509 2363 2565 amicos
2387 2524 2538 2579 suos,
2563 2508 2762 2565 dicens
2785 2527 2797 2562 :
2821 2506 3121 2565 Dimittiie
3126 2504 3545 2577 paupertatem
3563 2504 3798 2559 Panno-

382 2600 548 2657 deret
576 2614 822 2671 pugnam
847 2599 1237 2656 committere.
1265 2598 1422 2653 Dixit
1445 2598 1595 2654 enim
1624 2616 1636 2652 :
1660 2598 1794 2656 Non
1814 2597 1905 2655 est
1920 2598 2037 2654 illa
2143 2600 2279 2669 uia,
2305 2599 2362 2655 et
2379 2598 2575 2655 penite
2594 2599 2675 2655 ad
2676 2598 2837 2671 ,γογιὶ
2845 2598 2950 2654 lem
2970 2597 3244 2664 Italiam,
3267 2593 3538 2652 omnibus
3560 2593 3799 2649 diritiis

378 2689 638 2747 victoria
666 2702 703 2744 a
734 2689 851 2744 Deo
874 2688 1134 2758 placita,
1177 2699 1310 2744 cum
1335 2686 1475 2759 guis
1502 2687 1571 2743 iu
1598 2687 1765 2743 domo
1788 2686 2038 2758 propria
2142 2688 2397 2758 plenam.
2422 2688 2489 2742 Et
2509 2692 2569 2743 ut
2593 2686 2814 2742 animos
2829 2701 3028 2742 eorum
3051 2685 3301 2757 amplius
3320 2684 3596 2740 incitaret
3613 2681 3689 2736 ad
3713 2697 3800 2735 vc-

382 2775 696 2833 iuimicum
715 2789 891 2831 suum
910 2775 979 2831 in
995 2789 1140 2846 pace
1164 2775 1499 2847 susceptum
1525 2774 1825 2832 occiderit.
1860 2775 1926 2829 Et
1948 2762 2037 2830 sic
2153 2775 2442 2844 niendum,
2481 2775 2635 2831 misit
2654 2775 2740 2830 eis
2761 2774 2833 2830 de
2854 2774 3120 2830 omnibus
3149 2772 3460 2843 generibus
3493 2784 3797 2842 pomorum

384 2878 526 2935 pace
557 2864 719 2918 intee
740 2878 844 2920 eos
876 2863 1048 2932 facta,
1084 2862 1294 2918 iterum
1325 2861 1427 2917 leti
1457 2861 1782 2919 convivium
1813 2862 2033 2919 ineunt.
2149 2863 2501 2934 etquicquid
2517 2862 2867 2919 delectabile
2885 2865 3116 2933 poterat
3137 2858 3799 2930 excogitarededivitiis

387 2950 691 3022 Completo
730 2950 1020 3021 convivio,
1062 2950 1446 3007 Thurisindus
1487 2964 1588 3006 rex
1629 2950 1846 3007 tollens
1878 2965 2038 3007 arma
2154 2956 2345 3007 terrae.
2388 2951 2749 3021 Lougobardi
2782 2951 2905 3007 haec
2937 2950 3263 3019 audientes,
3297 2952 3603 3018 gratanter
3635 2961 3799 3001 acce-

385 3038 491 3095 ﬁlii
523 3038 612 3097 sui
644 3038 1035 3109 Thurismodi,
1075 3038 1316 3096 tradidit
1356 3053 1422 3095 ea
1462 3037 1691 3110 Alboin,
1724 3044 1784 3095 et
1814 3038 2035 3096 salvum
2071 3088 2117 3112 η
2153 3043 2361 3112 perunt
2384 3044 2445 3096 et
2467 3040 2718 3110 qualiter
2742 3040 2893 3095 irent
2919 3043 3396 3111 preparaverunt.
3424 3038 3493 3092 Et
3514 3035 3798 3091 continuo

385 3088 491 3095 η---
523 3088 612 3097 -,.-
651 3088 1035 3109 ---_-_--M_-,
1079 3088 1315 3096 --ηηη
1359 3088 1422 3095 -_
1462 3088 1691 3110 __-_--__,
1728 3088 1783 3095 _-
1814 3088 2035 3096 ---ηπ
2154 3088 2359 3112 μνη---
2388 3088 2443 3096 ν,
2470 3088 2707 3110 νη---
2919 3088 3016 3110 Γ--
3067 3088 3395 3094 *ηπ-ν---
3424 3088 3488 3092 _,
3708 3088 3747 3089 η

372 3128 549 3188 illum
585 3129 637 3184 in
674 3143 816 3201 pace
847 3129 1085 3185 dimisit.
1122 3127 1331 3184 Alboin
1365 3142 1502 3184 vero
1533 3142 1807 3185 reversus
1838 3128 1908 3184 ad
1942 3145 2039 3201 pa-
2070 3088 2119 3152 Ο
2151 3129 2304 3201 apud
2353 3128 2578 3184 Italiam
2629 3088 3056 3200 apparueruutr
3075 3128 3238 3197 signa
3272 3126 3329 3182 in
3361 3125 3526 3193 caelo,
3568 3123 3800 3181 scilicet

380 3224 537 3274 trem
560 3233 750 3287 suum,
778 3218 1021 3273 conviva
1045 3217 1169 3287 ejus
1194 3218 1380 3272 factus
1399 3221 1510 3272 est.
1539 3218 1609 3272 Et
1632 3217 1766 3272 dum
1791 3217 1860 3273 ad
1885 3232 2041 3277 men-
2151 3217 2333 3287 igneae
2358 3217 2529 3286 acies,
2567 3216 2901 3286 sanguinem
2931 3217 3261 3285 humanum,
3296 3213 3392 3284 qui
3422 3219 3626 3284 postea
3660 3213 3800 3268 ell'u-

391 3321 513 3362 sam
556 3321 685 3361 cum
726 3311 894 3377 patre
936 3321 1042 3361 suo
1084 3304 1340 3375 sederet,
1376 3304 1525 3359 dixit
1566 3304 1647 3359 illi
1690 3305 1877 3361 omnia
1912 3321 2040 3376 qua)
2151 3322 2253 3362 sus
2278 3310 2388 3373 est,
2420 3304 2833 3374 signiﬁcantes.
2867 3303 3075 3360 Alboin
3106 3304 3285 3374 igitur
3318 3302 3482 3374 petiit
3513 3300 3797 3358 auxilium

395 3396 552 3452 circa
582 3409 711 3451 eum
746 3396 896 3450 facta
931 3398 1088 3464 sunt,
1122 3397 1180 3449 et
1212 3407 1411 3449 omnes
1443 3393 1540 3462 qui
1572 3392 1812 3449 aderant
1848 3394 2042 3449 ammi-
2150 3398 2223 3451 ab
2265 3394 2520 3465 antiquis
2561 3393 2887 3450 Saxonibus
2925 3393 3128 3449 amicis
3169 3392 3312 3462 suis,
3361 3396 3422 3449 ut
3470 3390 3796 3461 spaciosam

394 3488 613 3551 rantes,
648 3481 961 3539 laudabant
998 3482 1201 3538 Alboin
1236 3497 1340 3553 pro
1370 3480 1612 3538 audacia
1637 3497 1740 3539 sua
1763 3482 2042 3539 etThuri-
2152 3482 2372 3539 Italiam
2398 3483 2644 3539 intraret
2670 3498 2798 3538 cum
2824 3482 3043 3538 multis.
3073 3481 3174 3538 Cui
3196 3482 3454 3537 Saxones
3474 3479 3796 3550 plusquam

392 3570 621 3627 sindum
657 3585 762 3642 pro
796 3569 896 3625 tali
930 3570 1043 3625 ﬁde
1074 3569 1338 3626 maxima.
2151 3589 2279 3629 cum
2302 3577 2477 3629 20000
2501 3571 2685 3641 juncti
2728 3576 2885 3637 sunt,
2915 3575 2973 3627 et
3006 3571 3325 3627 secundum
3364 3568 3492 3638 ejus
3531 3569 3798 3625 volunta-

467 3659 564 3715 His
590 3657 960 3729 temporibus
988 3658 1353 3714 Justinianus
1380 3657 1698 3729 imperator
1726 3660 2040 3716 Romanum
2152 3667 2269 3718 tem
2299 3676 2429 3717 cum
2463 3660 2743 3717 uxoribus
2772 3664 2832 3715 et
2865 3659 3000 3715 ﬁliis
3031 3659 3251 3715 Italiam
3279 3673 3411 3714 cum
3442 3672 3512 3714 eo
3544 3658 3797 3713 intrave-

392 3748 636 3817 regebat
688 3745 1016 3817 imperium,
1071 3746 1166 3816 qui
1211 3760 1315 3818 per
1355 3745 1682 3803 Bilisarium
1733 3748 2041 3819 patricium
2154 3754 2305 3807 runt.
2354 3752 2413 3805 In
2454 3750 2582 3821 ipso
2623 3752 2884 3820 tempore
2922 3748 3129 3805 Alboin
3179 3746 3531 3805 Pannoniam
3574 3744 3793 3803 dimisit

395 3836 611 3892 multas
636 3834 914 3892 victorias
939 3835 1204 3906 perfecit,
1225 3835 1384 3905 leges
1408 3836 1727 3907 renovavit,
1749 3836 2044 3894 aecclesias
2154 3838 2335 3894 Hunis
2374 3837 2576 3895 amicis
2615 3837 2758 3901 suis,
2802 3851 2866 3893 ea
2906 3836 3264 3905 conditione,
3305 3838 3369 3892 ut
3402 3834 3448 3892 si
3482 3832 3796 3904 aliquando

393 3924 710 3995 reparavit,
746 3922 1058 3995 basylicam
1091 3938 1343 3995 quoque,
1380 3939 1548 3995 quam
1584 3924 1666 3982 Ad
1701 3928 1914 3997 Agyam
1946 3928 2044 3982 So-
2153 3926 2548 3997 Longobardis
2578 3927 2793 3982 reverti
2829 3941 3070 3982 necesse
3097 3929 3276 3994 esset,
3303 3922 3711 3994 unusquisque
3741 3921 3793 3976 in

394 4014 622 4084 phyam,
651 4012 708 4067 id
733 4014 823 4068 est
849 4018 1108 4068 sanctam
1133 4011 1500 4083 sapientiam,
1524 4013 1842 4085 nominant,
1868 4014 2043 4070 fabri-
2152 4031 2256 4073 sua
2278 4015 2513 4072 rediret.
2545 4014 2961 4071 Habitaverunt
2982 4019 3174 4071 autem
3195 4011 3557 4082 Lougobardi
3578 4011 3637 4067 in
3657 4012 3796 4067 Pau-

390 4101 575 4168 eavit;
609 4100 777 4171 cujus
818 4116 964 4173 opus
998 4101 1053 4157 in
1090 4106 1315 4158 tantum
1359 4116 1535 4173 super
1574 4102 1762 4159 omnia
1795 4102 2040 4160 aediﬁcia
2152 4104 2320 4161 nonia
2344 4119 2449 4175 per
2471 4119 2653 4159 annos
2676 4106 2759 4159 42.
2788 4103 3067 4159 Exierunt
3090 4117 3230 4158 vero
3253 4102 3324 4158 de
3347 4099 3646 4156 Pannonia
3668 4114 3793 4155 cum

390 4189 777 4247 excellentius
798 4189 1132 4260 estimatur,
1155 4189 1293 4246 utin
1312 4190 1497 4246 tantis
1515 4192 1807 4246 terrarum
1828 4191 2043 4262 spaciis
2154 4192 2499 4250 mulieribus
2529 4197 2585 4249 et
2619 4191 2756 4249 ﬁliis
2784 4196 2844 4249 et
2875 4208 3004 4249 eum
3033 4191 3305 4248 omnibus
3336 4190 3482 4260 suis,
3517 4202 3671 4246 anno
3703 4186 3795 4243 do-

388 4278 440 4335 ei
471 4278 660 4335 simile
701 4294 814 4336 non
854 4278 1204 4335 inveniatur.
1248 4280 1399 4335 Tunc
1441 4279 1589 4334 enim
1631 4279 2036 4349 Cassiodorus,
2151 4281 2812 4338 minicmincarnationis
2830 4285 2952 4351 568,
2974 4280 3289 4337 indictione
3310 4278 3514 4351 prima,
3537 4276 3796 4333 secundo

389 4366 700 4433 Dionisius,
756 4371 969 4423 Arator
1025 4368 1222 4423 Romae
1277 4366 1638 4435 claruerunt,
1703 4367 2039 4424 Priscianus
2152 4371 2246 4427 die
2284 4374 2412 4441 post
2454 4371 2686 4442 pascha,
2731 4370 2883 4441 quod
2924 4374 3184 4427 sanctum
3227 4367 3441 4440 pascha
3474 4371 3618 4423 tunc
3649 4365 3798 4423 cele-

392 4454 897 4527 Constantinopoli
925 4453 1142 4521 lloruit,
1168 4460 1412 4511 sanctus
1434 4470 1665 4526 quoque
1688 4456 2040 4513 Benedictus
2069 4452 2122 4513 D
2154 4460 2382 4516 bratum
2433 4463 2526 4515 est
2570 4458 2623 4514 in
2672 4458 2815 4530 ipsis
2864 4457 3137 4515 Kalendis
3186 4456 3417 4529 Aprilis.
3468 4456 3571 4512 His
3620 4455 3799 4525 igitur

390 4541 713 4600 virtutibus
745 4542 984 4599 elfulsit.

2223 4550 2379 4616 ebus,
2414 4549 2625 4619 quibus
2650 4548 3009 4617 Longoliardi
3036 4547 3374 4603 invaserunt
3394 4545 3643 4613 Italiam,
3676 4543 3799 4600 Clo-

466 4630 649 4701 lgitur
680 4630 904 4688 Audoin
938 4633 1208 4688 mortuus
1236 4635 1346 4700 est,
1372 4634 1431 4688 et
1458 4631 1685 4703 Alboin,
1718 4633 1871 4691 ﬁlius
1891 4634 2035 4705 ejus,
2150 4637 2379 4693 tharius
2400 4654 2497 4692 rex
2522 4639 2867 4693 Francorum
2890 4639 3155 4693 mortuus
3171 4640 3282 4705 est,
3301 4635 3527 4693 relictis
3544 4639 3802 4705 quatuor

391 4734 634 4791 regnum
676 4720 923 4792 accepit.
964 4720 1070 4785 Qui
1106 4735 1236 4777 cum
1264 4725 1420 4777 esset
1452 4722 1952 4781 nominatissimus
1980 4731 2040 4780 et
2152 4726 2305 4793 liliis,
2334 4726 2661 4794 Heriberto,
2689 4725 3086 4795 Guntrammo,
3113 4725 3442 4796 Helperico,
3470 4724 3794 4794 Sigiberto.

392 4808 563 4866 fortis
613 4808 881 4878 multum,
934 4807 1269 4865 Clotharius
1320 4823 1419 4864 rex
1464 4809 1816 4866 Francorum
1866 4811 2038 4868 ﬁliam
2152 4816 2210 4869 In
2253 4814 2362 4869 hoc
2403 4818 2663 4885 tempore
2704 4816 3014 4870 Romanam
3059 4815 3302 4884 regebat
3338 4812 3671 4871 aecclesiam
3715 4812 3806 4867 vir

391 4912 555 4956 suam
598 4898 828 4955 nomine
867 4896 1269 4954 Glotsuindam
1312 4898 1471 4955 dedit
1503 4898 1555 4955 ei
1598 4898 1652 4954 in
1681 4900 2040 4971 conjugium,
2072 4922 2083 4935 ι
2150 4905 2409 4971 sanctus,
2438 4916 2581 4973 papa
2609 4903 2921 4972 Johannes,
2954 4906 3087 4976 post
3112 4917 3281 4973 quem
3309 4902 3678 4958 Benedictus.
3717 4903 3808 4958 Ci-

391 4986 463 5043 de
495 5001 607 5057 qua
641 4986 782 5044 fecit
814 5000 984 5044 unam
1025 4989 1253 5043 tantum
1297 4986 1471 5043 ﬁliam
1512 4987 1743 5044 nomine
1775 4988 2043 5046 Albsuiu-
2152 4990 2390 5048 vitalem
2414 4995 2607 5047 autem
2640 4990 2963 5061 Aquileiam
2994 4997 3054 5047 et
3083 4990 3361 5063 populum
3394 4991 3522 5062 ejus
3558 4992 3807 5060 regebat

392 5073 541 5130 dam.
574 5076 805 5134 Interea
837 5079 1106 5133 mortuus
1136 5078 1228 5132 est
1258 5074 1641 5133 Thurisindus
1673 5090 1771 5133 rex
1800 5077 2017 5150 chido
2153 5080 2359 5136 beatus
2392 5078 2721 5151 patriarcha
2752 5077 2985 5135 Paulus.
3020 5080 3127 5146 Qui
3153 5078 3362 5135 timens
3385 5078 3808 5136 crudelitatem

394 5176 541 5231 rum,
585 5170 646 5219 et
678 5164 905 5237 accepit
955 5178 1196 5235 regnum
1244 5164 1700 5222 Chunimundus.
1754 5164 1861 5232 Qui
1911 5181 2040 5224 cum
2154 5167 2682 5238 Langobardorum,
2735 5182 2807 5223 ex
2856 5168 3120 5238 Aquileia
3160 5168 3233 5224 ad
3274 5167 3520 5226 insulam
3572 5168 3811 5226 Gradus

393 5248 573 5306 vellet
611 5252 910 5310 vindicare
951 5253 1195 5325 injurias
1235 5254 1606 5327 Gepidorum,
1652 5254 1809 5326 rupit
1839 5270 2037 5326 pacem
2151 5256 2416 5324 secessit,
2442 5261 2500 5311 et
2524 5270 2748 5312 omnem
2781 5257 3121 5313 thesaurum
3152 5255 3439 5314 accelesiae
3460 5272 3584 5314 suae
3607 5263 3811 5329 porta-

392 5351 521 5393 cum
573 5340 988 5410 Longobardis,
1031 5346 1089 5399 et
1123 5342 1256 5414 plus
1305 5342 1521 5399 amavit
1570 5357 1818 5415 pugnam
1869 5359 2037 5414 quam
2151 5344 2252 5400 vit.
2287 5346 2497 5401 Nai-ses
2536 5345 2733 5416 itaque
2765 5344 2835 5402 de
2868 5346 3177 5417 Campania
3218 5348 3455 5403 Romam
3500 5360 3807 5417 reversus,

434 5438 614 5482 acem.
652 5426 857 5487 Alboin
881 5443 1021 5486 vero
1041 5429 1179 5487 fecit
1202 5445 1402 5504 pacem
1433 5432 1654 5488 ﬁrmam
1681 5446 1809 5489 cum
1845 5433 2041 5489 Avari-
2154 5438 2281 5506 post
2307 5448 2419 5490 non
2442 5433 2686 5490 multum
2710 5438 2942 5506 tempus
2964 5440 3231 5492 mortuus
3249 5440 3358 5492 est.
3386 5433 3564 5504 Cujus
3584 5449 3812 5509 corpus

437 5527 504 5568 us
536 5514 630 5586 qui
663 5516 909 5587 primum
959 5518 1104 5576 Huni
1158 5522 1519 5579 vocabantur
1566 5522 1665 5579 sed
1713 5525 1915 5593 postea
1968 5521 2039 5579 de
2152 5522 2207 5578 in
2229 5526 2429 5581 cantra
2462 5521 2729 5596 plumbea
2757 5538 2888 5582 cum
2922 5524 3193 5584 omnibus
3223 5523 3441 5582 divitiis
3473 5523 3599 5583 suis
3624 5525 3811 5585 collo-
