3992 6062
239 299 363 368 ’798

1115 301 1556 369 CHRONICA.
1588 336 1668 349 —
1710 295 2188 369 CHRONICON
2229 299 2778 368 UNIVERSALE.

3529 295 3649 367 ⁸794

237 442 522 498 caverunt
544 442 606 497 et
628 435 1187 512 Constantinopolim
1208 437 1886 510 transmiserunt.lgitnr
1915 435 1972 498 A
2004 437 2190 510 bardi,
2227 438 2470 498 multum
2501 437 2772 496 dolentes
2810 436 2881 495 de
2910 436 3036 510 ejus
3067 437 3274 509 morte,
3307 435 3649 509 quesierunt

243 529 453 588 Alboin
485 528 726 586 intravit
757 527 1044 599 Liguriam
1099 527 1416 586 indictione
1465 529 1645 587 tercia
1677 534 1708 586 3
1741 532 1882 588 Non.

240 619 561 691 Septemb.,
595 623 653 675 et
686 619 796 675 sub
836 627 1102 690 tempore
1140 619 1417 676 Honorati
1457 619 1887 692 archiepiscopi

238 707 628 764 Mediolanum
651 707 915 778 intravit,
941 707 1151 764 deinde
1173 712 1404 764 ceteras
1425 708 1670 780 Liguriae
1689 709 1892 766 civita-

241 801 336 853 tes
365 795 770 869 apprehendit.
807 795 1052 852 Obsedit
1083 800 1278 853 autem
1309 797 1664 854 Ticinensem
1689 798 1892 854 civita-

245 890 380 955 tem,
409 901 538 956 quae
556 901 706 942 nunc
728 887 803 941 Pa
816 885 906 956 pia
927 885 1163 954 dicitur,
1193 901 1294 957 per
1317 891 1439 943 tres
1458 900 1658 954 annos,
1677 887 1889 957 quibus

241 975 581 1045 transactis,
613 979 750 1045 post
798 974 1133 1044 aliquantos
1181 988 1412 1030 menses
1461 974 1672 1030 tradita
1707 981 1799 1032 cst
1832 977 1888 1031 in

239 1077 446 1120 manus
460 1061 604 1132 ejus.
633 1063 889 1130 Quicum
916 1063 1216 1119 introisset
1244 1078 1343 1134 per
1367 1068 1594 1135 portam
1639 1080 1765 1136 quae
1807 1065 1889 1120 di-

239 1150 398 1208 citur
418 1152 605 1208 sancti
627 1151 928 1216 Johannis.
1009 1157 1176 1223 parte
1201 1152 1465 1217 orientis,
1487 1169 1888 1226 equus,super

240 1256 414 1311 quem
446 1241 708 1306 sedebat,
734 1241 873 1312 ἥκει,
900 1256 965 1297 se
999 1241 1054 1296 in
1087 1242 1277 1298 medio
1311 1247 1514 1314 portae.
1553 1243 1729 1308 Quem
1756 1259 1885 1300 cum

239 1329 340 1385 ille
373 1329 646 1386 tunderet
679 1346 807 1386 cum
839 1329 1171 1386 calcaribus
1201 1335 1258 1386 et
1291 1347 1489 1387 omnes
1521 1331 1617 1402 qui
1643 1331 1888 1388 cireum-

239 1420 480 1476 stabant
530 1419 808 1476 cederent
858 1419 1222 1489 verberibus,
1257 1420 1491 1476 omnino
1522 1421 1736 1476 move.i
1773 1437 1884 1476 non

237 1507 435 1579 potuit
467 1522 675 1578 equus.
700 1510 855 1564 Tunc
888 1523 1038 1564 unus
1065 1523 1134 1563 ex
1172 1508 1566 1577 Longobardis
1599 1509 1684 1566 sic
1715 1509 1883 1565 aitad

237 1610 432 1666 regem
451 1615 463 1652 :
480 1596 784 1666 Μηηθπιο,
802 1596 1171 1666 domineo'ca,
1187 1597 1583 1668 quidvoeisti,
1603 1597 1886 1669 ctfrangc

236 1682 366 1738 tam
409 1682 626 1739 damma
661 1684 877 1752 votam,
904 1683 964 1738 et
989 1684 1356 1754 ingrediaris
1393 1684 1733 1750 civitatem;
1751 1699 1886 1740 cere

235 1771 395 1828 enim
405 1771 778 1830 christiani“
782 1771 1037 1844 papulas
1049 1771 1613 1832 cstiacivitatcista.
1632 1774 1880 1830 Voverat

237 1860 392 1916 enim
409 1859 614 1917 Alboin
630 1866 820 1930 antea,
837 1859 988 1932 quod
1007 1861 1340 1918 universum
1361 1862 1635 1934 populum
1659 1863 1885 1920 occide-

239 1949 664 2020 retgladio,qni
679 1949 789 2006 sibi
805 1965 868 2006 se
883 1950 1116 2006 tradere
1131 1951 1559 2019 nolebat.Quod
1575 1958 1768 2010 votum
1787 1955 1883 2009 ubi

239 2039 517 2110 disrupit,
546 2053 733 2108 equus
765 2053 827 2094 se
857 2039 1134 2095 continuo
1165 2040 1361 2110 movit,
1383 2045 1441 2097 et
1472 2042 1554 2097 sic
1584 2042 1884 2099 civitatem

239 2127 502 2184 intravit.
538 2129 694 2184 Tune
724 2128 859 2184 data
893 2143 1052 2199 pace,
1087 2129 1274 2185 omnis
1323 2129 1577 2201 populus
1623 2132 1692 2186 ad
1755 2147 1885 2188 eum

239 2217 476 2274 tandem
507 2217 770 2273 cucurrit
805 2215 874 2272 ad
906 2215 1204 2288 palatium,
1237 2219 1390 2288 quod
1431 2218 1743 2290 aliquando
1787 2237 1886 2277 rex

237 2304 634 2362 Theodericus
657 2305 815 2362 fecit.
844 2304 1052 2362 Alhoin
1075 2305 1255 2375 igitur
1285 2309 1589 2378 postquam
1625 2311 1884 2378 regnavit

241 2395 299 2450 in
330 2394 497 2450 Italia
527 2408 710 2450 annos
753 2399 876 2450 tres
907 2398 966 2450 et
998 2408 1228 2450 menses
1261 2409 1384 2466 sex,
1420 2395 1764 2454 interfectus
1794 2403 1886 2452 est

240 2481 489 2539 consilio
550 2481 818 2552 conjugis
875 2497 996 2539 suae
1054 2497 1160 2554 pro
1215 2498 1409 2540 causa.
1465 2487 1602 2540 Cum
1655 2485 1754 2541 sed
1798 2492 1884 2541 ret

243 2572 454 2629 Alboin
486 2571 640 2644 apud
670 2571 998 2628 Ravennam
1023 2571 1087 2626 in
1102 2572 1369 2629 convivio
1391 2578 1450 2628 et
1484 2573 1728 2630 bibisset
1755 2574 1886 2646 plus

239 2675 524 2730 congruo,
542 2659 806 2732 precepit
827 2659 1020 2716 afferri
1047 2661 1242 2716 vinum
1269 2661 1482 2731 reginae
1505 2663 1886 2719 Βοευιιιιιιιίιιιι

241 2749 297 2804 in
333 2749 590 2818 vasculo,
617 2747 772 2819 quod
805 2749 939 2804 fecit
977 2748 1048 2804 de
1089 2749 1281 2820 capite
1321 2750 1508 2820 patris
1533 2750 1659 2820 ejus
1681 2751 1884 2807 Chuni-

238 2837 438 2894 mundi
473 2837 648 2908 regis,
684 2837 886 2892 dicens
913 2837 989 2902 ei,
1024 2842 1086 2894 ut
1121 2837 1273 2908 lmta,
1303 2838 1531 2894 biberet
1560 2855 1689 2896 cum
1725 2846 1888 2910 patre

239 2941 366 2983 suo.
399 2928 512 2982 Pro
543 2940 652 2996 qua
687 2940 750 2982 re
781 2925 880 2980 illa
913 2926 1222 2982 maximum
1253 2927 1594 2998 concipiens
1627 2928 1680 2984 in
1713 2930 1889 2986 corde

239 3013 528 3082 dolorem,
548 3013 853 3084 cogitavit,
880 3013 1132 3084 qualiter
1157 3014 1426 3071 maritum
1452 3014 1808 3073 interﬁceret
1829 3023 1888 3072 et

243 3107 468 3176 patrem
485 3101 1276 3173 vindicaret,consiliumque
1315 3103 1519 3160 habuit
1555 3120 1657 3175 pro
1690 3103 1795 3161 hac
1827 3122 1890 3162 re

238 3206 371 3248 cum
399 3191 692 3248 Helmiche
715 3191 1001 3260 armigero
1026 3191 1202 3261 regis,
1221 3192 1316 3262 qui
1340 3208 1469 3247 cum
1496 3193 1689 3263 regina
1716 3196 1889 3252 unius

239 3285 369 3338 erat
393 3280 607 3338 aetatis.
627 3279 942 3336 Helmichis
965 3294 1100 3336 vero
1125 3280 1283 3335 dedit
1307 3281 1360 3336 ei
1381 3281 1712 3352 consrlium,
1730 3289 1792 3339 ut
1818 3285 1886 3339 ad

240 3369 388 3426 hanc
423 3369 834 3442 perﬁciendam
866 3373 1189 3424 assumeret
1226 3369 1565 3439 Peredeum,
1603 3372 1886 3441 quendam

242 3459 453 3534 fortem
485 3457 693 3526 virum,
731 3457 988 3528 quicum
1031 3458 1307 3528 vestiaris
1359 3459 1620 3528 ejusdem
1674 3461 1888 3529 reginae

239 3547 469 3604 solebat
499 3546 772 3603 dormire.
803 3547 902 3603 Cui
935 3562 1066 3602 eum
1101 3547 1196 3603 illa
1230 3562 1390 3603 suam
1425 3547 1781 3604 voluntatem
1808 3549 1890 3606 in-

240 3635 490 3706 dicaret,
524 3639 582 3691 et
617 3635 739 3706 ipse
771 3635 826 3691 in
857 3635 1322 3692 interfectionem
1353 3636 1510 3706 regis
1537 3637 1626 3692 sui
1650 3653 1888 3694 consen-

240 3739 369 3781 sum
401 3738 569 3780 suum
601 3724 937 3794 denegaret,
961 3723 1158 3793 regina
1193 3725 1249 3779 in
1281 3729 1538 3796 tempore
1559 3726 1750 3782 noctis
1772 3727 1888 3783 col-

238 3812 457 3870 locavit
489 3826 553 3869 se
582 3812 638 3867 in
668 3811 821 3868 lecto
845 3811 1137 3868 vestiat-ite
1168 3826 1307 3882 sum,
1335 3827 1503 3882 quam
1529 3813 1625 3869 ille
1647 3816 1881 3880 amavit,

239 3901 601 3972 veniensque
629 3900 940 3969 Peredeus,
978 3901 1230 3970 reginam
1261 3900 1631 3958 adulteravit.
1667 3903 1787 3969 Qua
1824 3920 1882 3960 re

239 3989 524 4062 perfecta,
546 3989 726 4060 coepit
751 3988 847 4045 illa
868 3988 1064 4044 dicere
1086 3990 1344 4046 Peredeo
1363 4009 1374 4044 :
1396 3991 1684 4057 Quam-mc
1697 3994 1885 4050 cousi-

238 4078 886 4148 dcrascsanumque
919 4077 1015 4134 ille
1062 4079 1385 4136 nominaret
1435 4094 1642 4137 nomen
1683 4081 1883 4138 amicae

239 4181 384 4234 suae,
415 4165 516 4222 illa
547 4165 850 4239 respondit
877 4187 888 4222 :
924 4168 1056 4226 Non
1082 4175 1184 4238 est,
1209 4168 1281 4224 at
1298 4169 1365 4226 ta
1379 4182 1735 4242 speras;ch
1755 4183 1888 4228 sum

238 4255 634 4314 Roscmanda.
655 4255 826 4314 Oeric
845 4255 1025 4313 talem
1045 4269 1289 4314 causam
1306 4256 1474 4314 modo
1475 4257 1710 4330 fecisti,
1729 4257 1817 4328 at,
1829 4261 1888 4318 si

239 4345 310 4402 tu
325 4357 446 4402 non
462 4343 840 4420 interfecta-is
858 4342 1092 4414 Alboin,
1107 4345 1234 4416 ipse
1247 4345 1300 4401 te
1312 4344 1660 4418 interﬁciat.
1679 4346 1784 4412 Qui
1805 4347 1887 4402 in-

239 4432 516 4502 telligens
547 4433 759 4490 malum
784 4432 938 4504 quod
963 4433 1119 4503 fecit,
1145 4432 1282 4490 licet
1307 4433 1544 4506 invitus,
1563 4435 1619 4492 in
1639 4441 1882 4493 mortem

2001 530 2324 587 Helmiehin
2359 529 2710 588 interﬁcere.
2743 530 2903 584 Inter
2929 528 3054 586 haec
3093 527 3460 584 Rosemunda
3493 543 3649 585 man-

2002 619 2159 676 davit
2194 619 2449 690 Longino
2477 619 2742 690 prefeeto
2773 619 3081 687 Ravennae,
3108 621 3171 673 ut
3191 616 3421 673 concite
3454 617 3644 672 navim

2003 709 2283 779 mitteret,
2311 724 2438 778 quae
2461 723 2562 764 eos
2585 707 2947 778 deportaret.
2971 706 3152 772 Quam
3183 721 3312 762 eum
3338 703 3435 760 ille
3459 704 3651 761 misis-

2003 802 2113 867 set,
2153 813 2254 869 per
2285 796 2580 854 silentium
2613 796 2808 851 noctis
2839 794 3156 851 llelmichis
3185 799 3241 851 et
3277 791 3647 850 Rosemnnda

2003 889 2191 944 navim
2223 888 2610 956 intraverunt,
2635 891 2695 942 et
2729 885 3125 954 Albsuindam,
3163 884 3336 939 ﬁliam
3371 883 3526 953 regis
3556 881 3650 940 Αι-

2004 977 2158 1045 ιι;ἰη,
2192 982 2250 1033 et
2283 992 2510 1032 onmem
2562 976 2897 1032 thesaurum
2931 989 3128 1029 secum
3161 973 3642 1044 deportaverunt.

2003 1066 2292 1135 Longinus
2323 1071 2515 1122 autem
2553 1065 2848 1136 prefectus
2877 1063 3063 1120 suasit
3099 1060 3545 1129 Rosemundam,
3583 1063 3647 1114 ut

2003 1154 2323 1211 llelmichin
2355 1154 2648 1210 occideret
2685 1157 2743 1208 et
2774 1168 2836 1208 se
2872 1152 3140 1207 maritum
3164 1149 3476 1219 acciperet.
3503 1146 3642 1212 Quae

1999 1258 2126 1300 cum
2161 1243 2584 1312 consensisset,
2623 1241 2868 1312 quadam
2901 1240 2994 1297 die
3041 1239 3178 1294 dum
3225 1235 3540 1293 Helmichis
3570 1233 3640 1290 ad

2002 1332 2272 1388 balneum
2305 1332 2435 1398 iret,
2475 1331 2732 1402 perrexit
2779 1345 2911 1386 cum
2953 1344 3042 1400 eo,
3081 1332 3144 1384 ut
3187 1327 3240 1384 ei
3287 1324 3638 1391 deserviret,

2001 1424 2242 1491 portans
2268 1435 2464 1476 secum
2492 1434 2795 1488 venenum,
2814 1434 2927 1489 quo
2941 1433 3070 1475 eum
3089 1415 3466 1472 interﬁceret.
3486 1413 3645 1468 Cum-

1998 1523 2110 1579 que
2143 1509 2239 1564 ille
2283 1510 2354 1564 de
2396 1508 2603 1564 balneo
2644 1508 2855 1574 exiret,
2891 1506 3154 1578 porrexit
3186 1504 3241 1562 ei
3268 1516 3550 1560 venenum
3587 1500 3641 1555 in

1999 1596 2230 1666 poculo,
2265 1596 2466 1653 dicens
2497 1616 2509 1651 :
2540 1597 2617 1653 Si
2647 1596 2755 1653 hoc
2793 1593 3031 1661 biberis,
3063 1605 3348 1662 magnam
3384 1589 3642 1647 salutem

1995 1686 2136 1742 inde
2156 1685 2417 1744 leabebis.
2435 1686 2541 1752 Qui
2567 1701 2696 1742 cum
2721 1685 2950 1741 biberet
2975 1697 3040 1739 ac
3063 1695 3345 1739 venenum
3369 1693 3501 1735 esse
3517 1693 3645 1734 sen-

1912 1800 1967 1861 B
1998 1774 2156 1843 tiret,
2185 1775 2552 1846 apprehenso
2583 1771 3375 1861 gladio,Rosemundamper
3397 1761 3644 1861 capillos

1998 1863 2208 1931 tenuit,
2242 1867 2304 1919 et
2335 1877 2616 1919 venenum
2666 1860 2820 1930 quod
2858 1861 3219 1916 remanserat
3251 1855 3407 1910 illam
3442 1852 3642 1908 bibere

1998 1951 2212 2021 coegit,
2249 1951 2452 2021 sicque
2486 1949 2584 2007 Dei
2614 1949 2836 2021 judicio
2866 1949 3036 2003 ambo
3069 1949 3366 2018 perierunt
3397 1957 3639 1999 veneno.

2001 2041 2289 2109 Longinus
2323 2055 2462 2096 vero
2496 2040 2794 2110 prefeetus
2843 2035 3261 2094 Albsuuindam
3309 2047 3441 2089 cum
3489 2029 3642 2087 omni

1999 2130 2273 2186 thesauro
2288 2128 2446 2184 misit
2461 2126 3024 2197 Constantinopolim
3041 2125 3113 2178 im
3124 2119 3642 2195 peratoriJustino.

2001 2218 2359 2286 Longobardi
2393 2220 2585 2274 autem
2618 2230 2838 2284 omnes,
2865 2215 3064 2269 habito
3098 2212 3249 2268 inter
3279 2225 3342 2266 se
3372 2207 3641 2277 consilio,

1999 2308 2260 2363 fecerunt
2301 2321 2494 2376 regem
2537 2305 2734 2376 Cleph,
2769 2305 2954 2359 virum
2997 2299 3418 2356 nobilissimum
3452 2297 3644 2367 gentis

1999 2395 2530 2464 Longobardorum,
2567 2394 2621 2448 in
2656 2393 2897 2449 civitate
2925 2388 3331 2446 Ticinensium.
3365 2386 3468 2440 Hic
3501 2383 3643 2441 mul-

1997 2488 2092 2538 tos
2122 2487 2394 2554 potentes
2425 2483 2582 2537 viros
2613 2482 3000 2536 Romanorum
3033 2477 3178 2532 alios
3223 2473 3462 2543 occidit,
3497 2471 3642 2528 alios

1999 2571 2070 2627 de
2116 2571 2281 2626 Italia
2329 2570 2536 2640 cjecit;
2568 2584 2673 2625 nec
2713 2567 2865 2625 enim
2915 2565 3188 2622 Romanis
3229 2563 3330 2619 illo
3375 2567 3642 2632 tempore

1999 2660 2190 2716 victus
2225 2659 2353 2728 fuit,
2377 2664 2440 2714 ut
2473 2659 2748 2714 resistere
2783 2659 3022 2726 possent
3053 2650 3472 2723 Longobardis,
3507 2648 3639 2718 quia

1998 2754 2058 2804 et
2091 2747 2441 2816 mortalitas,
2467 2761 2596 2817 quae
2627 2747 2736 2802 sub
2766 2747 3007 2802 Narsete
3041 2743 3169 2810 fuit,
3193 2746 3254 2798 et
3288 2741 3485 2808 fames,
3513 2752 3640 2808 quae

2004 2841 2200 2907 postea
2251 2836 2430 2907 venit,
2473 2850 2698 2892 omnem
2749 2833 2973 2890 Italiam
3013 2829 3340 2902 dissipavit.
3386 2829 3644 2897 Cumque

1999 2939 2104 2997 per
2134 2940 2310 2982 unum
2342 2939 2552 2981 annum
2585 2929 2641 2979 et
2677 2938 2775 2980 sex
2807 2935 3034 2979 menses
3076 2919 3252 2990 Cleph
3285 2919 3579 2987 regnaret,
3613 2928 3644 2970 a

2001 3011 2247 3082 quodam
2289 3027 2488 3084 puero,
2526 3011 2794 3067 familiari
2824 3025 2952 3077 suo,
2987 3023 3116 3066 cum
3147 3005 3363 3078 gladio,
3398 3002 3553 3074 quod
3589 3001 3642 3058 in

2002 3116 2196 3158 mensa
2230 3100 2302 3157 ad
2343 3102 2686 3172 obsequium
2729 3114 2895 3156 suum
2936 3098 3208 3165 habebat,
3253 3093 3488 3152 occisus
3527 3095 3639 3148 est.

2003 3192 2138 3246 Post
2172 3189 2339 3260 cujus
2368 3194 2613 3245 mortem
2647 3186 3011 3256 Longobardi
3044 3199 3240 3255 regem
3265 3183 3380 3253 jam
3415 3195 3519 3254 per
3549 3193 3646 3236 an-

2001 3295 2105 3335 nos
2136 3279 2335 3335 decem
2368 3293 2478 3334 non
2527 3278 2878 3346 habuerunt,
2911 3276 3015 3332 sed
3048 3274 3247 3344 duces,
3281 3284 3644 3343 unaquaeque

1999 3367 2208 3425 civitas
2239 3382 2406 3424 suum
2438 3367 2664 3424 ducem.
2699 3367 2781 3422 Ex
2813 3365 3027 3437 quibus
3066 3363 3315 3420 ducibus
3355 3357 3640 3430 aliquanti

1995 3473 2125 3514 cum
2157 3455 2358 3513 multis
2390 3455 2817 3528 pugnatoribus
2851 3453 3065 3510 Gallias
3108 3449 3378 3522 ingressi,
3412 3446 3642 3520 predati

1997 3549 2154 3615 sunt,
2189 3549 2395 3601 contra
2427 3559 2579 3616 quos
2621 3547 2862 3600 Amatus
2911 3540 3218 3614 patricius,
3253 3536 3352 3607 qui
3393 3539 3521 3594 erat
3569 3549 3643 3590 ex

1996 3639 2164 3706 parte
2195 3633 2553 3690 Guntrammi
2591 3633 2768 3704 regis,
2805 3645 3044 3689 movens
3073 3627 3420 3697 exercitum,
3455 3625 3528 3681 ab
3558 3623 3644 3680 eis

1995 3723 2226 3780 occisus
2256 3728 2368 3794 est,
2392 3723 2616 3795 ipsique
2647 3738 2777 3779 eum
2811 3720 2989 3778 multa
3021 3719 3199 3793 preda
3231 3715 3455 3773 reversi
3486 3716 3638 3770 sunt.

1995 3813 2219 3879 Quibus
2248 3812 2712 3884 discedentibus,
2738 3827 2841 3869 rex
2868 3810 3134 3880 Ennium,
3160 3807 3256 3880 qui
3283 3811 3345 3864 et
3377 3806 3645 3862 Nummu-

1994 3900 2087 3958 lus
2120 3901 2314 3957 dictus
2344 3905 2456 3970 est,
2483 3901 2553 3956 ad
2587 3915 2649 3956 se
2683 3900 2932 3969 vocavit,
2957 3913 3204 3968 eumque
3229 3895 3538 3969 patricium
3572 3891 3650 3947 fe.

1993 3989 2094 4046 cit.
2121 3990 2335 4045 lterum
2371 3987 2734 4059 Longobardi
2770 3988 3138 4044 intraverunt
3169 3984 3442 4048 Galliam;
3475 3982 3647 4037 Num-

1995 4076 2188 4133 mnlns
2221 4080 2412 4133 autem
2441 4077 2694 4147 jnngens
2722 4091 2785 4132 se
2817 4073 3348 4145 Burgundionibus,
3377 4070 3482 4126 ivit
3509 4082 3645 4124 con-

1995 4170 2084 4220 tra
2117 4180 2236 4234 eos,
2273 4169 2333 4220 et
2361 4163 2732 4222 circumdans
2769 4177 2870 4218 eos
2920 4162 3170 4228 insidiis,
3209 4159 3422 4216 multos
3452 4172 3522 4213 ex
3556 4155 3642 4212 eis

1996 4253 2234 4324 occidit,
2269 4258 2501 4309 ceteros
2535 4251 2728 4308 redire
2761 4265 2974 4308 vacuos
3006 4249 3218 4319 coegit.

2069 4353 2210 4407 Post
2240 4350 2362 4408 haec
2395 4353 2463 4406 Sa
2477 4365 2671 4420 tiones,
2700 4349 2796 4420 qui
2825 4363 2952 4405 cum
2987 4343 3385 4416 Longobardis
3415 4340 3640 4398 Italiam

1998 4439 2386 4510 intraverunt,
2403 4456 2532 4495 cum
2547 4438 2816 4494 viderent
2839 4435 3247 4508 Longobardos
3272 4445 3514 4503 regnare
3536 4444 3642 4486 nec

240 4521 398 4592 regis
425 4522 747 4579 consensit.
778 4524 934 4579 Tunc
974 4523 1334 4580 Rosemunda
1384 4523 1682 4581 crudelior
1730 4525 1884 4582 omni
1913 4516 1968 4580 D
2000 4528 2109 4601 ipsi
2141 4528 2354 4584 vellent
2387 4529 2495 4586 sub
2524 4527 2609 4584 eis
2642 4527 2856 4597 vivere,
2888 4541 3019 4582 cum
3066 4523 3335 4580 omnibus
3379 4520 3505 4577 suis
3539 4533 3642 4592 per

239 4609 451 4680 bestia,
483 4625 615 4667 cum
645 4611 854 4667 Alboin
888 4611 943 4666 in
975 4611 1216 4668 meridie
1252 4627 1314 4668 se
1364 4628 1564 4669 somno
1603 4613 1883 4686 dedisset,

238 4699 502 4771 precepit
526 4713 796 4770 magnum
818 4699 1121 4756 silentium
1146 4699 1200 4755 in
1227 4699 1443 4771 palatio
1467 4701 1590 4758 ﬁeri
1614 4706 1675 4758 ct
1695 4705 1885 4760 omnia

237 4803 398 4843 arma
421 4788 554 4845 inde
581 4787 869 4859 subtrahi,
887 4793 942 4844 et
958 4787 1217 4859 gladium
1243 4788 1402 4846 illius
1428 4791 1660 4848 fortiter
1683 4791 1888 4861 ligavit

237 4877 311 4932 ad
332 4881 505 4949 caput
531 4876 754 4949 lectuli,
769 4891 839 4934 ne
863 4880 1063 4949 posset
1081 4877 1376 4948 evaginari
1400 4883 1498 4934 aut
1524 4879 1651 4936 tolli
1662 4881 1886 4953 ,sicque

233 4965 657 5023 interfectores
680 4965 808 5036 ejus
833 4965 1180 5022 introduxit.
1201 4965 1410 5022 Alhoin
1436 4981 1574 5024 vero
1591 4969 1888 5026 excitatus

236 5066 269 5108 a
318 5067 537 5122 somno,
572 5058 632 5109 et
673 5052 1011 5122 intelligens
1058 5052 1267 5109 malum
1320 5052 1475 5124 quod
1526 5053 1884 5126 imminebat,

235 5141 469 5197 concite
497 5157 726 5198 manum
757 5141 827 5197 ad
855 5141 1134 5212 gladium,
1154 5142 1252 5212 qui
1285 5141 1561 5212 alligatus
1590 5148 1738 5214 erat,
1767 5150 1890 5200 ten-

237 5228 436 5298 debat,
473 5229 573 5285 sed
621 5244 730 5286 non
771 5229 973 5286 valens
1021 5245 1151 5286 cum
1201 5229 1530 5299 extrahere,
1568 5231 1886 5288 scabellum

235 5317 813 5390 apprehendebat,et
835 5317 1190 5390 aliquamdiu
1207 5334 1270 5374 se
1285 5318 1632 5374 defendebat
1651 5322 1781 5386 ;scd
1803 5321 1886 5376 illi

233 5403 614 5476 prevalentes
635 5421 766 5463 eum
791 5406 1160 5464 occidebant.
1187 5405 1502 5462 llelinichis
1523 5409 1717 5462 autem
1746 5410 1890 5466 acci-

237 5493 404 5567 piens
418 5494 845 5552 Rosemundam
864 5495 916 5551 in
934 5493 1545 5565 uxorem,decretavit,
1567 5499 1626 5551 ut
1646 5511 1885 5566 regnum

236 5581 448 5640 Alboin
479 5583 967 5656 apprehenderet,
989 5583 1090 5642 sed
1125 5599 1235 5641 non
1269 5583 1480 5656 potuit,
1507 5584 1641 5656 quia
1669 5585 1887 5658 Longo-

1999 4617 2240 4672 Galliam
2264 4617 2660 4687 redierunt,et
2686 4632 2786 4689 per
2809 4615 3160 4687 adjutorium
3186 4609 3459 4682 Sigiberti
3488 4608 3644 4678 regis

1999 4705 2053 4760 in
2089 4705 2335 4777 patriam
2369 4721 2530 4761 suam
2565 4705 2974 4761 retendcrunt.
3015 4704 3138 4770 Quo
3171 4716 3300 4758 cum
3347 4696 3643 4770 pervenis-

2000 4799 2151 4864 sent,
2181 4793 2524 4850 invenerunt
2548 4808 2673 4850 eam
2697 4796 2900 4850 tenere
2922 4795 3140 4849 Suevos
3161 4795 3220 4846 ct
3243 4788 3390 4844 alias
3411 4790 3637 4856 gentes.

1998 4885 2449 4939 lnsurrexerunt
2478 4897 2619 4950 ergo
2651 4884 2853 4938 contra
2885 4896 3007 4951 eos,
3041 4883 3098 4934 et
3147 4877 3459 4934 certabant
3507 4873 3640 4930 inde

1997 4970 2295 5043 expellere
2325 4985 2446 5027 eos.
2483 4973 2551 5026 At
2587 4970 2668 5026 illi
2701 4969 2984 5027 dederunt
3017 4967 3103 5024 eis
3142 4964 3382 5022 terciam
3418 4967 3640 5036 partem

1999 5059 2277 5130 regionis,
2311 5059 2574 5116 dicentes
2601 5078 2613 5112 :
2643 5059 2796 5124 Qm'rr
2812 5068 3129 5129 posti-"mm
3155 5051 3540 5108 communiter
3559 5052 3646 5108 vi-

1995 5163 2148 5205 cere.
2184 5147 2510 5206 Saxonibus
2543 5163 2656 5205 non
2681 5146 3210 5212 consentientibus,
3236 5141 3447 5198 iterum
3471 5139 3646 5197 dede-

1998 5241 2133 5292 runt
2167 5237 2252 5292 cis
2288 5236 2456 5292 aliam
2485 5237 2748 5305 terciam,
2784 5239 2848 5292 ut
2879 5233 2989 5305 ipsi
3019 5234 3290 5288 tenerent
3317 5243 3516 5295 unam;
3542 5227 3642 5284 sed

1999 5325 2325 5381 Saxonibus
2354 5323 2514 5380 nullo
2564 5325 2731 5378 modo
2780 5319 3312 5392 acquiescentibus,
3345 5317 3646 5374 commise-

1997 5420 2132 5469 runt
2167 5427 2436 5484 pugnam,
2470 5411 2526 5466 in
2561 5423 2672 5481 qua
2703 5411 2773 5466 de
2801 5409 3134 5466 Saxonibus
3156 5407 3312 5463 mille
3335 5411 3406 5462 20
3429 5403 3644 5461 mortui

1999 5505 2156 5570 sunt,
2193 5501 2262 5556 de
2295 5500 2412 5556 illis
2441 5515 2582 5556 vero
2614 5502 2718 5556 400
2749 5497 2904 5554 milia
2937 5502 2994 5554 et
3026 5503 3112 5568 80,
3163 5496 3365 5567 sicque
3389 5497 3646 5550 Saxones

2000 5592 2216 5645 terram
2242 5603 2412 5645 suam
2446 5588 2850 5646 obtinuerunt.
3649 5587 3656 5595 '
