3992 6062
365 235 484 307 ’795

1516 246 2000 312 EKKEHARDI
2042 245 2598 311 URAUGIENSIS

3651 246 3778 313 796

440 379 558 438 Hoc
586 380 853 454 tempore
888 379 1217 454 Sigibertus
1254 398 1355 441 rex
1389 384 1740 442 Francorum
1782 382 2015 441 occisus
2046 392 2097 453 Α
2129 382 2252 439 rius
2306 382 2514 439 scribit
2544 381 2598 438 in
2631 380 2869 453 Dialogo
2922 382 3021 456 (cf.
3064 397 3145 453 ιη,
3186 383 3291 455 19),
3323 386 3384 441 et
3433 383 3775 458 pestilentia

370 474 463 527 est
495 470 696 528 fraude
747 472 1035 545 Helperiei
1089 473 1288 531 fratris
1339 474 1447 545 sui,
1497 478 1555 529 et
1609 489 1848 542 regnum
1887 474 2015 545 ejus

372 559 632 631 suscepit
668 559 820 618 illius
847 562 974 633 ejus
1004 562 1365 620 [Iildibertus
1386 579 1514 620 eum
1539 562 1876 620 Brunihilde
1902 578 2017 619 ma-

374 650 463 704 tre
495 661 619 705 sua.

443 737 707 795 Justinus
738 754 967 811 quoque
1002 741 1188 797 minor
1217 756 1345 797 cum
1382 747 1437 797 11
1480 743 1646 797 annis
1692 745 2011 811 regnasset,

375 824 595 881 eisdem
650 828 1008 900 temporibus
1056 828 1219 895 obiit,
1251 833 1309 885 et
1338 830 1641 902 'l‘yherium
1692 830 2017 887 Constanti-

376 928 509 969 num
545 908 944 972 successorem
981 918 1237 989 reliquit.
1262 919 1384 985 Quo
1413 924 1543 991 post
1578 933 1761 975 annos
1792 924 2015 991 septem

374 1001 667 1075 defuncto,
705 1006 1014 1063 Mauricius
1043 1009 1093 1063 ei
1125 1009 1409 1065 successit
1444 1009 1497 1065 in
1538 1009 1799 1080 imperio.

446 1092 807 1163 Longobardi
824 1112 961 1153 vero
979 1113 1105 1154 cum
1136 1114 1236 1169 per
1259 1099 1455 1154 decem
1482 1114 1663 1154 annos
1685 1104 1883 1155 essent
1909 1098 2017 1153 sub

379 1181 644 1252 ducibus,
689 1191 894 1256 postea
946 1189 1236 1244 communi
1287 1188 1536 1245 consilio
1585 1189 2019 1244 constituerunt

372 1269 483 1326 sibi
538 1286 731 1341 regem
788 1274 1049 1345 Authari,
1086 1277 1261 1331 filium
1320 1276 1632 1349 Calphonis
1693 1276 2017 1347 supradicti

374 1357 658 1432 principis
691 1362 784 1433 qui
815 1368 947 1419 ante
975 1367 1259 1420 Ta-lonem
1286 1366 1573 1436 regnavit,
1597 1371 1653 1421 et
1680 1382 1782 1437 pro
1812 1381 2017 1435 magno

375 1447 591 1504 honore
616 1460 972 1509 vocaverunt
995 1470 1123 1509 eum
1153 1452 1426 1524 Flaviani,
1454 1460 1512 1510 et
1532 1455 1685 1511 istud
1710 1471 2016 1527 pronomen

376 1542 574 1607 postea
602 1539 655 1594 in
682 1556 787 1597 usu
815 1542 1143 1599 habuerunt
1166 1559 1334 1614 reges
1360 1545 1884 1613 Longohardarum.
1912 1547 2021 1600 Du-

377 1639 477 1682 ces
508 1643 648 1684 vero
674 1631 768 1700 qui
797 1637 929 1687 tunc
951 1638 1117 1688 erant
1141 1649 1247 1704 pro
1270 1634 1695 1690 rcstauratione
1723 1635 1882 1705 regni
1906 1648 2019 1689 me-

375 1714 651 1819 dietatem
682 1721 931 1775 omnium
965 1737 1196 1778 suarum
1231 1724 1689 1781 substantiarum
1723 1725 1776 1779 in
1808 1739 2020 1795 expen-
2046 1759 2100 1819 Β

375 1802 528 1860 dium
563 1807 643 1861 rei
679 1808 928 1877 publium
974 1809 1284 1880 dederunt,
1320 1817 1382 1867 ut
1427 1816 1603 1881 esset,
1641 1812 1792 1869 unde
1821 1812 2018 1869 vivere

378 1893 669 1962 potuisset
698 1896 824 1967 ipse
858 1912 979 1964 rex,
1011 1898 1101 1953 vel
1135 1899 1231 1969 qui
1266 1899 1318 1954 in
1367 1901 1615 1957 scrvieio
1657 1901 1781 1971 ejus
1828 1905 2014 1971 erant,

379 1980 468 2035 vel
500 1982 596 2051 qui
632 1982 702 2037 ad
733 1998 862 2040 eum
893 1986 1221 2043 veniebant.
1247 1990 1363 2045 IIoc
1387 1994 1579 2045 autem
1603 1995 1727 2045 erat
1754 1990 2018 2046 mirabile

377 2067 430 2123 in
467 2083 644 2139 regno
682 2071 1209 2147 Longobardorum,
1237 2078 1388 2148 quod
1418 2069 1612 2135 nullus
1641 2079 1813 2135 alicui
1849 2080 2020 2136 facie-

379 2156 473 2211 bat
510 2158 867 2233 violcntiam,
903 2163 1058 2219 nulla
1092 2166 1249 2222 fraus
1283 2167 1359 2222 ibi
1394 2172 1541 2238 erat,
1574 2183 1738 2224 nemo
1769 2168 2015 2240 aliquem

377 2243 592 2315 injuste
617 2250 976 2323 angariabat,
1006 2268 1114 2309 non
1138 2254 1214 2310 ibi
1238 2255 1501 2313 latrones
1518 2260 1703 2328 erant,
1723 2256 1823 2313 sed
1848 2273 2020 2314 unus-

376 2333 623 2406 quisque
649 2338 744 2394 ubi
770 2340 999 2397 volebat
1025 2356 1269 2401 securus
1292 2347 1592 2416 pergebat.
1621 2348 1733 2403 Hoc
1758 2352 2020 2418 tempore

378 2422 688 2483 Mauricius
712 2427 1029 2501 imperator
1052 2433 1469 2504 quinquaginta
1505 2433 1662 2490 milia
1694 2436 2017 2492 solidorum

380 2510 538 2568 misit
573 2514 899 2574 Hildiberto
932 2519 1054 2589 regi
1104 2521 1474 2592 Francorum,
1512 2527 1576 2579 ut
1607 2523 2020 2593 Longobardos

377 2598 448 2655 de
479 2601 643 2658 Italia
675 2606 1018 2676 expelleret.
1042 2608 1165 2675 Quo
1188 2610 1455 2665 veniente
1477 2626 1602 2667 cum
1628 2626 1833 2682 magno
1858 2627 2020 2668 exer-

376 2688 518 2760 citu,
556 2692 918 2762 Longobardi
949 2696 1219 2754 civitates
1252 2714 1389 2754 suas
1423 2700 1811 2771 intraverunt,
1836 2707 1893 2756 et
1926 2716 2023 2756 xe-

378 2776 469 2831 nia
503 2778 827 2839 IIildiberto
860 2783 982 2855 regi
1017 2785 1319 2855 miserunt,
1343 2802 1661 2859 pacemque
1683 2804 1812 2844 cum
1844 2804 1912 2844 eo
1947 2790 2023 2844 fc-

376 2872 604 2924 cerunt.
635 2868 740 2936 Qui
773 2885 1048 2930 reversus
1079 2877 1169 2930 est
1205 2875 1257 2930 in
1292 2875 1549 2932 Galliam.
1578 2876 1739 2943 Quod
1776 2876 2021 2934 audiens

377 2955 704 3030 Mauricius,
736 2959 979 3031 solidos,
1007 2977 1153 3033 quos
1184 2964 1235 3020 ei
1271 2979 1374 3037 pro
1398 2965 1781 3037 dissipatione
1804 2966 2024 3037 Longo-

381 3045 690 3125 bardorum
723 3049 903 3119 dedit,
935 3057 1198 3123 repetere
1222 3054 1552 3125 ccepit;sed
1586 3054 1683 3110 ille
1718 3055 1772 3110 in
1804 3056 2022 3112 virtute

2129 471 2250 540 illa,
2286 488 2390 545 pro
2425 487 2534 544 qua
2567 472 2694 545 ipse
2721 473 2835 544 jam
2877 472 3343 543 archydiaeonus
3372 475 3775 547 septiformem

2128 560 2416 618 lmtaniam
2444 562 2753 619 constituit
2776 563 3014 635 ipseque
3034 563 3347 619 Romanum
3371 564 3775 635 pontificatum

2129 650 2347 706 invitus
2364 651 2608 722 accepit.
2628 652 2767 707 Post
2786 651 2908 707 haec
2934 651 3092 706 misit
3116 652 3355 707 Authari
3384 652 3607 723 legatos
3632 670 3777 712 suos

2128 737 2198 793 ad
2240 738 2611 795 Garibaldum
2664 754 2855 809 regem
2910 739 3322 811 Bawariorum,
3363 745 3566 812 petens
3598 744 3773 799 tiliam

2127 842 2290 883 suam
2326 843 2582 883 uxorem.
2617 828 2725 894 Qui
2760 830 2904 884 bene
2936 827 3163 897 legatos
3192 831 3472 901 suscepit,
3505 836 3561 888 et
3598 831 3772 889 filiam

2127 931 2289 971 suam
2315 916 2544 972 nomine
2560 916 3013 972 Theodclindam
3045 918 3095 972 ei
3130 918 3418 988 promisit.
3447 918 3609 985 Quod
3634 922 3771 977 dum

2130 1004 2309 1075 missi
2351 1005 2761 1060 renunciarent
2816 1004 3080 1071 Authari,
3133 1005 3229 1061 ille
3281 1007 3523 1078 cupiens
3572 1008 3772 1065 videre

2129 1108 2398 1164 sponsam
2428 1109 2613 1163 suam,
2636 1094 2813 1163 elegit
2841 1108 3035 1151 secum
3072 1109 3285 1166 paucos
3312 1095 3557 1166 juvenes
3580 1098 3772 1155 fortis-

2128 1182 2323 1252 simos,
2357 1187 2412 1237 et
2452 1198 2623 1238 unum
2660 1182 3060 1239 ﬁdelissimum
3095 1183 3257 1254 quasi
3292 1199 3396 1255 pro
3429 1184 3680 1253 domino,
3714 1191 3774 1242 et

2130 1286 2258 1326 cum
2318 1286 2537 1327 summa
2586 1272 2957 1328 festinatione
3013 1273 3271 1344 perrexit
3323 1273 3375 1327 in
3432 1275 3767 1330 Bawariam.

2131 1361 2386 1431 Cumque
2410 1366 2635 1416 starent
2660 1361 2712 1416 in
2742 1365 3053 1433 conspectu
3082 1360 3374 1417 Caribaldi
3401 1362 3654 1433 regis,et
3676 1362 3773 1419 ille

2131 1449 2227 1518 qui
2262 1451 2422 1519 quas'
2460 1450 2654 1506 senior
2696 1448 3009 1505 videbatur
3057 1448 3212 1504 dicta
3263 1464 3364 1505 sua
3395 1452 3769 1522 complesset,

2133 1538 2283 1593 dixit
2317 1538 2558 1593 Authari
2593 1539 2662 1593 ad
2698 1554 2888 1609 regem
2925 1557 2937 1594 :
2970 1540 3259 1595 Dominus
3303 1553 3465 1595 meus
3511 1540 3776 1597 Aul/tari

2128 1629 2370 1698 proprie
2384 1641 2498 1698 pro
2521 1628 2639 1683 ista
2672 1642 2856 1685 causa
2885 1641 2976 1683 me
3002 1628 3188 1697 misit,
3222 1627 3294 1684 ut
3317 1627 3551 1685 videam
3567 1629 3776 1700 ﬁliam

2128 1716 2406 1785 uestram,
2441 1716 2739 1773 dominam
2766 1718 3050 1787 uestram,
3094 1717 3178 1787 at,
3222 1716 3426 1788 qualis
3462 1717 3549 1773 sit
3561 1718 3777 1789 forma

2130 1806 2280 1876 ejus,
2303 1807 2533 1877 possim
2564 1805 2794 1863 domino
2813 1819 2936 1862 meo
2956 1819 3090 1862 cere
3110 1806 3417 1863 nausiare.
3440 1805 3546 1872 Qui
3572 1807 3772 1861 statim

2132 1893 2268 1949 fecit
2317 1908 2440 1950 eam
2492 1894 2711 1950 venire.
2764 1894 2902 1960 Qua)
2952 1909 3080 1950 cum
3130 1893 3454 1965 placuisset
3505 1894 3772 1965 Authari,

2132 1983 2273 2038 dixit
2310 1984 2379 2038 ad
2410 1997 2603 2052 regem
2640 2002 2651 2036 :
2683 1983 2757 2040 Si
2781 1984 2981 2054 placet
3002 1983 3211 2040 vestra
3220 1983 3528 2053 potestati,
3563 1984 3636 2040 de
3662 1997 3775 2040 sua

2129 2085 2312 2128 manu
2333 2072 2431 2128 det
2457 2070 2625 2128 uobis
2650 2071 2862 2143 bibere,
2891 2073 3053 2130 sicut
3080 2073 3137 2129 et
3150 2072 3399 2143 post/lac
3425 2071 3659 2129 debebit
3666 2072 3777 2145 fa-

2130 2174 2257 2217 cere
2287 2160 2447 2226 Quod
2480 2175 2608 2216 cum
2641 2177 2743 2216 rex
2777 2161 2900 2216 ﬁeri
2929 2161 3231 2232 jussisset,
3258 2159 3358 2216 illa
3390 2159 3606 2218 tollens
3639 2160 3777 2216 cali-
3870 2153 3878 2160 ’

2130 2263 2254 2304 cem
2289 2249 2520 2321 plenum
2545 2263 2735 2318 “mero,
2763 2249 2923 2305 dedit
2950 2250 3195 2321 primum
3220 2249 3303 2304 illi
3339 2249 3436 2320 qui
3469 2251 3664 2306 senior
3696 2251 3749 2305 vi

2132 2339 2399 2410 debatur,
2435 2338 2643 2394 deinde
2686 2340 3022 2411 porrigebat
3056 2339 3317 2409 Authari,
3346 2340 3613 2396 nesciens
3646 2340 3777 2411 quis

2130 2434 2306 2485 esset.
2334 2430 2460 2500 Ipse
2486 2443 2625 2484 vero
2654 2434 2958 2500 postquam
2985 2428 3133 2484 bibit
3154 2431 3209 2483 et
3234 2426 3473 2484 calicem
3495 2428 3771 2497 reddidit,

2131 2518 2358 2573 nemine
2389 2516 2648 2588 vidente,
2668 2517 2853 2587 digito
2882 2532 3004 2573 eam
3025 2518 3239 2587 tetigit,
3266 2520 3324 2573 et
3358 2532 3583 2573 manum
3610 2532 3771 2573 suam

2131 2620 2234 2677 per
2268 2606 2471 2662 faciem
2505 2605 2630 2675 ejus
2664 2606 2831 2662 duxit
2878 2605 3015 2671 Qum
3048 2605 3452 2662 verecundans
3474 2620 3603 2661 cum
3666 2606 3773 2662 hoc

2133 2696 2345 2751 nutrici
2379 2711 2498 2752 sua:
2529 2695 2835 2763 indicaret,
2877 2696 3077 2749 nutrix
3101 2693 3426 2766 respondit:
3479 2696 3555 2753 Si
3584 2709 3694 2751 res:
3722 2696 3781 2752 et

2130 2799 2378 2857 sponsus
2434 2786 2571 2841 tuus
2599 2798 2715 2841 non
2746 2785 2914 2854 esset,
2963 2784 3193 2841 teuallo
3223 2784 3379 2839 modo
3393 2785 3633 2856 tangere
3646 2798 3778 2855 pre-

2131 2873 2497 2946 sumpsisset.
2506 2873 2630 2930 Sed
2658 2874 3088 2943 Iaceamus,uec
3100 2872 3434 2930 audiat/loc
3444 2874 3624 2945 pater
3637 2875 3778 2931 tuus

2133 2964 2254 3020 Iste
2267 2964 2373 3034 qui
2389 2964 2562 3019 talem
2574 2961 2752 3019 habet
2750 2976 3088 3033 personam,
3125 2961 3344 3033 dignas
3356 2963 3460 3022 est.
3505 2964 3561 3019 et
3599 2964 3778 3034 impe-

2132 3050 2913 3109 rimnliabereetteuaorem
2926 3051 3153 3107 ducere.
3188 3052 3326 3105 Erat
3355 3051 3503 3105 enim
3531 3052 3777 3107 Authari

380 3121 481 3191 sila
514 3137 836 3208 confidens,
873 3140 1090 3197 nullum
1125 3143 1176 3197 ei
1210 3157 1548 3213 responsum
1582 3143 1765 3198 dedit.
1798 3146 2021 3200 Interea
2055 3116 2103 3179 C
2128 3140 2359 3211 juvenis
2376 3140 2804 3213 pulcherrimus
2820 3144 2878 3196 et
2896 3140 3029 3196 boni
3070 3144 3281 3196 status.
3319 3142 3453 3195 Post
3471 3139 3593 3196 haec
3624 3156 3781 3196 com-

378 3220 741 3280 Hildibertus
775 3228 1056 3297 pugnavit
1087 3244 1215 3285 cum
1248 3230 1551 3301 IIyspanis,
1575 3234 1629 3285 et
1652 3230 1788 3285 vicit
1815 3246 1937 3302 eos,
1964 3235 2024 3288 et

381 3310 492 3365 ista
529 3311 633 3367 fuit
669 3327 862 3381 causa,
899 3314 1050 3370 unde
1090 3317 1241 3371 inter
1282 3332 1343 3373 se
1394 3332 1654 3389 pugnare
1685 3324 2021 3389 coeperunt;

380 3397 744 3457 Hildibertus
774 3417 873 3459 rex
910 3419 1170 3461 sororem
1218 3419 1378 3461 suam
1429 3407 1660 3463 nomine
1709 3408 2022 3477 Ingundem

379 3486 625 3544 dederat
662 3504 899 3547 uxorem
935 3494 1336 3564 Erminigildo,
1373 3493 1489 3550 filio
1520 3495 1835 3566 Leovigildi
1871 3498 2023 3567 regis

378 3576 798 3647 IIyspanorum.
836 3580 942 3646 Qui
974 3582 1379 3652 Ermengildus
1424 3597 1526 3655 per
1569 3583 2022 3656 predicationem

380 3663 623 3721 Leandri
649 3667 911 3740 episcOpi
930 3674 990 3725 ct
1010 3685 1112 3741 per
1134 3671 1347 3727 monita
1375 3672 1574 3729 uxoris
1599 3688 1718 3729 suae
1738 3673 1806 3728 de
1833 3674 2024 3730 Arria-

378 3765 447 3808 na
479 3754 690 3817 heresi,
716 3770 884 3826 quam
913 3763 1077 3828 pater
1100 3774 1240 3816 suus
1262 3759 1512 3833 colebat,
1542 3762 1611 3818 ad
1637 3761 1803 3817 fidem
1825 3763 2023 3819 catho-

375 3840 544 3898 licam
569 3856 888 3902 conversus
914 3846 1130 3913 fuerat;
1156 3863 1260 3920 pro
1286 3863 1395 3919 qua
1420 3865 1596 3907 causa
1621 3850 1833 3923 impius
1857 3856 2024 3923 pater

377 3929 507 3999 ejus
537 3930 592 3986 in
628 3932 750 4004 ipsa
777 3934 1094 3991 festivitate
1120 3937 1348 4007 paschae
1371 3954 1501 3995 eum
1526 3940 1718 3997 securi
1741 3955 1871 3997 eum
1897 3956 2025 4013 per-

377 4018 501 4075 cuti
530 4020 725 4091 jussit.
758 4023 914 4079 Uxor
940 4039 1080 4081 vero
1109 4025 1271 4082 illius
1314 4027 1541 4096 fugiens
1589 4028 1659 4084 de
1710 4030 2019 4101 Ilyspania,

377 4106 564 4165 voluit
594 4111 809 4166 reverti
834 4112 889 4167 in
919 4113 1160 4184 patriam
1187 4130 1348 4171 suam
1369 4118 1500 4183 ;sed
1523 4118 1737 4173 milites
1760 4119 2019 4188 Romani,

383 4196 479 4267 qui
513 4196 570 4252 in
608 4197 726 4256 illis
770 4201 1038 4271 partibus
1087 4207 1273 4274 erant,
1309 4205 1820 4277 apprehenderunt
1868 4206 2021 4262 illam

379 4297 509 4340 cum
542 4284 661 4341 ﬁlio
693 4302 797 4343 suo
831 4289 1094 4360 parvulo,
1120 4295 1177 4346 et
1208 4292 1581 4349 adduxerunt
1613 4293 1767 4349 illam
1801 4293 1855 4349 in
1889 4295 2026 4351 Sici-

380 4368 536 4443 liam,
562 4373 758 4445 ibique
791 4380 1017 4434 mortua
1040 4383 1149 4447 est,
1175 4379 1351 4436 filium
1376 4395 1513 4437 vero
1537 4380 1662 4451 ejus
1683 4382 2025 4439 direxerunt

2136 3237 2382 3286 meatum
2426 3233 2691 3301 petentes
2733 3244 2763 3284 a
2794 3243 2950 3300 rege,
2988 3232 3374 3300 perrexerunt
3417 3229 3486 3284 ad
3528 3230 3775 3300 patriam

2133 3334 2315 3374 suam.
2358 3319 2596 3375 Authari
2618 3333 2756 3375 vero
2771 3334 2899 3375 eum
2918 3318 3275 3389 pervenisset
3294 3333 3470 3390 prOpe
3496 3318 3637 3373 ﬁnes
3666 3320 3779 3375 Ita-

2134 3407 2246 3478 liae,
2265 3406 2684 3463 comitantibus
2700 3407 3018 3478 aliquantis
3034 3406 3333 3478 Bavvariis,
3348 3407 3779 3478 appropinqua-

2133 3495 2217 3551 vit
2241 3495 2457 3564 arbori,
2486 3510 2612 3565 qua:
2638 3496 2834 3551 stabat
2853 3496 3019 3566 juxta
3036 3495 3204 3565 viam,
3229 3499 3288 3551 et
3312 3495 3576 3551 erexitse
3600 3510 3779 3566 super

2132 3582 2716 3654 caballumquantum
2760 3584 2970 3655 potuit,
2999 3587 3055 3638 et
3083 3584 3329 3640 securim
3374 3598 3541 3655 quam
3586 3586 3780 3655 porta-

2135 3674 2232 3729 bat
2265 3673 2318 3727 in
2351 3687 2518 3728 manu
2556 3672 2609 3727 in
2634 3673 2814 3744 ipsam
2840 3673 3106 3729 arborem
3138 3673 3379 3744 impegit
3404 3672 3776 3743 ibiquedimi-

2134 3762 2232 3833 sit,
2269 3761 2506 3818 dicens:
2549 3762 2974 3834 Taliterferire
3002 3761 3440 3819 soletAutbari.
3479 3761 3600 3827 Quo
3616 3761 3777 3817 dicto

2135 3848 2555 3906 intellexerunt
2587 3849 2832 3906 Bawarii
2853 3850 3006 3921 quod
3028 3850 3151 3922 ipse
3165 3854 3322 3906 esset
3341 3850 3609 3906 Authari.
3640 3851 3775 3905 Post

2134 3939 2492 4010 aliquantum
2523 3942 2755 4010 tempus
2786 3938 3403 3994 conturbatusestrex
3432 3938 3779 3993 Garihaldus

2136 4027 2207 4084 de
2229 4027 2480 4084 adventu
2508 4028 2880 4097 Francorum,
2915 4026 3406 4097 etTheodelinda,
3463 4027 3580 4081 filia
3628 4027 3775 4096 ejus,

2133 4132 2262 4172 cum
2299 4117 2615 4186 fratresuo,
2648 4116 2877 4172 nomine
2899 4114 3364 4185 Gundoaldom“,
3400 4114 3549 4183 fugit
3569 4114 3640 4171 ad
3672 4116 3781 4169 Ita-

2137 4203 2291 4275 liam,
2322 4210 2379 4261 et
2414 4205 2708 4261 mandavit
2733 4219 2948 4275 sponso
2971 4218 3075 4260 suo
3135 4204 3398 4273 Authari,
3451 4208 3515 4259 ut
3552 4203 3777 4258 veniret

2136 4294 2366 4349 obviam
2398 4294 2503 4350 eis.
2542 4293 2904 4363 Quigavisus
2922 4295 3113 4361 est,et
3147 4292 3782 4362 faciensmagnampre-

2138 4382 2521 4453 parationem,
2544 4381 2804 4452 perrexit
2830 4382 2881 4436 in
2898 4395 3161 4452 campum
3204 4381 3533 4452 quidicitur
3561 4379 3778 4448 Sardis,

378 4460 434 4515 in
479 4461 1039 4535 Constantinopolim
1091 4467 1364 4524 Mauricio
1414 4469 1771 4541 imperatori.
1809 4473 2024 4528 Iterum
2055 4469 2107 4532 D
2142 4485 2319 4543 super
2348 4472 2655 4539 Veronam,
2690 4477 2745 4525 et
2782 4470 3042 4541 suscepit
3066 4484 3189 4525 eam
3218 4485 3347 4526 cum
3378 4468 3610 4539 gaudio.
3646 4469 3780 4523 Erat

382 4548 692 4607 Mauricius
725 4551 1042 4622 imperator
1071 4555 1228 4611 misit
1265 4558 1335 4613 ad
1371 4558 1779 4629 Hildibertum,
1814 4574 2026 4629 rogans

382 4634 565 4707 illum,
594 4643 655 4694 ut
680 4640 1003 4696 exercitum
1025 4642 1305 4715 dirigeret
1331 4645 1384 4702 in
1412 4647 1635 4703 Italiam
1658 4655 1861 4706 contra
1890 4650 2029 4705 Lon-

382 4724 698 4794 gobardos.
723 4727 827 4793 Qui
854 4741 1116 4799 sperans,
1145 4732 1296 4801 quod
1322 4749 1492 4790 soror
1520 4748 1621 4791 sua
1656 4735 1843 4792 adhuc
1874 4736 2028 4793 vive-

383 4817 471 4869 ret
502 4817 559 4868 et
599 4813 652 4869 in
688 4815 1191 4889 Constantinopoli
1222 4826 1396 4892 esset,
1421 4823 1623 4878 volens
1652 4838 1777 4879 eam
1804 4825 2028 4880 recolli-

379 4915 541 4972 gere,
576 4903 888 4975 complevit
943 4904 1305 4964 voluntatem
1357 4910 1747 4981 impcratoris,
1778 4917 1837 4967 et
1870 4913 2028 4969 misit

383 4991 711 5047 exercitum
748 4993 1096 5049 Francorum
1143 4996 1197 5051 in
1245 4996 1497 5061 Italiam;
1534 4998 1637 5054 sed
1670 5000 2027 5070 Longobardi

385 5076 727 5148 frequenter
744 5081 1084 5151 pugnabant
1105 5088 1310 5139 contra
1336 5085 1514 5156 ipsos.
1533 5087 1811 5145 Posthtee
1826 5089 2029 5145 Franci

383 5166 442 5218 et
495 5164 793 5223 Alamanni
824 5168 1007 5224 rixam
1056 5170 1208 5227 inter
1257 5187 1319 5229 se
1352 5173 1652 5246 habentes,
1687 5178 1910 5247 egressi
1960 5178 2031 5235 de

386 5249 574 5322 Italia,
600 5254 903 5312 redierunt
929 5257 998 5313 ad
1025 5260 1279 5331 propria.
1299 5263 1417 5318 Hoc
1440 5266 1704 5334 tempore
1728 5265 2031 5323 inundatio

387 5352 668 5415 aquarum
699 5341 848 5400 facta
882 5351 974 5402 est
1008 5346 1062 5401 in
1095 5348 1283 5419 Italia,
1320 5351 1391 5406 de
1424 5365 1535 5422 qua
1569 5353 1777 5409 beatus
1821 5357 2033 5425 Grego-

2142 4564 2335 4615 autem
2370 4558 2448 4614 ibi
2474 4562 2613 4613 tunc
2646 4558 2798 4613 inter
2832 4558 2977 4614 alios
3030 4557 3448 4628 Longobardos
3496 4555 3784 4626 Agilolfus

2140 4647 2256 4702 dux
2280 4647 2350 4702 de
2381 4646 2622 4702 civitate
2653 4646 3020 4703 Taurinensi.
3051 4649 3207 4703 Tunc
3240 4645 3433 4703 subito
3472 4647 3788 4702 conturba-

2137 4741 2238 4792 tus
2269 4740 2360 4791 est
2393 4749 2511 4804 aer,
2529 4738 2585 4790 et
2616 4735 2774 4807 cepit
2806 4740 3014 4791 tonare
3064 4740 3122 4790 et
3166 4749 3482 4791 coruscare
3526 4734 3780 4798 fortiter,

2140 4823 2461 4893 statimque
2510 4823 2723 4879 fulmen
2777 4823 3068 4895 percussit
3112 4837 3282 4880 unum
3332 4822 3576 4893 lignum,
3628 4821 3785 4892 quod

2138 4916 2263 4968 erat
2288 4912 2539 4983 positum
2574 4913 2627 4968 in
2652 4912 2886 4969 clusura
2921 4911 3102 4983 regis.
3144 4910 3426 4982 Agilolfus
3453 4915 3646 4967 autem
3689 4912 3789 4966 ha-

2142 5000 2537 5073 buitpuerum
2569 5001 2876 5072 quendam,
2913 5001 3030 5073 qui,
3062 5000 3259 5057 nescio
3318 5014 3422 5072 per
3471 5014 3648 5071 quam
3701 5014 3793 5054 ar-

2144 5095 2278 5160 tem,
2316 5089 2652 5159 intelligens
2670 5088 2806 5160 quid
2826 5089 3202 5161 significaret,
3221 5089 3301 5145 ait
3318 5088 3570 5159 Agilolfo
3594 5102 3791 5143 secre-

2140 5183 2224 5236 te:
2240 5178 2617 5248 Istamulier,
2632 5191 2815 5249 quam
2856 5179 3145 5237 modone:
3181 5178 3331 5235 tulit
3360 5190 3624 5246 uxorem,
3654 5178 3800 5248 post

2140 5282 2257 5324 non
2276 5268 2529 5325 multum
2543 5266 3167 5339 tuacoujunzm’erit.
3187 5266 3294 5334 Qui
3345 5267 3536 5322 iratus
3564 5265 3644 5320 ait
3680 5266 3795 5322 ε.ςὶ

2145 5358 2280 5414 alia
2345 5356 2470 5412 rice
2508 5356 2616 5413 hoc
2675 5357 2925 5425 dixeris,
2992 5357 3177 5431 caput
3224 5357 3391 5413 tuum
3446 5353 3781 5413 abscidam.

1744 5453 1978 5509 νΑΒΙΕ
2019 5454 2415 5510 LECTIONES.

454 5523 542 5563 ’⁸³⁸
572 5528 639 5586 in
670 5526 788 5586 loco
814 5543 954 5588 raso
982 5537 1036 5587 1.
1100 5532 1190 5566 ι⁰³²
1220 5535 1431 5606 conjux
1460 5552 1608 5596 corr.
1644 5540 1919 5611 conjunxt
