3992 6062
221 306 347 371 ’79⁸7

1113 296 1553 366 CHRONICA.
1591 330 1667 342 —
1698 288 2173 357 CHRONICON
2216 284 2765 370 UNIVERSALE.

3488 226 3494 233 ’
3524 273 3645 339 798

221 444 333 504 Cui
365 443 463 502 ille
496 442 794 517 respondit
824 461 843 498 .-
884 422 1097 499 Verum
1134 440 1238 511 est,
1284 438 1434 512 quia
1484 438 1663 511 caput
1688 450 1883 495 meum
1906 424 1966 488 A
1994 426 2136 483 riam
2167 425 2409 496 habens,
2457 438 2586 481 cum
2641 433 2846 493 magna
2878 413 3055 492 preda
3101 414 3172 473 ad
3207 419 3423 472 terram
3474 427 3640 473 suam

221 535 535 595 abscidere
544 533 808 606 poteris;
822 532 929 589 sed
947 531 1006 588 et
1024 532 1130 589 hoc
1147 544 1353 589 verum
1372 530 1477 599 est,
1500 530 1648 600 quia
1660 526 1882 599 ἐπαίσ-

219 626 396 683 mina
414 625 495 682 ait
507 623 611 680 hoc
628 623 794 680 venit
813 623 879 679 in
898 621 1373 693 istampatrt’am,
1389 620 1622 676 cet-mor
1644 619 1748 675 ι-ιιιι
1776 617 1877 675 sit.

225 716 395 783 Quod
429 719 487 771 et
522 718 719 786 postea
770 713 985 769 factum
1017 715 1132 768 est.
1187 714 1413 767 Interea
1448 707 1739 765 mandavit
1775 708 1885 762 Au-

227 803 387 860 thari
418 818 520 859 rex
560 801 735 856 verba
773 801 1010 871 paciﬁca
1064 801 1438 855 Guntrammo
1470 798 1591 867 regi
1644 799 1886 852 Franco-

229 906 383 960 rum,
410 894 621 962 patruo
644 888 953 944 llildiberti
979 887 1157 957 regis,
1188 891 1245 942 ut
1280 887 1495 941 faceret
1524 899 1721 956 pacem
1755 898 1894 938 cum,

229 995 322 1037 eo.
350 979 453 1035 Ille
476 993 616 1034 vero
639 993 768 1035 cum
783 979 996 1046 gaudio
1020 977 1283 1048 suscepit
1310 975 1514 1032 missos
1538 974 1801 1038 Authari,
1828 977 1884 1027 et

232 1068 451 1124 direxit
499 1083 598 1123 eos
622 1067 691 1122 ad
730 1067 1117 1123 Hildibertum
1143 1070 1413 1137 nepotem
1438 1078 1625 1133 suum,
1662 1068 1726 1119 ut
1760 1078 1888 1133 pro-

230 1162 368 1228 pter
398 1157 758 1213 voluntatem
804 1170 962 1213 suam
1008 1162 1064 1211 et
1095 1155 1405 1212 consilium
1442 1156 1658 1209 faceret
1692 1168 1886 1224 pacem

232 1261 367 1302 cum
402 1244 815 1314 Longobardis.
852 1247 990 1300 Erat
1014 1245 1164 1299 enim
1200 1244 1325 1314 ipse
1355 1245 1763 1298 Guntrammus
1786 1255 1887 1295 rex

229 1333 515 1405 paciﬁcus
544 1338 603 1389 et
635 1334 789 1390 omni
821 1333 1082 1389 bonitate
1108 1332 1389 1405 preditus.
1425 1333 1561 1385 Cum
1598 1334 1789 1385 autem
1815 1328 1892 1383 le-

230 1423 358 1493 gati
390 1424 691 1479 tardarent
723 1423 775 1477 in
838 1423 1095 1491 Francia,
1147 1421 1388 1478 Autbari
1448 1419 1599 1491 apud
1632 1419 1889 1474 Ticinum

232 1527 482 1581 veneno,
506 1517 569 1569 ut
601 1512 823 1577 dicunt,
869 1517 1132 1568 mortuus
1156 1515 1268 1579 est,
1298 1514 1600 1582 postquam
1626 1508 1888 1577 regnavit

234 1602 404 1659 annis
437 1616 564 1658 sex.
611 1601 933 1671 Statimque
957 1600 1317 1672 Langobardi
1354 1600 1640 1656 miserunt
1673 1598 1742 1654 ad
1779 1598 1892 1653 Hil-

237 1690 531 1746 dibertum
558 1704 773 1759 regem,
800 1690 895 1759 qui
920 1689 970 1744 ei
1004 1694 1249 1746 mortem
1276 1688 1511 1744 Authari
1546 1688 1891 1743 nunciarent

1994 531 2264 574 reversus
2298 519 2405 571 est.

2066 608 2250 677 Igitur
2296 605 2727 662 dominantibus
2759 615 2863 672 per
2893 613 3118 656 omnem
3170 595 3393 652 Italiam
3428 595 3644 663 Longo-

1997 696 2212 766 bardis,
2245 697 2378 752 dum
2412 693 2637 749 veniret
2682 690 2968 761 Agilolfus
2999 689 3053 743 in
3086 689 3284 758 partes
3334 685 3644 751 Romanas,

1998 788 2205 842 beatus
2234 784 2547 855 Gregorius
2581 783 2651 838 de
2686 782 2940 838 adventu
2969 778 3093 847 ejus
3127 776 3182 831 in
3216 778 3441 830 tantum
3476 771 3647 827 terri-

1999 881 2094 933 tus
2123 881 2235 943 est,
2297 879 2361 931 ut
2410 875 2479 929 ab
2519 871 2881 944 expositione
2937 865 3280 934 Ezechielis,
3340 864 3491 920 sicut
3524 862 3647 933 ipse

1999 970 2273 1035 testatur,
2307 968 2586 1020 cessaret.
2617 961 2802 1030 Coepit
2828 962 3019 1015 aute'u
3048 957 3384 1025 frequenter
3411 966 3513 1022 per
3535 949 3650 1020 epi-

2001 1056 2185 1111 stolas
2251 1068 2387 1111 suas
2443 1049 2893 1107 Theodelindam
2955 1045 3211 1115 reginam
3262 1053 3525 1107 monere,
3585 1042 3648 1094 ut

2000 1146 2337 1200 hortaretur
2384 1140 2694 1211 Agiloll‘um
2746 1137 3013 1193 maritum
3058 1148 3225 1190 suum
3286 1144 3483 1202 pacem
3517 1142 3646 1183 cum

2002 1232 2273 1289 Romanis
2302 1234 2536 1287 habere.
2588 1228 2747 1295 Quod
2780 1231 2836 1282 et
2892 1227 3104 1280 factum
3159 1227 3267 1278 est.
3302 1219 3462 1275 Unde
3495 1217 3646 1271 idem

2002 1321 2354 1377 venerabilis
2412 1318 2685 1375 sacerdos
2714 1316 2935 1386 gratias
2984 1312 3225 1383 agendo,
3257 1304 3539 1381 epistolas
3574 1300 3644 1358 ad

2002 1410 2240 1465 eandem
2267 1408 2521 1476 reginam
2543 1406 2684 1461 etad
2708 1406 2895 1475 ipsum
2916 1400 3223 1471 Agilolt‘um
3242 1409 3434 1465 regem
3458 1396 3650 1447 trans-

2004 1497 2179 1567 misit,
2217 1512 2345 1568 quae
2393 1496 2445 1550 in
2484 1494 2630 1549 libro
2665 1493 2805 1547 Vitae
2856 1487 3306 1560 ipsiusscriptm
3355 1480 3651 1553 reperiun-

2002 1591 2118 1642 tur.

2077 1678 2195 1732 Iloc
2227 1680 2488 1745 tempore
2515 1671 2875 1727 lIildibertus
2901 1683 3003 1723 rex
3028 1680 3130 1737 per
3151 1675 3455 1731 venenum,
3484 1662 3545 1716 ut
3569 1658 3654 1713 di-

236 1783 296 1834 ct
327 1792 528 1850 pacem
586 1777 656 1832 ab
699 1792 769 1833 eo
822 1778 1211 1848 postularent.
1275 1777 1429 1843 Quos
1488 1776 1583 1831 ille
1645 1776 1889 1844 benigne
1920 1789 1975 1849 B
2006 1770 2164 1826 eunt,
2200 1764 2430 1819 occisus
2481 1767 2569 1817 est
2597 1775 2725 1816 cum
2773 1771 2951 1814 uxore
2985 1769 3120 1822 sua;
3175 1755 3441 1808 mortuus
3468 1750 3651 1803 estet

238 1866 525 1938 suscepit,
572 1881 887 1937 pacemque
949 1866 1189 1938 petitam
1253 1866 1438 1921 dedit.
1482 1867 1697 1934 Regina
1754 1881 1891 1921 vero

234 1954 628 2012 Theodelinda
655 1954 786 2025 quia
812 1955 1084 2027 placebat
1111 1954 1525 2025 Longobardis,
1547 1954 1888 2010 dimiserunt

236 2059 364 2101 earn
412 2059 677 2115 regnare,
710 2045 975 2101 dicentes
1004 2045 1079 2111 ei,
1116 2049 1178 2101 ut
1221 2058 1642 2115 quemcumque
1673 2048 1890 2099 amaret

241 2134 452 2203 virum,
489 2134 727 2190 tolleret
782 2133 1077 2201 maritum,
1108 2133 1282 2189 talem
1315 2142 1504 2188 tamen
1556 2132 1650 2202 qui
1685 2132 1894 2200 dignus

239 2227 404 2278 esset
434 2236 636 2290 regere
667 2236 927 2292 regnum.
965 2221 1121 2289 Quae,
1158 2221 1356 2278 habito
1377 2220 1624 2277 consilio
1656 2234 1785 2275 cum
1810 2233 1896 2273 sa-

239 2310 558 2382 pientibus,
612 2310 788 2381 elegit
833 2310 945 2367 sibi
989 2309 1260 2365 maritum
1310 2311 1514 2365 ducem
1560 2308 1891 2377 Agiloll‘um,

242 2400 484 2471 quierat
518 2398 608 2455 vir
639 2398 871 2470 sapiens
902 2404 961 2455 et
992 2398 1244 2455 bellator
1273 2403 1330 2454 et
1366 2413 1468 2470 per
1495 2397 1687 2454 omnia
1721 2401 1896 2467 aptus

241 2486 315 2544 ad
344 2487 719 2557 regnandum.
767 2488 868 2543 Cui
894 2488 1091 2543 statim
1124 2487 1439 2556 mandavit,
1474 2491 1537 2542 ut
1567 2485 1791 2541 veniret
1825 2484 1893 2539 ad

241 2590 390 2645 eam,
420 2576 660 2648 ipsaque
679 2575 749 2631 ad
769 2575 1073 2631 castellum
1100 2575 1252 2646 quod
1281 2574 1627 2632 Laomellum
1652 2578 1897 2629 vocatur

239 2663 504 2734 perrexit
536 2663 587 2719 ei
614 2664 862 2719 obviam.
901 2663 1009 2729 Qui
1043 2678 1171 2719 cum
1206 2662 1359 2718 inter
1383 2677 1444 2718 se
1474 2663 1756 2718 haberent
1782 2660 1899 2716 col-

245 2751 526 2822 loquium,
581 2752 758 2821 jussit
813 2753 1010 2821 regina
1047 2752 1238 2808 afl‘erri
1297 2752 1512 2819 vinum,
1576 2751 1897 2820 bibensquc

246 2839 371 2910 ipsa
395 2839 579 2910 prior,
614 2839 775 2895 dedit
800 2838 1067 2910 Agiloll‘o.
1096 2839 1201 2905 Qui
1231 2856 1359 2894 cum
1381 2839 1695 2910 acciperet,
1722 2839 1901 2892 hono-

249 2926 513 2983 rabiliter
538 2942 766 2984 manum
799 2927 925 2998 ejus
959 2928 1263 2983 osculatus
1287 2933 1397 2982 est.
1426 2927 1563 2993 Quae
1588 2925 1903 2982 subridens

247 3016 368 3071 ait:
402 3017 535 3072 Non
583 3016 754 3074 debes
781 3031 1028 3073 man-um
1071 3031 1261 3073 meam
1305 3018 1588 3086 osculari,
1623 3015 1764 3086 quia
1791 3027 1902 3071 rex

248 3105 309 3161 et
332 3104 592 3161 maritus
618 3119 782 3163 meus
822 3106 970 3162 eris.
1011 3108 1080 3161 Et
1112 3105 1196 3161 sic
1229 3119 1358 3160 eum
1400 3104 1663 3175 amplexa
1695 3110 1806 3171 est,
1842 3106 1901 3156 et

251 3193 643 3250 manifestavit
674 3195 725 3249 ei
755 3195 971 3265 oumia,
1006 3209 1132 3265 quae
1165 3209 1267 3265 per
1298 3193 1541 3249 consilia
1574 3192 1898 3263 sapientum

248 3282 320 3338 de
373 3282 795 3352 gubernatione
842 3283 1004 3353 regni
1056 3287 1113 3339 et
1174 3282 1392 3354 nuptiis
1453 3282 1575 3337 suis
1632 3280 1897 3337 ordinata

247 3375 466 3427 essent.
505 3372 660 3426 Inter
693 3372 814 3428 haec
848 3372 989 3427 ﬁunt
1022 3372 1242 3443 nuptiae
1273 3386 1402 3427 cum
1435 3370 1646 3426 Ireticia
1676 3382 1897 3437 magna,

248 3463 310 3513 et
333 3457 638 3530 Agilolfus,
661 3459 756 3530 qui
789 3463 915 3516 erat
944 3464 1229 3530 cognatus
1253 3459 1407 3527 regis
1434 3456 1697 3527 Authari,
1723 3454 1901 3526 coepit

251 3560 495 3616 regnare
529 3545 786 3602 intrante
818 3563 1014 3603 mense
1068 3546 1422 3610 Novembre;
1473 3550 1674 3616 postea
1712 3550 1902 3597 tamen

250 3633 627 3704 congregatis
648 3633 702 3690 in
731 3650 903 3692 unum
929 3635 1322 3705 Longobardis
1341 3635 1492 3705 apud
1520 3632 1902 3689 Mediolanum

250 3721 307 3777 in
334 3734 531 3778 mense
552 3722 715 3789 Maio,
742 3724 1121 3779 conﬁrmatus
1143 3727 1234 3778 est
1258 3723 1311 3777 in
1334 3736 1534 3791 regno.
1570 3721 1752 3791 Igitur
1777 3717 1907 3786 Agi-

252 3808 446 3880 loll‘us,
470 3811 567 3881 qui
590 3816 644 3866 et
689 3812 834 3881 Agio
867 3813 1059 3868 dictus
1084 3816 1196 3881 est,
1232 3811 1572 3867 conﬁrmata
1606 3808 1715 3864 sibi
1748 3804 1907 3874 regia

252 3897 561 3969 dignitate,
610 3900 897 3957 mandavit
962 3900 1267 3969 Agncllum
1328 3899 1660 3971 episcopum
1691 3897 1761 3951 de
1791 3893 1909 3948 Tri-

254 3988 431 4043 dento
453 3986 507 4041 in
536 3989 830 4045 Franciam
856 4005 960 4061 pro
985 3988 1103 4045 illis
1121 3987 1475 4057 hominibus,
1506 3986 1602 4057 qui
1626 3976 1906 4056 captivati

254 4076 488 4133 fuerant
512 4090 541 4130 a
567 4077 800 4134 Francis
823 4079 893 4134 de
914 4077 1176 4134 castellis
1221 4074 1600 4132 Tridentinis.
1640 4073 1746 4139 Qui
1777 4088 1906 4129 cum

253 4164 503 4234 veniret,
528 4164 886 4222 Brunihildis
911 4166 1111 4237 regina
1137 4166 1352 4223 multos
1373 4180 1443 4221 ex
1467 4165 1553 4220 eis
1575 4163 1775 4236 precio
1799 4160 1925 4219 suo

255 4251 503 4311 redemit
532 4254 703 4329 eique
729 4254 1098 4312 reducendos
1131 4253 1312 4309 dedit.

242 4458 247 4463 _
328 4390 428 4446 His
452 4389 658 4447 diebus
681 4389 888 4447 beatus
909 4387 1226 4458 Gregorius
1245 4402 1390 4458 papa
1410 4387 1701 4442 Romanus
1720 4384 1907 4441 Dialo-

256 4494 391 4550 gum
415 4479 675 4552 scripsit,
710 4494 959 4548 eumque
981 4476 1386 4534 Theodelinda
1411 4476 1624 4546 reginae
1655 4490 1759 4546 pro
1790 4490 1907 4529 mu-

259 4582 399 4625 nere
430 4568 609 4640 misit,
635 4568 768 4640 quia
794 4567 1016 4623 sciebat
1045 4580 1170 4622 eam
1200 4579 1332 4622 esse
1363 4562 1905 4621 christianissimam

260 4661 318 4714 et
352 4656 650 4713 timentem
684 4659 881 4713 Deum.
934 4656 1043 4710 Per
1076 4655 1259 4726 ipsam
1288 4654 1503 4726 quippe
1550 4653 1728 4709 multa
1763 4653 1909 4707 bona

260 4747 317 4802 in
348 4745 616 4802 ascclesia
650 4746 750 4801 Dei
793 4745 944 4802 facta
976 4747 1128 4801 sunt.
1189 4745 1325 4799 Nam
1360 4741 1722 4812 Longobardi
1779 4755 1908 4796 cum

261 4835 450 4891 adhuc
475 4834 827 4906 gentilitatis
855 4848 1056 4890 errore
1086 4836 1450 4900 tenerentur,
1502 4846 1680 4902 prope
1711 4842 1911 4885 omnes

262 4924 628 4980 substantias
658 4922 1056 4981 aacelesiarum
1077 4921 1478 4986 abstulerunt;
1511 4919 1611 4975 sed
1643 4919 1754 4974 ista
1779 4933 1912 4988 sup-

184 5048 189 5051 -
264 5011 536 5082 plicando
568 5015 624 5066 et
676 5011 864 5081 ipsum
898 5024 1089 5078 regem
1121 5009 1191 5064 ad
1235 5007 1581 5064 catholicam
1617 5005 1783 5060 ﬁdem
1816 5005 1909 5061 ad~

266 5098 454 5167 duxit,
488 5104 544 5153 et
580 5097 797 5154 multas
853 5098 1261 5169 possessiones
1290 5095 1602 5152 mcclcsiis
1636 5093 1906 5163 contulit,

267 5186 580 5259 episcopos
624 5204 876 5258 quoque,
912 5188 1006 5258 qui
1041 5192 1207 5243 antea
1252 5184 1470 5241 nullum
1507 5184 1784 5238 honorem
1818 5182 1913 5235 ha-

271 5277 502 5332 bebant.
537 5276 607 5333 ad
641 5277 932 5348 prepriam
965 5276 1305 5345 dignitatem
1343 5271 1622 5329 restituit.

344 5411 460 5465 Hoc
502 5414 763 5482 tempore
794 5409 1101 5466 ordinatus
1131 5412 1222 5465 est
1253 5424 1353 5463 rex
1382 5405 1601 5462 Tassilo
1635 5404 1690 5459 in
1724 5405 1917 5459 Bawa-

274 5501 359 5557 ria
386 5501 460 5556 ab
488 5498 815 5557 Hildiberto
868 5513 1003 5571 rege
1032 5500 1404 5565 Francorum,
1464 5493 1782 5564 statimque
1816 5493 1916 5550 ivit

254 5591 403 5649 cum
454 5589 718 5647 exercitu
758 5589 815 5645 in
847 5589 1201 5663 provinciam
1259 5586 1617 5656 Sclavorum,
1651 5586 1708 5638 et
1741 5582 1922 5640 victo-

2005 1858 2415 1910 Guntrammus
2444 1866 2566 1906 rex.

2078 1943 2238 1999 Circa
2264 1941 2387 1997 haec
2412 1945 2675 2010 tempora
2700 1936 3066 1992 destructum
3087 1935 3179 1986 est
3202 1944 3231 1985 a
3257 1923 3656 1996 Longobardis

2005 2031 2419 2089 monasterium
2480 2026 2666 2083 sancti
2731 2021 3022 2079 Benedicti
3058 2021 3112 2075 in
3146 2022 3338 2075 castro
3391 2013 3649 2081 Cassino,

2006 2124 2184 2177 Nocte
2210 2120 2422 2190 quippe
2446 2118 2585 2173 illuc
2604 2114 2990 2181 intraverunt,
3009 2113 3069 2166 et
3091 2108 3281 2165 omnia
3302 2105 3435 2161 inde
3456 2104 3656 2159 abstu-

2006 2211 2218 2277 lerunt,
2255 2207 2356 2264 sed
2402 2207 2565 2276 juxta
2620 2202 2984 2275 prophetiam
3015 2199 3124 2256 viri
3187 2196 3283 2252 Dei
3334 2192 3553 2251 nullum
3584 2204 3657 2246 ex

2008 2299 2303 2356 monachis
2337 2294 2774 2367 apprehendere
2805 2291 3141 2363 potuerunt.
3177 2286 3470 2354 Fugerunt
3502 2295 3658 2335 nam-

2009 2403 2118 2459 que
2151 2392 2210 2443 et
2239 2389 2524 2442 venerunt
2556 2384 2815 2451 Romam,
2851 2380 3155 2451 portantes
3176 2387 3373 2431 secum
3397 2369 3655 2427 codicem

2009 2457 2224 2533 sanctae
2248 2473 2485 2543 regulae,
2512 2487 2681 2542 quam
2707 2470 2855 2525 idem
2882 2469 3087 2523 beatus
3113 2468 3277 2535 pater
3306 2457 3653 2530 composuit,

2008 2572 2065 2621 et
2090 2565 2234 2620 alias
2268 2563 2616 2634 scripturas,
2654 2572 2873 2613 necnon
2899 2561 2957 2611 et
2981 2554 3211 2626 pondus
3237 2550 3401 2622 panis
3423 2550 3479 2603 et
3505 2560 3660 2601 men-

2008 2670 2201 2711 suram
2260 2653 2374 2707 vini
2410 2656 2469 2706 et
2497 2646 2774 2720 quicquid
2823 2644 3031 2701 exinde
3078 2641 3284 2698 tollere
3316 2636 3653 2710 potuerunt.

2010 2745 2145 2799 Post
2174 2744 2404 2797 beatum
2441 2751 2684 2807 namque
2728 2734 3101 2790 Benedictum
3144 2729 3293 2786 rexit
3324 2727 3509 2798 ipsum
3542 2736 3660 2777 mo-

2012 2830 2330 2887 nasterium
2390 2825 2829 2890 Constantinus;
2884 2826 3017 2894 post
3069 2834 3236 2892 quem
3296 2812 3658 2885 Simplicius;

2014 2924 2144 2993 post
2168 2920 2355 2991 ipsum
2378 2916 2620 2979 Vitatis;
2647 2918 2778 2986 post
2803 2912 2954 2968 hunc
2981 2908 3241 2976 Bonitus,
3269 2904 3377 2962 sub
3409 2916 3522 2973 quo
3546 2900 3661 2956 ista

2013 3007 2343 3066 destructio
2379 3006 2525 3061 facta
2554 3008 2669 3059 est.

2085 3099 2183 3154 Iiis
2215 3096 2422 3152 diebus
2468 3094 2602 3149 fecit
2657 3086 3046 3146 Theodelinda
3084 3083 3278 3154 regina
3336 3077 3661 3137 :ecelesiam

1964 3168 1980 3207 λ
2017 3187 2169 3244 beati
2215 3182 2493 3241 Johannis
2542 3179 2812 3251 baptista:
2847 3177 2899 3232 in
2946 3173 3204 3242 Modicia,
3252 3170 3346 3241 qui
3378 3168 3542 3224 locus
3572 3170 3666 3222 12°

2015 3274 2264 3331 miliario
2295 3276 2385 3328 est
2417 3286 2446 3326 a
2482 3268 2834 3334 Mediolano;
2867 3269 2925 3320 et
2955 3260 3254 3319 decoravit
3293 3257 3535 3315 eandem
3557 3269 3667 3313 aec-

2015 3364 2253 3422 cIesiam
2296 3359 2495 3418 multis
2527 3358 2830 3415 ornatibus
2860 3354 2982 3419 auri
3016 3356 3076 3407 et
3135 3349 3382 3420 argenti,
3412 3349 3472 3403 et
3502 3344 3666 3400 dedit

2018 3452 2097 3509 ibi
2120 3451 2333 3508 multas
2384 3447 2806 3521 possessiones.
2840 3444 2900 3499 In
2925 3441 3128 3499 eodem
3160 3439 3287 3495 loco
3322 3435 3454 3492 fecit
3489 3447 3666 3505 quon-

2018 3542 2145 3597 dam
2173 3520 2449 3613 palatium
2499 3534 2892 3592 Theodericus
2918 3546 3016 3587 rex
3037 3524 3378 3596 Gothorum(
3407 3540 3477 3581 co
3511 3520 3662 3594 quod

2018 3631 2248 3688 aestatis
2271 3633 2532 3699 tempore
2550 3625 2714 3681 locus
2736 3624 2858 3695 ipse
2874 3621 3237 3693 temperatus
3260 3619 3346 3672 est
3370 3617 3429 3671 et
3444 3613 3662 3676 bonus;

2019 3725 2112 3776 est
2142 3719 2293 3775 enim
2326 3716 2553 3773 vicinus
2582 3713 2849 3786 Alpibus.

2090 3810 2245 3864 Tunc
2295 3820 2522 3876 qroque
2556 3807 2729 3859 natus
2773 3804 2863 3857 est
2894 3795 3144 3869 Agilolt‘o
3202 3793 3358 3850 ﬁlius
3389 3791 3460 3849 de
3489 3788 3664 3846 Theo-

2022 3896 2252 3952 delinda
2285 3895 2481 3964 regina
2516 3893 2568 3947 in
2614 3891 2829 3964 palatio
2860 3886 3205 3953 Modiciano,
3236 3887 3298 3939 et
3328 3880 3664 3953 baptizatus

2022 3990 2111 4041 est
2163 3985 2259 4055 ibi,
2321 3985 2676 4051 vocatusque
2726 3982 2817 4034 est
2876 3974 3231 4043 Adolandus,
3291 3976 3349 4026 et
3404 3965 3663 4055 suscepit

2023 4088 2152 4130 eum
2185 4053 2254 4128 de
2284 4085 2451 4127 sacro
2508 4070 2662 4124 fonte
2695 4058 3013 4133 Secundus,
3074 4074 3277 4118 servus
3316 4056 3417 4112 Dei
3448 4055 3519 4111 de
3551 4053 3669 4109 Tri-

2022 4163 2214 4220 dento.

2093 4254 2283 4322 Usque
2303 4248 2373 4305 ad
2424 4248 2545 4305 haec
2568 4250 2833 4317 tempora
2858 4240 3097 4298 rebellis
3131 4237 3235 4294 fuit
3272 4230 3668 4303 Longobardis

2022 4341 2320 4397 Patavium
2371 4337 2595 4403 civitas,
2648 4349 2717 4389 eo
2751 4331 2902 4403 quod
2960 4329 3177 4385 milites
3236 4324 3332 4396 qui
3368 4323 3444 4378 ibi
3501 4323 3667 4377 erant

2024 4428 2340 4486 fortissime
2388 4422 2777 4487 resistebant;
2838 4417 2939 4476 sed
2992 4420 3190 4489 postea
3243 4414 3536 4484 jactantes
3588 4408 3665 4465 ibi

1939 4509 1993 4569 D
2026 4519 2213 4589 igne‘n
2248 4514 2636 4571 incendebant
2677 4523 2823 4580 eam,
2857 4512 2914 4563 et
2959 4505 3222 4579 jussione
3252 4501 3407 4573 regis
3439 4496 3668 4568 Agilolﬁ

2025 4585 2226 4662 eversa
2258 4608 2345 4661 est
2378 4616 2563 4672 usque
2597 4600 2667 4655 ad
2725 4603 2977 4661 terram;
3013 4592 3230 4649 milites
3261 4596 3452 4646 tamen
3485 4586 3581 4658 qui
3613 4585 3668 4640 in

2025 4710 2091 4750 ea
2123 4698 2291 4750 erant
2320 4688 2539 4748 dimissi
2575 4692 2709 4745 sunt
2738 4685 2930 4742 redire
2959 4686 3310 4740 Ravennam.

2096 4783 2279 4853 Hujus
2330 4778 2555 4847 Agilolﬁ
2606 4768 2970 4848 temporibus
3020 4772 3227 4827 beatus
3286 4763 3675 4853 Columbanus

2024 4851 2196 4927 venit
2218 4870 2271 4925 in
2306 4868 2551 4938 Italiam,
2597 4871 2653 4921 et
2691 4864 2822 4920 fecit
2876 4858 3288 4918 monasterium
3320 4851 3474 4925 quod
3509 4863 3674 4906 voca-

2028 4968 2123 5017 tur
2154 4958 2393 5014 Robium
2432 4956 2485 5011 in
2518 4953 2810 5009 montibus
2843 4949 3069 5005 Cottiis.

2098 5048 2280 5119 Igitur
2340 5043 2643 5115 Agilolfus,
2706 5039 2799 5109 qui
2834 5041 2887 5092 et
2925 5036 3066 5104 Agin
3122 5032 3317 5087 dictus
3346 5033 3457 5095 est,
3518 5030 3677 5098 post-

2028 5116 2195 5209 quam
2231 5132 2491 5203 regnavit
2539 5129 2704 5185 annis
2733 5132 2822 5195 €20,
2855 5126 3162 5180 defunctus
3190 5122 3299 5187 est,
3336 5116 3674 5186 relinquens

2030 5208 2081 5299 in
2118 5239 2294 5294 regno
2325 5220 2502 5275 ﬁlium
2559 5231 2725 5273 suum
2780 5210 3137 5270 Adolandum
3188 5208 3376 5263 adhuc
3432 5216 3675 5276 puerum

2029 5294 2157 5371 cum
2194 5314 2376 5367 matre
2427 5320 2529 5363 sua
2586 5299 2976 5360 Theodelinda
3057 5297 3165 5363 Qui
3218 5309 3347 5351 cum
3404 5294 3673 5361 regnaret

2033 5403 2229 5459 decem
2262 5397 2447 5466 anuis,
2513 5391 2768 5466 perdidit
2799 5403 3053 5458 sensum,
3086 5390 3144 5442 et
3199 5384 3497 5455 ejecerunt
3552 5392 3683 5447 cum

2035 5491 2104 5547 de
2137 5503 2337 5557 regno,
2372 5464 2439 5541 et.
2484 5464 2541 5538 in
2581 5481 2770 5538 locum
2801 5478 2927 5549 ejus
2982 5475 3415 5532 constituerunt
3465 5464 3687 5524 Arioal-

2038 5579 2171 5635 dum
2205 5555 2512 5649 quendam,
2564 5570 2732 5642 cujus
2762 5565 3064 5641 generatio
3104 5578 3216 5620 non
3244 5568 3335 5617 est
3386 5555 3687 5627 descripta
3752 5584 3753 5587 η
