3992 6062
354 240 472 308 799

1503 229 1987 301 EKKEHARDI
2029 228 2606 301 UHAUGIENSIS.

3657 237 3783 304 800

359 376 470 447 Qui
503 378 810 452 postquam
864 376 1053 436 tenuit
1102 393 1343 450 regnum
1392 391 1495 451 per
1526 391 1707 434 annos
1740 378 1827 447 12,
1861 390 2010 433 mor-
2040 368 2093 432 A
2197 373 2507 448 Aripertus
2562 388 2664 432 rex
2699 376 3009 447 postquam
3046 370 3199 447 apud
3249 370 3504 433 Ticinum
3558 374 3784 448 Longo'

364 472 499 525 tuus
531 472 644 538 est,
677 472 738 524 et
787 482 1026 538 regnum
1073 468 1331 540 suscepit
1378 467 1683 538 Ruothcri,
1718 466 1804 522 vir
1838 465 2008 523 fortis

361 562 423 613 et
451 560 749 627 strenuus,
786 558 886 614 sed
935 559 1175 614 Arriana
1225 557 1464 630 perfidia
1516 555 1862 613 maculatus.
1900 557 2009 611 llu-

359 646 457 717 jus
487 646 851 718 temporibus
879 661 1026 718 pene
1058 662 1160 719 per
1184 662 1384 703 omnes
1405 646 1674 703 civitates
1706 645 2010 716 regniejus

366 734 480 791 duo
509 738 675 792 erant
707 735 988 807 episeOpi,
1053 750 1199 791 unus
1230 734 1575 806 catholicus,
1612 735 1762 790 alter
1820 733 2011 790 Arria-

371 838 496 880 nus.
532 825 632 880 Hic
676 824 952 880 Ruotheri
986 840 1089 880 rex
1128 826 1637 894 Longobardorum
1669 824 1827 894 leges
1858 839 2012 879 eom-

370 914 585 984 posuit,
621 917 676 969 et
708 913 896 984 ipsum
926 914 1184 970 codicem
1219 915 1471 971 edictum
1501 914 1835 986 appellavit.
1874 916 2007 969 Erat

367 1007 556 1057 autem
586 1003 701 1072 jam
750 1009 876 1059 77‘”
930 1019 1114 1060 annus
1147 1020 1217 1059 ex
1274 1020 1386 1073 quo
1446 1003 1810 1071 Longobardi
1844 1019 2011 1059 vene-

366 1094 498 1145 rant
528 1090 583 1145 in
617 1091 859 1147 Italiam.
894 1095 1207 1163 Postquam
1252 1109 1390 1149 vero
1424 1092 1676 1149 sedecim
1710 1108 1890 1147 annos
1923 1108 2011 1148 re-

364 1180 562 1247 gnavit
593 1185 653 1236 et
685 1188 937 1251 quatuor
990 1198 1234 1253 menses,
1281 1186 1547 1240 mortuus
1600 1186 1710 1252 est,
1745 1197 2012 1251 regnum-

365 1281 476 1337 que
507 1268 625 1326 filio
656 1286 762 1327 suo
792 1271 1087 1329 Badoaldo
1130 1272 1370 1339 dimisit,
1425 1273 1548 1344 ipse
1596 1275 1786 1328 autem
1818 1271 2010 1342 sepul-

367 1362 461 1413 tus
493 1363 581 1413 est
611 1360 773 1427 juxta
832 1360 1150 1417 {ecclesiam
1206 1362 1358 1417 hi3”
1391 1361 1665 1417 Johannis
1716 1361 2005 1431 baptista).

362 1445 500 1501 Post
531 1447 765 1517 aliquod
822 1455 1047 1521 tempus
1080 1450 1311 1520 quidam
1370 1453 1539 1506 homo
1601 1466 1703 1521 pro
1762 1449 2008 1517 maligna

360 1535 683 1605 cupiditate
715 1539 946 1609 aperuit
978 1539 1349 1610 sepulchrum
1401 1540 1526 1609 ejus
1558 1544 1747 1605 nocte,
1781 1544 1839 1593 et
1874 1538 2006 1594 tulit

362 1622 551 1678 omnia
582 1632 920 1681 ornamenta
956 1628 1221 1697 corporis
1267 1627 1443 1683 illius.
1500 1627 1781 1698 Apparuit
1813 1628 2005 1683 autem

2125 465 2339 521 bardos
2372 467 2606 520 rexerat
2640 478 2741 537 per
2771 478 2952 519 annos
2980 467 3032 534 9,
3084 467 3352 521 mortuus
3410 470 3521 537 est,
3554 470 3612 523 et
3644 467 3783 524 reli-

2123 554 2247 626 quit
2269 570 2508 624 regnum
2564 555 2749 626 ipsum
2775 554 3005 610 duobus
3028 552 3166 610 ﬁliis
3195 553 3356 609 suis:
3387 557 3650 613 Perbtari
3683 556 3780 592 ¹⁰³⁶

2120 649 2176 700 et
2202 646 2550 714 Goteperto;
2582 645 2638 699 et
2672 644 3025 715 Gotepertus
3050 641 3139 676 1°37
3172 643 3415 700 sedebat
3448 645 3504 700 in
3554 646 3773 716 Ticino,

2120 734 2386 789 Pcrhtari
2421 733 2477 788 in
2522 732 2861 789 Mediolano.
2915 732 3172 802 Denique
3232 734 3582 792 facientibus
3615 738 3778 794 mali-

2120 821 2248 890 gnis
2282 822 2631 890 hominibus,
2679 821 2934 877 surrexit
2965 820 3159 877 odium
3192 826 3251 876 et
3293 822 3586 881 discordia
3618 824 3775 883 inter

2121 911 2322 967 ambos
2354 913 2586 981 fratres,
2614 912 2668 965 in
2704 915 2937 989 tantum~
2962 914 3021 966 ut
3046 911 3197 967 alter
3221 912 3291 967 ab
3315 912 3503 970 altero
3528 929 3773 983 regnum

2121 1000 2327 1056 tollere
2352 1004 2703 1056 decertaret.
2722 1002 2832 1055 Pro
2854 1001 2958 1056 hac
2984 1015 3158 1056 causa
3181 1001 3532 1073 Cotepcrtus
3555 1004 3773 1060 direxit

2122 1089 2492 1145 (Iaribaldum
2542 1089 2748 1145 ducem
2806 1089 3219 1145 Taurincnsem
3254 1091 3323 1146 ad
3382 1092 3774 1150 Grimoaldum

2121 1179 2325 1234 ducem
2350 1181 2838 1248 Beneventanum,
2866 1184 2927 1235 ut
2968 1179 3193 1235 veniret
3217 1187 3274 1235 et
3304 1181 3609 1251 adjuvaret
3641 1198 3771 1239 eum

2118 1272 2321 1324 contra
2360 1269 2596 1323 fratrem
2650 1282 2839 1336 suum,
2875 1267 3224 1338 promittens
3254 1268 3304 1323 ci
3338 1269 3476 1324 dare
3508 1286 3771 1327 sororem

2120 1373 2283 1412 suam
2318 1372 2571 1425 uxorem,
2626 1358 2670 1413 si
2704 1373 2832 1413 eum
2868 1357 3193 1427 adjuvaret.
3250 1358 3598 1415 ϐῖιυέὺειιάειδ
3634 1376 3771 1416 vero

2122 1446 2252 1501 fecit
2282 1447 2541 1502 fraudem
2573 1451 2774 1501 contra
2801 1446 3094 1502 (luminum
3119 1462 3307 1515 suum,
3345 1447 3626 1518 deditque
3651 1450 3774 1505 Gri-

2121 1534 2348 1591 moaldo
2374 1534 2463 1567 “’38
2494 1536 2822 1603 eonsiiium,
2852 1540 2912 1591 ut
2943 1535 3174 1591 veniret
3197 1538 3251 1590 et
3279 1551 3517 1604 regnum
3553 1538 3775 1607 Longo-

2123 1625 2456 1695 bardorum,
2485 1625 2636 1694 quod
2663 1623 2829 1680 ambo
2854 1624 3084 1694 fratres,
3123 1624 3401 1695 quierant
3432 1626 3775 1684 adolescen-

362 1709 411 1763 ei
448 1726 551 1780 per
580 1712 860 1769 visionem
921 1716 1127 1771 beatus
1171 1716 1479 1785 .lohanncs,
1540 1716 1782 1771 dicens?
1814 1716 2009 1781 Quare
2037 1733 2090 1794 Β
2117 1720 2232 1783 tes,
2258 1713 2641 1786 dissipabant,
2668 1713 3155 1787 apprchendcret,
3178 1718 3379 1785 utpote
3400 1715 3496 1784 qui
3518 1715 3772 1772 habebat

363 1813 548 1857 ausus
574 1816 634 1858 es
665 1802 907 1874 {angere
944 1818 1152 1875 corpus
1180 1805 1438 1861 luminis
1467 1805 1681 1862 istius?
1725 1805 2008 1870 Quamvis

360 1902 479 1945 non
507 1892 662 1947 recte
681 1893 1023 1964 crcdidcrii,
1057 1895 1251 1951 tamen
1274 1909 1335 1952 sc
1352 1895 1537 1951 michi
1559 1895 2002 1952 commendavit.

368 1976 520 2041 Quia
532 1980 720 2051 igitur
733 1980 1434 2055 lwcfaccreprccsampsis
1442 1985 1506 2053 ti,
1532 1998 1840 2054 umquam
1853 1997 2007 2039 amo-

364 2065 576 2123 doeam
596 2070 917 2128 ecclesiam
940 2072 1219 2129 intrabis.
1238 2072 1399 2138 Quod
1421 2078 1477 2128 et
1508 2073 1719 2129 factum
1741 2076 1849 2128 est.
1868 2074 2004 2128 Nam

364 2156 631 2225 quotiens
660 2159 899 2215 eandem
931 2160 1255 2217 {ecclesiam
1296 2152 1515 2217 intrare
1546 2160 1752 2232 voluit,
1787 2162 2002 2231 subito,

364 2244 529 2315 quasi
563 2245 775 2317 aliquis
826 2264 953 2306 cum
1013 2264 1219 2319 magno
1273 2249 1515 2306 cultello
1574 2249 1753 2307 vellet
1784 2266 1912 2306 eum
1949 2250 2004 2305 in

360 2336 567 2402 guttur
600 2335 796 2405 ferire,
851 2341 1013 2393 retro
1042 2338 1276 2395 cecidit.
1313 2339 1640 2403 Radoaldus
1673 2339 1852 2409 igitur
1877 2344 2003 2411 post

362 2426 602 2478 mortem
659 2424 842 2494 patris
897 2426 1189 2499 accipiens
1250 2442 1511 2497 regnum,
1571 2427 1705 2484 tullt
1766 2443 2004 2485 uxorem

365 2510 761 2584 Guntbirgam,
814 2514 985 2571 filiam
1046 2516 1272 2585 Agilolli
1320 2520 1379 2571 et
1431 2516 1853 2573 Thcodelindze.
1891 2519 2004 2573 lsta

364 2598 647 2671 Guntbirg
680 2602 815 2659 fecit
848 2604 1172 2660 mealesiam
1206 2606 1391 2661 sancti
1421 2606 1700 2661 Johannis
1731 2607 2006 2677 baptistze

365 2686 420 2743 in
448 2688 730 2746 Ticinensi
771 2692 1032 2763 civitate,
1066 2694 1221 2749 sicut
1249 2699 1457 2749 matcr-
1482 2693 1608 2763 ejus
1644 2694 1779 2749 fecit
1810 2695 1865 2749 in
1898 2697 2008 2751 Mo-

361 2775 533 2848 dieia,
558 2782 615 2834 et
640 2778 939 2837 decoravit
961 2796 1086 2837 eam
1115 2782 1422 2838 ornatibus
1449 2788 1506 2838 et
1540 2782 1744 2838 ditavit
1771 2782 2002 2854 opibus,

361 2863 416 2919 in
451 2880 559 2936 qua
584 2872 644 2923 et
675 2868 801 2940 ipsa
825 2870 1055 2941 sepulta
1087 2875 1197 2927 est.
1224 2873 1357 2927 Haec
1387 2870 1519 2925 dum
1553 2876 1823 2928 accusata
1849 2876 2005 2927 esset

360 2956 510 3026 apud
537 2957 805 3014 maritum
828 2975 1016 3030 suum,
1037 2960 1191 3031 quod
1215 2960 1609 3017 commisisset
1629 2960 2003 3032 adulterium,

361 3043 643 3117 Carcllus,
661 3062 867 3104 servus
891 3047 1038 3117 ejus,
1065 3049 1272 3119 petivit
1294 3064 1321 3105 a
1348 3064 1506 3120 rege,
1525 3054 1588 3105 ut
1612 3049 1681 3105 ad
1715 3049 2006 3119 singulare

356 3140 653 3191 certamen
678 3152 937 3208 pugnare
952 3137 1062 3194 sibi
1088 3137 1295 3194 liceret
1317 3154 1446 3195 cum
1472 3138 1574 3193 illo
1598 3138 1695 3208 qui
1717 3139 2006 3195 dominam

360 3237 523 3278 suam
572 3223 907 3294 infamavit;
959 3241 1339 3297 pugnansque
1391 3225 1483 3259 ¹⁰³³
1514 3243 1642 3282 eum
1694 3242 1762 3282 eo
1811 3241 2007 3283 coram

359 3311 513 3373 omni
548 3313 780 3384 pepulo,
813 3328 943 3369 eum
977 3315 1323 3386 prostravit,
1352 3315 1555 3387 sicque
1577 3315 1776 3383 regina
1810 3315 2009 3387 pristi-

358 3412 492 3455 num
521 3401 797 3457 honorem
821 3403 1209 3474 recuperavit.
1230 3404 1349 3459 Rex
1372 3418 1508 3461 vero
1532 3403 1865 3460 Hadoaldus
1896 3402 2003 3474 “’3‘,

359 3490 423 3543 ut
445 3486 668 3561 dicunt,
704 3506 832 3547 cum
861 3491 1249 3548 adulterasset
1277 3507 1515 3548 uxorem
1542 3492 1843 3563 cujusdam
1870 3493 2007 3548 Lan-

356 3576 621 3648 gobardi,
667 3580 738 3634 ab
769 3594 837 3636 eo
886 3581 1117 3636 occisus
1146 3585 1260 3651 est,
1318 3596 1445 3639 eum
1468 3596 1584 3649 jam
1617 3596 1720 3653 per
1751 3581 2006 3653 quinque

358 3676 542 3721 annos
568 3670 627 3721 et
659 3672 882 3738 septem
918 3667 1044 3725 dies
1076 3672 1400 3739 regnasset.
1434 3669 1535 3726 Cui
1561 3669 1847 3725 successit
1882 3670 2006 3725 Ari-

359 3759 585 3827 pertus,
613 3756 768 3813 filius
792 3758 1135 3829 Gundoaldi,
1154 3759 1249 3830 qui
1278 3760 1381 3815 fuit
1405 3761 1585 3815 frater
1598 3759 2003 3816 Theodelindze

360 3844 592 3912 regina).
628 3844 729 3902 Hie
759 3847 894 3903 fecit
925 3846 1250 3904 aacclcsiam
1285 3847 1339 3903 in
1373 3848 1591 3905 honore
1627 3848 1841 3904 domini
1886 3848 2005 3905 Sal-

355 3932 576 3990 vatoris
608 3934 663 3990 in
687 3935 900 4006 Ticino,
926 3940 982 3991 et
1011 3936 1307 3993 decoravit
1337 3951 1461 3993 eam
1504 3937 1681 3994 variis
1703 3952 2004 3994 ornamen-

362 4020 437 4077 tis
467 4021 792 4093 ditavitque
824 4024 1189 4082 substantiis.

427 4109 612 4179 Igitur
661 4112 970 4169 Mauricius
1002 4112 1322 4184 imperator
1370 4118 1674 4184 postquam
1738 4114 2000 4184 regnavit

362 4198 528 4254 annis
559 4202 618 4254 21
675 4216 803 4257 cum
854 4201 990 4256 filiis
1021 4201 1146 4257 suis
1202 4201 1525 4258 Theodosio
1554 4208 1612 4258 et
1668 4203 1911 4272 Tyberio
1942 4206 2001 4258 et

361 4286 759 4357 Constantino,
807 4289 1019 4346 occidit
1070 4289 1199 4345 illos
1254 4291 1454 4360 Focas,
1488 4291 1582 4360 qui
1614 4290 1725 4346 fuit
1780 4294 1999 4348 strator

357 4374 539 4432 Prisci
575 4375 826 4446 patricii,
856 4381 913 4433 et
948 4376 1070 4448 ipse
1102 4379 1385 4448 regnavit.
1422 4379 1528 4445 Qui
1571 4384 1879 4451 postquam
1913 4397 1999 4437 re-

355 4462 552 4532 gnavit
584 4464 749 4522 annis
774 4470 826 4535 8,
854 4465 1173 4537 Hcraelius,
1207 4468 1305 4538 qui
1338 4449 1584 4538 regebat
1612 4449 1883 4537 Africam,
1909 4484 1997 4527 se-
2029 4449 2079 4509 D

360 4550 602 4608 bellavit
622 4553 697 4623 ei,
728 4558 788 4609 et
810 4554 1049 4611 veniens
1071 4570 1200 4612 eum
1224 4556 1505 4625 exercitu,
1527 4557 1742 4613 occidit
1762 4575 1909 4629 eum,
1936 4564 1993 4616 et

358 4640 620 4710 suscepit
642 4640 965 4713 imperium.
984 4643 1107 4709 Quo
1144 4648 1274 4714 post
1294 4648 1363 4700 27
1385 4644 1666 4702 annos‘m
1698 4647 1991 4718 defuncto,

327 4726 515 4785 Jilius
550 4728 677 4798 ejus
738 4731 1153 4788 Constantinus
1199 4732 1462 4804 suscepit
1516 4733 1858 4806 imperium;
1894 4736 1995 4793 sed

351 4819 486 4889 pest
521 4821 770 4887 quatuor
812 4833 1041 4875 menses
1088 4834 1193 4891 per
1218 4836 1500 4879 venenum
1545 4824 1857 4896 exstincto,
1893 4828 1997 4881 He-

354 4904 679 4969 racleonas,
714 4908 894 4964 frater
926 4907 1076 4977 ejus,
1104 4924 1234 4965 eum
1266 4916 1449 4966 matre
1480 4912 1719 4968 Martina
1752 4928 1991 4982 regnum

356 4990 715 5050 invaserunt.
751 4994 973 5060 Quibus
1021 5010 1152 5052 mox
1185 4996 1447 5069 dejectis,
1503 5000 1808 5071 Constans,
1843 5002 1995 5059 filius

357 5077 742 5153 Constantini,
774 5083 1039 5154 regnavit
1067 5084 1232 5142 annis
1263 5090 1348 5142 28.

2038 3095 2087 3158 C

2113 1803 2231 1873 jam
2275 1806 2558 1858 maturam
2613 1807 2867 1871 aitatem,
2903 1806 2957 1857 et
3016 1807 3141 1859 erat
3195 1803 3441 1859 consilio
3494 1803 3681 1859 bonus
3712 1813 3768 1861 et

2122 1892 2289 1950 fortis
2320 1892 2372 1947 in
2407 1893 2645 1948 virtute.
2693 1891 2950 1948 Audiens
2981 1891 3103 1948 haec
3150 1891 3533 1962 Crimoaldus,
3569 1893 3767 1949 statim

2118 1982 2367 2039 elevavit
2420 1980 2670 2038 animum
2731 1996 2898 2037 suum
2942 1979 3013 2035 aui
3072 1980 3471 2051 accipiendum
3529 1997 3766 2050 regnum

2119 2070 2649 2141 Longobardorum.
2686 2074 2741 2124 et
2785 2069 3063 2126 ordinans
3093 2068 3272 2125 lilium
3305 2084 3471 2126 suum
3508 2071 3771 2126 llomoal-

2120 2161 2251 2217 dum
2287 2160 2491 2215 ducem
2526 2159 2577 2214 in
2612 2159 2963 2227 Benevento,
2996 2158 3123 2229 ipse
3146 2174 3273 2215 eum
3297 2158 3482 2216 electa
3510 2159 3770 2216 multitu-

2119 2250 2250 2305 dine
2272 2248 2531 2305 virorum
2556 2246 2943 2319 apprehendit
2976 2247 3127 2304 viam
3161 2251 3365 2304 contra
3397 2248 3676 2319 Ticinum,
3710 2254 3767 2306 et

2120 2354 2222 2409 per
2256 2352 2453 2395 omnes
2496 2336 2766 2394 civitates
2799 2336 2975 2407 misit,
3009 2340 3068 2391 et
3102 2336 3347 2393 faciebat
3384 2337 3489 2392 sibi
3526 2337 3764 2407 amicos,

2121 2430 2179 2483 ut
2212 2441 2451 2495 regnum
2484 2426 2747 2497 accipere
2774 2429 3003 2496 posset;
3027 2425 3477 2480 Trascmuudum
3514 2441 3651 2481 vero
3670 2428 3771 2481 Ca-

2120 2529 2366 2587 puanum
2418 2514 2688 2570 comitem
2723 2513 2878 2569 misit
2912 2529 3009 2584 per
3040 2512 3362 2569 i'olentiam
3395 2518 3451 2569 et
3482 2515 3763 2585 Tusciam,

2121 2609 2177 2662 ut
2203 2619 2403 2661 omnes
2427 2602 2841 2673 Longobardos
2875 2602 2946 2658 de
2980 2602 3247 2675 partibus
3282 2602 3397 2658 illis
3428 2604 3479 2657 in
3513 2604 3642 2672 ejus
3674 2604 3770 2660 ad-

2111 2692 2501 2763 jutoriummg
2524 2692 2819 2748 invitaret.
2848 2691 3013 2758 Quod
3040 2696 3097 2747 et
3132 2690 3289 2761 fecit,
3316 2696 3374 2747 et
3405 2707 3533 2747 cum
3562 2705 3770 2760 magno

2118 2782 2407 2851 adjutorio
2432 2781 2584 2854 apud
2617 2780 2900 2836 rEmiliam
2934 2781 2986 2836 ei
3033 2779 3310 2837 occurrit.
3346 2780 3527 2848 Igitur
3551 2779 3771 2835 Grimo-

2117 2871 2286 2928 aldus
2316 2886 2443 2927 cum
2495 2870 2753 2927 venisset
2784 2870 3159 2940 Placentiam,
3206 2868 3362 2925 misit
3394 2868 3765 2925 Caribaldum

2117 2968 2250 3016 ante
2274 2976 2354 3030 se,
2386 2965 2446 3016 ut
2472 2961 2788 3030 Goteperto
2808 2957 2897 2992 “"0
2922 2958 3227 3015 nunciaret
3247 2958 3318 3013 de
3340 2958 3466 3027 ejus
3488 2958 3763 3014 adventu.

2120 3049 2375 3105 Audiens
2417 3050 2521 3105 hoc
2548 3049 2917 3118 Gotepertus,
2956 3047 3205 3118 quesivit
3247 3047 3552 3104 consilium
3577 3049 3648 3101 ab
3668 3062 3766 3102 eo-

2118 3138 2243 3194 dem
2279 3136 2589 3194 (laribaldo
2640 3134 2727 3169 1°“
2763 3136 2815 3190 in
2851 3151 2964 3208 quo
3014 3136 3144 3192 loco
3198 3139 3538 3208 prepararet
3573 3137 3767 3206 hospi-

2115 3227 2266 3282 cium
2291 3224 2638 3282 Crimoaldo.
2669 3226 2741 3279 At
2773 3223 2870 3280 ille
2905 3223 3229 3295 respondit,
3266 3224 3501 3294 dignum
3526 3240 3674 3294 esse,
3703 3231 3770 3279 ut

2116 3315 2507 3383 Grimoaldus,
2572 3314 2665 3384 qui
2699 3327 2874 3369 causa
2926 3312 3084 3370 illius
3115 3319 3356 3369 venerat
3388 3319 3450 3368 et
3506 3328 3766 3369 sororem

2115 3401 2241 3471 ejus
2272 3401 2536 3472 accipere
2568 3400 2837 3471 debebat,
2871 3400 3193 3471 bospicium
3226 3400 3466 3456 haberet
3489 3401 3640 3456 intra
3675 3416 3772 3471 pa-

2116 3491 2340 3546 latium.
2374 3489 2536 3557 Quod
2568 3490 2647 3545 ita
2694 3490 2907 3545 factum
2939 3493 3050 3545 est.
3104 3488 3410 3546 Predietus
3438 3504 3577 3560 ergo
3611 3490 3771 3544 Gai-i-

2115 3578 2342 3649 baldus,
2380 3576 2698 3634 seminator
2740 3576 3008 3646 :naliciae,
3041 3576 3183 3632 dixit
3236 3577 3306 3632 ad
3341 3579 3712 3650 Cotepertum
3749 3598 3763 3633 :

2119 3667 2364 3735 Quando
2381 3668 2618 3724 veneris
2637 3680 2767 3724 cum
2792 3666 3137 3724 Grimoaldo
3157 3666 3240 3723 ad
3256 3667 3634 3738 colloquium,
3661 3667 3767 3723 lia-

2113 3756 2235 3814 ὒθιο
2257 3756 2506 3815 loricam
2526 3755 2735 3814 subtus
2762 3755 3189 3826 vestimentum,
3213 3757 3361 3827 quia
3384 3758 3511 3828 ipse
3532 3757 3587 3813 te
3615 3757 3763 3814 occi-

2110 3848 2249 3903 dere
2268 3847 2485 3917 quarm
2519 3844 2737 3901 Deinde
2771 3844 2917 3899 dixit
2950 3844 3151 3899 eadem
3179 3845 3351 3900 verba
3387 3845 3456 3900 ad
3488 3844 3766 3901 Grimoal-

2112 3936 2265 3992 dum.
2296 3936 2552 4006 Cumque
2568 3934 2660 3990 die
2685 3935 2872 3989 altera
2889 3933 3185 3991 venissent
3203 3935 3274 3990 ad
3288 3934 3761 4005 colloquendum,

2110 4025 2315 4081 videns
2346 4022 2734 4092 Grimoaldus,
2788 4022 2943 4092 quod
2993 4023 3344 4094 Gotepcrtus
3397 4022 3574 4080 lorica
3604 4028 3761 4079 essist

2112 4113 2367 4183 indutus,
2393 4112 2701 4182 evaginato
2719 4110 2916 4181 gladio
2947 4110 3243 4167 interfecit
3273 4127 3422 4181 eum,
3457 4117 3517 4168 et
3548 4112 3765 4169 invasit

2110 4217 2349 4272 regnum
2378 4200 2523 4271 ejus.
2546 4200 2806 4256 Habebat
2829 4204 3024 4255 autem
3056 4200 3408 4272 Gotepertus
3436 4201 3612 4257 lilium
3632 4215 3763 4272 par-

2111 4290 2304 4347 vulum
2338 4289 2563 4346 nomine
2584 4290 3021 4360 Reginpertum,
3049 4304 3215 4359 quem
3239 4289 3532 4361 rapientes
3556 4290 3759 4346 ﬁdeles

2109 4381 2235 4451 ejus
2256 4379 2585 4436 nutrierunt
2612 4378 2861 4434 occulte.
2883 4379 2989 4434 Sed
3016 4393 3120 4435 nec
3143 4379 3369 4436 curavit
3390 4379 3758 4434 Griinoahlus

2109 4484 2238 4525 eum
2271 4467 2566 4540 persequi,
2620 4466 2752 4537 quia
2787 4482 2931 4538 puer
2963 4468 3152 4523 adhuc
3197 4472 3345 4525 erat.
3382 4467 3637 4524 Audiens
3670 4484 3763 4524 au-

2108 4562 2225 4614 tem
2250 4556 2534 4626 Perhtari,
2564 4555 2659 4626 qui
2683 4554 2835 4626 apud
2863 4554 3242 4612 Mediolanum
3276 4557 3579 4624 regnabat,
3609 4556 3761 4627 quod

2110 4645 2430 4715 fratcrejus
2455 4648 2720 4699 mortuus
2737 4644 2966 4713 fuisset,
2986 4649 3200 4715 quanta
3215 4644 3530 4701 velocitate
3547 4645 3754 4716 potuit,

2108 4734 2274 4804 fugit,
2299 4737 2357 4789 et
2391 4732 2461 4788 ad
2494 4733 2779 4788 Cacanum
2810 4747 3004 4802 regem
3040 4736 3288 4789 Avarum
3315 4733 3480 4789 abiit.
3508 4735 3756 4789 Uxorem

2106 4839 2242 4879 vero
2274 4822 2432 4879 illius
2478 4821 2706 4878 nomine
2730 4820 3107 4878 Rodelindam
3140 4826 3200 4877 et
3236 4821 3536 4894 parvulum
3576 4822 3753 4878 lilium

2106 4913 2337 4969 nomine
2370 4910 2789 4969 Chunibertum
2812 4909 2901 4943 1°"
2939 4910 3271 4966 transmisit
3298 4910 3668 4968 Grimoaldus
3702 4912 3754 4967 in

2105 5005 2515 5059 Beneventum.
2549 5001 2685 5056 Post
2721 5000 2845 5057 haec
2871 4999 3157 5070 malignus
3180 4999 3349 5056 homo
3380 4999 3752 5072 Garibaldus,

2102 5091 2270 5163 cujus
2293 5089 2535 5148 consilio
2558 5088 2680 5145 haec
2705 5089 2894 5145 omnia
2918 5088 3062 5144 facta
3102 5090 3259 5159 sunt,
3306 5103 3418 5145 non
3446 5087 3543 5145 diu
3576 5103 3757 5161 super

1704 5253 1938 5312 VARRE
1979 5256 2274 5313 LECTION
2279 5256 2377 5312 ES.

422 5382 512 5467 ξ⁰⁵³
516 5383 751 5456 folium
795 5387 960 5447 deest
978 5388 1045 5446 in
1073 5391 1193 5448 cod.
1248 5396 1294 5447 1.
1384 5391 1435 5424 ¹⁰²

348 5453 643 5518 deinceps.
735 5456 828 5492 1°"
854 5462 1197 5518 aotebertus
1246 5466 1328 5517 θα.
1371 5468 1435 5518 10

350 5472 643 5564 πξξπθερξ.
735 5472 824 5492 ινοι
854 5472 1197 5563 gOtebertus
1246 5472 1328 5517 96.
1371 5472 1459 5518 10.
1511 5472 1687 5535 godet

466 5540 524 5583 a.
563 5542 692 5597 ejus
723 5531 779 5583 5.
820 5528 863 5563 ¹⁰
889 5529 911 5562 ⁰
938 5535 1229 5600 gotebert.
1253 5535 1392 5604 jam
1420 5536 1603 5593 etiam
1631 5542 1687 5592 ὅ.

1384 5389 1475 5481 ξξυ
1532 5393 1845 5481 ι’ῠᾳοριιιμε
2058 5396 2345 5481 1f""",a.nnis
2408 5401 2458 5452 5.
2512 5394 2640 5481 “‘3.”
2673 5395 2934 5481 perthari
2966 5398 3056 5481 ,4.
3182 5399 3403 5481 901κ1οΑ.
3446 5399 3499 5453 il
3574 5395 3633 5452 et
3664 5395 3754 5450 ita

1511 5466 1868 5535 godebertus
1915 5471 1971 5522 4.
2034 5469 2093 5525 et
2120 5468 2417 5540 deinceps.
2511 5466 2604 5500 ι⁰³⁸
2631 5466 2918 5535 grimaldo

1511 5549 1603 5593 am
1631 5542 1687 5592 ὅ.
1777 5537 1866 5573 ιοίί
1889 5539 2191 5607 geribaldo
2216 5543 2278 5594 9°
2361 5537 2451 5572 ι⁰⁶²
2482 5536 2849 5595 cunibertum
2883 5544 2942 5597 5.

2511 5465 2604 5500 ¹⁰³⁸
2631 5465 2918 5535 grimaldo
2958 5470 3013 5524 4.
3048 5467 3336 5537 grimoldo
3367 5472 3453 5523 9°.
3488 5478 3719 5537 semper
