3992 6034
182 191 287 254 801

1051 190 1488 258 CHRONICA.
1520 230 1600 241 -
1629 188 2107 258 CHRONICON
2156 183 2707 256 UNIVERSALE.

3459 196 3577 258 802

181 329 268 386 his
287 328 596 399 gaudebat.
618 329 755 386 Erat
780 329 933 386 enim
962 328 1017 386 in
1050 330 1287 387 civitate
1326 331 1682 389 Taurmense
1699 344 1827 401 par-
1858 330 1909 389 A
1936 328 2312 399 concurrunt,
2337 329 2858 400 etpropter'eumt’e
2888 328 3057 400 forte
3103 331 3381 401 occidere,
3410 323 3596 389 habe'

181 433 285 476 vus
318 417 548 489 quidam
583 418 988 491 homunculus,
1022 424 1195 475 natus
1233 420 1302 475 de
1361 420 1593 491 propria
1652 425 1825 488 gente

182 506 653 578 Goteperti.lste
684 522 813 564 cum
833 507 1036 577 sciret,
1098 507 1250 577 quod
1314 505 1659 562 Garibaldus
1698 506 1825 576 ipso

183 597 584 653 sacratissimo
610 597 703 653 die
735 596 995 668 paschali
1028 601 1313 652 venturus
1332 600 1490 652 esset
1521 595 1588 650 ad
1616 594 1829 650 oratio-

184 699 309 740 nem
341 685 394 740 in
430 685 695 742 :ecclesia
730 685 884 741 beati
919 684 1197 741 Johannis
1231 684 1501 755 baptista)
1555 683 1718 753 abiit,
1769 688 1829 738 et

184 774 441 829 ascendit
481 788 661 844 super
680 775 895 829 fontem
933 787 1163 828 sacrum
1211 771 1557 843 baptisterii,
1607 776 1663 826 ct
1698 785 1827 826 cum

186 861 414 917 sinistra
442 863 821 918 manutenuit
847 876 910 918 se
940 861 1011 917 ad
1040 875 1207 917 unam
1249 860 1681 930 columncllam,
1732 858 1827 914 ubi

186 950 528 1007 Garibaldus
565 952 820 1007 transire
849 951 1153 1021 debuerat,
1216 965 1344 1005 cum
1396 950 1636 1005 dextera
1692 963 1830 1003 vero

186 1040 549 1109 evaginatum
585 1038 841 1109 gladium
868 1040 976 1095 sub
1000 1038 1348 1094 vestimento
1389 1038 1641 1108 tegebat.
1667 1036 1831 1092 Cum-

188 1144 296 1199 que
331 1143 509 1201 prepe
524 1127 1020 1185 eumGaribaldus
1038 1128 1317 1199 venisset,
1342 1126 1439 1182 ille
1471 1125 1561 1159 ¹⁰⁴³
1592 1126 1833 1182 homun-

188 1217 298 1283 cio,
332 1218 638 1288 evaginato
666 1217 883 1287 gladio,
909 1231 1040 1273 cum
1075 1220 1197 1273 tota
1228 1216 1448 1273 virtute
1484 1229 1595 1287 qua
1637 1216 1829 1287 potuit

108 1338 117 1343 ι
189 1306 476 1378 percussit
508 1320 639 1362 eum
664 1305 718 1360 in
733 1306 1108 1375 cervicem,et
1133 1303 1649 1377 amputavitcaput
1680 1304 1827 1374 ejus.

190 1395 459 1453 Homines
494 1400 684 1452 autem
712 1396 970 1467 ejusdem
1002 1394 1305 1451 Garibaldi
1338 1393 1551 1451 multas
1597 1394 1680 1449 illi
1716 1394 1834 1466 pla-

188 1497 290 1553 gas
323 1482 623 1553 facientes,
680 1481 749 1538 ad
812 1482 1077 1539 ultimum
1129 1481 1470 1539 occiderunt
1520 1496 1669 1537 cum.
1724 1480 1831 1547 Qui

192 1572 454 1642 quamvis
475 1572 559 1628 sic
583 1572 824 1644 punitus
858 1576 1125 1627 mortuus
1177 1570 1407 1641 fuisset,
1442 1574 1629 1626 tamen
1688 1570 1835 1640 inju-

1941 418 2104 475 bunl.
2126 420 2224 475 llis
2250 419 2448 474 verbis
2472 417 2838 474 Grimoaldus
2870 419 3163 489 credulus,
3226 420 3446 477 oblitus
3493 426 3585 477 est

1942 507 2544 579 quodillijuravit,et
2594 507 2846 578 qualiter
2898 507 3059 565 illum
3108 508 3405 565 occideret
3453 525 3584 566 cum

1940 597 2063 653 suis
2094 598 2392 653 tractavit.
2430 596 2683 667 Denique
2715 612 2822 668 per
2847 597 3154 653 consilium
3208 597 3361 653 misit
3391 597 3443 653 ei
3513 598 3583 655 ad

1938 700 2159 741 cmnam
2187 685 2451 741 diversos
2470 684 2635 741 cibo:
2659 690 2719 740 et
2741 686 3022 757 Optimum
3055 700 3277 742 merum
3301 700 3365 742 ac
3397 686 3584 742 diver-

1941 790 2034 831 sas
2064 774 2358 845 potiones,
2392 779 2456 830 ut
2488 788 2616 831 cum
2646 788 2749 846 per
2770 780 2995 831 noctem
3030 776 3190 846 quasi
3218 774 3586 845 mortuusja-

1941 869 2124 929 ceret,
2147 862 2335 921 levius
2356 864 2541 920 occidi
2585 869 2801 936 posset.
2838 864 2947 920 Sed
2982 879 3109 920 cum
3129 864 3198 920 ad
3236 878 3459 921 coenam
3497 878 3587 921 se-

1941 951 2331 1022 disset,venit
2355 951 2425 1008 ad
2462 966 2591 1009 eum
2625 967 2766 1008 suus
2795 952 3083 1023 quondam
3110 952 3390 1021 serviens,
3451 952 3586 1007 affe-

1941 1057 2076 1097 rena
2113 1041 2163 1095 ei
2189 1042 2382 1098 cibum
2434 1056 2600 1113 quem
2636 1041 2791 1097 misit
2838 1041 2889 1096 ei
2925 1055 3046 1110 rex,
3077 1044 3135 1096 et
3194 1055 3325 1097 cum
3362 1040 3586 1112 posuis-

1942 1136 2032 1187 set
2057 1147 2187 1186 eum
2214 1144 2392 1202 super
2411 1145 2688 1199 mensam,
2729 1129 2896 1184 ﬁnxit
2919 1144 2981 1184 se
3012 1128 3272 1185 salutare
3295 1127 3583 1195 Perhtari,

1943 1224 2001 1275 et
2040 1221 2277 1275 mittens
2306 1220 2614 1287 caputsub
2658 1233 2934 1287 mensam,
2981 1217 3129 1274 clam
3187 1216 3485 1274 nunciavit
3533 1217 3583 1273 ei

1944 1308 2248 1364 consilium
2274 1306 2612 1365 Grimoaldi.
2646 1307 2751 1376 Qui
2782 1307 2981 1363 statim
3002 1307 3234 1363 vocavit
3256 1307 3326 1363 ad
3376 1320 3438 1363 se
3470 1306 3584 1378 pin-

1944 1415 2179 1457 cernam
2215 1414 2405 1469 suum,
2427 1400 2794 1472 precipitque
2815 1399 2889 1469 ei,
2921 1402 2985 1455 ut
3017 1398 3071 1452 in
3099 1397 3225 1454 ﬁala
3273 1412 3446 1454 aurea
3471 1398 3582 1454 sibi

1947 1490 2241 1560 misceret,
2268 1489 2369 1545 sed
2403 1504 2632 1561 semper
2653 1502 2859 1559 aquam
2884 1486 3060 1544 solam
3086 1487 3141 1542 in
3164 1502 3287 1543 eam
3303 1486 3580 1543 mitteret.

1945 1580 2100 1635 Tunc
2135 1578 2294 1634 missi
2319 1578 2475 1647 regis
2499 1578 2785 1648 rogabant
2826 1591 2958 1633 eum
2991 1591 3063 1632 ex
3120 1574 3392 1631 mandato
3436 1574 3582 1645 ejus,

192 1659 329 1717 riam
362 1664 418 1715 et
456 1666 698 1749 mortem
725 1659 938 1717 domini
963 1660 1050 1716 sui
1074 1659 1430 1749 vindicavita
1467 1658 1834 1749 Grimoaldus
1862 1689 1916 1749 B
1948 1672 2007 1724 ut
2072 1666 2241 1724 lactus
2291 1666 2522 1723 biberet
2553 1672 2611 1722 et
2665 1666 2721 1721 in
2754 1665 2977 1721 honore
3024 1662 3339 1720 Grimoaldi
3401 1662 3587 1720 ﬁalam

191 1753 381 1805 autem
413 1748 795 1805 conﬁrmatus
830 1749 882 1804 in
917 1763 1096 1818 regno
1129 1748 1280 1819 apud
1318 1748 1595 1818 Ticinum,
1622 1748 1834 1803 occidit

192 1837 631 1908 Chunibcrtum,
666 1836 843 1894 ﬁlium
879 1835 1376 1908 Goteperti10“,et
1406 1852 1660 1892 sororem
1685 1837 1831 1907 ejus-

190 1926 315 1982 dem
342 1926 645 1982 Goteberti
671 1926 782 1997 “0‘,
821 1926 993 1982 ﬁliam
1049 1925 1325 1998 Ariperti,
1353 1925 1518 1981 duxit
1568 1940 1829 1982 uxorem.

192 2014 656 2070 Beneventanum
680 2028 818 2071 vero
851 2014 1197 2085 exercitum,
1242 2029 1371 2071 cum
1433 2029 1546 2085 quo
1594 2028 1833 2085 regnum

190 2102 595 2175 apprehendit,
632 2103 855 2160 remisit
888 2102 958 2159 ad
998 2103 1256 2175 propria,
1302 2102 1550 2159 ditatum
1612 2102 1835 2174 magnis

190 2191 550 2263 muneribus,
585 2190 688 2248 sed
722 2192 1058 2263 aliquantos
1081 2205 1277 2249 secum
1321 2192 1587 2262 retinuit,
1622 2192 1836 2263 quibus

192 2278 547 2351 largissimas
570 2281 977 2352 possessiones
1002 2281 1315 2338 concessit.
1341 2280 1596 2337 Audiens
1619 2284 1832 2351 autem,

192 2368 339 2440 quod
404 2369 671 2425 Perhtari
759 2370 814 2425 in
868 2370 1156 2442 Scythiam
1234 2371 1482 2440 fugisset
1566 2375 1627 2425 et
1682 2370 1834 2441 apud

193 2460 478 2515 Cacanum
505 2473 699 2529 regem
723 2460 1015 2515 Hunorum
1040 2458 1625 2530 stetisse:,1nandavit
1649 2458 1836 2514 eidem

197 2549 443 2617 Cacano,
488 2547 640 2619 quod
671 2548 719 2603 si
752 2548 1021 2604 Perhtari
1044 2548 1096 2603 in
1133 2561 1311 2619 regno
1342 2563 1447 2605 suo
1508 2547 1832 2618 mansisset,

187 2650 389 2708 pacem
415 2651 546 2692 cum
573 2636 971 2705 Longobardis
996 2637 1150 2693 sicut
1181 2636 1465 2692 hactenus
1480 2636 1695 2691 habere
1724 2650 1835 2692 non

189 2729 408 2796 posset.
440 2724 604 2791 Quod
626 2726 885 2781 Caeanus
913 2728 974 2780 ut
994 2724 1241 2794 audivit,
1266 2724 1530 2780 Perhtari
1549 2724 1693 2779 dixit
1730 2724 1839 2781 :In

188 2811 663 2885 qualemcunque
695 2812 929 2884 partem
945 2812 1407 2882 volueris,eade,
1441 2812 1591 2882 quia
1614 2812 1681 2869 in
1714 2825 1839 2867 meo

187 2913 365 2973 regno
407 2914 527 2958 non
527 2900 758 2973 poteris
796 2902 979 2971 stare,
1009 2915 1084 2957 ne
1094 2902 1409 2973 propterte
1443 2899 1840 2959 inimiciciam

191 2989 709 3064 Langobardorum
724 2990 1328 3049 incurram.Perhtari
1342 2991 1463 3047 bzec
1481 2990 1843 3059 audiens,de,

192 3088 329 3159 legit
352 3086 665 3145 revertiad
696 3087 1260 3160 Grimoaldum,quia
1296 3087 1727 3157 :.udierat,eum
1750 3102 1840 3145 es-

189 3193 249 3235 se
267 3176 1047 3235 misericordissimum.Cum
1067 3191 1205 3233 vero
1220 3175 1564 3233 venissetad
1585 3177 1841 3234 Lauden-

191 3281 305 3323 sem
340 3266 666 3336 civitatem,
696 3265 852 3321 misit
880 3266 1152 3323 Unulfum
1177 3265 1580 3322 ﬁdelissimum
1620 3266 1729 3321 sibi
1758 3266 1842 3322 vi-

191 3371 313 3413 rum
372 3354 446 3412 ad
501 3353 913 3428 Grimoaldum,
940 3355 1037 3427 qui
1077 3371 1243 3413 suum
1280 3356 1332 3412 ei
1383 3354 1686 3413 nunciaret
1745 3356 1842 3413 ad-

193 3452 450 3503 ventum.
513 3449 633 3504 Hoc
694 3444 937 3503 audiens
986 3443 1375 3517 Grimoaldus,
1454 3445 1694 3514 gavisus
1751 3450 1839 3503 est

192 3537 454 3606 nimium,
480 3541 539 3594 et
571 3534 864 3593 mandavit
888 3534 941 3591 ei
971 3534 1387 3606 promittendo,
1433 3533 1585 3605 quod
1619 3534 1840 3592 nullum

195 3626 408 3685 malum
440 3627 705 3695 haberet,
731 3624 778 3681 si
812 3622 884 3680 ad
908 3637 1039 3679 eum
1069 3623 1315 3679 veniret.
1352 3622 1536 3693 Igitur
1573 3623 1842 3680 Perhtari

195 3715 263 3772 ad
296 3713 1031 3783 Grimoaldumingressus,
1066 3710 1251 3769 voluit
1283 3726 1346 3767 se
1387 3712 1457 3767 ad
1504 3713 1684 3783 pedes
1716 3713 1844 3783 ejus

189 3804 459 3875 jactare;
492 3804 595 3861 sed
628 3800 1121 3858 Grimoaldusnon
1156 3799 1503 3872 permittens
1552 3815 1681 3857 eum
1736 3801 1845 3858 hoc

197 3894 415 3965 facere,
451 3891 692 3949 retinuit
724 3905 852 3948 eum
877 3893 937 3946 et
976 3888 1278 3946 osculatus
1332 3894 1426 3944 est
1479 3903 1637 3946 eum.
1694 3892 1849 3948 Tunc

197 3981 339 4038 dixit
363 3980 635 4038 Perhtari
671 3980 740 4036 ad
763 3978 1196 4035 Grimoaldum:
1237 3979 1467 4035 Servus
1501 3978 1639 4036 tuus
1696 3993 1850 4053 sum,

194 4070 377 4129 Potui
400 4070 641 4144 quidem
661 4069 858 4126 oioere
884 4069 1046 4126 inter
1066 4079 1360 4139 paganos,
1394 4066 1765 4127 sedaudiens
1798 4069 1854 4126 te

194 4158 778 4220 choistianiesimum
790 4156 1507 4228 etmiserioordiasimu/m,
1517 4171 1633 4230 pro
1648 4158 1745 4215 tuo
1764 4157 1855 4215 bo-

194 4265 269 4309 no
280 4249 665 4309 nomineoeni
676 4247 760 4306 ad
771 4248 842 4304 te.
857 4249 1009 4304 Tunc
1027 4261 1129 4302 rex
1144 4246 1412 4319 promisit
1453 4247 1503 4303 ei
1522 4247 1851 4320 jurejuran-

1948 1758 2129 1812 totam
2189 1760 2581 1813 consumeret.
2642 1753 2745 1810 Ille
2787 1758 2981 1810 autem
3034 1752 3263 1809 dicebat
3350 1765 3412 1807 se
3458 1765 3587 1807 cum

1944 1845 2160 1915 gaudio
2224 1844 2426 1901 bibere
2485 1848 2789 1914 totamque
2842 1840 3031 1896 ﬁalam
3076 1840 3131 1895 in
3186 1840 3408 1896 honore
3464 1837 3590 1908 ejus

1945 1933 2265 1990 effundere.
2289 1930 2479 1988 Nichil
2510 1934 2703 1987 autem
2743 1929 3102 1987 bibebatnisi
3126 1941 3350 1998 aquam.
3381 1928 3592 1997 Perge-

1948 2022 2087 2077 bant
2122 2022 2300 2091 igitur
2321 2020 2574 2076 ministri
2620 2019 2797 2089 regis,
2815 2018 3159 2075 nunciantes
3181 2032 3253 2087 ei,
3273 2012 3429 2086 quod
3449 2013 3593 2071 mul-

1945 2116 2071 2167 tum
2103 2111 2299 2167 vinum
2336 2110 2566 2166 biberet
2597 2108 2864 2164 Perhtari
2896 2106 3087 2176 etjam
3120 2105 3390 2162 ebriosus
3410 2108 3585 2160 esset.

1949 2199 2050 2256 Ille
2065 2214 2204 2258 vero
2217 2214 2345 2255 eum
2369 2198 2580 2269 gaudio
2603 2197 2770 2252 dixit:
2787 2192 3361 2253 Bibatilleebriosus
3392 2190 3587 2262 hodie,

1947 2303 2083 2347 eras
2097 2289 2250 2345 enim
2266 2286 2695 2344 eoometeadem
2712 2287 2856 2343 vina
2878 2283 3337 2354 eumsanguine.
3363 2281 3587 2336 Interea

1950 2375 2225 2432 clamavit
2247 2375 2509 2431 Perhtari
2526 2373 2597 2429 ad
2612 2389 2673 2430 se
2692 2372 2962 2429 Unulfum
2980 2369 3377 2425 ﬁdelissimum
3399 2381 3587 2438 suum,

1947 2468 2003 2520 et
2038 2463 2318 2519 indicavit
2350 2464 2402 2519 ei
2433 2463 2587 2533 regis
2610 2462 2972 2519 voluntatem
3004 2463 3063 2514 et
3085 2455 3590 2522 consilium.Quod

1950 2551 2193 2610 audiens
2218 2551 2481 2622 Unulfus,
2508 2550 2740 2607 vocavit
2758 2561 3000 2621 puerum
3032 2561 3217 2615 suum,
3238 2549 3299 2601 et
3323 2544 3590 2616 precepit

1949 2642 2023 2711 ci,
2059 2645 2120 2698 ut
2155 2638 2369 2697 lectum
2399 2639 2508 2696 sibi
2552 2640 2766 2695 laceret
2808 2636 2973 2707 juxta
3023 2633 3289 2690 Perhtari
3350 2632 3590 2690 lectum.

1952 2731 2123 2785 Coena
2182 2742 2319 2785 vero
2373 2731 2635 2799 peracta,
2671 2740 2801 2783 cum
2849 2723 3106 2780 misisset
3176 2736 3279 2777 rex
3329 2721 3591 2778 homines

1950 2833 2109 2887 suos,
2138 2818 2234 2888 qui
2266 2816 2535 2874 Perhtari
2566 2814 2955 2882 custodirent,
2988 2827 3059 2868 ne
3124 2812 3324 2882 fugere
3376 2810 3594 2881 potuis-

1952 2912 2062 2975 Set,
2089 2906 2327 2963 intravit
2376 2903 2645 2960 Perhtari
2678 2903 2734 2958 in
2800 2900 3155 2967 cubiculum,
3207 2899 3307 2957 ubi
3340 2898 3594 2955 dormire

1952 2994 2153 3050 debuit
2176 3010 2306 3050 cum
2349 2992 2558 3049 Unulfo
2598 2996 2655 3047 et
2711 2989 3060 3059 vestarario,
3098 3002 3203 3044 suo
3229 2986 3615 3059 ﬁdelissimo,‘

1952 3090 2574 3162 nunciavitqueeidem
2602 3088 2948 3154 vestarario,
2977 3087 3131 3158 quod
3173 3086 3244 3142 de
3287 3089 3473 3141 morte
3491 3100 3592 3141 sua

1953 3196 2054 3237 rex
2068 3181 2378 3250 cogitaret,
2398 3184 2458 3234 et
2478 3178 2553 3234 ait
2578 3196 2590 3232 :
2615 3177 2694 3233 Si
2708 3191 2808 3248 ego
2819 3175 3078 3249 efugere
3077 3175 3418 3246 potuero,tu
3423 3174 3596 3246 ﬁnge

1955 3268 2241 3341 loquendo
2254 3268 2336 3326 ad
2346 3268 2609 3325 homines
2619 3264 2969 3338 regis,quod
2978 3278 3080 3335 ego
3098 3264 3391 3321 dormiam
3400 3262 3467 3320 in
3475 3262 3593 3321 ista

1949 3360 2237 3429 cubiculo,
2263 3358 2547 3431 etforsan
2584 3354 2871 3429 efugiens
2886 3352 3243 3412 demanibus
3279 3365 3479 3411 eorum
3505 3365 3598 3410 me

1956 3448 2234 3509 liberabo.
2255 3447 2417 3515 Quod
2440 3462 2568 3503 cum
2600 3445 2697 3501 ille
2736 3447 3041 3514 gratanter
3067 3457 3126 3501 se
3150 3434 3438 3499 facturum
3471 3456 3603 3514 pro-

1956 3539 2241 3608 mitteret,
2260 3535 2396 3592 tulit
2421 3534 2668 3591 Unull‘us
2700 3532 3009 3591 culcitram
3023 3537 3083 3587 et
3097 3531 3307 3604 pellem
3323 3531 3599 3600 ursinam,

1956 3631 2013 3683 et
2050 3625 2239 3699 posuit
2272 3638 2445 3696 supra
2502 3624 2735 3680 dorsum
2792 3620 3079 3687 Perhtari,
3121 3626 3183 3676 et
3234 3620 3414 3692 coepit
3473 3633 3603 3676 eum

1959 3715 2124 3786 quasi
2148 3727 2382 3771 servum
2409 3712 2769 3769 rusticanum
2800 3726 2929 3767 cum
2954 3714 3123 3766 vecte
3149 3708 3359 3766 cedere
3381 3711 3441 3764 et
3470 3721 3602 3765 cum

1958 3818 2154 3876 pugno
2187 3803 2242 3858 in
2275 3800 2426 3859 collo
2452 3798 2720 3872 pellendo
2753 3802 2923 3854 extra
2946 3798 3162 3868 regiam
3186 3798 3334 3869 (229)
3378 3796 3603 3866 jactare

1962 3894 2219 3962 Cumque
2251 3889 2467 3945 milites
2498 3888 2653 3957 regis
2677 3887 3108 3957 interrogarent
3128 3885 3268 3957 quid
3296 3885 3405 3942 hoc
3422 3889 3600 3954 esset,

1962 3978 2211 4037 Unult‘us
2225 3977 2373 4035 dixit
2395 3996 2406 4031 :
2430 3978 2657 4034 Seruus
2674 3975 2788 4032 iste
2805 3974 3515 4047 rustieanuafeeitmichi
3534 3974 3606 4029 le-

1961 4069 2119 4128 ctum
2152 4067 2344 4140 juxta
2378 4066 2589 4122 lectum
2617 4063 2924 4133 Perhtari,
2959 4061 3377 4134 quisicebrius
3396 4060 3502 4131 est,
3530 4061 3605 4117 ut

1961 4154 2929 4228 dormiatquasisitmoriuusﬂoc
2968 4151 3376 4208 illiaudientes
3410 4154 3469 4206 et
3508 4163 3604 4206 ve-

1962 4262 2088 4305 rum
2103 4260 2234 4303 esse
2247 4245 2579 4316 credentes,
2612 4242 2731 4300 laeti
2748 4240 2883 4299 facti
2898 4244 3054 4313 sunt,
3079 4244 3135 4296 et
3151 4238 3420 4296 Perhtari
3436 4237 3601 4309 quasi

198 4339 270 4396 de
287 4335 1284 4398 coramomnibusdicenszPeremn
1310 4336 1926 4411 quimenaseifecit_
1965 4351 2196 4394 servum
2220 4335 2580 4392 rusticanum
2631 4332 2793 4388 exire
2831 4330 3194 4387 dimiserunt.
3230 4326 3602 4385 Vestararius

199 4427 687 4500 quandoquidem
700 4423 1169 4497 admeamﬂdem
1197 4403 1851 4493 oenisti,nullumvma-
1878 4403 1935 4464 D
1964 4424 2271 4484 autemille
2286 4421 2662 4481 ﬁdelissimus
2688 4421 2744 4478 in
2767 4420 3041 4479 cubiculo
3079 4418 3311 4491 mansit,
3342 4416 3603 4489 illudque

202 4516 458 4576 Iumerit
473 4516 682 4575 tibi.Et
705 4514 866 4571 dedit
888 4513 1230 4586 ei0ptimam
1246 4513 1501 4585 domum,
1519 4515 1851 4588 precipiens

203 4608 325 4665 suis
364 4606 671 4676 ministris,
697 4609 761 4661 ut
784 4603 974 4660 omnia
996 4617 1123 4675 quze
1139 4602 1249 4659 sibi
1293 4606 1487 4661 essent
1522 4619 1851 4665 necessaria

202 4710 273 4751 ex
304 4693 544 4768 publico
593 4692 986 4752 abundantius
1028 4693 1290 4749 haberet.
1335 4695 1489 4752 Tunc
1521 4696 1856 4755 Ticinenses

203 4800 407 4842 omnes
439 4786 743 4856 coeperunt
768 4783 840 4839 ad
858 4796 988 4839 eum
1013 4796 1365 4840 concurrere
1379 4788 1436 4839 et
1454 4786 1617 4855 quasi
1652 4792 1852 4845 notum

204 4873 484 4931 salutare.
514 4873 718 4929 Statim
742 4870 1041 4942 maliloqui
1068 4871 1419 4929 accedentes
1441 4874 1513 4930 ad
1574 4876 1855 4933 Grimoal-

206 4962 363 5033 dum,
396 4962 669 5019 dixerunt
707 4960 778 5017 ad
801 4975 965 5017 eum:
999 4960 1142 5018 Nisi
1178 4960 1467 5018 Perhtari
1497 4963 1680 5022 citius
1709 4966 1857 5024 occi-

209 5050 395 5123 deris,
422 5065 673 5125 regnum
708 5064 825 5109 non
853 5046 1132 5120 habebis;
1170 5063 1364 5108 omnes
1396 5052 1554 5109 enim
1589 5054 1670 5111 ad
1725 5069 1857 5113 eum

1962 4515 2263 4590 claudens,
2323 4513 2569 4572 ﬁrmiter
2607 4513 2920 4572 obseravit.
2956 4510 3123 4580 Quod
3142 4509 3411 4569 videntes
3453 4508 3603 4565 servi

1965 4608 2141 4680 regis,
2178 4606 2398 4665 reversi
2419 4609 2555 4663 sunt
2576 4605 2648 4662 ad
2680 4603 2975 4661 dominum
3006 4615 3195 4660 suum.
3237 4598 3485 4657 Unull‘us
3508 4611 3605 4654 au-

1964 4701 2081 4754 tem
2103 4697 2410 4769 perfunem
2436 4694 2711 4766 deposuit
2733 4692 3064 4765 aliquantos
3077 4690 3237 4747 viros
3249 4688 3320 4745 ad
3334 4685 3604 4744 Perhtari

1966 4786 2260 4843 dominum
2294 4800 2482 4856 suum,
2502 4784 2742 4857 quicum
2760 4782 2858 4839 illo
2881 4782 3051 4838 irent.
3082 4781 3402 4849 Pergentes
3424 4775 3604 4846 igitur

1966 4875 2136 4933 simul
2155 4876 2693 4947 fugerecmperunt,
2725 4877 2786 4928 et
2815 4887 2945 4928 cum
2972 4869 3327 4925 invenissent
3345 4862 3609 4922 caballos

1967 4967 2022 5022 in
2040 4952 3609 5038 prato,apprehenderunteos,etcaballicaverunt,et.in

1965 5069 2029 5112 ea
2052 5059 2222 5114 nocte
2263 5050 2741 5134 perveneruntad
2788 5048 3090 5106 civitatem
3121 5049 3447 5111 Astensem,
3512 5041 3611 5098 ubi

1568 5180 1803 5237 VARIIE
1843 5181 2251 5239 LECTIONES.

281 5280 374 5317 ίοη
409 5281 621 5356 pergit
646 5287 692 5339 1.
729 5282 820 5316 ¹⁰⁴⁶
857 5279 1167 5355 godeperti
1194 5295 1343 5339 corr.
1396 5286 1692 5357 goteperti
1725 5292 1774 5343 1.
1839 5286 1930 5324 ¹⁰⁴⁸
1958 5286 2055 5347 ita
2096 5294 2145 5344 1.

1799 5403 2022 5459 NOTE.

1799 5403 1846 5459 N
2009 5445 2022 5459 .

283 5497 435 5573 (229)
456 5499 498 5581 1,
531 5513 582 5558 e.
604 5498 859 5573 ianuam,
894 5506 960 5559 ut
991 5501 1047 5558 in
1074 5499 1281 5597 codice
1309 5498 1474 5559 Pauli
1506 5400 2092 5573 Bambergencs'ilfjuo
2124 5498 2265 5557 Ekk.
2303 5508 2451 5555 usus
2473 5499 2583 5569 est,
2617 5494 2845 5571 saepius
2870 5492 3111 5567 legitur.
