3992 6062
372 189 487 246 803

1535 183 2023 246 EKKEHARDI
2070 183 2622 249 URAUGIENSIS

3660 184 3781 248 804

367 324 537 376 erant
567 320 854 376 verissimi
885 318 1158 375 amieiw“
1180 319 1473 390 Perhtari,
1507 320 1638 391 quia
1656 319 1855 376 eadem
1877 318 2016 375 civi-
2045 318 2099 378 Α
2132 323 2324 376 utrum
2357 319 2564 377 melius
2592 320 2702 376 sibi
2729 319 3029 375 videretur
3054 318 3109 372 in
3154 317 3370 390 palatio
3388 333 3522 375 esse
3546 334 3614 375 an
3645 335 3779 376 cum

370 415 463 467 tas
494 410 736 467 necdum
769 407 1002 465 subdita
1037 414 1165 464 erat
1197 408 1570 474 Grimoaldo;
1624 408 1872 479 indeque
1932 408 2016 464 fu-

367 498 534 569 giens
568 498 625 554 in
654 498 955 555 civitatem
988 498 1729 569 Tauriniensem,pervenit
1761 497 1816 553 in
1849 500 2018 554 Fran-

370 589 515 645 ciam
540 587 771 658 ;sicque
790 589 942 644 Deus
972 587 1616 658 omnipotensPci-htari
1647 586 2013 643 innocentem

369 677 618 734 a’morte
651 676 943 747 liberavit,
978 680 1038 731 et
1078 673 1468 732 Grimoaldum
1526 690 1595 731 ne
1639 675 2012 732 homicidium

371 768 593 823 faceret
621 764 959 823 custodivit.
997 767 1057 819 In
1106 764 1423 821 crastinum
1465 780 1602 821 vero
1646 765 2013 821 Grimoaldus

372 870 639 927 sperans,
664 853 818 926 quod
848 852 1115 909 Perhtari
1149 852 1430 908 dormiret
1457 853 1511 909 in
1564 852 1822 925 hospitio
1883 869 2009 924 suo,

372 945 530 1001 misit
553 942 623 999 ad
653 958 781 999 eum
815 942 1077 997 homines
1104 942 1197 1012 qui
1233 957 1362 998 eum
1396 943 1755 999 adducerent
1792 962 1806 1011 ;
1848 948 1907 999 et
1940 945 2012 998 ab

369 1035 572 1091 eodem
598 1032 730 1088 loco
762 1044 946 1102 usque
977 1030 1045 1085 ad
1079 1030 1357 1101 palatium
1394 1032 1527 1088 fecit
1559 1037 1715 1088 stare
1747 1033 2012 1088 homines

368 1122 503 1179 hinc
545 1125 601 1177 et
634 1120 813 1190 illinc,
839 1133 908 1175 ne
927 1134 1032 1190 per
1048 1119 1470 1191 qualecumque
1504 1121 1792 1190 ingenium
1810 1126 2013 1193 posset

367 1213 639 1282 effugere.
677 1211 932 1279 Cumque
954 1208 1252 1264 venissent
1277 1208 1435 1264 missi
1464 1225 1492 1264 a
1530 1224 1682 1279 rege,
1705 1215 2013 1281 coeperunt

366 1302 621 1359 clamare
653 1299 723 1355 ad
757 1298 973 1367 regiam
992 1298 1467 1354 ubivestararius
1502 1298 1598 1353 ille
1636 1300 1925 1368 manebat,
1952 1302 2011 1355 ut

367 1388 635 1448 Perhtari
668 1402 698 1442 a
716 1402 915 1445 somno
937 1387 1283 1442 excitarent.
1312 1388 1684 1443 Vestararius
1705 1393 1897 1444 autem
1913 1387 2011 1443 ille

366 1480 599 1538 dicebat
626 1497 639 1532 :
659 1475 1146 1535 Misericordiam
1166 1490 1298 1533 cum
1317 1476 1585 1546 eofacite
1599 1476 1928 1535 etdormire
1942 1477 2014 1533 il-

367 1566 846 1642 lumpcrmittite,
878 1565 1224 1635 quiadeeia
1239 1563 1437 1621 lassus
1469 1566 1558 1623 est
1593 1565 1648 1621 el
1693 1564 1893 1622 adhuc
1919 1565 2013 1622 ai-

2129 408 2431 465 Perhctari
2468 409 2522 464 in
2555 407 3079 481 peregrinationem
3114 407 3218 462 ire.
3242 406 3344 463 llle
3367 409 3777 465 autemeadem

2128 498 2305 554 verba
2342 499 2597 567 dicebat,
2625 512 2751 567 qua:
2778 502 2838 552 et
2869 495 3154 554 Unnulfus
3184 500 3353 553 antea
3377 496 3627 553 dixerat.
3655 498 3779 555 Rex

2128 590 2320 642 autem
2345 602 2473 643 cum
2500 586 2785 654 audisset,
2839 584 3080 655 gavisus
3108 588 3202 641 est
3230 584 3419 651 valde,
3441 583 3775 642 etlaudavit

2130 674 2299 729 ﬁdem
2328 674 2578 743 illorum,
2615 674 2878 743 dixitque
2903 672 2973 728 ad
2998 672 3309 728 Unnulfum
3328 691 3340 729 :
3361 673 3778 746 Quodcumque

2124 764 2385 820 colueris
2409 763 2479 819 a'e
2511 762 2674 818 domo
2692 775 2821 818 mea
2834 762 2992 830 tolle,
3008 760 3272 818 homines
3292 761 3385 818 vel
3399 760 3664 819 caballos
3681 763 3779 820 vel

2125 863 2507 921 quacumque
2529 850 2679 919 alia,
2696 848 2915 905 etrade
2931 847 3013 904 ad
3028 847 3329 904 dominam
3343 848 3507 904 tuum
3519 848 3774 906 siccati-

2124 952 2245 1009 qua
2270 937 2504 996 lesione.
2533 937 2806 993 Similiter
2831 936 2979 993 dixit
3027 936 3097 992 ad
3147 936 3534 994 vestararium
3583 936 3764 993 illum.

2126 1027 2211 1082 llli
2241 1032 2435 1083 autem
2460 1026 2720 1083 tulerunt
2750 1026 2937 1083 omnia
2974 1024 3084 1081 sibi
3117 1025 3473 1095 necessaria,
3528 1031 3587 1082 et
3636 1041 3765 1082 cum

2123 1116 2358 1172 licentia
2393 1116 2546 1186 regis
2570 1114 2880 1172 Grimoaldi
2915 1118 3300 1186 perrexerunt
3351 1114 3420 1170 ad
3454 1112 3771 1173 dilectissi-

2125 1220 2276 1262 mum
2308 1205 2602 1261 dominum
2635 1219 2799 1262 suum
2859 1198 3133 1259 Perhtari
3157 1203 3211 1259 in
3265 1207 3463 1275 partes
3522 1203 3769 1260 Franco-

2124 1309 2270 1350 rum.

2193 1385 2311 1440 Hoc
2330 1389 2590 1457 tempore
2606 1384 2971 1454 Dagobertus
2989 1395 3226 1452 regnum
3249 1382 3601 1438 Francorum
3617 1382 3769 1437 tene-

2125 1473 2243 1541 bat,
2285 1488 2413 1529 eum
2450 1488 2562 1544 quo
2587 1471 2955 1529 Grimoaldus
2985 1485 3188 1544 pacem
3223 1470 3442 1526 firmam
3489 1468 3764 1525 habebat.

2123 1563 2435 1619 Romanum
2468 1577 2608 1619 vero
2642 1562 2945 1634 imperium
2979 1560 3392 1617 Constantinus
3429 1557 3766 1616 Constantis

362 1653 1069 1720 miamdormit.Quieum
1117 1653 1223 1710 hoc
1249 1654 1370 1723 regi
1417 1655 1848 1724 renunciarent,
1894 1655 2003 1710 ait.
2038 1687 2090 1745 Β
2122 1650 2296 1721 ﬁlius,
2331 1653 2580 1724 accepit,
2615 1657 2673 1708 et
2705 1666 2808 1723 per
2846 1654 2905 1708 17
2928 1649 3219 1707 ‘°‘7annos
3252 1650 3459 1707 tenuit.
3486 1647 3766 1704 Posthmc

361 1751 511 1808 Sero
532 1742 1291 1814 sicebriasfait,atadhuc
1327 1743 1608 1815 evigilare
1648 1758 1762 1800 non
1795 1744 2002 1814 possit.
2038 1738 2085 1745 ’⁷
2121 1740 2488 1798 Grimoaldus
2520 1741 2918 1798 flebotomavit
2940 1755 3002 1797 se
3024 1741 3080 1795 in
3103 1738 3342 1812 palatio,
3376 1743 3434 1794 et
3466 1750 3597 1794 cum
3631 1741 3763 1808 post

364 1839 579 1894 Iterum
619 1832 795 1903 misit,
828 1836 889 1887 ut
916 1831 1286 1888 festinantius
1310 1830 1722 1889 adduceretur.
1767 1833 1873 1899 Qui
1915 1847 2009 1889 ve-

365 1924 591 1981 nientes
608 1921 677 1977 ad
698 1920 929 1990 januam
955 1920 1048 1975 ubi
1069 1934 1198 1975 eum
1222 1920 1478 1975 dormire
1498 1920 1832 1991 sperabant,
1893 1935 2008 1976 ma-

364 2012 496 2082 gnis
520 2008 764 2066 vocibus
788 2014 849 2063 ut
871 2021 1001 2063 eum
1024 2023 1085 2063 es
1101 2007 1353 2063 citarent
1371 2008 1719 2064 clamabant.
1737 2010 2006 2065 Vestara-

355 2100 480 2157 rius
506 2097 604 2155 ille
626 2098 837 2153 iterum
861 2111 961 2153 eos
984 2097 1249 2165 rogabat,
1282 2100 1344 2153 ut
1390 2112 1520 2153 eum
1574 2096 1999 2168 aliquantulum

354 2187 612 2246 dormlre
632 2186 1059 2259 permitterent.
1080 2185 1185 2251 Qui
1206 2186 1338 2240 irati
1355 2185 1632 2242 dixerunt
1659 2187 1862 2243 :Satis
1863 2188 2000 2258 jam

354 2276 913 2334 dormivitebriosus
926 2274 1124 2343 ille;et
1148 2273 1411 2330 calcibus
1433 2276 1774 2346 rumpebant
1809 2276 1998 2345 regias

349 2368 408 2420 et
427 2364 679 2434 ingressi
710 2362 1065 2432 cubiculum,
1084 2364 1607 2434 requirebantcum
1642 2365 1696 2419 in
1739 2364 1911 2435 lecto,
1937 2370 1996 2420 et

350 2468 462 2510 non
487 2452 869 2521 invenientes,
916 2451 1353 2522 interrogabant
1404 2454 1813 2525 vestararium,
1855 2454 1992 2525 quid

356 2543 571 2598 factum
593 2540 892 2597 sitdeillo.
912 2539 1165 2606 Quicum
1187 2541 1406 2611 fugisse
1436 2542 1757 2613 respondit.
1810 2542 1990 2608 Quem

348 2630 432 2686 illi
456 2629 964 2703 apprehendentes
984 2644 1089 2701 per
1106 2630 1371 2701 capillos,
1402 2630 1654 2688 fustibus
1679 2632 1985 2703 cedebant,

346 2732 611 2791 eumque,
638 2717 836 2789 ligatis
867 2722 1242 2789 posttergum
1264 2720 1635 2790 manibus,ad
1670 2735 1862 2790 regem
1887 2720 1988 2777 du-

345 2808 576 2878 cebant,
594 2807 856 2863 dicentes
882 2824 893 2863 :
918 2806 1041 2864 Iste
1061 2806 1243 2879 sapit,
1267 2808 1547 2878 Quomodo
1580 2809 1869 2866 Perhtari
1884 2809 1989 2881 fa-

338 2894 657 2967 git,etideo
671 2894 890 2966 dignus
903 2894 1199 2952 estmOrte.
1219 2896 1338 2951 Rex
1353 2900 1545 2952 autem
1561 2896 1705 2954 solvi
1720 2911 1788 2954 eu
1799 2913 1847 2952 m
1866 2912 1987 2970 pre-

339 2985 520 3057 cepit,
554 2987 615 3041 et
645 2996 747 3056 per
768 2983 1050 3056 ordinem,
1100 2983 1355 3055 qualiter
1391 2986 1656 3043 Perhtari
1715 2986 1978 3057 fugisset,

339 3070 781 3144 edicerejussit.
807 3070 914 3138 Qui
937 3072 1126 3129 omnia
1146 3074 1300 3130 sicut
1320 3074 1467 3130 facta
1500 3076 1729 3131 fuerant
1750 3089 1983 3131 enarra-

335 3163 438 3221 vit.
473 3164 626 3220 Tunc
650 3176 753 3218 rex
788 3162 1176 3233 interrogavit
1202 3164 1672 3233 circumstantes,
1729 3165 1929 3220 dicens
1965 3184 1976 3219 :

342 3251 499 3318 Quid
509 3252 677 3308 homo
692 3254 799 3310 iste
801 3252 1155 3322 promeruit,
1172 3253 1279 3323 qui
1293 3250 1413 3308 tale
1426 3253 1847 3324 malzlmfecit?
1871 3252 1913 3319 Q
1924 3271 1978 3309 lll

335 3354 535 3397 omnes
564 3342 1015 3412 responderunt,
1050 3340 1197 3395 mala
1230 3345 1415 3396 morte
1441 3340 1600 3397 illum
1624 3341 1767 3396 mori
1808 3342 1980 3398 debe-

335 3443 417 3484 re.
454 3428 578 3485 Rex
604 3433 797 3485 autem
821 3427 1002 3483 dixit:
1028 3427 1553 3500 Perillumqaime
1596 3429 1768 3487 nasci
1790 3430 1972 3501 fecit,

335 3516 649 3575 benedebet
663 3518 829 3573 homo
842 3518 957 3574 iste
978 3516 1216 3581 habere,
1249 3518 1429 3588 quise
1450 3532 1564 3590 pro
1605 3518 1839 3576 domino
1871 3533 1977 3577 suo

326 3606 713 3665 morticoluit
742 3606 1169 3663 tradereTunc
1197 3607 1461 3679 precepit
1495 3622 1625 3664 eum
1650 3608 1804 3663 inter
1834 3623 1975 3664 suos

326 3695 690 3753 vestararios
720 3693 1072 3765 esse,multa
1100 3695 1152 3751 ei
1178 3696 1551 3768 promittens,
1576 3697 1624 3753 si
1657 3696 1768 3752 sibi
1801 3695 1974 3754 talem

329 3784 497 3841 fidem
528 3788 815 3854 servaret,
843 3783 1072 3854 qualem
1120 3784 1381 3840 Perhtari
1416 3786 1694 3843 servavit.
1756 3786 1974 3842 Deinde

327 3874 637 3945 requisivit
670 3888 793 3940 rex,
814 3874 949 3945 quid
969 3873 1041 3929 de
1073 3873 1283 3931 Unulfo
1316 3871 1528 3931 factum
1569 3876 1662 3932 sit.
1702 3875 1805 3941 Qui
1841 3876 1923 3931 ait
1956 3897 1968 3932 :

325 3964 402 4021 In
421 3964 747 4022 ecclesiam
801 3962 997 4021 sancti
1033 3964 1356 4021 Michaelis
1385 3964 1740 4037 archangeli
1769 3965 1968 4038 fugit.

325 4052 531 4111 Statim
566 4067 669 4109 rex
701 4053 858 4109 misit
887 4053 957 4109 ad
992 4067 1143 4119 eum,
1179 4053 1531 4125 promittens
1578 4054 1799 4111 nullum
1858 4070 1971 4111 ma-

323 4140 441 4200 lum
472 4155 603 4199 eum
635 4142 989 4211 habiturum,
1037 4147 1260 4197 tantum
1312 4143 1684 4199 festinantius
1742 4144 1966 4199 veniret

320 4229 395 4287 ad
425 4245 576 4301 eum,
604 4229 848 4287 Unulfus
879 4230 987 4287 hoe
1019 4231 1280 4302 audiens,
1316 4230 1665 4287 festinanter
1696 4231 1767 4288 ad
1812 4232 1967 4303 pala-

323 4326 443 4377 tum
490 4319 667 4389 venit,
703 4325 762 4375 et
789 4319 860 4375 ad
895 4319 1073 4391 pedes
1119 4319 1273 4388 regis
1330 4333 1393 4376 se
1448 4320 1715 4391 protinus
1782 4321 1959 4377 misit.

2119 1844 2322 1886 novem
2347 1831 2473 1886 dies
2487 1829 2957 1900 velletsagittare
2990 1828 3319 1886 columbam
3352 1840 3546 1897 unam,
3569 1825 3762 1884 disru-

2118 1923 2215 1991 pta
2239 1924 2331 1974 est
2363 1933 2507 1974 vena
2540 1919 2610 1976 de
2646 1918 2771 1989 ejus
2804 1918 3063 1975 brachio.
3088 1921 3144 1973 et
3170 1920 3434 1973 mortuus
3456 1914 3761 1972 est.llicin

2114 2008 2516 2079 edicto,.quod
2546 2023 2648 2065 rex
2665 2008 2946 2065 Ruotheri
2984 2007 3141 2076 fecit,
3168 2005 3463 2076 aliquanta
3496 2003 3756 2076 capitula

2112 2098 2408 2155 annexuit.
2445 2098 2574 2155 Fuit
2607 2102 2800 2154 autem
2831 2110 3078 2169 corpore
3097 2094 3381 2151 maximus
3403 2096 3459 2149 et
3495 2092 3758 2151 audacis-

2111 2186 2312 2256 simus,
2356 2187 2547 2258 capite
2578 2186 2767 2256 calvo,
2804 2186 2979 2241 barba
3012 2184 3205 2255 longa,
3249 2182 3496 2239 consilio
3525 2187 3582 2239 et
3643 2181 3757 2238 vir-

2107 2278 2234 2331 tute
2264 2276 2501 2345 primus.
2559 2275 2834 2347 Sepultus
2865 2279 2959 2331 est
2992 2274 3045 2329 in
3086 2272 3355 2330 aacclesia
3406 2270 3595 2329 sancti
3627 2272 3756 2327 Am-

2107 2363 2306 2435 brosii,
2346 2379 2516 2436 quam
2549 2364 2675 2436 ipse
2702 2364 2858 2421 fecit.
2887 2362 3145 2434 Reliquit
3167 2365 3360 2419 autem
3383 2359 3560 2416 ﬁlium
3587 2373 3753 2417 suum

2104 2452 2500 2525 Garibaldum,
2535 2468 2703 2525 quem
2736 2452 2805 2509 de
2832 2452 2948 2508 filia
3009 2451 3164 2521 regis
3214 2448 3471 2523 Ariperti
3528 2447 3750 2519 habuit,

2102 2556 2498 2599 successorem
2552 2542 2740 2614 regni,
2790 2542 2979 2599 adhuc
3032 2554 3295 2613 puerum,
3373 2536 3751 2595 Romoaldum

2101 2646 2240 2687 vero
2262 2630 2443 2689 filium
2467 2647 2635 2689 suum
2662 2631 2780 2702 jam
2806 2630 2861 2687 in
2895 2632 3226 2687 Benevento
3276 2628 3482 2685 ducem
3537 2625 3752 2684 constio

2102 2719 2233 2776 tuit.

2171 2808 2353 2879 Igitur
2384 2809 2650 2866 Perhtari
2682 2824 2814 2867 cum
2862 2814 3020 2866 esset
3070 2809 3126 2863 in
3187 2806 3448 2877 Francia,
3502 2809 3746 2877 propter

2062 2958 2063 2965 γ
2096 2896 2365 2953 timorem
2398 2898 2881 2970 Grimoaldi,quia
2915 2897 3235 2955 foederatus
3263 2900 3392 2952 erat
3426 2909 3556 2952 cum
3605 2908 3742 2964 rege

2098 2985 2467 3058 Francorum,
2502 2988 2690 3044 voluit
2724 2989 2923 3058 fugere
2963 2988 3018 3043 in
3049 2986 3423 3042 Britanniam.
3485 2986 3742 3055 Cumque

2096 3076 2426 3145 navigasset
2451 3091 2556 3147 per
2579 3077 2841 3147 pelagus,
2859 3076 3056 3133 subito
3072 3075 3293 3132 audivit
3316 3074 3532 3131 alitore
3547 3072 3742 3130 dicen-

2096 3169 2211 3219 tem
2244 3184 2256 3218 :
2280 3166 2356 3222 Si
2379 3165 2669 3222 Perhtari
2689 3165 2777 3222 est
2801 3164 2868 3221 in
2895 3164 3193 3234 istaaavi,
3217 3162 3398 3222 dicite
3425 3162 3544 3233 illi,
3568 3161 3640 3219 ut
3653 3174 3745 3219 re-

2090 3254 2361 3310 vertatur
2381 3256 2449 3312 ia
2457 3255 2733 3326 patriam
2744 3267 2935 3325 suam,
2954 3256 3105 3325 quia
3108 3256 3245 3327 jam
3259 3254 3380 3311 tres
3424 3252 3552 3310 dies
3578 3250 3738 3321 sunt,

2091 3357 2167 3399 ea:
2198 3358 2312 3415 quo
2331 3358 2444 3401 rem
2472 3344 2860 3403 Grimoaldus
2881 3344 3267 3401 mortaasest.
3292 3341 3454 3410 Quod
3468 3354 3600 3398 cum
3641 3353 3741 3397 au-

2093 3430 2275 3489 disset
2310 3433 2727 3504 Perhtari,th
2759 3447 2940 3504 prope
2974 3431 3131 3503 litus,
3188 3437 3251 3489 ut
3301 3430 3524 3487 videret
3574 3427 3738 3486 illum

2091 3520 2187 3592 qui
2212 3521 2583 3592 loquebatur.
2620 3522 2729 3577 Sed
2750 3536 2881 3578 cum
2905 3523 3192 3578 neminem
3234 3519 3542 3589 inveniret,
3603 3531 3738 3574 con-

2089 3610 2369 3667 sideravit
2401 3609 2555 3681 quod
2580 3610 2823 3680 angelus
2853 3612 2973 3667 lucc
2992 3610 3256 3674 diceret;
3308 3608 3624 3679 statimque
3648 3620 3737 3663 re-

2088 3715 2315 3767 versus,
2354 3700 2800 3771 venitTicinum,
2828 3699 3130 3756 etinvenit
3172 3698 3251 3755 ibi
3301 3696 3732 3754 multitudinem

2090 3788 2623 3859 Longobardorum,
2659 3789 2756 3862 qui
2773 3804 2904 3846 eum
2927 3804 3059 3845 cum
3080 3787 3295 3858 gaudio
3320 3789 3727 3859 susceperunt.

2088 3877 2322 3948 Expulit
2349 3882 2541 3934 autem
2558 3877 2929 3935 Garibaldum
2955 3892 3197 3950 puerum
3212 3875 3390 3933 filium
3412 3874 3728 3932 Grimoaldi

2088 3965 2157 4021 de
2191 3980 2391 4037 regno,
2413 3972 2472 4023 et
2525 3972 2657 4040 post
2698 3981 2954 4024 mensem
3008 3966 3256 4023 tercium
3311 3964 3729 4022 ordinaverunt

2084 4053 2214 4110 eum
2242 4054 2605 4125 Longobardi
2641 4070 2835 4126 regem
2857 4070 3034 4127 super
3066 4070 3148 4111 se.
3186 4056 3322 4110 Erat
3356 4053 3505 4109 enim
3556 4052 3727 4109 homo

2079 4143 2280 4212 justus
2296 4148 2352 4199 et
2376 4144 2430 4199 in
2458 4144 2671 4201 Christi
2690 4145 2800 4201 fide
2821 4149 3018 4202 rectus
3031 4151 3087 4200 et
3110 4144 3369 4200 nutritor
3385 4156 3722 4215 pauperum.

2080 4233 2233 4288 Misit
2269 4237 2462 4289 autem
2496 4235 2548 4289 in
2580 4235 2994 4306 Beneventum,
3021 4239 3079 4290 et
3125 4232 3258 4290 fecit
3284 4232 3494 4288 exinde
3526 4230 3726 4288 venire

2079 4321 2462 4378 Rodelindam
2498 4337 2735 4379 uxorem
2793 4336 2957 4379 suam
3014 4326 3074 4377 et
3121 4321 3498 4378 Cunibertum
3542 4318 3723 4385 filium

322 4409 502 4475 Quem
533 4423 665 4465 cum
697 4421 801 4463 rex
832 4408 1225 4478 interrogaret
1259 4408 1511 4480 qualiter
1535 4408 1800 4466 Perhtari
1826 4409 1965 4466 eﬂ‘u-
1994 4406 2047 4466 D
2083 4424 2272 4482 suum,
2308 4426 2454 4482 quos
2509 4411 2876 4468 Grimoaldus
2932 4410 3071 4468 illuc
3118 4410 3332 4467 direxit
3372 4410 3426 4465 in
3457 4406 3716 4465 exilium.

317 4499 507 4567 geret,
541 4496 639 4552 ille
670 4511 894 4552 omnem
926 4496 1010 4552 rei
1043 4498 1348 4554 veritatem
1378 4498 1431 4554 ei
1475 4499 1752 4555 narravit.
1808 4500 1963 4556 Tune

317 4601 424 4643 rex
445 4600 642 4642 coram
688 4585 960 4642 omnibus
981 4586 1324 4644 collaudans
1342 4589 1708 4659 prudentiam
1766 4588 1892 4658 ejus
1905 4594 1964 4644 et

318 4674 510 4746 fidem,
533 4674 911 4732 deditomnes
923 4675 1159 4732 divitias
1178 4690 1316 4734 suas
1332 4676 1388 4733 in
1404 4676 1563 4733 illius
1584 4680 1959 4748 potestatem,

316 4769 380 4822 ut
403 4770 560 4822 esset
592 4763 1083 4823 honoratissimus
1113 4764 1170 4822 in
1204 4764 1424 4837 palatio
1482 4780 1607 4821 suo.
1675 4766 1818 4822 Post
1861 4764 1965 4821 ali-

317 4858 571 4926 quantos
588 4852 1260 4924 diesinterrogaviteum
1283 4868 1403 4926 rex,
1428 4858 1621 4911 utrum
1644 4868 1841 4911 secum
1860 4858 1958 4912 aut

313 4956 444 5000 eum
476 4940 777 4999 Perhctari
800 4942 1084 4999 libentius
1112 4948 1288 5001 esset.
1316 4942 1419 5001 Ille
1448 4946 1639 5000 autem
1684 4944 1960 5017 coepitju-

312 5031 496 5090 rando
529 5032 746 5105 dicere,
783 5032 935 5105 quod
967 5033 1150 5107 magis
1178 5037 1415 5106 optaret
1464 5049 1595 5091 cum
1653 5032 1956 5091 Perhctari

312 5122 479 5193 mori,
524 5137 694 5195 quam
720 5124 1068 5196 ubicumque
1088 5124 1145 5180 in
1174 5123 1441 5182 maximis
1472 5123 1698 5181 deliciis
1732 5124 1947 5183 vivere.

309 5210 526 5271 Deinde
554 5212 788 5271 vocavit
806 5214 1193 5273 vestararium
1240 5212 1422 5286 illum,
1474 5217 1532 5272 et
1557 5212 1738 5286 jussit
1792 5227 1944 5286 eum,

2076 4500 2355 4556 Posthaac
2382 4500 2533 4558 idem
2553 4501 2820 4556 Perhtari
2843 4498 3412 4557 fecitmonasterium
3440 4498 3495 4554 in
3517 4497 3720 4555 eodem

2078 4586 2205 4645 loco
2239 4587 2390 4645 unde
2422 4589 2586 4661 prius
2618 4590 2867 4660 fugerat,
2893 4594 2953 4645 et
2978 4588 3111 4645 fecit
3168 4585 3310 4644 illud
3354 4586 3613 4643 dedicari
3662 4585 3719 4641 in

2075 4675 2350 4734 honerem
2396 4678 2493 4734 Dei
2525 4683 2584 4734 et
2633 4683 2850 4735 sanctae
2904 4676 3148 4747 virginis
3188 4675 3447 4746 Agathze,
3492 4675 3550 4731 in
3606 4689 3722 4746 quo

2076 4765 2291 4823 multas
2320 4766 2579 4837 virgines
2608 4766 3005 4838 congregavit,
3039 4765 3337 4837 multaque
3378 4766 3719 4822 ornamenta

2073 4859 2131 4912 et
2155 4855 2520 4912 substantias
2550 4855 2630 4912 ibi
2650 4855 2830 4913 dedit.
2888 4854 3043 4912 Fecit
3071 4858 3265 4912 autem
3305 4857 3363 4910 et
3394 4868 3541 4910 uxor
3590 4852 3718 4923 ejus

2070 4944 2393 5002 Rodelinda
2423 4944 2750 5002 aecclesiam
2775 4946 2832 5000 in
2856 4944 3133 5002 honorem
3163 4945 3383 5002 sancte
3430 4941 3529 4998 Dei
3559 4940 3720 5012 geni-

2068 5034 2240 5092 tricis
2272 5032 2607 5106 etVirginis
2639 5034 2828 5092 Mariae
2849 5033 2991 5091 foris
3028 5046 3228 5090 muros
3251 5030 3455 5102 Ticini,
3499 5030 3556 5086 in
3583 5028 3715 5086 loco

2067 5122 2166 5195 qui
2207 5122 2427 5182 dicitur
2486 5124 2556 5181 ad
2610 5122 2893 5197 Perticae,
2946 5121 3231 5180 deeorans
3274 5134 3402 5179 eam
3454 5118 3718 5178 mirificis

2058 5214 2430 5274 ornamentis.

1666 5376 1902 5434 VARUE
1942 5377 2236 5437 LECTION
2244 5378 2346 5438 ES.

380 5500 475 5539 me
497 5500 645 5561 amic
677 5508 727 5560 1.
762 5500 854 5538 ιοιτ
882 5502 1047 5561 xvn.
1077 5515 1229 5577 corr,
1286 5502 1449 5562 xvu.
1497 5508 1545 5561 ι.
