3992 6062
194 172 324 267 eos

1079 166 1515 230 CHRONICA.
1551 200 1627 211 --
1658 163 2133 244 CHHONICON
2179 165 2727 230 UNIVERSALE.

3492 175 3611 236 806

273 305 462 376 Igitur
492 302 759 359 Perhtari
790 316 919 359 cum
953 305 1224 372 regnaret
1258 299 1422 357 solus
1455 316 1557 372 per
1588 314 1771 356 annos
1790 304 1843 370 7,
1881 301 1935 360 A
1965 300 2163 358 missis
2193 301 2427 372 decidit,
2454 315 2623 373 quem
2667 302 2822 359 filius
2855 302 3094 359 Aldonis
3120 305 3302 362 adhuc
3327 307 3609 378 puerulus

194 396 257 451 in
283 400 497 451 octavo
522 407 674 449 anno
691 391 984 448 ordinavit
1002 390 1382 455 Cunibertum
1405 390 1582 446 filium
1599 404 1767 446 suum
1792 390 1849 443 in

194 499 406 554 regno,
427 488 489 540 ut
516 482 737 555 pariter
769 485 1104 551 regnarent,
1128 485 1187 537 et
1213 483 1600 549 regnaverunt
1631 479 1852 550 pariter

201 588 313 646 per
343 572 544 628 decem
592 585 794 627 annos.
831 572 1089 640 Cumque
1122 571 1175 625 in
1226 571 1379 625 omni
1422 569 1852 640 tranquillitate

202 664 546 731 regnarent,
579 659 839 716 surrexit
872 663 1071 714 contra
1114 674 1217 715 eos
1260 658 1416 716 filius
1456 658 1692 728 diaboli,
1726 658 1854 713 Ala-

197 748 449 806 chis‘m
481 748 728 817 nomine,
793 748 862 803 de
919 748 1220 813 Tridento;
1280 748 1379 803 sed
1437 747 1849 816 Chunibertus,

200 838 363 894 titius
404 836 576 907 regis,
614 836 864 906 diligens
903 835 1133 891 Alachis
1166 836 1275 901 ‘0‘“,
1312 835 1602 891 revocavit
1634 850 1762 890 eum
1798 835 1852 889 in

198 926 452 996 gratiam
490 923 672 997 patris
720 924 826 980 sui.
865 924 1009 995 Sepe
1042 924 1255 995 quippe
1284 923 1469 979 voluit
1502 939 1603 979 rex
1638 923 1856 978 interfi-

197 1028 346 1071 cere
379 1013 638 1069 Alaehim
672 1011 793 1065 1°“°:
821 1011 920 1068 sed
948 1011 1340 1068 Chunibertus
1364 1027 1594 1083 semper
1625 1011 1852 1080 rogavit

198 1118 314 1175 pro
346 1118 435 1173 eo,
492 1116 736 1174 sperans
769 1101 923 1171 quod
957 1100 1268 1172 aliquando
1301 1101 1351 1156 ei
1412 1100 1602 1158 ﬁdelis
1660 1104 1850 1166 esset;

199 1194 445 1265 insuper
494 1208 606 1248 non
640 1192 893 1248 cessavit
947 1204 1154 1261 rogare
1199 1195 1447 1261 patrem,
1508 1194 1569 1245 ut
1604 1189 1767 1245 daret
1798 1188 1852 1244 ei

200 1283 483 1340 ducatum
506 1281 737 1338 Brixiae.
764 1280 1031 1337 Perhtari
1055 1295 1193 1336 vero
1218 1279 1364 1336 dixit
1389 1298 1400 1333 :
1434 1278 1530 1335 Ad
1549 1280 1855 1351 tuamper-

198 1370 495 1429 ditionem
510 1369 618 1428 hoc
626 1371 903 1441 rogas,ut
915 1369 1059 1427 talis
1066 1369 1345 1441 potentia
1354 1368 1854 1427 virtutemAlachi

200 1459 356 1529 dem,
404 1460 476 1517 ut
509 1458 713 1531 possit
752 1473 1025 1529 requare.
1063 1458 1279 1515 Civitas
1309 1473 1556 1529 namque
1589 1458 1851 1514 Brixiana

201 1562 441 1620 semper
492 1547 695 1604 habuit
752 1547 1182 1604 multitudinem
1212 1548 1283 1604 de
1311 1547 1608 1604 nobilibus
1636 1548 1855 1618 Longo-

200 1636 437 1702 bardis;
474 1642 720 1708 prepter
751 1637 858 1692 hoc
893 1637 1084 1692 timuit
1115 1637 1403 1703 Perhtari,
1439 1636 1592 1707 quod
1619 1635 1854 1693 Alachis

200 1725 285 1781 ibi
317 1724 735 1782 dominaretur.
791 1727 1101 1796 Postquam
1162 1729 1354 1782 autem
1406 1726 1554 1781 idem
1586 1724 1851 1780 Pcrhtari

200 1814 471 1883 regnavit
506 1828 607 1885 per
639 1828 822 1869 annos
854 1817 939 1883 ’18,
977 1813 1287 1870 defunctus
1318 1819 1427 1884 est,
1463 1819 1520 1868 et
1549 1813 1715 1883 juxta
1746 1829 1851 1869 mc-

199 1901 464 1972 clesiani,
484 1917 653 1973 quam
672 1901 978 1973 Aripertus
998 1906 1164 1974 pater
1178 1902 1305 1972 ejus
1325 1902 1565 1971 fecerat,
1582 1900 1854 1973 sepultus

200 1994 319 2048 est.
344 1992 485 2048 Post
510 1997 752 2047 mortem
776 2006 916 2047 vero
937 1990 1063 2060 ejus
1088 1991 1503 2061 Chunibertus,
1526 1990 1680 2047 illius
1704 1991 1851 2061 ejus,

205 2078 343 2137 tulit
374 2094 613 2136 uxorem
638 2080 865 2136 nomine
894 2080 1304 2151 Ermelindam,
1336 2080 1407 2135 de
1439 2095 1654 2150 genere
1687 2078 1852 2151 Angli

205 2181 515 2224 saxonum.
542 2167 773 2225 Alachis
794 2183 935 2224 vero
967 2167 1188 2225 oblitus
1209 2169 1400 2225 omnia
1431 2169 1602 2240 bona,
1639 2184 1767 2240 quae
1797 2169 1854 2225 in

206 2270 342 2313 eum
373 2257 511 2313 fecit
565 2256 979 2328 Chunibertus,
1036 2257 1231 2327 junxit
1262 2273 1325 2314 se
1356 2274 1486 2314 cum
1544 2258 1764 2315 Aldone
1795 2263 1852 2315 et

208 2343 510 2402 Grausone
534 2347 603 2401 de
628 2346 817 2402 Brixia
842 2352 900 2402 et
928 2361 1058 2403 cum
1101 2346 1299 2403 multis
1332 2348 1765 2417 Longobardis;
1796 2351 1853 2404 et

204 2449 342 2492 cum
377 2449 486 2491 non
518 2438 678 2491 esset
710 2434 1105 2490 Chunibertus
1137 2435 1191 2491 iu
1225 2435 1420 2507 Papia,
1455 2435 1723 2492 introivit
1758 2436 1853 2493 ille

205 2523 265 2578 in
300 2523 576 2595 palatium
609 2538 752 2594 ejus.
810 2529 872 2579 et
920 2523 1225 2580 rebellavit
1282 2524 1353 2580 ei.
1387 2523 1549 2589 Quod
1612 2524 1855 2581 audiens

207 2610 621 2681 Chunibertus,
660 2612 807 2683 fugit
848 2613 1002 2668 intra
1034 2613 1219 2668 lacum
1254 2612 1511 2668 Larrium
1548 2613 1713 2683 juxta
1750 2616 1855 2670 Cu-

205 2715 376 2756 mam.
414 2702 586 2757 Facta
618 2705 709 2757 est
751 2706 943 2757 autem
976 2716 1178 2771 magna
1229 2701 1533 2758 tribulatio
1582 2702 1854 2759 omnibus

204 2789 304 2861 qui
338 2803 469 2845 eum
500 2790 792 2860 amabant,
844 2791 1090 2846 maxime
1122 2790 1357 2847 clericis
1386 2796 1443 2847 et
1484 2791 1849 2863 presbiter-is,

206 2893 357 2949 quos
379 2878 612 2935 Alachis
635 2878 770 2935 odio
794 2879 1065 2936 habebat.
1094 2881 1232 2935 Erat
1251 2884 1445 2936 autem
1464 2880 1565 2936 illo
1590 2884 1852 2952 tempore

208 2966 268 3022 in
287 2967 575 3024 Ticinensi
606 2967 873 3025 aecclesia
906 2969 1217 3040 episcopus
1260 2968 1492 3025 nomine
1523 2970 1848 3041 Damianus,

211 3055 799 3113 sanctissimushomo
813 3062 986 3127 atque
1002 3057 1848 3129 sapientisaimuslfievidens,
1885 3024 1932 3087 Ο

212 3145 367 3215 quod
400 3144 634 3202 Alachis
656 3145 900 3201 haberet
926 3145 1222 3217 palatium,
1248 3160 1318 3202 ne
1341 3145 1604 3203 aacelesia
1638 3162 1737 3204 sua
1760 3149 1851 3204 vel

206 3232 329 3305 ipse
358 3232 592 3304 aliquod
634 3233 844 3289 malum
894 3239 1217 3305 pateretur,
1255 3235 1413 3290 misit
1459 3235 1529 3291 ad
1556 3250 1686 3292 eum
1718 3252 1849 3292 cum

206 3320 612 3378 benedictione
640 3322 921 3379 (ecclesiae
945 3338 1067 3380 sum
1091 3324 1402 3381 diaconum
1428 3339 1594 3381 suum
1620 3326 1849 3381 nomine

204 3408 494 3481 Thomam,
535 3411 853 3482 sapientem
900 3412 1190 3469 hominem
1221 3418 1282 3469 et
1311 3414 1675 3484 religiosum.
1710 3415 1848 3470 Cum

205 3513 319 3571 que
345 3499 681 3557 nunciatum
714 3505 870 3558 esset
900 3502 975 3572 ei,
1009 3502 1160 3573 quod
1191 3502 1417 3559 veniret
1441 3503 1511 3559 ad
1544 3518 1674 3559 eum
1704 3504 1851 3560 Tho-

205 3602 329 3645 mas
373 3588 654 3646 diaconus
692 3604 821 3646 cum
855 3590 1261 3647 benedictione
1291 3590 1550 3663 episcopi
1584 3592 1695 3663 sui,
1730 3592 1855 3649 Ala-

205 3677 353 3749 chis,
378 3694 482 3750 pro
502 3693 572 3735 eo
590 3678 744 3750 quod
766 3693 968 3736 omnes
989 3679 1239 3737 clericos
1257 3681 1391 3737 odio
1412 3681 1682 3754 habebat,
1705 3698 1855 3739 man-

207 3766 364 3823 davit
396 3768 469 3837 ei,
506 3767 703 3825 dicens
737 3769 848 3825 :Si
861 3768 1217 3840 femoralia,
1250 3770 1317 3827 id
1337 3770 1427 3828 est
1452 3770 1664 3829 bracas
1692 3787 1854 3830 mun-

206 3856 315 3914 das
344 3855 538 3928 habet,
570 3858 759 3915 intret
786 3858 868 3915 ad
883 3872 995 3930 me,
1018 3860 1116 3916 sin
1136 3860 1353 3931 autem,
1361 3860 1532 3933 foris
1560 3861 1689 3919 stet.
1713 3862 1856 3918 Tho-

208 3959 329 4002 mas
359 3949 552 4003 autem
604 3946 908 4019 respondit
939 3967 958 4003 :
990 3948 1289 4007 Nunciate
1339 3949 1413 4019 ei,
1443 3952 1596 4021 quia
1629 3952 1856 4008 munda

192 4033 528 4107 femoralia
549 4034 767 4105 habeo;
796 4050 938 4093 nam
958 4037 1131 4093 hodie
1154 4037 1306 4094 totas
1338 4038 1510 4096 indui
1528 4040 1723 4096 vestes.
1753 4040 1853 4095 [lle

209 4126 401 4180 autem
426 4123 790 4181 remandavit
815 4126 867 4181 ei
894 4127 1056 4185 :Non
1076 4126 1206 4183 dico
1230 4127 1300 4182 de
1307 4127 1732 4200 femora/ibus,
1753 4129 1858 4187 sed

209 4212 281 4268 de
306 4225 368 4268 eo
388 4214 547 4285 quod
566 4213 735 4271 intra
756 4215 1077 4277 femoralia
1113 4214 1306 4272 habet.
1345 4217 1430 4272 Ad
1460 4215 1583 4273 haec
1608 4217 1853 4275 Thomas

208 4300 488 4359 diaconus
521 4302 823 4375 respondit
851 4323 863 4358 :
887 4305 1046 4361 Deus
1065 4305 1228 4361 solus
1237 4305 1438 4376 potest
1458 4304 1528 4362 de
1539 4305 1635 4363 his
1652 4306 1855 4365 causis

1966 388 2035 445 de
2067 395 2225 446 terra
2256 390 2491 461 collegit
2523 392 2691 462 eique
2715 390 2989 449 reddidit.
3018 391 3123 459 Qui
3156 408 3418 467 seprans,
3453 398 3606 469 quod

1965 479 2088 550 ipse
2123 494 2265 551 puer
2310 479 2497 536 adhuc
2539 480 2714 537 nichil
2761 481 3152 552 intellegeret,
3197 482 3341 539 dixit
3378 486 3608 543 :Pater

1966 568 2102 625 tuus
2113 570 2329 625 mullos
2351 569 2529 626 habet
2546 570 2617 625 de
2638 571 2811 640 istis;
2829 573 2885 629 si
2908 573 3066 629 Deus
3094 572 3369 643 voluerit,
3394 576 3460 631 iu
3471 591 3607 646 pro-

1962 656 2125 713 ximo
2176 659 2427 727 tempore
2467 658 2651 715 michi
2703 660 2957 717 daturus
2986 661 3077 718 est
3100 676 3210 718 eos.
3247 663 3385 718 Cum
3415 669 3608 719 autem

1966 745 2244 817 puerulus
2268 745 2339 801 ad
2363 761 2667 818 vesperum
2693 748 2913 803 rediret
2947 749 3200 818 domum,
3226 750 3611 821 interrogavit

1964 850 2093 891 eum
2127 837 2291 905 pater
2311 851 2472 906 suus,
2496 834 2544 891 si
2568 851 2673 892 rex
2694 835 2914 906 aliquid
2938 836 3185 893 dixisset
3218 838 3288 894 ad
3317 853 3466 895 eum.
3503 838 3611 905 Qui

1965 939 2094 979 cum
2120 923 2171 979 ei
2196 924 2529 981 nunciasset
2551 924 2738 981 omnia
2765 926 2916 980 facta
2942 932 2999 979 et
3030 925 3205 997 dicta,
3244 926 3440 983 timuit
3464 927 3623 984 Aldo

1967 1012 2218 1081 fortiter,
2270 1017 2329 1068 et
2370 1012 2588 1069 vadens
2623 1014 2690 1068 ad
2742 1015 2981 1069 fratrem
3032 1029 3197 1071 suum
3231 1016 3606 1087 Grausoueni,

1967 1101 2257 1158 nunciavit
2281 1102 2332 1156 ei
2375 1101 2531 1172 regis
2554 1103 2751 1173 verba,
2777 1103 3093 1174 statimque
3114 1108 3419 1171 coeperunt
3443 1104 3611 1161 ambo

1965 1190 2263 1247 consiliari
2295 1206 2426 1247 cum
2466 1191 2664 1247 amicis
2710 1191 2833 1248 suis
2865 1191 2936 1247 de
2969 1192 3209 1248 interitu
3245 1193 3418 1263 regis.
3450 1194 3611 1248 Mane

1966 1281 2155 1333 autem
2197 1283 2582 1348 perrexerunt
2613 1279 2681 1334 ad
2713 1278 3010 1350 palatium,
3047 1284 3105 1335 et
3138 1280 3222 1336 sie
3254 1279 3324 1335 ad
3371 1278 3610 1335 Alachin

1965 1365 2147 1422 locuti
2173 1370 2334 1422 sunt:
2371 1365 2528 1433 Quid
2548 1366 3235 1439 dignarissemperstare
3256 1370 3321 1425 in
3336 1367 3614 1425 civitate?

1963 1457 2115 1512 Ecce
2128 1456 2249 1512 tota
2261 1456 2477 1513 civitas
2490 1456 2549 1511 et
2560 1458 2872 1514 universus
2879 1472 3040 1529 popu
3047 1458 3137 1514 lus
3160 1456 3272 1514 tibi
3280 1457 3490 1529 ﬁdelis
3503 1458 3609 1527 est,

1965 1545 2297 1602 etebriosus
2326 1545 2434 1601 ille
2468 1544 2868 1603 Chunibertus
2898 1548 2961 1603 iu
2993 1547 3224 1603 tantum:
3252 1546 3613 1605 humiliatus

1884 1665 1936 1723 Β
1968 1635 2072 1703 est,
2090 1635 2155 1689 ut
2155 1636 2289 1705 jam
2304 1648 2439 1705 amp
2447 1634 2564 1691 lius
2575 1635 2857 1691 virtutem
2869 1634 3145 1706 aliquam
3156 1636 3363 1693 contra
3377 1637 3429 1692 te
3440 1634 3614 1693 habe-

1965 1738 2031 1780 re
2043 1738 2152 1779 non
2153 1722 2366 1793 possit.
2384 1723 2507 1780 Exi
2522 1738 2657 1795 ergo
2670 1724 2741 1780 de
2762 1724 3027 1795 civitate,
3044 1726 3104 1780 et
3115 1725 3265 1781 vade
3274 1724 3342 1781 in
3352 1726 3614 1782 venatio-

1965 1826 2239 1870 nemcum
2268 1811 2594 1883 juvenibus
2608 1813 2751 1883 tuis,
2773 1827 2879 1870 nos
2890 1813 3088 1870 autem
3098 1827 3230 1871 cum
3254 1814 3403 1871 aliis
3418 1814 3615 1885 ﬁdeli-

1968 1901 2073 1959 bus
2096 1901 2219 1959 tuis
2250 1902 2625 1974 defendimus
2649 1900 2760 1959 tibi
2791 1901 2949 1960 hanc
2964 1902 3297 1972 civitatem;
3310 1902 3414 1960 sed
3433 1902 3618 1961 ethoc

1959 1991 2368 2062 promittimus
2401 1989 2531 2061 tibi,
2562 1992 2629 2047 ut
2656 1991 2719 2047 in
2728 1994 3010 2062 proximo
3032 1992 3285 2063 tempore
3300 1993 3482 2063 caput
3499 1993 3617 2050 ini-

1963 2079 2105 2137 mici
2121 2080 2210 2137 tui
2227 2080 2580 2137 Chuniberti
2604 2080 2974 2137 adducamus
2988 2080 3118 2139 tibi.
3155 2080 3388 2137 Alachis
3417 2085 3612 2138 autem

1961 2170 2131 2240 juxta
2162 2168 2488 2225 suasionem
2520 2184 2723 2226 eorum
2754 2169 2933 2224 exivit
2955 2169 3025 2225 de
3053 2170 3292 2225 civitate
3324 2169 3379 2225 in
3409 2169 3613 2227 silvam

1967 2258 2038 2315 ad
2073 2256 2395 2314 venandum
2444 2273 2573 2315 cum
2633 2257 2962 2315 hominibus
2992 2258 3134 2315 suis.
3190 2258 3337 2314 Aldo
3383 2273 3524 2315 vero
3554 2264 3616 2316 et

1966 2347 2188 2404 Grauso
2217 2347 2408 2403 ierunt
2435 2346 2504 2401 ad
2528 2346 2718 2402 lacum
2750 2346 3142 2417 Cumacinum,
3165 2351 3223 2401 et
3247 2346 3497 2417 ingressi
3520 2362 3616 2403 na-

1965 2434 2100 2504 vim,
2118 2438 2505 2505 perrexerunt
2527 2433 2599 2490 ad
2623 2450 2817 2504 regem
2834 2434 3285 2505 Ehunibertum,
3320 2440 3379 2490 et
3396 2434 3619 2504 jactan-

1965 2528 2056 2579 tes
2078 2538 2139 2579 se
2174 2524 2240 2578 ad
2276 2524 2454 2595 pedes
2480 2523 2628 2595 ejus,
2662 2524 2886 2580 veniam
2912 2524 3187 2595 petebant
3219 2524 3291 2580 de
3323 2524 3430 2581 hoc
3460 2523 3615 2596 quod

1965 2618 2165 2669 contra
2198 2628 2327 2669 eum
2365 2615 2648 2684 fecerunt,
2672 2616 2728 2669 et
2764 2611 3167 2669 indicaverunt
3189 2612 3263 2684 ei,
3300 2612 3468 2685 quale
3500 2627 3617 2669 ma-

1966 2702 2081 2759 lum
2114 2703 2201 2759 eis
2236 2703 2427 2759 facere
2459 2702 2710 2759 voluerit
2754 2701 2986 2758 Alachis
3014 2708 3075 2758 et
3104 2701 3273 2772 quale
3305 2701 3614 2760 consilium

1965 2791 2231 2849 dederint
2255 2793 2326 2847 ei.
2344 2791 2508 2858 Quod
2528 2791 2770 2849 audiens
2796 2808 2899 2847 rex
2926 2792 3341 2862 Chunibertus,
3381 2792 3617 2862 gavisus

1964 2886 2053 2937 est
2076 2880 2261 2947 valde,
2294 2886 2350 2936 et
2375 2880 2973 2937 sacramentuminter
3004 2896 3066 2937 se
3080 2881 3388 2952 dederunt,
3411 2886 3470 2937 et
3501 2886 3616 2938 sta-

1963 2974 2203 3027 tuerunt
2228 2970 2399 3038 diem,
2427 2970 2657 3040 quando
2681 2969 3076 3026 Chunibertus
3097 2970 3354 3026 Ticinum
3389 2971 3615 3027 veniret

1965 3060 2194 3132 ipsique
2215 3073 2343 3114 eum
2370 3058 2424 3112 iu
2451 3057 2749 3113 civitatem
2775 3058 3256 3114 intromitterent.
3284 3058 3616 3115 Constituto

1965 3154 2158 3206 autem
2184 3146 2275 3205 die
2300 3147 2453 3203 venit
2490 3147 2899 3218 Chunibertus,
2928 3152 2982 3201 (-t
3009 3147 3112 3218 illi,
3138 3147 3289 3203 sicut
3338 3148 3616 3219 promise-

1965 3241 2115 3308 rant,
2144 3241 2446 3307 gratanter
2492 3250 2624 3292 eum
2664 3240 3071 3307 susceperunt.
3103 3237 3258 3292 Tunc
3306 3251 3504 3293 omnes
3539 3237 3615 3293 si-

1967 3324 2103 3396 mul,
2138 3324 2450 3397 episcopus
2489 3330 2548 3381 et
2580 3324 2894 3397 presbiteri
2927 3328 2984 3380 et
3031 3323 3251 3395 clerici,
3274 3324 3522 3395 juvenes
3554 3331 3611 3382 et

1963 3427 2154 3483 senes,
2191 3428 2318 3469 cum
2365 3414 2579 3483 gaudio
2626 3417 3015 3470 cucurrerunt
3074 3413 3144 3470 ad
3183 3429 3335 3485 eum,
3393 3415 3615 3485 gratias

1965 3504 2205 3571 agentes
2234 3502 2349 3556 Deo
2381 3516 2488 3572 pro
2522 3501 2713 3557 reditu
2746 3500 2894 3571 ejus,
2926 3504 2986 3556 et
3009 3499 3105 3556 alii
3131 3500 3618 3573 amplexabantur

1960 3605 2148 3662 genua
2181 3591 2330 3661 ejus,
2384 3594 2444 3645 et
2476 3587 2572 3644 alii
2607 3589 2813 3661 pedes;
2864 3588 2966 3646 sed
2998 3594 3058 3645 et
3090 3589 3188 3646 ille
3236 3590 3389 3662 quod
3421 3592 3615 3663 potuit

1964 3679 2332 3736 familiariter
2372 3678 2672 3735 osculatus
2702 3683 2813 3735 est.
2878 3679 3082 3735 Subito
3140 3684 3333 3736 autem
3366 3680 3615 3737 nuncius

1963 3768 2173 3825 exinde
2205 3768 2446 3824 veniens
2481 3767 2552 3822 ad
2585 3766 2938 3838 Alachisum,
2973 3767 3124 3823 dixit
3151 3768 3226 3839 ei,
3261 3767 3417 3839 quod
3469 3766 3617 3825 Aldo

1963 3864 2019 3915 et
2042 3859 2266 3915 Grauso
2289 3871 2400 3913 non
2425 3861 2650 3912 tantum
2681 3862 2858 3929 caput
2880 3857 3241 3928 Cbuniberti,
3297 3858 3449 3914 sicut
3487 3872 3619 3929 pro-

1965 3948 2264 4017 miserant,
2300 3946 2402 4003 sed
2435 3952 2493 4002 et
2527 3950 2713 4001 totum
2742 3961 2959 4018 corpus
2985 3946 3114 4016 ejus
3142 3946 3525 4004 adduxissent
3558 3951 3620 4003 et

1964 4035 2020 4091 in
2052 4034 2331 4108 palatium
2376 4033 2690 4090 misissent.
2727 4033 2892 4100 Quod
2948 4033 3044 4090 ille
3072 4032 3338 4104 audiens,
3397 4034 3614 4091 contri-

1964 4129 2157 4182 status
2183 4126 2275 4180 est
2304 4121 2495 4193 valde,
2544 4126 2601 4177 et
2635 4137 2764 4179 cum
2797 4136 3005 4193 magno
3035 4122 3233 4179 furore
3283 4121 3611 4193 discedens,

1966 4214 2066 4271 ivit
2091 4228 2195 4285 per
2227 4211 2605 4283 Placentiam,
2656 4216 2716 4267 et
2748 4211 2962 4268 multas
3010 4211 3305 4282 civitates,
3338 4211 3482 4267 alias
3514 4226 3618 4283 per

1966 4302 2307 4373 blandicias,
2344 4300 2489 4357 alias
2520 4300 2573 4357 vi
2616 4299 3059 4373 apprehendens
3087 4300 3469 4370 congregavit
3499 4314 3619 4356 om-

204 4390 1850 4467 reprehensioneminmeinvenire,illeautemnonpotest.
1882 4385 1937 4446 D
1968 4406 2072 4448 nes
2096 4406 2241 4463 quos
2255 4391 2466 4462 potuit,
2490 4394 2550 4447 ut
2574 4406 2704 4449 cum
2728 4388 3085 4448 Chuniberto
3108 4394 3415 4464 pugnaret.
3451 4392 3618 4447 Cum-

210 4479 466 4551 Cumque
500 4479 659 4538 illum
706 4481 925 4538 intrare
958 4482 1215 4550 fecisset,
1249 4498 1376 4539 cum
1424 4498 1626 4554 magna
1662 4484 1745 4540 ira
1774 4485 1850 4541 lo-

208 4572 380 4626 cut-us
399 4575 490 4626 est
531 4570 602 4627 ei.
632 4572 796 4638 Quod
830 4570 1135 4630 audientes
1166 4588 1367 4630 omnes
1394 4572 1616 4647 clerici,
1648 4575 1855 4634 timue-

211 4662 347 4714 runt
374 4658 610 4716 nimium
636 4664 944 4732 sperantes
970 4661 1121 4733 quod
1148 4661 1202 4718 in
1230 4662 1325 4717 illa
1350 4663 1589 4721 civitate
1614 4671 1855 4737 propter

210 4746 621 4805 crudelitatem
645 4750 771 4819 ejus
792 4750 988 4807 vivere
1012 4766 1123 4808 non
1150 4757 1410 4823 possent,
1433 4761 1855 4825 coeperuntque

208 4839 435 4893 tantum
483 4838 823 4896 desiderare
853 4845 910 4895 et
941 4854 1134 4897 amare
1188 4842 1606 4899 Cbunibertum
1660 4857 1855 4913 regem

210 4939 399 4997 suum,
426 4931 703 4997 quantum
733 4928 1045 4987 audierunt
1077 4930 1317 4986 Alachin
1351 4931 1649 4987 crudelem
1682 4936 1741 4986 et
1763 4947 1857 4989 su-

210 5015 474 5086 perbum.
522 5016 680 5073 Unde
717 5018 1038 5075 crudelitas
1066 5019 1192 5090 ejus
1214 5023 1272 5076 et
1302 5019 1577 5091 superbia
1611 5035 1724 5076 non
1755 5021 1857 5079 du-

211 5103 362 5159 ravit
391 5119 495 5176 per
527 5110 788 5178 tempora
820 5107 1021 5164 multa.
1049 5109 1309 5180 Denique
1330 5123 1461 5165 cum
1491 5108 1737 5180 quadam
1762 5109 1856 5167 die

210 5189 430 5249 solidos
461 5208 637 5267 super
678 5210 933 5253 mensam
963 5211 1127 5254 suam
1174 5201 1530 5270 numeraret,
1569 5212 1716 5255 unus
1745 5202 1857 5255 tre-

1969 4495 2080 4554 que
2110 4479 2501 4539 Chunibertus
2532 4487 2773 4539 econtra
2804 4496 2940 4539 suos
2972 4481 3299 4553 colligeret,
3330 4494 3616 4539 convene-

1967 4575 2101 4629 runt
2128 4573 2184 4627 in
2204 4586 2407 4644 campo
2446 4573 2543 4644 qui
2587 4574 2912 4630 Coronatus
2938 4572 3175 4643 dicitur,
3214 4572 3408 4643 ibique
3440 4574 3619 4628 stete-

1968 4666 2124 4719 runt.
2140 4661 2497 4719 Misitautem
2531 4662 2923 4720 Chunibertus
2938 4662 3009 4719 ad
3023 4660 3357 4718 Alachisum
3370 4660 3574 4717 dicens
3601 4678 3614 4713 :

1972 4753 2049 4810 Ut
2063 4753 2215 4824 quid
2212 4753 2383 4824 perit
2396 4752 2567 4809 tanta
2580 4752 2882 4810 hominum
2896 4751 3251 4809 multitudo?
3276 4751 3620 4821 Puqnemus

1968 4854 2070 4912 ego
2092 4841 2152 4897 et
2169 4841 2250 4910 tu,
2268 4839 2327 4897 et
2352 4842 2460 4912 qui
2488 4839 2720 4909 vicerit,
2742 4854 2992 4910 regnum
3014 4839 3226 4896 teneat.
3255 4836 3489 4893 Alachis
3522 4851 3620 4892 au-

1966 4933 2084 4986 tem
2116 4928 2321 4987 noluit.
2368 4929 2469 4986 Cui
2501 4928 2647 4985 dixit
2684 4943 2833 4986 unus
2881 4931 2951 4985 de
2980 4926 3193 4999 populo
3242 4941 3370 4997 suo,
3402 4939 3618 4995 genere

1966 5018 2217 5076 Tuscus:
2240 5019 2430 5084 Quare
2449 5033 2567 5076 non
2565 5031 2813 5091 pugnas
2824 5030 2956 5075 cum
2968 5018 3060 5073 eo?
3078 5017 3165 5072 Tu
3175 5029 3235 5073 es
3246 5015 3620 5079 fortissimus

1969 5108 2029 5165 et
2051 5108 2516 5179 audacissimus,
2553 5109 2613 5165 et
2649 5122 2756 5166 cur
2792 5121 2911 5164 non
2939 5107 3070 5164 emis
3096 5119 3230 5163 cum
3258 5104 3523 5163 audacia
3550 5103 3626 5164 ut

1960 5211 2191 5270 pugnes
2217 5211 2349 5257 cum
2391 5198 2489 5256 eo?
2543 5197 2778 5255 Alachis
2829 5194 3132 5269 respondit
3165 5214 3177 5250 :
3216 5193 3617 5253 Chunibertus

1568 5356 1807 5416 VARLE
1843 5358 2242 5417 LECTIONES.

281 5484 372 5524 ⁸⁸⁸⁸
404 5489 588 5549 alahis
612 5504 763 5564 corr,
800 5488 1018 5550 alachis
1048 5498 1097 5549 1.
1187 5491 1278 5526 ¹⁰⁴⁰
1305 5490 1490 5550 alahis
1520 5498 1572 5549 1-

1661 5491 1753 5527 1°”
1781 5492 1991 5555 alahim
2021 5506 2169 5555 corr.
2206 5492 2454 5553 alachim
2486 5499 2539 5553 1.
2571 5492 2631 5555 et
2649 5492 2746 5557 ita
2771 5491 3071 5567 άάηοφες
