3992 6034
417 101 533 169 8οἸ

1581 95 2062 161 EKKEHARDI
2106 95 2665 162 URAUGIENSIS

3717 99 3833 165 808

422 238 704 316 quamvis
732 233 1000 294 ebriosus
1035 235 1136 306 sit,
1173 237 1370 294 {aenea
1400 235 1556 294 satis
1585 234 1913 309 estfortis:
1937 247 2078 290 nam
2107 236 2163 297 Α
2194 234 2570 307 Bomoaldus,
2589 235 2744 293 ﬁlius
2768 235 3103 306 Grimoaldi,
3131 236 3249 292 dux
3272 235 3830 309 Beneventanorum,

420 333 676 402 tempore
685 327 888 400 patris
901 325 998 382 sui
1011 325 1255 396 quando
1269 339 1505 383 eramus
1506 341 1553 397 Ρ
1561 324 1709 392 ueri,
1725 337 1867 380 erau
1877 324 1970 380 tiu
1973 338 2081 394 pa-

2191 328 2547 395 congregato
2569 325 2856 396 exercitu,
2889 328 3068 396 cmpit
3091 339 3426 397 expugnare
3443 327 3752 383 Tarentum
3775 333 3835 383 et

423 419 573 478 latio
592 429 860 476 oerceees
880 414 1158 485 majores,
1186 415 1244 470 et
1265 413 1666 472 C’liuuibertus
1687 412 2086 484 apprehendit
2191 413 2585 484 Brundisium,
2612 418 2667 470 et
2701 419 2883 470 totam
2913 413 3069 469 illam
3103 414 3396 485 regionem
3427 415 3535 472 Sibl
3565 415 3835 487 subjuga-

419 507 685 583 guemois
697 504 748 563 il
753 505 1054 574 [oramper
1086 503 1290 559 lanam
1303 503 1372 559 de
1390 501 1580 570 dorso,
1597 502 1657 557 et
1671 501 2079 572 portariteum

417 611 544 655 uua
563 607 768 665 mauu,
794 591 1292 665 guodegofacere
1325 605 1440 648 nou
1464 591 1752 662 poteram.
1789 589 1950 655 Quod
1981 603 2078 645 au-

420 685 588 743 diens
607 685 829 740 Tuscus
852 680 970 751 ille,
1007 679 1187 735 dixit:
1215 680 1370 738 Situ
1390 694 1522 736 cum
1547 680 1654 736 illo
1671 692 1943 750 pugnare
1961 693 2078 734 ποίη

410 771 664 846 poteris,
688 785 794 828 uec
811 784 900 826 me
927 769 1184 840 amplius
1218 769 1284 824 iu
1305 767 1678 839 adiutorium
1708 766 1988 836 habebis;
2015 771 2074 822 et

417 861 617 919 statim
643 858 852 916 relicto
883 873 970 930 eo,
1000 857 1102 912 ivit
1127 857 1196 913 ad
1223 855 1660 926 Chunibertum,
1691 860 1749 911 ct
1797 855 2071 911 indicavit

417 950 471 1006 ei
494 949 682 1006 omnia
703 948 845 1004 haec.
875 949 1010 1002 Cum
1037 944 1356 1014 autcmjam
1386 959 1568 1016 prope
1598 948 1751 999 esset
1787 949 1843 1000 ut
1873 945 2076 1014 junge-

419 1053 482 1094 re
513 1052 577 1093 se
609 1035 890 1092 deberent
953 1033 1022 1090 ad
1058 1047 1326 1105 pugnam,
1377 1033 1656 1089 diaconus
1711 1033 1944 1103 quidam
1977 1048 2077 1088 no-

417 1127 568 1183 mine
590 1125 760 1188 Seno,
795 1123 1037 1180 multum
1089 1137 1289 1178 amans
1321 1123 1741 1178 Chunibertum
1775 1127 1834 1177 et
1862 1122 2076 1178 timens

418 1214 572 1287 quod
608 1214 664 1269 in
697 1212 895 1269 eadem
943 1226 1132 1284 pugna
1192 1215 1542 1279 moreretur,
1595 1209 1744 1265 dixit
1789 1211 1858 1266 ad
1893 1224 2021 1266 eum
2056 1229 2068 1264 :

415 1306 666 1364 Domine
685 1304 771 1360 mi
813 1317 938 1371 rem,
965 1301 1156 1358 omnis
1198 1314 1330 1372 spes
1371 1300 1574 1357 nosbra
1597 1301 1664 1356 iu
1705 1299 1896 1372 ωδε,-
1922 1301 1978 1356 si
2010 1299 2074 1355 tu

412 1393 684 1452 mortuus
689 1392 901 1464 fueris
929 1391 994 1446 iu
1003 1403 1236 1461 pugna,
1261 1402 1458 1445 omnes
1477 1387 1708 1458 uosille
1727 1387 2074 1446 crudelissi-

415 1495 549 1540 mus
569 1479 820 1539 Alacltis
844 1493 952 1551 per
974 1478 1214 1535 dirersa
1233 1477 1462 1534 occidet
1487 1477 1798 1534 tormenta.
1823 1477 2074 1533 Placeat

412 1567 1076 1644 itaquetibicousilium
1099 1581 1310 1636 meum,
1339 1565 1397 1622 et
1413 1567 1487 1622 da
1499 1566 1654 1623 milli
1667 1566 1869 1623 omuia
1897 1579 2071 1622 arma
2099 1594 2152 1654 B

413 1661 539 1730 tua,
557 1660 614 1717 et
623 1672 727 1730 ego
739 1657 954 1714 cadam
970 1655 1308 1728 etpuguabo
1321 1670 1453 1711 cum
1474 1655 1588 1712 isto
1600 1653 1968 1711 adversario.
1993 1655 2071 1712 Si

413 1762 516 1820 ego
536 1746 806 1804 mortuus
821 1747 1008 1815 fuero,
1037 1744 1102 1800 lu
1123 1757 1405 1814 recupera
1416 1742 1504 1800 bis
1528 1757 1773 1800 causam
1795 1743 1996 1811 tuam;
2014 1743 2070 1799 si

410 1837 619 1906 cicero,
633 1836 920 1906 majorem
933 1833 1074 1890 inde
1097 1831 1340 1889 habebis
1367 1832 1650 1904 gloriam,
1667 1833 1930 1903 guiaper
1949 1846 2070 1889 ser-

409 1939 548 1982 vum
571 1925 738 1981 tuum
757 1922 1003 1980 habebis
1035 1923 1366 1978 eicior-iam.
1395 1922 1650 1992 Cumque
1677 1921 2068 1977 Chunibertus

410 2015 520 2071 hoc
554 2013 787 2069 omnino
821 2016 1141 2072 recusaret.
1187 2015 1541 2080 rogaverunt
1581 2024 1711 2066 eum
1745 2009 2066 2066 ﬁdelissimi

409 2103 498 2160 sui
533 2103 628 2175 qui
662 2102 924 2170 aderant,
987 2104 1048 2156 ut
1093 2100 1143 2155 ei
1173 2099 1556 2156 consentiret.
1608 2101 1762 2156 Tunc
1809 2098 1906 2154 ille
1935 2115 2070 2156 con-

409 2191 614 2262 sensit,
664 2191 1052 2260 indutumque
1100 2189 1398 2245 diaconem
1425 2187 1695 2244 omnibus
1726 2187 1902 2244 armis
1948 2189 2071 2244 suis

417 2295 526 2352 pro
557 2293 622 2336 se
651 2279 722 2335 ad
756 2292 1004 2350 pugnam
1029 2277 1207 2334 misit.
1245 2279 1500 2347 Cumque
1524 2281 1851 2348 pugnarent
1886 2277 2068 2332 amba:

410 2373 637 2442 partes,
672 2366 905 2424 Alachis
926 2380 1156 2437 semper
1187 2363 1550 2435 intendebat,
1579 2365 1674 2422 ubi
1699 2366 1846 2420 Scno
1877 2364 2069 2420 diaco-

412 2472 522 2515 nus
557 2458 776 2527 stabat,
802 2459 1132 2528 putansque
1155 2455 1310 2525 quod
1344 2453 1738 2510 Chunibertus
1760 2458 1940 2524 esset,
1968 2453 2068 2508 im-

415 2545 698 2618 pugnavit
731 2559 862 2602 cum
885 2549 944 2599 et
975 2543 1212 2614 occidit,
1245 2547 1302 2598 et
1335 2558 1464 2599 cum
1495 2543 1708 2612 gaudio
1738 2547 1915 2614 caput
1939 2542 2066 2612 ejus

413 2633 640 2690 abscidi
669 2631 952 2704 precepit,
1008 2630 1326 2701 levansque
1361 2630 1503 2686 illud
1537 2630 1592 2684 in
1622 2630 1810 2700 hasta,
1839 2631 2065 2700 gratias

411 2721 531 2792 egit
560 2722 698 2788 Deo,
749 2719 898 2790 quod
955 2718 1377 2775 Chunibertum
1427 2718 1730 2774 occiderit.
1793 2717 1903 2772 Sed
1934 2733 2063 2775 cum

410 2809 700 2866 cassidem
735 2810 806 2864 de
846 2808 1038 2880 capite
1071 2807 1230 2864 illius
1259 2806 1554 2877 tulissent,
1607 2807 1875 2879 apparuit
1909 2807 2060 2878 quod

407 2899 661 2956 clericus
694 2902 873 2954 esset.
909 2899 1064 2953 Tunc
1095 2895 1326 2952 Alachis
1354 2911 1484 2953 cum
1518 2896 1600 2952 ira
1637 2911 1837 2966 magna
1871 2895 2064 2953 excla-

408 2987 585 3044 mavit
606 3007 618 3042 :
635 2987 770 3044 Heu
785 2985 1624 3058 me,uicltilfecimus,guaudo
1638 2984 2064 3057 bauepuguam

405 3077 827 3145 commisimus,
852 3079 921 3133 iu
940 3090 1064 3148 qua
1083 3077 1364 3132 clericum
1385 3075 1741 3143 occidimus;
1768 3079 1827 3131 et
1860 3075 2060 3130 statim

406 3166 526 3222 tale
556 3171 753 3222 votum
779 3165 956 3235 vovit,
984 3163 1138 3236 quod
1164 3164 1211 3220 si
1237 3164 1542 3220 victoriam
1589 3163 1660 3218 de
1694 3164 2060 3220 Chuniberto
2099 3169 2119 3174 ’

406 3255 674 3324 haberet,
701 3259 940 3327 puteum
975 3267 1148 3309 unum
1173 3253 1244 3308 de
1267 3253 1614 3309 clericorum
1638 3252 1935 3309 testiculis
1961 3253 2062 3309 im-

407 3343 618 3416 pleret.
653 3343 838 3413 Igitur
857 3341 1249 3398 Chunibertus
1270 3341 1472 3397 videns
1494 3355 1634 3398 suos
1655 3341 1924 3411 deﬁcere,
1959 3357 2061 3414 pu-

409 3437 603 3489 tantes
628 3432 817 3504 ipsum
837 3434 1130 3486 mortuum
1154 3445 1308 3498 esse,
1329 3431 1590 3486 ostendit
1615 3445 1677 3487 se
1701 3430 1810 3500 eis,
1833 3432 2060 3487 confor-

407 3525 541 3578 tans
568 3535 673 3578 eos
694 3526 753 3576 et
777 3519 1009 3576 dicens:
1039 3519 1240 3577 Nolite
1275 3519 1500 3590 timere,
1531 3521 1699 3578 modo
1720 3521 1878 3577 enim
1896 3520 2060 3578 debe-

405 3623 539 3668 mus
550 3611 828 3668 inimicos
843 3609 1074 3666 nostros
1095 3611 1347 3666 vincere.
1367 3610 1581 3667 lterum
1598 3614 2059 3682 preparaverunt

409 3713 474 3754 se
495 3699 680 3755 ambae
724 3701 923 3770 partes
955 3697 1026 3754 ad
1063 3712 1334 3769 pugnam,
1361 3703 1421 3754 ct
1467 3714 1597 3771 cum
1622 3697 1843 3770 “’“jam
1876 3713 2058 3771 prepe

406 3790 564 3844 esset
619 3791 680 3843 ut
731 3769 800 3842 ise
857 3785 1416 3857 conjungerentm‘”,
1479 3769 2059 3844 rursummandavit

408 3874 801 3932 Chunibertus
822 3874 893 3930 ad
924 3875 1256 3932 Alachisum
1284 3875 1512 3933 dicens:
1546 3876 1670 3934 στιν
1687 3876 1856 3948 perit
1878 3889 2058 3948 popu-

408 3966 530 4024 lus?
571 3966 914 4037 Puguemus
949 3980 1053 4023 uos
1089 3965 1224 4036 duo,
1251 3966 1310 4021 et
1331 3965 1676 4035 guioicerit
1719 3966 2058 4024 dominetur

403 4057 564 4114 omni
586 4055 973 4128 huicpopulo.
993 4054 1248 4125 Cumque
1275 4054 1547 4111 Alachiso
1569 4055 1658 4110 sui
1685 4055 1950 4111 homines
1973 4054 2057 4110 di-

402 4151 640 4204 cerent:
672 4147 868 4211 Quare
894 4159 1009 4202 πονε
1036 4159 1276 4216 pugnas
1302 4159 1433 4202 cum
1462 4146 1559 4200 eo?
1588 4144 1687 4200 ille
1710 4145 2050 4218 respondit:

402 4234 537 4293 Non
547 4247 784 4306 possum
807 4233 914 4290 hoc
913 4234 1149 4306 facere,
1165 4233 1314 4304 quia
1329 4235 1387 4289 oi
1396 4233 1498 4289 deo
1517 4234 1844 4306 imaginem
1858 4235 2055 4292 saucii

2187 501 2294 558 vit.
2322 502 2644 558 Diederada
2673 501 2853 572 'vero,
2887 518 3036 559 uxor
3064 503 3211 574 ejus,
3243 503 3378 559 fecit
3425 504 3832 561 monasterium

2190 590 2245 645 in
2279 590 2500 646 honore
2523 591 2709 648 sancti
2734 591 2890 646 Petri
2914 591 3167 662 apostoli
3193 592 3336 648 foris
3359 606 3557 648 muros
3577 592 3834 649 civitatis

2189 680 2628 746 Beneventanaa,
2663 679 2718 735 in
2752 694 2866 750 quo
2913 678 3237 752 puellarum
3283 679 3499 736 Christi
3534 680 3673 737 fecit
3703 695 3836 738 con-

2186 773 2442 824 ventum.
2478 771 2791 839 Postquam
2844 771 3109 837 regnavit
3138 768 3492 826 Romoaldus
3524 783 3626 840 per
3655 784 3836 826 annos

2190 861 2272 928 16,
2301 864 2566 914 mortuus
2588 863 2694 927 est,
2722 863 2780 913 et
2813 858 2968 914 ﬁlius
2998 858 3123 927 ejus
3153 857 3523 915 Grimoaldus
3548 858 3701 914 rexit
3735 860 3830 915 Be-

2186 951 2498 1004 neventum
2523 962 2626 1019 per
2651 947 2982 1017 triennium,
3007 947 3290 1018 duxitque
3315 962 3553 1004 uxorem
3575 946 3832 1017 Wigilin-

2185 1034 2335 1105 dam,
2361 1035 2532 1090 ﬁliam
2552 1035 2707 1104 regis
2729 1035 3017 1105 Perhtari,
3034 1048 3292 1092 sororem
3317 1035 3680 1092 Chuniberti.
3699 1037 3830 1092 Post

2185 1129 2431 1180 mortem
2458 1123 2772 1180 Grimoaldi
2806 1123 3074 1194 Cisoll‘us,
3103 1125 3286 1180 frater
3313 1123 3462 1193 ejus,
3497 1123 3618 1180 dux
3647 1125 3836 1181 factus

2182 1217 2296 1284 est,
2330 1216 2386 1267 et
2418 1213 2607 1268 tenuit
2641 1212 2914 1268 ducatum
2966 1227 3069 1283 per
3117 1227 3296 1268 annos
3341 1217 3425 1269 17.
3459 1212 3560 1268 Hic
3595 1227 3831 1269 uxorem

2131 1362 2158 1372 -
2184 1301 2386 1356 habuit
2421 1300 2817 1369 iWnibirgam,
2854 1300 3026 1356 ﬁliam
3051 1299 3336 1357 Badoaldi
3359 1301 3545 1357 ducis.

2255 1389 2418 1445 Circa
2470 1391 2593 1446 hmo
2645 1394 2929 1460 tempora,
2963 1404 3093 1445 cum
3118 1389 3232 1459 jam
3267 1403 3372 1460 per
3405 1388 3626 1446 multos
3655 1404 3835 1448 annos

2184 1477 2598 1536 monasterium
2621 1478 2806 1535 sancti
2830 1478 3126 1534 Benedicti
3151 1478 3204 1533 in
3232 1478 3440 1535 Casino
3457 1483 3655 1536 monte
3676 1484 3834 1536 esset

2184 1567 2550 1637 derelictum,
2585 1569 2865 1622 venerunt
2886 1566 3087 1622 Franci
3107 1567 3178 1623 de
3210 1565 3500 1623 Celmania
3530 1573 3590 1624 et
3621 1566 3695 1624 de
3727 1569 3836 1624 Au»

2185 1656 2325 1712 relia
2352 1670 2406 1710 ιιι
2431 1655 2676 1712 eundem
2699 1655 2910 1726 locum,
2937 1659 2995 1712 et
3018 1656 3152 1712 dum
3173 1671 3235 1712 se
3257 1655 3539 1726 ﬁngerent
3557 1655 3757 1727 jacere
3779 1657 3832 1712 in

2181 1747 2383 1802 eodem
2409 1745 2540 1802 loco
2565 1745 2660 1802 ubi
2680 1745 2955 1816 jacebant
2976 1759 3224 1817 corpora
3249 1745 3432 1802 sancti
3454 1744 3752 1802 Benedicti
3775 1750 3834 1802 et

2181 1839 2400 1892 sancta:
2431 1834 2828 1905 Scholasticm,
2855 1832 3118 1890 tulerunt
3151 1847 3284 1890 ossa
3316 1847 3517 1890 eorum
3547 1837 3609 1889 et
3635 1839 3834 1904 porta-

2181 1929 2389 1980 vcrunt
2414 1925 2466 1979 in
2517 1924 2764 1995 patriam
2799 1938 2980 1994 suam,
3017 1923 3114 1980 ubi
3160 1924 3310 1979 facta
3333 1927 3466 1979 sunt
3495 1922 3612 1978 duo
3641 1937 3834 1980 mona-

2182 2014 2384 2084 steria,
2418 2027 2593 2070 unum
2636 2013 2689 2069 in
2722 2013 2944 2069 honore
2996 2011 3181 2069 sancti
3217 2011 3536 2079 Benedicti,
3582 2011 3741 2068 aliud
3775 2012 3830 2067 in

2179 2103 2399 2158 honore
2423 2107 2640 2158 sancta:
2673 2101 3068 2158 Scholasticae.
3103 2101 3212 2158 Sed
3255 2115 3359 2157 nos
3387 2104 3612 2158 certum
3642 2098 3830 2156 credi-

2182 2205 2332 2260 mus,
2364 2188 2508 2246 illud
2559 2187 2893 2245 venerabile
2927 2203 3014 2258 os,
3050 2187 3244 2244 divina
3276 2200 3508 2258 semper
3534 2185 3832 2243 ruminans

2181 2279 2378 2348 verba,
2412 2283 2471 2332 et
2503 2277 2728 2346 oculos,
2763 2291 2992 2348 semper
3020 2274 3277 2333 caelestia
3311 2275 3599 2343 videntes,
3630 2279 3689 2331 et
3721 2273 3828 2330 alia

2182 2368 2438 2422 membra
2463 2365 2640 2434 illius,
2668 2366 2932 2437 quamvis
2955 2365 3262 2436 dissoluta,
3290 2364 3344 2420 in
3368 2364 3572 2421 eodem
3594 2362 3727 2420 loco
3746 2378 3832 2420 re-

2181 2455 2482 2512 mansisse.
2517 2454 2714 2511 Solum
2737 2456 2889 2510 enim
2921 2469 3136 2526 corpus
3158 2454 3381 2510 Domini
3401 2467 3513 2510 non
3533 2451 3678 2509 vidit
3707 2466 3833 2509 cor-

2182 2543 2531 2615 ruptionem,
2557 2543 2800 2600 aliorum
2828 2557 2966 2600 vero
2986 2557 3234 2614 corpora
3257 2546 3611 2612 sanctorum,
3634 2556 3832 2613 quam-

2178 2633 2268 2692 vis
2298 2634 2354 2689 in
2385 2639 2602 2690 aeterna
2643 2632 2832 2704 gloria
2881 2633 3201 2706 reparanda
3234 2632 3372 2702 sint,
3405 2635 3596 2689 tamen
3631 2631 3690 2687 in
3723 2629 3831 2688 hoc

2178 2722 2380 2779 seculo
2413 2721 2700 2778 dissoluta
2733 2726 2888 2778 sunt.

2248 2815 2388 2870 Dum
2413 2815 2534 2869 haec
2559 2813 2613 2868 in
2635 2812 2801 2868 Italia
2833 2820 3140 2882 geruntur,
3158 2815 3286 2868 orta
3311 2815 3402 2869 est
3423 2810 3649 2868 heresis
3673 2809 3828 2883 apud

2177 2900 2758 2973 Constantinopolim,
2793 2916 2963 2972 quam
2995 2901 3394 2958 excitaverunt
3423 2897 3710 2968 Georgius
3731 2911 3831 2970 pa-

2178 2989 2430 3046 triarcha
2460 2989 3145 3062 Constantinopolitanus
3167 2993 3224 3046 et
3249 2987 3572 3046 Macharius
3597 2991 3654 3043 et
3689 2987 3831 3059 Pyr-

2174 3095 2275 3135 rus
2295 3083 2354 3134 et
2377 3081 2586 3134 Petrus
2607 3083 2668 3134 et
2698 3079 2934 3149 Paulus,
2985 3081 3328 3150 separantes
3357 3077 3412 3133 in
3444 3075 3676 3134 Christo
3709 3075 3831 3132 dei-

2173 3172 2353 3224 tatem
2376 3171 2434 3223 et
2459 3167 2898 3224 humanitatem.
2937 3168 3185 3238 Propter
3213 3180 3383 3238 quam
3416 3178 3651 3222 causam
3681 3166 3829 3221 Con-

2173 3257 2469 3314 stantinus
2497 3257 2812 3328 imperator
2846 3256 2983 3312 fecit
3017 3255 3360 3327 congregari
3390 3259 3626 3312 centum
3659 3254 3832 3326 quin-

2174 3345 2449 3418 quaginta
2483 3346 2814 3418 episcopos,
2864 3345 3016 3402 inter
3043 3361 3192 3416 quos
3231 3345 3468 3402 fuerunt
3495 3343 3613 3400 duo
3644 3341 3829 3414 legati

2174 3439 2388 3492 sanctae
2419 3435 2691 3491 Romanae
2737 3433 3016 3492 aecclesiae
3049 3433 3210 3491 missi
3241 3449 3271 3490 a
3305 3447 3450 3506 papa
3495 3432 3826 3502 Agathone.

2169 3525 2458 3580 Iohannes
2499 3522 2784 3579 diaconus
2811 3527 2870 3579 et
2897 3524 3192 3580 Johannes
3217 3521 3558 3579 Portuensis
3583 3535 3830 3594 epysco—

2171 3629 2304 3684 pus,
2340 3616 2610 3683 factoque
2641 3611 2892 3668 concilio
2924 3612 3384 3684 dampnaverunt
3413 3610 3666 3667 heresim
3699 3624 3830 3682 pre-

2173 3703 2407 3758 dictam.
2443 3701 2655 3758 Eadem
2685 3716 2824 3757 vero
2857 3703 2996 3757 hora
3023 3705 3199 3758 tanta:
3225 3700 3356 3757 telae
3387 3714 3738 3757 aranearum
3769 3699 3828 3755 in

2172 3791 2361 3847 medio
2385 3789 2586 3862 populi
2609 3789 2970 3861 ceciderunt,
3004 3793 3066 3846 ut
3089 3804 3291 3846 omnes
3309 3787 3519 3846 exinde
3541 3788 3827 3846 miraren-

2169 3885 2287 3938 tur.
2311 3881 2432 3936 Hoc
2454 3884 2649 3937 autem
2667 3880 2806 3936 visas
2827 3884 2960 3936 sunt
2986 3879 3339 3950 signiﬁcare,
3376 3883 3440 3936 ut
3470 3878 3702 3935 heresis
3725 3876 3826 3934 illa

2169 3974 2326 4024 esset
2367 3968 2773 4024 exinanienda.
2813 3968 3122 4025 Predictus
3158 3971 3353 4026 autem
3393 3967 3686 4038 Georgius
3729 3982 3826 4040 pa-

2169 4058 2424 4114 triarcha
2455 4059 2528 4114 ab
2570 4057 2864 4130 episcOpis
2910 4058 3260 4115 ammonitus
3287 4062 3347 4114 et
3375 4062 3687 4114 correctus
3711 4062 3824 4124 est,

2172 4146 2267 4201 alii
2298 4161 2435 4203 vero
2469 4146 2522 4202 in
2556 4161 2659 4203 sua
2710 4147 2950 4218 perﬁdia
2986 4151 3413 4219 permanentes,
3448 4147 3520 4202 ab
3551 4145 3826 4204 omnibus

2168 4237 2462 4308 episcopis
2496 4236 2973 4292 anathematizati
3015 4240 3172 4293 sunt.
3207 4237 3341 4293 Haec
3368 4241 3460 4292 est
3489 4241 3662 4292 sexta
3695 4250 3826 4306 syn-

402 4321 760 4379 Mz'cltahelis
773 4322 1129 4392 a/rchaugeli
1143 4321 1803 4392 iuterhastassuasmbi
1821 4325 1877 4381 ei
1877 4325 2056 4395 jura-
2084 4321 2138 4384 D
2168 4326 2316 4382 odus
2344 4323 2712 4396 universalis,
2771 4325 2825 4380 id
2858 4330 2951 4381 est
3001 4339 3170 4396 quam
3203 4325 3453 4383 mundus
3509 4325 3827 4382 universus

401 4411 642 4469 ci.'l‘unc
657 4425 805 4467 unus
815 4424 890 4467 ex
903 4409 1022 4466 illis
1037 4409 1184 4466 dixit
1197 4410 1530 4482 ei:Propter
1541 4409 2056 4471 timorem’cidetur

405 4499 816 4572 tiliguoduou
844 4500 952 4571 est,
987 4499 1083 4570 etj
1087 4513 1185 4555 am
1214 4499 1328 4558 tibi
1349 4500 1591 4558 tardum
1606 4502 1698 4560 est
1718 4501 1823 4561 hoc
1838 4503 2050 4562 dicere.

406 4588 938 4661 Congredientibus
983 4593 1177 4646 autem
1233 4589 1500 4663 utrisque
1560 4591 1830 4664 partibus
1887 4591 2053 4649 multi

405 4681 700 4751 utrimque
750 4678 1125 4745 ceciderunt;
1176 4677 1410 4736 Alachis
1453 4695 1686 4752 quoque
1732 4681 1964 4756 cecidit,
1997 4687 2058 4740 et

406 4770 820 4839 Chunibertus,
865 4767 1180 4839 adjuvante
1197 4769 1460 4840 Domino,
1493 4771 1797 4829 victoriam
1829 4774 2051 4830 habuit.

407 4859 592 4932 Caput
613 4864 809 4917 autem
831 4857 1067 4916 Alachis
1084 4863 1140 4914 et
1164 4874 1337 4917 crura
1354 4859 1584 4918 abscisa
1608 4865 1764 4932 sunt,
1785 4867 1844 4918 et
1868 4861 2054 4920 solum

405 4962 624 5022 corpus
646 4956 917 5008 truncum
939 4949 1239 5008 remansit.
1266 4951 1390 5007 Rex
1418 4964 1560 5009 vero
1590 4965 1722 5008 cum
1752 4952 1967 5021 gaudio
1997 4957 2059 5009 et

403 5035 654 5096 victoria
687 5051 961 5099 reversus
986 5045 1081 5098 est
1107 5040 1386 5113 Ticinum,

477 5126 616 5184 Cum
639 5128 757 5186 ista
781 5127 994 5191 ﬁerent
1011 5131 1164 5204 apud
1189 5129 1605 5204 Langobardos
1626 5135 1792 5190 trans
1813 5130 2054 5204 Padum,

2170 4420 2349 4472 tenet.

2241 4504 2342 4561 His
2373 4519 2604 4575 quoque
2629 4503 2993 4577 temporibus
3026 4517 3129 4576 per
3151 4507 3418 4562 octavam
3443 4501 3822 4560 indictionem

2168 4593 2420 4665 eclypsis
2450 4593 2601 4650 lume
2649 4593 2940 4665 apparuit,
2975 4593 3234 4651 secundo
3263 4593 3357 4650 die
3407 4593 3688 4650 intrantis
3716 4592 3823 4649 Mai

2169 4682 2426 4756 eclypsis
2457 4681 2600 4739 solis
2631 4683 2784 4738 facta
2816 4687 2908 4739 est
2932 4684 3074 4740 hora
3093 4681 3208 4740 dici
3231 4683 3478 4754 decima,
3513 4695 3581 4740 ac
3609 4681 3826 4739 deinde

2171 4787 2368 4830 mense
2396 4771 2567 4844 Julio,
2603 4774 2867 4844 Augusto
2893 4776 2953 4829 et
2983 4773 3324 4844 Septembre
3356 4772 3692 4831 mortalitas
3709 4784 3826 4829 ma-

2169 4877 2280 4935 gna
2313 4863 2463 4920 facta
2496 4867 2606 4921 est.
2637 4862 2791 4920 Tunc
2813 4862 3131 4920 visibiliter
3147 4862 3348 4921 multis
3370 4862 3705 4920 hominibus
3726 4876 3827 4934 ap-

2171 4957 2492 5026 paruerunt
2521 4953 2636 5010 duo
2693 4952 2903 5024 angeli,
2939 4967 3090 5012 unus
3118 4953 3308 5012 bonus
3331 4958 3394 5012 et
3449 4953 3604 5010 alter
3631 4949 3820 5009 malus

2171 5041 2538 5100 ambulantes
2559 5057 2663 5114 per
2680 5043 2892 5100 Urbem
2915 5046 3175 5116 tempore
3191 5047 3502 5114 nocturno,
3517 5041 3693 5100 etille
3704 5054 3820 5098 ma-

2171 5130 2771 5204 lusangelnstenebat
2809 5131 3158 5192 venabulum
3183 5133 3239 5192 in
3261 5146 3454 5206 manu,
3495 5132 3820 5206 etperjus-

1773 5301 2008 5362 VARIE
2048 5301 2448 5362 LECTIONES.

473 5404 567 5446 ίοιι
603 5413 768 5473 deest
793 5417 841 5472 1.
935 5413 1026 5450 που
1050 5417 1437 5489 coniunxerat
1470 5422 1518 5474 ι-
