3992 6034
194 227 313 306 809

1074 220 1512 285 CHRONICA.
1547 253 1623 263 —
1657 209 2135 279 CHRONICON
2184 210 2733 276 UNIVERSALE.

3485 206 3605 268 810

194 362 411 418 sionem
465 358 595 415 boni
647 356 838 427 angeli
870 357 940 413 de
981 371 1342 428 quacumque
1394 353 1563 411 domo
1604 351 1837 422 januam
1871 348 1923 408 A
1957 346 2186 403 nomine
2225 346 2524 414 Arnulfus,
2559 346 2674 401 Deo
2714 342 2998 413 amabilis,
3036 340 3130 414 qui
3165 339 3371 399 relicto
3402 340 3602 399 seculo

198 448 584 522 percutiebat,
606 448 715 504 alia
737 447 829 503 die
849 461 1050 503 omnes
1074 446 1337 502 homines
1355 445 1426 500 de
1445 444 1645 500 eadem
1671 442 1841 499 domo

197 540 619 597 moriebantur.
654 540 793 594 Post
826 539 949 592 lucc
970 536 1196 593 cuidam
1220 534 1436 591 homini
1462 535 1612 589 bono
1638 547 1742 604 per
1765 532 1845 587 vi-

197 629 413 685 sionem
448 628 667 684 dictum
692 632 804 696 est,
838 626 991 696 quod
1019 627 1139 696 ipsa
1168 624 1498 679 mortalitas
1522 638 1631 677 non
1656 635 1846 678 cessa-

199 722 307 788 ret,
357 717 465 773 nisi
500 717 555 772 in
588 716 855 772 azcelesia
908 715 1097 771 sancti
1147 713 1305 770 Petri
1338 728 1464 784 qua:
1495 711 1710 768 dicitur
1762 710 1845 767 Ad

198 802 425 859 vincula
469 800 846 857 dedicaretur
885 800 1067 856 altare
1101 800 1155 854 in
1190 799 1411 856 honore
1452 798 1638 852 sancti
1674 797 1847 851 Seba-

198 892 373 949 stiani
402 891 695 962 martyris.
732 891 857 956 Quo
881 891 1050 959 facto,
1080 887 1408 945 mortalitas
1431 885 1703 943 cessavit.

270 983 495 1037 Interea
532 993 635 1035 rex
668 979 1061 1036 Chunibertus
1082 993 1211 1035 cum
1236 976 1482 1048 quodam
1512 974 1847 1032 ﬁdelissimo

200 1085 307 1127 suo
349 1060 693 1126 consiliatus
732 1072 817 1124 est
864 1068 1151 1139 quomodo
1185 1066 1460 1123 Aldonem
1498 1069 1555 1120 et
1601 1064 1848 1119 Granso-

197 1174 326 1215 nem
348 1157 668 1215 occideret.
698 1158 956 1227 Cumque
976 1158 1046 1212 de
1065 1157 1170 1211 hac
1194 1171 1255 1211 re
1282 1155 1432 1210 inter
1456 1168 1517 1210 se
1543 1153 1849 1223 loqueren-

195 1254 313 1319 tur,
340 1251 564 1304 stantes
588 1262 768 1319 prope
796 1247 1111 1301 fenestram
1137 1244 1444 1315 quandam,
1468 1243 1664 1299 subito
1691 1242 1741 1296 in
1770 1243 1848 1297 fe-

196 1342 390 1393 nestra
419 1336 515 1392 illa
539 1351 736 1392 musca
761 1336 1048 1391 consedit.
1075 1336 1253 1401 Quam
1278 1332 1672 1391 Chunibertus
1695 1332 1847 1387 occi-

196 1427 336 1482 dere
368 1426 589 1495 volens,
624 1440 755 1482 cum
787 1424 1052 1495 cultello,
1099 1423 1251 1495 quod
1288 1424 1342 1478 in
1378 1437 1544 1478 manu
1585 1421 1842 1490 tenebat,

196 1514 401 1585 pedem
444 1513 602 1570 illius
644 1519 865 1570 tantum
908 1512 1268 1568 abscidebat.
1316 1513 1571 1581 Cumque
1612 1508 1757 1565 Aldo
1789 1513 1845 1564 et

198 1606 422 1660 Grauso
454 1603 525 1659 ad
560 1603 840 1675 palatium
879 1602 1034 1672 regis
1072 1602 1376 1657 tenderent
1406 1606 1461 1655 et
1491 1600 1607 1670 jam
1641 1613 1848 1669 appro-

198 1692 568 1764 pinquarent,
603 1692 862 1748 obviavit
885 1691 970 1747 eis
992 1707 1142 1747 unus
1174 1692 1343 1746 homo
1374 1689 1518 1761 pede
1548 1692 1841 1753 truncato,
1878 1718 1928 1775 Β

195 1785 254 1836 et
287 1781 433 1837 dixit
466 1780 554 1837 eis
583 1781 737 1851 quod
781 1780 1172 1836 Chunibertus
1212 1794 1313 1834 rex
1356 1777 1532 1835 vellet
1565 1792 1665 1833 eos
1695 1776 1847 1833 occi-

195 1870 357 1926 dere.
383 1872 500 1926 IIoc
524 1870 605 1924 illi
632 1869 961 1940 audientes,
998 1871 1267 1939 fugerunt
1294 1868 1346 1923 in
1371 1866 1696 1924 aecclesiam
1721 1881 1849 1922 san-

194 1960 274 2014 cti
299 1958 538 2014 Romani
566 1958 861 2030 martyris,
883 1964 939 2015 et
962 1958 1397 2015 absconderant
1422 1972 1481 2013 se
1506 1961 1639 2027 post
1661 1954 1846 2010 altare

198 2047 389 2120 ipsius
415 2048 715 2104 aacclesize.
755 2049 1009 2118 Cumque
1044 2048 1152 2103 hoc
1186 2046 1306 2116 regi
1342 2047 1676 2103 nunciatum
1713 2043 1849 2100 fuis-

195 2140 304 2207 set,
338 2138 536 2193 statim
568 2138 797 2194 vocavit
830 2138 901 2193 ad
933 2151 996 2193 se
1028 2136 1189 2192 illum
1224 2136 1623 2192 fidelissimum
1655 2149 1842 2203 suum,

196 2225 289 2282 cui
320 2225 430 2282 hoc
451 2225 560 2281 soli
583 2225 941 2296 crediderat,
964 2229 1021 2281 et
1048 2225 1195 2280 dixit
1212 2225 1263 2280 ei
1288 2243 1298 2278 :
1326 2226 1519 2290 Quare
1533 2223 1849 2280 consilium

196 2328 391 2371 meum
421 2314 735 2373 credidisti
765 2316 1115 2385 cuicumque
1143 2315 1407 2371 homini?
1439 2313 1539 2368 Ille
1571 2328 1700 2368 cum
1737 2317 1848 2366 tre-

197 2418 361 2460 more
412 2403 718 2475 respondit
761 2422 774 2459 :
816 2404 1064 2460 Domino
1100 2404 1185 2460 mi
1221 2400 1351 2473 rex,
1384 2404 1458 2463 tu
1494 2403 1631 2471 scis,
1676 2402 1844 2472 quia,

190 2494 515 2564 postquam
549 2494 734 2553 michi
777 2494 1004 2551 locutus
1033 2507 1110 2564 es,
1152 2507 1463 2565 nunquam
1493 2491 1563 2547 de
1594 2492 1690 2547 tuo
1720 2505 1849 2549 cou-

193 2583 398 2653 spectu
419 2583 601 2655 foras
641 2582 825 2654 exivi,
860 2583 919 2640 et
953 2583 1238 2654 quomodo
1268 2583 1376 2639 hoc
1399 2581 1590 2640 alicui
1621 2581 1848 2638 homini

197 2666 394 2724 dicere
437 2666 642 2737 potui?
689 2669 845 2725 Tune
889 2683 990 2724 rex
1032 2668 1323 2724 mandavit
1367 2668 1434 2722 al
1477 2666 1756 2722 Aldonem
1789 2672 1845 2721 et

197 2756 576 2826 Grausonem,
606 2760 667 2812 ut
691 2757 830 2828 quid
855 2757 909 2812 in
934 2757 1254 2813 {ecclesiam
1290 2756 1592 2825 fugissent.
1632 2756 1736 2821 Qui
1762 2770 1849 2811 re-

197 2845 559 2915 sponderunt
587 2864 599 2899 :
626 2845 784 2910 Quia
806 2846 1149 2902 audivimus
1170 2845 1330 2917 quod
1341 2859 1452 2901 reo:
1471 2859 1571 2902 nos
1587 2844 1850 2901 occidere

196 2932 394 2990 vellet.
445 2934 662 2991 Iterum
715 2934 1007 2990 mandavit
1046 2934 1113 2990 ad
1155 2949 1256 2990 eos
1306 2948 1427 3005 rex,
1481 2934 1848 3004 interrogans

199 3021 334 3093 quis
356 3021 442 3078 eis
473 3020 581 3078 hoc
607 3022 930 3093 nunciaret,
958 3026 1015 3078 et
1040 3022 1186 3078 dixit
1221 3024 1370 3094 quod
1402 3024 1649 3095 gratiam
1685 3040 1847 3082 suam

199 3124 310 3166 non
346 3110 648 3183 haberent,
684 3111 791 3168 nisi
816 3112 924 3169 hoc
950 3111 1057 3169 sibi
1092 3113 1552 3169 manifestarent.
1585 3116 1740 3171 Tunc
1766 3114 1847 3168 illi

199 3199 395 3256 omnia
416 3214 543 3271 quat
565 3201 713 3257 facta
738 3201 964 3258 fuerant
992 3202 1532 3271 manifestaverunt,
1555 3203 1845 3260 dicentes:

204 3289 365 3356 Quia
385 3288 653 3347 obciaoit
666 3291 835 3349 nobis
850 3305 1005 3349 unus
1023 3291 1190 3349 homo
1198 3292 1352 3364 pede
1373 3293 1643 3350 truncato
1663 3308 1852 3365 usque

197 3378 279 3434 ad
300 3380 671 3451 geniculum,
705 3380 764 3437 et
796 3381 923 3453 ipse
959 3381 1066 3437 hoc
1100 3381 1269 3440 nobis
1316 3381 1644 3439 hunciacii.
1696 3383 1849 3438 Tunc

194 3481 299 3522 rex
336 3467 730 3525 Chunibertus
762 3468 1069 3540 intellexit,
1107 3470 1259 3541 quod
1290 3486 1487 3527 musca
1523 3470 1620 3527 illa
1654 3471 1850 3528 diabo-

196 3554 285 3611 lus
338 3555 549 3612 fuisset
591 3560 649 3613 et
691 3558 811 3630 ipse
851 3559 961 3615 hoc
998 3560 1085 3615 eis
1126 3560 1481 3631 nunciassct,
1533 3561 1847 3632 statimque

194 3644 428 3700 vocavit
459 3660 557 3702 eos
589 3646 660 3701 ad
693 3661 772 3717 se,
799 3651 855 3703 et
887 3648 1143 3704 reddidit
1176 3649 1261 3705 eis
1292 3650 1540 3719 gratiam
1575 3665 1755 3720 suam,
1790 3656 1849 3706 et

197 3748 387 3804 usque
417 3733 487 3789 ad
521 3739 764 3791 mortem
796 3735 999 3793 habuit
1030 3752 1129 3793 eos
1161 3737 1500 3794 honoratos.

268 3824 434 3878 Inter
465 3824 585 3881 haec
619 3825 1040 3881 Constantinus
1084 3827 1406 3897 imperator
1436 3832 1703 3884 mortuus
1734 3834 1844 3899 est,

194 3916 254 3967 et
283 3911 673 3985 Justinianus,
701 3913 855 3971 filius
876 3914 1003 3986 ejus
1030 3915 1233 3985 minor,
1260 3916 1451 3973 tenuit
1478 3931 1718 3986 regnum
1746 3932 1848 3989 per

195 4016 386 4058 annos
425 4001 645 4059 decem.
690 4005 902 4060 Contra
945 4005 1096 4060 hunc
1129 4006 1237 4061 Leo
1273 4004 1505 4076 quidam
1538 4007 1717 4077 venit,
1753 4021 1848 4078 ap-

195 4090 667 4163 prehensumque
696 4108 837 4150 naso
866 4094 1258 4165 detruncavit,
1284 4093 1641 4166 ejiciensque
1665 4095 1735 4151 dc
1760 4111 1849 4152 re-

193 4192 331 4250 gno,
367 4179 492 4251 ipse
522 4196 623 4253 per
652 4196 831 4239 annos
860 4187 986 4239 tres
1017 4184 1300 4255 regnavit,
1336 4188 1395 4240 et
1428 4184 1589 4240 illum
1614 4185 1668 4240 in
1691 4184 1847 4242 insu-

195 4265 311 4324 lam
342 4269 648 4339 quamdam
671 4271 959 4328 exiliavit.
996 4274 1210 4329 Iterum
1238 4273 1517 4344 Tyberius
1540 4274 1691 4331 hunc
1716 4275 1847 4331 Leo-

200 4369 338 4413 nem
380 4357 450 4414 de
491 4372 666 4428 regno
706 4360 951 4432 expulit,
996 4361 1238 4433 ipseque
1271 4378 1511 4432 regnum
1546 4364 1751 4434 tenuit,
1786 4370 1846 4421 et

1962 438 2163 506 postea
2195 435 2510 506 episcopus
2550 436 2737 489 factus
2766 437 2884 488 est.

2030 524 2384 581 Cunibertus
2423 539 2560 581 vero
2588 527 2891 595 postquam
2926 520 3188 591 regnavit
3223 520 3386 576 annis
3422 523 3483 575 12
3514 534 3605 575 so-

1961 612 2050 669 lus
2084 617 2210 683 post
2244 617 2487 668 mortem
2528 612 2734 683 patris,
2780 613 3045 665 mortuus
3088 614 3198 678 est,
3245 623 3604 677 regnumque

1960 702 2078 757 filio
2100 717 2203 758 suo
2230 703 2496 773 l.ioperto
2516 702 2701 756 adhuc
2723 699 2964 772 parvulo
2983 698 3221 768 dimisit,
3246 698 3337 753 cui
3358 699 3607 768 Aspran-

1960 791 2094 847 dum
2127 792 2315 847 virum
2346 791 2668 862 sapientem
2703 788 3048 845 nutritorem
3088 786 3424 843 constituit.
3464 787 3603 841 Post

1960 884 2095 936 octo
2137 895 2366 937 menses
2412 880 2799 950 chinpertus
2831 877 2945 934 dux
2972 876 3405 933 Taurinensium
3447 875 3606 930 venit

1960 985 2087 1025 cum
2123 969 2385 1026 exercitu
2422 970 2701 1025 adversus
2740 968 3102 1039 Asprandum
3135 971 3191 1020 et
3224 965 3602 1021 ltuotharium

1961 1058 2141 1114 duces
2190 1057 2686 1127 Pcrgamensium,
2721 1060 2779 1111 et
2814 1070 3074 1127 pugnans
3124 1070 3253 1110 eum
3303 1054 3409 1122 eis,
3463 1052 3603 1109 vicit

1960 1162 2082 1218 eos,
2114 1153 2174 1203 et
2206 1147 2588 1219 apprehendit
2624 1161 2893 1215 regnum;
2928 1145 3023 1200 sed
3060 1144 3261 1199 eodem
3287 1158 3436 1198 anno
3460 1156 3606 1196 mor-

1965 1240 2097 1292 tuus
2148 1242 2254 1293 est.
2310 1237 2484 1307 Cujus
2535 1235 2687 1291 ﬁlius
2742 1236 3048 1305 Aripertus
3083 1233 3293 1288 iterum
3327 1229 3606 1302 pugnavit

1960 1326 2245 1381 adversus
2269 1325 2600 1395 Li0pertum
2625 1339 2819 1393 regem
2844 1323 2994 1394 apud
3018 1321 3273 1376 Ticinum
3297 1325 3353 1375 et
3378 1320 3607 1391 Li0per-

1962 1420 2080 1471 tum
2120 1416 2175 1470 in
2206 1429 2396 1485 pugna
2430 1414 2618 1471 vivum
2654 1412 3060 1484 apprehendit,
3095 1410 3437 1480 Asprandus
3467 1424 3606 1464 vero

1961 1504 2219 1560 nutritor
2245 1505 2370 1573 ejus
2395 1503 2449 1558 in
2476 1502 2719 1558 insulam
2756 1500 3121 1557 Cumacinam
3155 1499 3319 1568 fugit.
3356 1499 3479 1553 Dux
3510 1512 3607 1553 au-

1959 1597 2075 1648 tem
2104 1592 2459 1648 lluotharius
2480 1608 2608 1647 cum
2631 1591 2879 1646 redisset
2904 1592 3264 1657 Pergamum,
3297 1588 3606 1657 Aripcrtus

1961 1698 2089 1737 cum
2121 1695 2326 1749 magno
2366 1681 2634 1736 exercitu
2665 1679 2896 1735 obsedit
2929 1682 2984 1732 et
3019 1676 3375 1748 expugnavit
3405 1676 3608 1731 civita-

1965 1776 2097 1841 tem,
2152 1770 2631 1841 apprehensoque
2672 1767 3012 1835 Ruothario,
3068 1766 3205 1821 fecit
3260 1765 3382 1821 radi
3431 1768 3609 1836 caput

1961 1859 2087 1929 ejus
2117 1864 2175 1915 ct
2212 1861 2467 1929 barbam,
2499 1863 2555 1914 et
2585 1857 2844 1913 exiliavit
2874 1871 3025 1926 eum,
3062 1855 3155 1911 ubi
3190 1860 3323 1925 post
3350 1853 3609 1924 aliquan-

1964 1955 2083 2005 tum
2117 1954 2347 2019 tempus
2389 1950 2651 2004 mortuus
2683 1951 2793 2002 est.
2830 1946 3161 2016 Liopertum
3194 1959 3331 2000 vero
3365 1958 3606 2014 puerum

1963 2037 2120 2093 misit
2153 2038 2205 2092 in
2242 2037 2532 2106 balneum,
2564 2042 2623 2091 et
2654 2036 2869 2092 clausit
2904 2036 3135 2106 januam
3180 2048 3357 2105 super
3394 2034 3602 2105 ipsum,

1960 2128 2161 2198 sicque
2194 2128 2368 2182 nimio
2396 2126 2591 2182 calore
2624 2130 2891 2181 mortuus
2920 2128 3037 2180 est.

2033 2217 2343 2287 Aripertus
2377 2220 2567 2271 autem
2601 2230 2727 2271 cum
2765 2229 3007 2271 securus
3032 2213 3147 2283 jam
3183 2218 3475 2283 regnaret,
3509 2227 3608 2283 ap-

1962 2306 2266 2378 prehendit
2291 2304 2720 2375 Sigibrandum,
2746 2304 2921 2359 filium
2944 2302 3247 2373 Asprandi,
3270 2306 3326 2357 et
3347 2317 3606 2358 exercea-

1961 2396 2044 2451 vit
2062 2411 2191 2451 eum
2212 2400 2272 2451 et
2289 2409 2489 2450 omnes
2510 2397 2786 2465 parentes
2805 2392 3044 2463 cjusper
3063 2392 3293 2447 diversa
3316 2396 3604 2448 tormenta

1962 2486 2183 2555 afﬂixit,
2229 2484 2647 2555 Liutprandum
2680 2487 2895 2552 autem,
2933 2481 3111 2537 ﬁlium
3144 2481 3270 2550 ejus
3304 2481 3602 2551 minorem,

1966 2574 2150 2629 tenuit
2185 2574 2239 2628 in
2278 2588 2546 2639 carcere;
2600 2576 2655 2627 et
2705 2572 2838 2642 quia
2889 2570 3076 2626 adhuc
3127 2575 3255 2626 erat
3302 2570 3602 2641 puerulus,

1964 2678 2267 2734 personam
2298 2664 2423 2733 ejus
2456 2662 2743 2733 despexit,
2777 2665 2834 2717 et
2866 2662 3052 2717 noluit
3074 2660 3125 2716 ei
3152 2662 3341 2716 facere
3371 2660 3605 2730 aliquod

1962 2753 2192 2823 malum,
2236 2754 2474 2824 insuper
2516 2752 2732 2807 dimisit
2768 2767 2895 2807 eum
2930 2751 3013 2807 ire
3045 2751 3112 2806 ad
3149 2754 3369 2822 patrem
3403 2765 3598 2806 suum.

1963 2843 2146 2911 Igitur
2180 2843 2569 2914 Liutprandus
2601 2841 2756 2897 venit
2780 2841 2849 2895 ad
2877 2846 3099 2911 patrem
3130 2857 3294 2897 suum
3326 2841 3379 2895 in
3414 2842 3608 2896 Bawa-

1964 2933 2128 3003 riam,
2166 2948 2277 3002 quo
2303 2932 2555 3002 ipsejam
2592 2931 2807 2987 dudum
2841 2931 3067 2999 fugerat
3098 2929 3341 2985 eundem
3375 2930 3608 3001 Aripcr-

1964 3027 2105 3090 tum,
2160 3022 2229 3076 ad
2279 3020 2482 3076 ducem
2526 3020 3009 3088 Theodcbertum,
3061 3020 3345 3089 stetitque
3376 3036 3504 3074 eum
3538 3034 3607 3075 eo

1962 3125 2067 3182 per
2098 3126 2278 3165 annos
2307 3114 2356 3164 ε).
2394 3110 2517 3175 Quo
2554 3125 2682 3165 cum
2723 3109 2985 3164 venisset
3029 3109 3440 3180 Liutprandus,
3475 3127 3605 3167 cum

1960 3200 2172 3269 gaudio
2206 3214 2409 3269 magno
2438 3203 2526 3254 est
2559 3205 2899 3270 susceptus.

2034 3291 2151 3367 Iloc
2184 3293 2445 3359 tempore
2492 3288 2645 3359 apud
2691 3288 2907 3344 Gallias
2934 3289 2989 3344 in
3024 3304 3202 3359 regno
3249 3291 3603 3346 Francorum

1962 3382 2071 3437 sub
2104 3379 2333 3435 nomine
2378 3378 2614 3449 majoris
2653 3378 2859 3435 domus
2901 3379 3340 3450 principabatur
3372 3381 3601 3452 Ansgis,

1962 3470 2115 3525 ﬁlius
2138 3467 2353 3525 Arnolfi
2382 3468 2725 3539 supradicti,
2764 3469 2858 3537 qui
2884 3484 3089 3524 nomen
3114 3469 3349 3525 trahere
3372 3470 3607 3526 videtur

1961 3560 2033 3614 ab
2068 3558 2313 3613 Anchisa
2363 3557 2624 3626 Trojano.
2682 3556 2865 3625 Igitur
2913 3561 3217 3628 postquam
3264 3559 3604 3629 Asprandus

1965 3664 2064 3718 per
2096 3662 2298 3703 novem
2332 3662 2512 3703 annos
2543 3647 2752 3701 mansit
2788 3646 2840 3701 in
2876 3646 3155 3717 Bawaria,
3195 3648 3604 3705 movitexinde

1960 3738 2423 3808 Theodepertum
2447 3738 2838 3792 Bawariorum
2861 3736 3087 3807 ducem,
3109 3741 3315 3793 etcum
3340 3739 3603 3796 exercitu

1960 3828 2114 3885 venit
2140 3828 2194 3882 in
2216 3827 2457 3895 Italiam,
2485 3827 2879 3896 pugnavitque
2902 3842 3031 3881 eum
3060 3827 3350 3898 Ariperto,
3379 3833 3437 3883 et
3460 3845 3606 3884 mor-

1961 3917 2045 3973 tui
2070 3922 2199 3972 sunt
2228 3916 2391 3970 multi
2416 3916 2485 3969 de
2511 3917 2778 3985 partibus
2802 3916 3086 3984 utrisque.
3125 3918 3233 3972 Sed
3258 3921 3520 3988 quamvis
3548 3923 3603 3977 in

1960 4007 2083 4078 ipsa
2136 4021 2322 4077 pugna
2354 4020 2464 4060 nox
2506 4005 2671 4059 finem
2726 4003 2977 4073 fecisset,
3029 4012 3253 4062 eertum
3284 4012 3376 4063 est
3412 4013 3603 4066 tamen

1961 4097 2113 4167 quod
2148 4094 2393 4149 Bawarii
2438 4096 2728 4163 fugerunt,
2762 4098 2822 4147 et
2856 4094 3165 4164 Aripertus
3194 4113 3323 4151 cum
3358 4098 3602 4156 victoria

1960 4186 2133 4242 rediit
2165 4184 2235 4240 ad
2266 4190 2478 4240 castra.
2520 4184 2627 4249 Qui
2668 4199 2797 4240 eum
2840 4184 3130 4239 noluisset
3158 4202 3390 4245 manere
3426 4189 3478 4243 in
3513 4205 3605 4247 ca-

1960 4275 2098 4332 stris
2131 4274 2233 4330 sed
2282 4273 2393 4328 iret
2425 4273 2476 4327 in
2511 4274 2788 4343 Ticinum,
2837 4273 2973 4328 fecit
3014 4273 3472 4345 desperationem
3508 4296 3605 4349 pc-

1963 4364 2095 4436 pulo
2125 4379 2249 4432 suo,
2275 4368 2329 4417 et
2356 4362 2707 4419 adversariis
2738 4363 2899 4418 dedit
2929 4364 3251 4422 audaciam.
3289 4370 3602 4441 Postquam

194 4443 364 4502 illum
392 4445 450 4501 in
479 4447 805 4506 custodiam
851 4450 1079 4522 posuit.
1132 4453 1267 4507 Post
1318 4452 1439 4508 haec
1483 4453 1845 4511 Justinianus
1874 4443 1928 4505 D
1960 4468 2098 4511 vero
2140 4453 2437 4508 civitatem
2481 4451 2719 4507 intravit
2751 4457 2809 4508 et
2843 4454 3019 4509 sensit
3066 4454 3275 4511 iratum
3318 4458 3427 4514 sibi
3470 4475 3603 4518 esse

193 4549 438 4606 regnum
458 4551 626 4595 suum
650 4553 754 4611 per
775 4538 1129 4609 adjutorium
1149 4540 1435 4597 Terebelli
1462 4543 1618 4613 regis
1643 4542 1847 4614 Bulga-

192 4640 324 4682 rum
356 4627 600 4699 recepit,
634 4631 689 4685 et
715 4629 961 4686 Leonem
994 4634 1168 4701 atque
1199 4630 1489 4687 Tiberium
1521 4648 1717 4689 coram
1749 4648 1846 4705 po-

196 4715 336 4785 pulo
371 4715 427 4771 in
460 4716 649 4772 medio
675 4718 831 4775 circo
870 4719 1150 4776 decollari
1187 4718 1343 4776 fecit.

266 4805 371 4861 His
406 4804 615 4863 diebus
638 4822 740 4863 rex
764 4808 1218 4878 Anglisaxonum
1244 4810 1471 4867 nomine
1497 4809 1843 4884 Cedoaldus,

196 4893 297 4965 qui
322 4892 539 4952 multas
571 4910 792 4967 pugnas
816 4897 870 4952 in
896 4912 997 4953 sua
1027 4898 1210 4969 patria
1240 4900 1552 4970 commisit,
1587 4901 1657 4956 ad
1688 4901 1850 4957 Chri-

194 4983 356 5039 stum
388 4998 709 5041 conversus
748 4989 860 5055 est,
903 4992 960 5042 et
1008 4988 1247 5043 tendens
1299 4989 1553 5058 Romam,
1586 4990 1740 5045 venit
1777 4992 1847 5047 ad

195 5072 621 5130 Chunibertum
681 5089 894 5145 regem,
946 5090 975 5131 a
1029 5090 1140 5147 quo
1189 5092 1317 5133 cum
1371 5092 1578 5147 magno
1628 5079 1848 5137 honore

194 5165 533 5234 susceptus,
567 5161 671 5217 ivit
700 5164 955 5233 Romam,
983 5169 1043 5219 et
1074 5180 1101 5219 a
1138 5165 1309 5220 beato
1339 5165 1539 5235 Sergio
1574 5182 1714 5239 papa
1754 5169 1848 5224 ba-

195 5248 478 5321 ptizatus,
530 5252 740 5309 Petrus
790 5252 1121 5310 nominatus
1173 5257 1285 5325 est,
1321 5259 1537 5311 etcum
1569 5257 1758 5314 adhuc
1789 5257 1847 5313 in

195 5336 353 5396 albis
375 5343 548 5412 esset,
581 5346 848 5401 mortuus
875 5348 989 5413 est,
1012 5345 1071 5400 et
1095 5342 1151 5399 in
1172 5342 1441 5402 aecclesia
1473 5346 1657 5402 sancti
1687 5348 1845 5404 Petri

194 5426 499 5500 sepultus.

269 5517 397 5576 Hoc
427 5517 603 5575 etiam
634 5522 900 5593 tempore
931 5520 1037 5582 fuit
1071 5521 1127 5578 in
1166 5535 1346 5595 regno
1380 5523 1729 5583 Francorum
1761 5527 1849 5585 vir

480 5618 744 5685 PATROL.
792 5619 999 5688 CLIV.

1959 4541 2237 4614 populum
2272 4558 2375 4612 pro
2409 4540 2506 4596 tali
2544 4542 2715 4611 facto,
2753 4542 2955 4599 habuit
2988 4545 3315 4617 consilium,
3352 4554 3415 4604 ut
3446 4551 3606 4619 fuge-

1960 4636 2044 4687 ret
2076 4632 2132 4686 in
2164 4631 2482 4701 Franciam,
2509 4633 2563 4686 et
2590 4630 2727 4686 tulit
2749 4631 2820 4687 de
2846 4632 3062 4703 palatio
3091 4648 3292 4691 aurum
3326 4632 3600 4708 quantum

1960 4720 2163 4790 voluit,
2191 4724 2249 4776 et
2272 4720 2474 4776 exivit.
2508 4721 2761 4791 Cumque
2784 4721 3040 4778 Ticinum
3068 4723 3300 4780 ﬂuvium
3326 4733 3604 4784 oneratus

1959 4826 2102 4867 auro
2150 4813 2520 4865 transnatare
2572 4809 2878 4880 voluisset,
2938 4811 3260 4868 suffocatus
3306 4816 3376 4868 ab
3428 4830 3598 4887 aqua,

1958 4904 2228 4957 mortuus
2249 4904 2359 4955 est.
2390 4898 2516 4954 Alio
2541 4898 2633 4954 die
2663 4898 2956 4956 inventum
2980 4905 3072 4955 est
3093 4915 3307 4972 corpus
3333 4902 3508 4975 illius,
3543 4916 3603 4966 et

1959 4990 2254 5062 sepultum
2287 4992 2378 5044 est
2414 4987 2467 5041 in
2502 4987 2770 5043 aecclesia
2813 4987 3025 5043 domini
3068 4988 3412 5049 Salvatoris.
3461 4996 3604 5054 Post

1959 5081 2125 5151 cujus
2160 5082 2405 5135 mortem
2446 5076 2788 5150 ASprandus
2823 5077 3331 5146 Longobardorum
3362 5097 3603 5154 regnum

1957 5170 2166 5241 tenuit,
2194 5175 2250 5225 et
2277 5167 2644 5225 solummodo
2678 5170 2799 5222 tres
2831 5181 3057 5223 menses
3078 5172 3363 5243 regnavit,
3390 5173 3478 5228 vir
3504 5190 3606 5244 per

1958 5261 2144 5316 omnia
2172 5262 2358 5316 bonus
2379 5263 2436 5313 et
2461 5258 2629 5328 cujus
2660 5256 2966 5327 sapientiae
2991 5259 3157 5327 pauci
3183 5260 3447 5317 homines
3471 5263 3609 5318 assi-

1959 5349 2145 5405 milari
2189 5351 2457 5421 possunt.
2504 5347 2785 5403 Videntes
2824 5350 3017 5404 autem
3047 5348 3413 5419 Longobardi
3456 5351 3612 5419 quod

1959 5439 2302 5509 Asprandus
2343 5441 2698 5504 moreretur,
2741 5434 3007 5494 fecerunt
3051 5436 3162 5493 sibi
3205 5453 3404 5512 regem
3438 5436 3617 5491 ﬁlium

1956 5526 2086 5599 ejus
2117 5525 2559 5600 Liutprandum,
2592 5526 2764 5599 patre
2803 5528 2992 5586 adhuc
3022 5525 3272 5588 vivente.

3309 5623 3397 5690 26
