3992 6062
383 234 496 311 811

1542 231 2023 310 EKKEHARDI
2071 238 2626 309 URAUGI’3NSIS

3674 231 3796 308 812

453 378 830 456 Phylippicus
854 384 1047 440 autem
1077 380 1463 441 Justinianum
1495 381 1902 454 imperatorem
1936 396 2027 438 ορ·
2057 380 2114 442 Α
2148 381 2483 448 Barcetum;
2518 380 2778 451 itemque
2810 379 2866 435 in
2899 378 3116 436 Alonna
3155 378 3293 438 villa
3329 380 3564 453 propria
3598 394 3795 438 mona-

383 474 547 543 cidit,
575 488 933 544 regnumque
965 475 1089 544 ejus
1121 488 1219 545 per
1252 489 1460 529 annum
1485 479 1541 527 et
1566 488 1668 527 sex
1693 485 1922 527 menses
1949 477 2027 526 te-

385 565 540 629 nuit;
572 563 828 619 surrexit
853 563 1003 617 enim
1036 570 1237 618 contra
1273 578 1401 617 eum
1440 560 1801 627 Anastasius,
1838 560 1935 630 qui
1968 565 2023 615 et

384 652 722 707 Arthemius
762 652 955 707 dictus
984 657 1094 720 est,
1129 655 1184 705 et
1219 651 1390 720 ejecit
1421 665 1547 704 eum
1580 650 1650 704 de
1682 665 1857 718 regno
1894 664 2029 704 ocu-

385 741 585 812 losque
617 740 743 810 ejus
772 755 1077 811 erumpere
1112 739 1264 793 fecit.
1302 738 1644 794 Anastasius
1675 744 1866 794 autem
1896 753 2025 794 cum

384 831 643 885 mitteret
680 843 856 884 naves
885 828 937 882 in
972 827 1377 882 Alexandriam
1412 830 1614 881 contra
1651 828 2024 893 Sarracenos,

382 919 746 974 divertentes
777 916 992 970 milites
1025 915 1587 985 Constantinopolim
1621 915 2025 985 exquisierunt

379 1005 782 1074 Theodosium,
834 1004 1222 1060 orthodoxum
1275 1004 1482 1069 virum,
1537 1008 1596 1058 et
1648 1004 1889 1059 invitum
1926 1018 2029 1075 per

380 1093 713 1150 violentiam
764 1097 1087 1163 posuerunt
1141 1092 1194 1147 in
1246 1106 1506 1162 regnum.
1572 1092 1783 1147 Exiens
1832 1098 2024 1147 autem

379 1181 528 1236 idem
561 1181 921 1237 Theodosius
945 1180 1014 1236 de
1040 1179 1542 1250 Constantinopoli
1569 1180 1622 1234 in
1649 1179 1899 1249 Niceam,
1928 1195 2028 1250 pu-

376 1268 576 1338 gnavit
597 1274 798 1325 contra
824 1268 1218 1335 Anastasiutn,
1245 1272 1305 1322 ot
1326 1267 1464 1322 vicit
1490 1282 1641 1335 eum,
1678 1265 1929 1336 tulitque
1955 1268 2026 1322 ab

376 1371 446 1413 eo
481 1362 929 1426 sacramentum,
965 1362 1016 1411 et
1062 1371 1190 1412 eum
1238 1355 1516 1410 clericum
1571 1356 1693 1409 ﬁeri
1740 1354 1931 1424 jussit,
1966 1359 2021 1410 ct

377 1450 579 1517 postea
632 1447 1022 1517 presbiterum
1073 1444 1330 1500 ordinari
1384 1443 1539 1499 fecit.
1574 1444 1800 1499 Mortuo
1832 1447 2023 1498 autem

372 1534 699 1591 Theodosio
732 1538 864 1605 post
887 1548 1095 1589 annum
1130 1548 1325 1602 unum,
1362 1534 1472 1588 Leo
1507 1533 1692 1587 factus
1723 1535 1812 1587 est
1850 1532 2024 1603 impe-

376 1628 557 1679 rator.

448 1713 611 1783 Apud
656 1726 896 1781 regnum
931 1713 1280 1767 Francorum
1314 1709 1416 1764 illo
1448 1711 1501 1764 in
1537 1714 1800 1780 tempore
1832 1710 2023 1781 Pippi-

373 1816 482 1857 nus
528 1800 812 1870 regnavit,
858 1800 953 1870 qui
997 1801 1102 1856 fuit
1146 1800 1379 1855 nimium
1433 1799 1623 1853 audax
1674 1813 2021 1869 semperque

374 1890 445 1945 ab
474 1889 744 1944 hostibus
775 1888 1078 1943 victoriam
1110 1888 1330 1943 habuit.
1371 1887 1471 1942 Hic
1496 1886 1697 1943 habuit
1722 1887 1890 1957 ﬁlios,
1919 1888 2021 1944 sed

372 1991 445 2033 ex
463 1977 549 2032 eis
568 1976 814 2032 Karolus
835 1976 1091 2048 optimus
1110 1976 1327 2047 extitit,
1352 1975 1447 2046 qui
1477 1980 1605 2047 post
1626 1990 1752 2031 eum
1780 1989 2020 2045 regnum

372 2065 617 2136 accepit.

445 2154 613 2208 Circa
636 2153 758 2210 haec
780 2157 1043 2224 tempora
1069 2157 1455 2223 compunctus
1479 2151 1675 2208 divino
1699 2167 1895 2207 amore
1919 2154 2021 2207 Pa-

368 2247 577 2299 tronax
614 2242 683 2298 de
718 2242 907 2296 Brixia
950 2241 1108 2297 venit
1144 2242 1403 2309 Romam,
1438 2247 1494 2295 et
1530 2256 1635 2311 per
1662 2241 2021 2296 exhortatio-

370 2345 498 2385 nem
534 2329 622 2363 ¹⁰⁶³
655 2330 811 2386 beati
844 2329 1129 2399 Gregorii,
1165 2335 1304 2386 tunc
1339 2329 1620 2400 temporis
1643 2344 1828 2401 papae,
1865 2328 2018 2385 venit

367 2419 424 2473 in
456 2418 751 2475 Cassinum
796 2423 1077 2487 castrum,
1119 2417 1414 2488 coepitque
1460 2417 1533 2471 ibi
1578 2418 1844 2473 habitare
1887 2432 2027 2474 cum

368 2504 1101 2578 simplicibushominibus,
1129 2506 1225 2574 qui
1250 2510 1389 2560 tunc
1416 2505 1491 2559 ibi
1522 2505 1872 2561 residebant.
1908 2505 2015 2571 Qui

366 2594 577 2650 deinde
606 2594 848 2651 eundem
882 2593 1270 2649 venerabilem
1308 2594 1492 2648 virum
1531 2595 1904 2649 Petronacem
1942 2594 2017 2649 le-

366 2687 574 2739 ccrunt
604 2682 715 2737 sibi
748 2683 1057 2736 seniorem.
1111 2683 1424 2752 Coeperunt
1470 2688 1662 2737 autem
1712 2682 1909 2737 statim
1944 2681 2013 2736 ad

366 2775 497 2827 eum
529 2783 884 2825 concurrere
919 2768 1083 2824 multi
1111 2769 1214 2823 viri
1244 2768 1490 2837 nobiles,
1517 2774 1575 2825 et
1598 2769 1909 2839 adjuvante
1933 2771 2016 2827 di-

365 2858 496 2913 vina
527 2858 738 2927 gratia,
772 2871 875 2927 pro
909 2856 1135 2911 meritis
1170 2857 1322 2911 beati
1360 2858 1541 2928 patris
1576 2858 1892 2928 Benedicti,
1928 2873 2016 2914 re-

365 2946 594 3018 paravit
626 2946 818 3017 priora
851 2944 1201 3005 habitacula,
1230 2945 1548 3015 vivensque
1581 2962 1709 3001 cum
1744 2947 2012 3004 omnibus

365 3035 474 3090 sub
503 3034 643 3105 jugo
677 3039 893 3090 sanctae
933 3032 1149 3102 regulae
1191 3034 1508 3089 secundum
1553 3035 1814 3091 ordinem
1858 3036 2011 3091 beati

366 3123 685 3193 Benedicti,
740 3128 1006 3179 sanetum
1050 3121 1194 3178 illud
1237 3123 1653 3179 monasterium
1687 3124 1759 3179 ad
1799 3126 2011 3181 bonum
2045 3115 2092 3176 Ο

363 3211 722 3281 perduxerat
745 3214 983 3266 statum.
1014 3211 1155 3266 lluic
1177 3212 1493 3266 venerabili
1524 3212 1646 3266 viro
1672 3213 1849 3268 multa
1878 3213 2013 3268 fecit

364 3298 655 3367 adjutoria
698 3299 950 3354 dilectus
990 3300 1105 3353 Deo
1145 3299 1453 3355 Zacharias
1487 3314 1653 3369 papa,
1689 3300 1833 3355 dans
1865 3301 1915 3355 ei
1948 3302 2013 3356 li-

365 3388 505 3442 bros
528 3391 744 3443 sanctae
768 3386 1078 3458 scripturas
1101 3393 1160 3442 et
1184 3387 1292 3441 alia
1316 3402 1443 3457 qua:
1463 3388 1533 3443 ad
1559 3388 1873 3444 utilitatem
1896 3405 2012 3446 mo-

363 3475 606 3531 nasterii
635 3475 951 3545 pertinent,
971 3474 1207 3545 insuper
1226 3479 1282 3530 et
1304 3475 1584 3545 regulam,
1612 3492 1781 3547 quam
1808 3479 2014 3535 beatus

364 3568 531 3636 pater
556 3564 905 3619 Benedictus
938 3564 1204 3619 manibus
1234 3563 1355 3619 suis
1386 3565 1645 3635 scripsit.
1684 3567 1767 3620 Ab
1793 3566 1892 3623 illo
1917 3583 2013 3623 au-

361 3657 480 3708 tem
510 3656 794 3722 tempore,
828 3666 900 3707 ex
924 3667 1036 3720 quo
1069 3652 1236 3708 locus
1266 3652 1365 3707 ille
1398 3653 1740 3709 destructus
1772 3659 1880 3723 est,
1920 3671 2012 3712 us-

365 3755 476 3811 que
498 3740 568 3795 ad
597 3740 713 3810 jam
747 3739 965 3795 dictum
998 3740 1267 3795 abbatem
1301 3743 1704 3814 Petronacem,
1734 3743 2008 3815 completi

364 3830 597 3885 fuerunt
629 3832 862 3884 centum
895 3833 954 3883 et
986 3829 1185 3884 decem
1216 3830 1367 3884 anni.

434 3919 493 3973 In
530 3917 788 3987 Francia,
831 3920 1062 3973 mortuo
1102 3918 1364 3990 Pippino,
1403 3918 1556 3975 ﬁlius
1588 3921 1713 3989 ejus
1745 3919 2005 3991 Karolus,

363 4006 624 4078 quamvis
654 4021 755 4077 per
787 4006 999 4062 multas
1050 4021 1293 4078 pugnas,
1341 4007 1472 4064 tulit
1514 4009 1904 4079 principatum
1939 4010 2009 4065 de

362 4100 655 4167 potestate
708 4094 1051 4164 Reginl‘ridi.
1106 4097 1261 4151 Inter
1311 4097 1433 4152 haec
1482 4097 1874 4167 Liu‘prandus
1907 4112 2007 4153 rex

363 4185 605 4242 audiens
638 4185 790 4255 quod
824 4185 1127 4241 Sarraceni
1161 4185 1628 4257 depredarentur
1661 4186 2002 4256 Sardiniam,

361 4274 523 4330 dedit
554 4288 819 4349 magnum
855 4273 1134 4345 precium,
1170 4277 1226 4329 et
1260 4274 1417 4331 misit
1453 4275 1509 4329 in
1551 4275 1894 4345 Sardiniam,
1932 4276 2008 4331 fe-

357 4361 556 4433 citque
584 4362 717 4417 inde
752 4361 960 4418 adduci
990 4376 1127 4417 ossa
1154 4363 1340 4418 sancti
1377 4363 1686 4432 Augustini
1720 4364 2002 4435 episcopi,

360 4455 417 4507 et
451 4450 646 4522 posuit
682 4449 777 4505 illa
820 4450 1137 4509 honoriﬁce
1170 4452 1223 4507 in
1255 4453 1467 4509 Ticino.

429 4539 569 4593 Post
621 4538 744 4593 haec
796 4538 1038 4595 Karolus
1087 4555 1189 4597 rex
1240 4543 1590 4597 Francorum
1624 4542 1778 4597 misit
1812 4541 2005 4614 Pippi-

360 4641 493 4684 num
519 4625 697 4682 ﬁlium
722 4642 891 4683 suum
914 4628 983 4683 ad
1010 4629 1425 4699 Liutprandum
1457 4645 1672 4700 regem,
1710 4636 1769 4686 ut
1805 4630 2006 4687 tonde-

359 4719 449 4771 ret
477 4714 721 4786 capillos
748 4716 873 4784 ejus
894 4721 952 4770 et
977 4718 1193 4772 faceret
1228 4732 1357 4773 cum
1391 4718 1499 4773 sibi
1536 4718 1746 4774 exinde
1775 4732 2005 4789 compa-

359 4808 538 4869 trem;
571 4804 723 4874 quod
748 4804 843 4859 ille
869 4804 1028 4875 fecit,
1065 4820 1424 4876 puerumque
1455 4807 1777 4869 cuindonis
1808 4806 2005 4863 multis

357 4894 427 4949 ad
463 4898 683 4963 patrem
719 4892 961 4948 remisit.

428 4982 614 5052 Igitur
643 4982 1036 5053 Liutprandus
1061 4998 1162 5039 rex
1187 4982 1398 5040 multas
1428 4983 1725 5041 {ecclesias
1751 5000 1852 5055 per
1873 4984 1998 5041 loca

357 5071 588 5126 diversa
617 5071 965 5127 construxit.
1011 5072 1172 5127 Fecit
1212 5072 1363 5127 enim
1395 5072 1810 5129 monasterium
1845 5073 1999 5129 beati

356 5158 516 5214 Petri
539 5159 791 5229 apostoli
818 5159 961 5216 foris
985 5174 1180 5217 muros
1200 5160 1519 5218 Ticinensis
1540 5161 1818 5232 civitatis,
1844 5163 1998 5232 quod

359 5244 573 5304 dicitur
605 5246 674 5302 ad
704 5247 913 5304 Caelum
945 5264 1206 5321 aureum,
1240 5254 1299 5306 et
1331 5265 1563 5306 sursum
1588 5250 1644 5304 in
1670 5249 1912 5321 Alpibus
1943 5250 1997 5305 in

355 5335 591 5408 propria
623 5349 727 5393 sua
758 5334 895 5393 villa
937 5338 1077 5394 fecit
1120 5339 1558 5410 monasterium,
1594 5337 1750 5411 quod
1784 5337 1999 5396 dicitur

2144 469 2385 526 sterium
2422 470 2556 525 fecit
2591 470 2644 524 in
2678 471 2898 526 honore
2940 469 3126 525 sancti
3171 472 3463 527 Anastasii
3495 472 3790 541 martyris.

2143 559 2422 615 Similiter
2446 558 2583 614 fecit
2603 559 2926 614 aicclesiam
2958 559 3173 615 domini
3207 560 3528 616 Salvatoris
3553 560 3608 614 in
3634 560 3797 631 pala-

2140 648 2224 702 tio
2254 664 2379 717 suo,
2410 651 2467 702 et
2498 647 2791 703 ordinavit
2820 646 2897 701 ibi
2928 648 3269 703 sacerdotes
3302 656 3361 703 et
3390 648 3658 720 clericos,
3690 649 3790 719 qui

2139 736 2383 792 cottidie
2444 736 2636 792 divina
2687 735 2869 790 ofﬁcia
2906 735 2981 790 ibi
3017 734 3408 807 celebrarent,
3445 738 3595 808 quod
3650 753 3792 794 nun-

2142 840 2310 895 quam
2343 825 2441 879 alii
2474 839 2644 894 reges
2686 829 2819 881 ante
2860 824 3047 895 ipsum
3081 825 3431 881 habuerunt.
3476 828 3786 897 Postquam

2141 928 2279 969 vero
2331 913 2591 983 regnavit
2626 927 2729 984 per
2756 928 2936 969 annos
2968 917 3026 967 31
3063 917 3123 968 et
3156 929 3382 969 menses
3409 920 3461 984 7,
3518 921 3787 971 mortuus

2138 1007 2247 1071 est,
2276 1000 2661 1073 sepultusque
2689 1007 2779 1057 est
2802 1001 2856 1056 in
2880 1001 3143 1058 mcclesia
3167 1003 3351 1058 sancti
3380 1003 3615 1059 Adriani
3640 1018 3788 1058 inar-

2140 1090 2306 1159 tyris,
2363 1089 2457 1144 ubi
2497 1095 2555 1145 et
2595 1092 2764 1161 pater
2812 1090 2939 1160 ejus
2986 1090 3254 1161 sepultus
3283 1095 3393 1147 est.
3432 1091 3561 1147 Fuit
3591 1098 3783 1147 autem

2141 1178 2370 1248 sapiens
2391 1182 2449 1233 et
2473 1178 2664 1248 fortis,
2698 1182 2920 1233 amator
2954 1178 3132 1249 pacis,
3157 1178 3533 1250 culpantibus
3566 1180 3789 1235 miseri-

2136 1279 2289 1336 cors,
2320 1270 2539 1333 castus,
2575 1266 2943 1323 orationibus
2965 1272 3024 1322 et
3047 1266 3262 1336 vigiliis
3294 1267 3550 1338 deditus,
3584 1269 3638 1323 in
3671 1268 3789 1324 ele-

2138 1352 2382 1408 mosinis
2425 1353 2652 1423 largus;
2697 1350 2926 1411 litteras
2969 1369 3080 1410 non
3122 1354 3300 1425 novit,
3336 1355 3434 1411 sed
3470 1358 3661 1411 tamen
3696 1358 3784 1412 sic

2137 1441 2373 1512 sapiens
2407 1441 2533 1510 fuit,
2567 1446 2633 1497 ut
2666 1441 3045 1513 phylosophis
3075 1443 3505 1499 assimulandus
3539 1444 3638 1500 sit.

2209 1531 2515 1601 Hucusque
2539 1531 2609 1586 de
2633 1531 3141 1601 Longobardorum
3165 1532 3358 1602 gentis
3379 1532 3603 1602 origine
3632 1534 3789 1604 ejus-

2138 1633 2248 1688 que
2286 1618 2339 1672 in
2372 1619 2596 1675 Italiam
2640 1620 3003 1689 ingressione
3044 1636 3361 1691 regumque
3392 1622 3520 1692 ejus
3550 1637 3786 1678 succes-

2139 1706 2302 1762 sione
2352 1707 2600 1763 strictim
2652 1708 3056 1779 descripsisse,
3101 1710 3517 1780 imperatorum
3550 1725 3784 1780 quoque

2136 1795 2525 1852 Romanorum
2578 1796 2809 1851 interim
2862 1797 3226 1867 regnantium
3280 1798 3507 1852 nomina
3541 1802 3597 1853 et
3642 1803 3787 1854 tem-

2137 1898 2273 1954 pora
2326 1883 2584 1939 breviter
2636 1885 2901 1954 tetigisse
2951 1885 3216 1955 sufﬁciat,
3271 1901 3422 1942 nunc
3473 1886 3544 1942 ad
3596 1892 3788 1958 cepta}

2137 1972 2309 2027 seriei
2346 1970 2753 2044 digestionem,
2780 1973 2931 2030 unde
2957 1973 3254 2045 paululum
3286 1973 3536 2045 digressi
3561 1990 3787 2047 sumus,

2134 2060 2455 2132 descriptio
2490 2062 2713 2119 redeat.

2206 2148 2305 2219 (Η.
2340 2152 2442 2222 m.)
2491 2152 2753 2207 Justinus
2802 2151 3119 2222 imperator
3168 2153 3473 2223 Tyberium
3508 2155 3781 2209 comitem

2131 2240 2541 2295 excubitorum
2566 2240 2673 2295 sibi
2702 2239 2881 2296 ﬁlium
2906 2241 3142 2311 faciens,
3173 2256 3427 2297 cesarem
3459 2241 3777 2313 appellavit

2131 2331 2190 2381 et
2214 2341 2612 2383 consessorem
2634 2344 2801 2385 suum
2828 2329 3155 2386 constituit.
3183 2332 3317 2386 Erat
3344 2331 3661 2401 imperator
3685 2346 3783 2401 pe-

2131 2414 2302 2471 dibus
2333 2430 2490 2485 eger,
2517 2420 2572 2471 et
2600 2431 2704 2487 per
2726 2417 2835 2474 hoc
2862 2418 3043 2488 magis
3070 2418 3127 2473 in
3157 2418 3375 2475 lectulo
3400 2419 3602 2488 jacuit.
3641 2421 3776 2475 Post

2130 2503 2253 2560 hch
2284 2504 2629 2575 inﬁrmatus,
2674 2506 2778 2562 sed
2820 2511 2954 2578 post
2996 2506 3292 2579 paululum
3322 2522 3351 2563 a
3385 2507 3667 2577 languore
3697 2508 3782 2562 di-

2130 2592 2363 2663 missus,
2393 2595 2737 2651 convocavit
2766 2600 2881 2650 tam
2914 2596 3203 2652 Eutieium
3235 2595 3569 2667 pontiﬁcem
3601 2600 3658 2651 et
3688 2610 3777 2652 se-

2128 2685 2346 2751 natum,
2375 2696 2542 2751 quam
2567 2698 2769 2740 omnes
2791 2684 3130 2740 sacerdotes
3151 2688 3209 2739 et
3231 2684 3410 2755 cives,
3433 2688 3492 2739 et
3518 2684 3777 2741 adducto

2128 2783 2346 2825 caesare
2378 2771 2639 2841 Tyberio,
2669 2771 2855 2843 palam
2879 2773 3147 2829 omnibus
3173 2772 3490 2843 appellavit
3511 2787 3642 2829 eum
3674 2774 3777 2828 im-

2129 2862 2477 2928 peratorem,
2518 2860 2607 2915 his
2637 2861 3005 2918 sermonibus
3039 2876 3181 2917 usus
3206 2881 3217 2916 :
3246 2863 3396 2918 Ecce
3424 2864 3584 2921 Deus
3616 2861 3778 2919 bene-

2126 2945 2274 3004 fecit
2300 2945 2429 3016 tibi,
2464 2948 2620 3005 hanc
2648 2948 2921 3005 babitmn
2946 2952 3106 3006 Dens
3138 2949 3248 3006 tibi
3277 2949 3458 3019 dedit,
3488 2964 3606 3006 non
3634 2964 3767 3021 ego.

2124 3033 2370 3091 Honora
2396 3033 2590 3106 illam,
2624 3037 2693 3093 at
2718 3038 2782 3093 tn
2811 3052 3045 3107 quoque
3071 3037 3378 3095 [tonoreris
3405 3037 3480 3094 ab
3506 3038 3647 3109 illa;
3676 3039 3778 3095 lio-

2122 3135 2272 3178 nora
2317 3123 2569 3179 matrem
2618 3124 2802 3195 tuam,
2855 3140 2987 3196 quae
3034 3126 3362 3198 aliquando
3391 3126 3501 3183 tibi
3530 3126 3776 3183 domina

2125 3208 2280 3277 fuit;
2308 3211 2485 3278 nosti,
2519 3213 2679 3281 quod
2694 3214 2964 3283 primum
2976 3213 3189 3284 fueris
3211 3213 3341 3282 ejns
3361 3227 3583 3283 servas,
3616 3227 3779 3270 nunc

2122 3297 2321 3353 autem
2356 3299 2552 3370 ﬁlius.
2607 3301 2695 3358 Ne
2733 3302 3069 3372 protuleris
3098 3302 3163 3357 in
3193 3301 3612 3373 sanguinibas,
3666 3315 3777 3359 nec

2123 3389 2510 3444 com-manias
2532 3388 2871 3461 homicidio,
2895 3404 2969 3446 ne
2987 3391 3335 3461 malnmpro
3355 3392 3513 3447 malo
3532 3390 3769 3448 reddas‘

2121 3487 2193 3529 ne
2214 3472 2281 3529 in
2300 3475 2457 3530 malo
2484 3476 2831 3534 ini-micicia
2849 3478 3033 3534 michi
3053 3478 3275 3535 similis
3307 3478 3624 3549 eﬂciaris;
3651 3492 3777 3536 non

2123 3563 2309 3618 elevet
2322 3563 2376 3618 te
2394 3562 2637 3621 habitas
2658 3565 2757 3623 hic
2776 3568 3268 3636 quemadmodum
3284 3581 3406 3635 me;
3424 3569 3514 3624 sic
3534 3566 3777 3624 attende

2120 3651 2391 3709 omnibus
2415 3653 2572 3710 sicut
2597 3653 2741 3723 tibi;
2767 3657 2914 3712 scito
2941 3658 3081 3726 quis
3092 3656 3318 3729 fueris,
3343 3670 3415 3711 ne
3434 3655 3771 3726 superbiae,

2121 3739 2307 3795 etnon
2315 3740 2610 3811 peccabis.
2641 3744 2848 3800 Omnes
2862 3744 2970 3801 isti
2979 3745 3111 3815 ﬁlii
3131 3743 3219 3800 tui
3237 3745 3381 3802 sunt
3395 3744 3641 3813 etserai,
3663 3743 3774 3800 ltos

2122 3842 2252 3885 eum
2270 3830 2500 3900 videas,
2525 3844 2719 3887 omnes
2742 3831 2849 3901 qni
2869 3832 3012 3888 sunt
3028 3833 3118 3887 rei
3138 3832 3390 3902 publica
3416 3833 3598 3889 vides.
3636 3834 3769 3888 Haec

2122 3932 2250 3974 cum
2290 3918 2560 3988 dixisset,
2603 3924 2662 3973 et
2706 3918 2853 3974 facta
2887 3920 3153 3976 oratione
3187 3935 3216 3975 a
3252 3920 3605 3991 patriarcha,
3636 3935 3767 3977 cum

2121 4003 2406 4060 dixissent
2438 4020 2638 4061 omnes
2664 4025 2675 4059 :
2701 4006 2901 4076 Amen,
2930 4006 3143 4064 cecidit
3163 4022 3345 4063 caesar
3369 4008 3437 4064 ad
3462 4008 3642 4079 pedes
3668 4009 3769 4063 im-

2121 4093 2433 4163 peratoris,
2469 4098 2524 4149 et
2561 4094 2708 4149 dixit
2728 4094 2781 4149 ei
2808 4114 2820 4148 :
2845 4096 2922 4151 Si
2940 4096 3052 4164 vis,
3076 4109 3242 4165 smn;
3265 4098 3321 4152 si
3341 4098 3451 4165 vis,
3477 4109 3761 4153 nonsum.

2118 4182 2187 4235 Et
2213 4181 2527 4252 imperator
2560 4183 2639 4237 ait
2666 4201 2677 4236 :
2703 4184 2879 4251 Dens,
2913 4184 3194 4254 quifeoit
3216 4186 3422 4241 calum
3443 4185 3501 4241 et
3521 4185 3767 4253 terram,
3864 4238 3867 4239 ν

2117 4271 2244 4341 ipse
2264 4270 2464 4326 omnia
2485 4284 2617 4340 quae
2636 4273 2834 4331 dicere
2855 4272 3072 4330 oblitas
3091 4287 3223 4330 sum
3244 4275 3309 4331 in
3330 4288 3424 4330 cor
3447 4275 3614 4330 tuum
3630 4274 3767 4330 mit-

2119 4359 2228 4416 tat.
2254 4361 2386 4415 Haec
2408 4374 2537 4416 cum
2562 4360 2906 4430 loqueretur
2936 4361 3274 4433 imperator,
3309 4362 3575 4435 replebat
3597 4361 3763 4417 lacr-i

2034 4481 2088 4542 D
2120 4449 2226 4542 mis
2250 4453 2437 4542 totum
2462 4448 2790 4519 collegium.
2824 4452 2962 4542 Post
2983 4451 3104 4542 hac
3126 4452 3393 4542 Justinus
3416 4467 3565 4509 anno
3589 4457 3647 4508 11
3677 4466 3765 4506 re-

2115 4537 2210 4607 gni
2237 4538 2325 4593 sui
2346 4542 2609 4593 mortuus
2626 4541 2739 4608 est,
2761 4538 2966 4595 relicto
2988 4540 3233 4610 Tyberio
3255 4553 3617 4597 successore.

2117 4626 2264 4681 Anni
2294 4625 2383 4659 1°“
2413 4628 2644 4682 Justini.

2192 4721 2236 4770 1.
2281 4716 2447 4785 (σὴν.
2497 4716 2603 4787 W.)
2644 4717 2837 4772 Primo
2871 4725 3062 4774 autem
3095 4734 3245 4777 anno
3273 4719 3507 4791 Justini,
3544 4718 3641 4791 qui
3670 4724 3765 4775 est

2117 4819 2300 4861 annus
2322 4805 2626 4860 dominicae
2651 4806 3068 4864 incarnationis
3091 4814 3271 4880 565W,
3299 4809 3553 4865 Armenii
3578 4808 3767 4866 susci-

2118 4894 2278 4964 piunt
2312 4894 2500 4949 ﬁdem.

2185 4986 2235 5037 3.
2272 4982 2371 5050 (Η.
2402 4983 2505 5054 m.)
2537 4984 2601 5038 A.
2637 4985 2700 5037 D.
2736 4987 2855 5037 567.
2895 4983 3103 5054 Sophia
3136 4991 3409 5056 augusta,
3452 4983 3765 5043 accersitis

2113 5071 2376 5141 notariis,
2421 5071 2635 5126 deferri
2668 5070 2758 5105 1°”
2784 5072 2963 5141 jussit
3004 5074 3308 5130 cautiones
3340 5075 3673 5131 debitorum
3700 5078 3765 5129 et

2115 5161 2338 5230 breves,
2391 5164 2451 5215 et
2498 5159 2716 5216 dimisit
2765 5161 2849 5216 eis
2897 5161 3109 5217 omnia.
3163 5161 3332 5232 (Ckr.
3390 5162 3493 5234 W.)
3544 5163 3764 5219 Eodem

2112 5264 2261 5306 anno
2301 5251 2514 5305 Narses
2557 5250 2841 5321 patricius
2884 5250 3128 5307 Totilam
3169 5266 3362 5323 regem
3403 5251 3619 5309 occidit
3653 5252 3768 5307 Go-

2112 5339 2359 5410 thosque
2391 5337 2689 5409 dispersit.

1719 5455 1955 5511 νΑΒΙιΕ
1993 5455 2287 5511 LECTION
2292 5456 2391 5511 ES.

425 5536 515 5574 ¹⁰⁸³
545 5543 605 5597 et
638 5554 691 5613 p.
723 5553 774 5597 e.
808 5539 878 5600 in
909 5542 1028 5601 loco
1056 5556 1195 5602 raso
1232 5550 1285 5600 1.

1371 5544 1460 5579 ¹⁰⁵⁴
1488 5544 1654 5605 deest
1680 5548 1729 5602 1.
1767 5546 1816 5600 4.
1896 5542 1987 5577 ίοδδ
2015 5544 2161 5617 post
2181 5539 2418 5616 supplet
2445 5545 2502 5597 1.
