3992 6034
294 142 418 210 818

1175 146 1618 218 CHRONICA.
1654 189 1732 202 —
1762 148 2243 225 CHRONICON
2286 164 2813 236 UNIVERSALE

3583 192 3695 257 814

371 286 426 338 4.
468 283 531 338 Α.
568 283 629 338 Ι).
665 285 786 341 568.
849 284 1209 356 Longobardi
1268 288 1491 346 Italiam
1521 294 1810 364 petentes,
1874 293 1944 349 de
1975 300 2029 363 Α
2060 294 2415 369 imperialem
2468 320 2572 378 per
2615 311 2683 365 30
2712 310 2836 368 dies
2859 278 3284 382 jocundaretur
3315 337 3443 380 cum
3476 325 3596 385 suis
3627 332 3699 386 ad

290 372 588 428 Pannonia
620 372 841 441 egressi
877 378 1013 429 sunt
1047 375 1141 443 (cf.
1181 379 1239 433 P.
1276 379 1398 450 D.).

366 463 418 515 6.
455 462 518 515 Α.
554 461 616 515 Ι).
652 464 774 515 570.
809 461 1199 532 *Longobardi
1259 466 1644 526 Mediolanum
1697 470 1946 527 intrave-

292 552 453 605 runt.
1765 570 1769 575 ’

436 648 461 671 θ
493 647 653 702 D?E.
675 646 734 703 et
759 647 826 703 in
841 648 971 714 ﬁne
991 651 1140 707 anni
1164 657 1349 708 5—11
1389 653 1480 688 ίοδο
1506 655 1779 714 addunt:
1812 657 1947 712 San-

483 724 615 774 ctus
643 717 935 775 Vedastus
967 722 1130 776 obiit.
1167 723 1244 779 cf.
1277 726 1479 798 Sigeo.

366 818 417 870 7.
457 817 520 871 A.
557 817 618 871 D.
655 816 804 873 571‘.

436 916 458 937 ο
492 915 660 989 D?_E.
699 916 881 989 4—1-1
923 917 1157 989 addant
1181 938 1200 973 .-
1235 920 1550 989 Gregorius
1595 922 1946 979 Turonensis

498 985 810 1056 episcopus
843 986 895 1040 in
928 986 1013 1021 1°"
1049 990 1228 1045 Gallia
1260 985 1465 1048 claret.
1499 994 1578 1065 cf.
1606 993 1811 1065 Sigeo.

371 1087 450 1137 11.
490 1082 655 1151 (C'Itr.
698 1083 805 1154 W.)
829 1085 1114 1143 A.D.575.
1143 1088 1409 1145 Justinus
1434 1089 1752 1161 imperator
1774 1092 1938 1147 obiit.

291 1169 539 1235 Quidam
566 1170 836 1226 scribunt
857 1170 941 1240 (P.
977 1174 1039 1230 D.
1063 1190 1145 1245 ιη,
1173 1176 1282 1247 11),
1312 1177 1465 1247 quod
1490 1178 1543 1233 in
1572 1179 1818 1235 heresim
1842 1181 1945 1236 Pe-

289 1256 578 1328 lagianam
610 1258 908 1331 inciderit,
950 1269 1006 1317 et
1042 1263 1170 1319 ideo
1195 1264 1358 1335 justo
1390 1266 1489 1322 Dei
1516 1266 1736 1337 judicio
1766 1283 1942 1326 sensu

290 1346 546 1417 perdito,
580 1362 710 1404 cum
740 1349 992 1406 amentia
1024 1352 1202 1407 vitam
1237 1353 1509 1411 ﬁniverit.

286 1435 436 1491 Anni
468 1436 717 1506 Tyberii.

361 1522 581 1596 (Em)
607 1527 771 1582 Anno
796 1525 1098 1585 dominij
1132 1527 1552 1588 incarnationis
1594 1538 1743 1604 576°,
1770 1535 1940 1591 Urbis

284 1626 426 1669 vero
447 1613 697 1671 conditae
719 1615 790 1669 mi
800 1615 1026 1673 llesimo
1040 1621 1191 1689 327°,
1206 1618 1486 1691 Tyberius
1500 1622 1936 1694 Constantinus,

278 1714 498 1769 genere
522 1704 729 1775 Thrax,
766 1708 863 1759 55°
906 1704 1035 1762 loco
1064 1708 1136 1763 ab
1166 1710 1430 1778 Augusto
1462 1710 1763 1781 imperium
1794 1713 1940 1768 acci-

282 1791 471 1863 piens,
514 1799 829 1849 coronatus
861 1798 951 1851 est
982 1796 1053 1851 ab
1087 1796 1310 1853 Euticio
1348 1799 1702 1869 patriarcha,
1738 1814 1938 1871 regna-

281 1879 487 1951 vitque
519 1882 687 1938 annis
716 1887 766 1938 7.
805 1883 912 1950 Qui
943 1885 1183 1941 mittens
1223 1885 1466 1942 adduxit
1499 1904 1738 1945 uxorem
1773 1905 1934 1946 suam

283 1971 673 2042 Anastasiam,
699 1975 755 2028 et
800 1974 1105 2030 coronavit
1149 1989 1292 2031 eam.
1314 1974 1451 2040 Quae
1473 1992 1602 2033 cum
1626 1992 1935 2034 coronare-

276 2061 401 2125 tur,
425 2057 749 2115 clamabant
769 2066 995 2131 partes:
1025 2064 1373 2133 Anastasia,
1397 2064 1694 2123 tuoincas.
1713 2068 1929 2140 Salea,

276 2146 955 2222 Domine,guosjussisti
966 2151 1278 2223 imperare.
1290 2154 1406 2209 Hoc
1421 2154 1665 2211 audiens
1681 2156 1928 2227 Sophya,

275 2249 430 2291 uxor
457 2237 692 2308 Justini,
745 2239 935 2294 animo
967 2240 1235 2311 perculsa
1268 2246 1393 2309 est;
1445 2243 1747 2300 nesciebat
1778 2246 1929 2301 enim

275 2322 433 2393 quod
462 2323 704 2382 haberet
738 2342 996 2399 uxorem,
1032 2329 1387 2401 volebatque
1418 2332 1545 2403 ipsa
1578 2334 1801 2390 nubere
1830 2336 1931 2404 Ty-

275 2412 444 2469 berio
477 2418 534 2469 et
569 2429 910 2485 permanere
935 2424 1200 2488 augusta.
1226 2420 1468 2485 Quidam
1493 2436 1633 2478 vero
1657 2422 1928 2478 dicebant

273 2501 452 2572 quod,
480 2501 711 2559 vivente
740 2506 989 2569 Iustino,
1026 2507 1350 2565 adamicata
1384 2511 1555 2566 fuerit
1578 2512 1844 2583 Tyberio,
1869 2513 1927 2567 et

272 2590 400 2660 ipsa
434 2593 793 2661 persuaserit
834 2595 1087 2666 Iustino,
1125 2600 1189 2652 ut
1219 2611 1349 2652 eum
1400 2613 1676 2655 casarem
1710 2601 1928 2656 faceret

274 2676 377 2747 (cf.
411 2680 471 2733 P.
509 2681 571 2735 Ι).
608 2696 691 2752 m,
723 2684 799 2756 2).
861 2684 968 2751 Qui
1000 2700 1130 2740 cum
1191 2686 1378 2743 adhuc
1406 2688 1640 2746 vivente
1699 2690 1927 2747 Justino

273 2773 542 2837 preesset
574 2769 811 2841 palatio,
846 2776 903 2826 et
938 2776 997 2828 ut
1032 2788 1166 2828 vere
1190 2773 1551 2834 christianus
1583 2778 1923 2835 thesaurum
1968 2816 1975 2823 η

272 2854 543 2928 multum,
580 2873 748 2929 quem
775 2860 1043 2917 Justinus
1076 2862 1222 2918 male
1244 2866 1619 2936 congregavit
1641 2866 1925 2938 pejusque

272 2944 330 2998 in
369 2944 577 3003 ferreis
603 2948 797 3003 archis
828 2951 1114 3023 reposuit,
1134 2953 1493 3024 pauperibus
1516 2954 1919 3029 distribueret,

269 3032 500 3105 Sophya
560 3041 807 3106 augusta
859 3038 1226 3110 frequentius
1270 3057 1399 3098 eum
1461 3042 1804 3116 increpavit,
1840 3046 1923 3101 di-

266 3135 445 3179 cens:
476 3123 642 3189 Quod
661 3139 762 3196 ego
770 3140 878 3198 per
905 3129 1125 3186 multos
1146 3144 1333 3189 annos
1352 3135 1727 3205 congregari,
1763 3133 1828 3191 tu
1857 3136 1922 3192 in

263 3212 498 3270 modico
523 3214 773 3286 tempore
811 3218 1116 3288 expendis.
1158 3220 1258 3274 Cui
1293 3220 1391 3277 ille
1431 3222 1550 3277 ait:
1587 3223 1823 3295 Con/ldo
1853 3225 1921 3282 in

260 3300 439 3357 Domi
445 3316 534 3372 ne,
551 3304 966 3376 quiapeounia
977 3320 1093 3363 non
1106 3308 1295 3366 deerit
1291 3311 1442 3381 ﬁsco
1461 3312 1677 3384 regali,
1688 3313 1919 3370 tantum

250 3402 553 3460 pauperes
580 3393 932 3452 elemosiuas
963 3397 1282 3468 accipiant,
1302 3400 1591 3472 etcaptiei
1617 3402 1918 3460 rediman-

261 3477 497 3535 turﬂic
519 3494 649 3536 cum
667 3482 1024 3553 imperialem
1053 3501 1325 3543 coronam
1342 3494 1693 3561 accepturus
1730 3496 1911 3564 esset,

255 3569 690 3639 eumquejuxta
704 3573 1187 3629 consuetudinem
1203 3575 1259 3630 in
1282 3578 1621 3647 spectaculo
1637 3581 1795 3651 circi,
1814 3583 1913 3638 ubi

254 3668 433 3724 rcges
463 3659 732 3714 coronari
764 3660 1054 3733 solebant,
1083 3664 1336 3734 populus
1367 3672 1760 3741 exspectaret,
1790 3671 1913 3741 qui-

256 3742 389 3798 dam
424 3745 746 3803 adversarii
781 3748 1020 3806 insidias
1051 3752 1104 3806 ei
1139 3761 1512 3827 paraverunt,
1549 3761 1604 3813 et
1636 3759 1911 3817 Justinia-

255 3846 416 3904 num,
462 3842 733 3907 nepotem
763 3838 995 3910 Justini,
1031 3840 1084 3895 in
1122 3841 1426 3913 imperium
1461 3847 1780 3905 sublimare
1812 3866 1927 3907 vo»

253 3918 513 3979 luerunt.
550 3924 653 3980 lllc
676 3930 869 3984 autem
897 3929 1061 3998 prius
1080 3929 1202 3987 loca
1227 3938 1427 3990 sancta
1452 3939 1901 4013 perambulavit,

251 4016 463 4081 postea
485 4027 700 4073 vocans
719 4016 790 4072 ad
814 4031 878 4073 se
897 4019 1226 4089 pontiﬁcem
1248 4023 1413 4079 urbis
1436 4025 1746 4098 Euticium,
1771 4046 1902 4086 cum

250 4100 668 4159 consulibuset
710 4106 988 4177 prefectis
1029 4110 1363 4182 ceterisque
1402 4113 1704 4172 honoratis
1749 4119 1904 4190 pala-

252 4188 398 4245 tium
418 4189 680 4263 intravit,
697 4199 755 4250 et
772 4195 1018 4254 induens
1032 4213 1093 4255 se
1110 4215 1367 4271 purpura
1381 4188 1771 4276 coronamque
1787 4209 1898 4264 sibi

249 4275 575 4351 imponens,
610 4282 764 4338 sedit
806 4300 984 4356 super
1030 4287 1224 4344 sedem
1264 4290 1643 4365 imperialem,
1677 4275 1737 4352 et
1768 4312 1897 4353 cum

249 4367 474 4437 magnis
497 4367 768 4428 laudibus
791 4372 848 4428 in
870 4373 1052 4444 gloria
1078 4380 1237 4447 regni
1254 4384 1343 4435 est
1371 4381 1767 4442 confirmatus.
1793 4386 1892 4457 (Η.
1928 4401 1980 4462 D

244 4459 348 4529 φη.)
382 4456 547 4523 Quod
590 4458 857 4519 videntes
893 4464 1021 4535 ejus
1062 4467 1406 4542 adversarii,
1450 4486 1655 4543 magna
1697 4456 1898 4532 confu-

2058 386 2427 464 vindemiam,
2446 395 2671 467 Sophya
2687 400 3073 459 Iustinianum
3099 407 3243 463 clam
3269 415 3519 484 vocavit,
3544 432 3701 475 cum-

2059 489 2169 545 que
2192 477 2243 532 in
2280 495 2518 549 regnum
2549 486 2867 543 sublimare
2902 494 3170 561 quesivit.
3199 499 3317 555 Hoc
3341 477 3582 561 audiens
3601 510 3700 578 Ty-

2059 564 2274 667 berius,
2314 570 2655 629 festinanter
2684 577 3246 654 ConstantinOpolim
3270 588 3460 661 rediit,
3497 564 3695 667 appre-

2056 650 2411 727 hensamque
2446 662 2750 735 Sophyam,
2774 668 3040 725 omnibus
3070 650 3192 728 suis
3216 676 3390 733 rebus
3415 650 3546 737 eam.
3570 650 3701 755 spo-

2056 739 2240 814 liavit,
2278 746 2577 805 dimittens
2607 752 2658 806 ei
2691 756 2917 811 tantum
2943 760 3092 815 unde
3122 762 3366 836 viveret,
3394 772 3450 823 et
3486 739 3699 831 tollens

2056 846 2256 889 omnes
2290 851 2504 907 pueros
2535 840 2678 912 ejus,
2716 842 2786 898 dc
2828 846 2948 903 suis
2982 848 3253 908 fidelibus
3288 859 3483 925 posuit
3518 863 3613 931 qui
3646 865 3696 919 ei

2058 921 2371 991 servirent,
2399 928 2728 1000 precipicus
2772 938 2835 988 ut
2865 935 3059 992 nullus
3089 953 3158 993 ex
3192 921 3410 1014 bis—qui
3444 948 3494 1002 ei
3529 921 3697 1008 antea

2058 1012 2391 1067 serviebant
2423 1015 2491 1070 ad
2524 1030 2648 1073 eam
2675 1023 3001 1079 accederet.
3043 1012 3428 1088 Iustinianum
3455 1052 3592 1093 vero
3612 1055 3700 1096 se-

2058 1096 2127 1154 lis
2156 1100 2353 1156 verbis
2386 1105 2728 1178 corripiens,
2758 1108 2811 1165 in
2838 1116 3061 1169 tantum
3085 1131 3212 1173 cum
3240 1127 3443 1189 postea
3469 1125 3693 1202 dilexit,

2056 1191 2117 1243 ut
2140 1187 2311 1245 ﬁliam
2337 1206 2499 1248 suam
2527 1194 2644 1251 ﬁlio
2669 1197 2794 1267 ejus
2818 1202 3189 1271 promitteret
3214 1187 3560 1284 rursumque
3578 1187 3696 1274 {ilio

2055 1291 2155 1332 sua
2178 1277 2347 1334 tiliam
2371 1281 2495 1351 ejus
2540 1291 2873 1355 expeteret;
2900 1292 3003 1346 sed
3024 1295 3218 1351 nescio
3252 1311 3364 1367 quo
3396 1277 3559 1358 dc-re
3591 1305 3696 1363 hoc

2054 1364 2413 1464 adeﬂ‘ectum
2449 1386 2560 1426 non
2612 1378 2894 1444 pervenit.
2932 1381 3014 1451 (P.
3051 1384 3111 1437 D.
3152 1385 3197 1438 Ζ.
3239 1364 3315 1458 ί)
3350 1389 3449 1444 llic
3500 1392 3696 1464 itaque

2055 1454 2185 1525 quia
2222 1456 2435 1515 multas
2475 1460 2823 1521 clemosinas
2874 1470 3117 1527 cottidie
3176 1454 3331 1548 fecit,
3369 1454 3617 1537 multum
3642 1485 3693 1539 ei

2052 1544 2205 1600 Deus
2227 1560 2431 1602 aurum
2457 1548 2900 1629 demonstravit.
2937 1558 3036 1627 (II.
3071 1563 3174 1634 m.)
3211 1544 3463 1628 Quadam
3500 1569 3695 1641 itaque

2055 1631 2146 1688 die
2166 1633 2545 1695 deambulans
2564 1656 2669 1711 per
2687 1642 2988 1717 palatium,
3007 1631 3218 1705 vidit'in
3246 1655 3576 1724 pavimento
3600 1631 3696 1730 pe-

2052 1725 2223 1792 tram,
2251 1723 2305 1778 in
2330 1739 2440 1795 qua
2487 1731 2778 1801 sculptum
2803 1738 2929 1789 erat
2962 1742 3177 1795 sanctae
3207 1743 3402 1799 crucis
3431 1723 3686 1815 signum.

2050 1810 2116 1864 Et
2144 1812 2256 1867 ait:
2292 1814 2480 1872 Cruce
2508 1819 2751 1877 Domini
2773 1821 3017 1893 frontes
3047 1828 3102 1883 et
3126 1831 3367 1899 pectora
3389 1810 3593 1893 nostra
3619 1839 3697 1895 si-

2042 1912 2237 1968 gnare
2250 1902 2743 1976 debemus,etecce
2753 1912 2860 1968 sub
2868 1914 3117 1984 pedibus
3128 1920 3352 1977 nostris
3363 1936 3492 1979 eam
3505 1939 3572 1982 ca
3581 1927 3696 1984 lca-

2045 2001 2194 2060 mus,
2214 1990 2466 2060 etjussit
2510 2010 2633 2052 eam
2656 2001 2892 2056 auferri.
2931 2003 3069 2068 Quae
3099 2022 3228 2062 cum
3262 2008 3576 2086 levaretur,
3613 2016 3694 2072 in-

2046 2086 2330 2135 venerunt
2363 2083 2531 2139 aliam
2576 2087 2752 2142 simili
2792 2092 2961 2147 modo
2993 2093 3305 2162 signatam.
3348 2083 3602 2173 Cumque
3634 2110 3690 2162 et

2046 2166 2192 2223 hanc
2218 2170 2816 2248 sublevarijussisset,
2836 2183 3104 2251 apparuit
3130 2188 3332 2242 tercia.
3362 2166 3522 2247 llanc
3552 2208 3693 2264 quo-

2044 2269 2155 2325 que
2178 2273 2307 2313 cum
2334 2258 2645 2333 levassent,
2666 2264 3010 2324 invenerunt
3041 2272 3177 2341 plus
3193 2289 3360 2345 quam
3378 2278 3534 2336 mille
3559 2258 3691 2338 cen-

2044 2346 2266 2401 tenaria
2300 2348 2445 2404 auri.
2481 2350 2605 2415 Quo
2638 2354 2892 2427 sublato,
2929 2359 3171 2417 multum
3196 2367 3553 2436 pauperibus
3578 2370 3689 2427 lar-

2039 2433 2199 2502 gitus
2230 2441 2319 2492 est
2354 2452 2426 2493 ex
2456 2454 2551 2494 eo.

2112 2525 2324 2581 Narses
2349 2542 2581 2599 quoque
2611 2532 2893 2601 patricius
2916 2550 3177 2608 magnam
3203 2540 3435 2601 domum
3460 2547 3682 2621 habuit,

2040 2610 2095 2667 in
2130 2627 2239 2682 qua
2271 2614 2587 2674 cisternam
2622 2620 2862 2693 faciens,
2889 2626 3134 2684 multum
3159 2643 3364 2689 aurum
3395 2641 3453 2691 et
3483 2610 3687 2708 argen;

2041 2702 2158 2755 tum
2221 2701 2275 2756 in
2331 2717 2397 2759 ea
2442 2707 2731 2779 recondit,
2789 2712 3063 2772 occidens
3118 2732 3318 2777 omnes
3370 2701 3578 2794 hujusv
3599 2724 3681 2782 rei

2035 2791 2308 2848 conscios
2334 2799 2534 2864 preter
2576 2811 2772 2854 senem
2814 2815 3010 2874 unum,
3063 2820 3093 2861 a
3128 2822 3242 2877 quo
3285 2791 3678 2881 juramentum

2034 2879 2295 2951 exigens,
2357 2884 2544 2939 omnia
2589 2885 2639 2940 ei
2687 2892 3142 2953 commendavit.
3213 2879 3437 2959 Mortuo
3487 2909 3679 2964 autem

2036 2968 2296 3040 Narsete,
2338 2973 2642 3042 predictus
2670 2992 2846 3034 senex
2879 2980 2949 3036 ad
2981 2983 3285 3053 Tyberium
3310 2993 3486 3063 venit,
3523 2998 3577 3051 et
3609 2997 3643 3051 d

1955 3039 2002 3102 C
2033 3056 2234 3114 eadem
2258 3063 2500 3131 pecunia
2516 3064 2879 3124 eiindicavit.
2901 3070 3006 3136 Qui
3029 3075 3268 3143 gavisus
3288 3039 3676 3155 misitpueros

2031 3162 2169 3205 suos
2201 3166 2331 3207 cum
2393 3168 2481 3223 eo,
2517 3157 2612 3226 qui
2670 3161 2999 3231 aperientes
3058 3168 3397 3246 cisternam,
3458 3186 3673 3242 tantam

2031 3239 2332 3309 pecuniam
2377 3243 2744 3320 invenerunt,
2783 3256 2843 3306 ut
2894 3268 2996 3324 per
3026 3258 3240 3317 multos
3292 3239 3416 3323 dies
3451 3269 3544 3325 vix
3576 3239 3675 3344 po:

2031 3328 2241 3385 tuisset
2304 3332 2621 3404 deportari.
2685 3337 2864 3404 Quam
2907 3359 3066 3401 more
3116 3364 3221 3405 suo
3254 3368 3398 3423 pene
3446 3328 3671 3419 onlnem

2027 3420 2386 3488 pauperibus
2427 3427 2719 3495 erogavit.
2770 3430 2892 3501 Ilic,
2930 3449 3059 3490 cum
3103 3420 3463 3511 temp—oribus
3498 3449 3672 3508 Bene-

2027 3506 2169 3562 dicti
2203 3524 2384 3580 papze.
2420 3518 2789 3575 vastantibus
2819 3523 3005 3578 omnia
3040 3506 3456 3606 Longobardis,
3493 3539 3669 3598 Roma

2027 3596 2173 3652 fame
2219 3598 2536 3673 laboraret,
2591 3607 2771 3663 multa
2804 3610 2960 3667 milia
3021 3596 3346 3677 modi—orum
3395 3596 3668 3686 frumenti

2024 3686 2268 3743 navibus
2316 3690 2388 3745 ab
2436 3694 2681 3764 :Egypto
2742 3698 3021 3774 dirigens,
3073 3720 3198 3763 eam
3248 3711 3666 3777 misericordia)

2022 3775 2218 3832 studio
2249 3778 2548 3837 relevavit.

2089 3865 2289 3921 Tcrcio
2347 3867 2517 3937 hujus
2574 3888 2724 3929 anno
2767 3892 2868 3933 rex
2926 3882 3235 3942 Persarum
3288 3899 3663 3965 congregavit

2017 3954 2340 4010 exercitum
2364 3957 2660 4028 cepiosum
2701 3971 2905 4022 contra
2930 3983 3079 4041 eum,
3114 3975 3217 4029 sed
3250 3954 3459 4037 missus
3489 3954 3560 4040 aub
3591 3954 3662 4043 eo

2015 4042 2309 4099 exercitus
2341 4046 2486 4101 duce
2515 4048 2794 4108 Mauricio
2828 4057 3034 4115 Persas
3072 4062 3231 4134 vicit,
3269 4083 3660 4145 reversusque

2012 4132 2323 4189 Mauricius
2373 4149 2503 4196 eum
2553 4139 2820 4212 victoria,
2870 4144 3188 4207 honoriﬁce
3218 4132 3261 4209 Va
3296 4157 3536 4228 Tybcrio
3565 4132 3659 4225 est

2014 4225 2610 4296 susceptus,dataque
2628 4229 2737 4285 sibi
2756 4231 2870 4288 ﬁlia
2888 4235 3262 4307 imperatoris
3282 4225 3653 4314 Constantina

2010 4325 2191 4380 gener
2210 4312 2337 4382 ejus
2369 4320 2461 4370 est
2491 4317 2754 4377 etl‘ectus.
2792 4323 3072 4383 Similiter
3110 4337 3168 4386 ct
3223 4336 3504 4399 Germano
3529 4312 3655 4417 pre:

2014 4399 2339 4470 torijunxit
2374 4403 2545 4461 filiam
2570 4422 2733 4465 suam
2755 4413 3009 4487 Charite,
3040 4425 3353 4494 utrumque
3375 4399 3652 4491 caesarem

2010 4502 2217 4545 creans
2232 4532 2243 4545 .
3340 4518 3361 4533 ί

246 4544 407 4602 sione
438 4552 571 4603 sunt
613 4552 900 4622 cooperti.
938 4555 1301 4614 Justinianus
1332 4574 1471 4617 vero
1512 4568 1643 4633 post
1676 4579 1896 4636 paucos

246 4633 374 4691 dies
395 4637 653 4709 veniens,
705 4641 949 4712 projecit
985 4660 1043 4699 sc
1073 4645 1143 4701 ad
1176 4647 1353 4719 pedes
1385 4650 1529 4722 ejus,
1581 4658 1641 4708 et
1673 4633 1735 4710 ut
1766 4671 1896 4726 gra-

244 4724 381 4779 tiam
414 4725 540 4796 ejus
569 4727 833 4799 haberet,
864 4732 1191 4801 quindecim
1216 4741 1551 4796 centenaria
1577 4743 1703 4799 auri
1735 4724 1891 4802 dedit

241 4811 313 4867 ei.
350 4812 477 4884 llle,
512 4820 572 4871 ut
606 4832 837 4888 semper
868 4820 978 4877 fuit
1008 4823 1255 4895 patiens,
1283 4830 1540 4900 suscepit
1567 4846 1697 4889 eum
1724 4835 1890 4913 bene,

235 4899 528 4973 jussitque
560 4920 690 4962 eum
724 4908 779 4963 in
840 4908 1058 4981 palatio
1087 4928 1317 4985 semper
1376 4899 1629 4978 manere.
1665 4899 1889 4999 Sophya

241 5003 493 5064 quoque,
512 4994 814 5053 immemor
838 5000 1245 5070 promissionis
1291 5021 1458 5080 quam
1473 4994 1789 5081 aliquando
1816 4994 1890 5073 ie-

241 5085 405 5136 cerat
434 5082 700 5156 Tyberio,
742 5091 1048 5160 temptavit
1086 5091 1137 5149 ei
1174 5092 1432 5152 fraudem
1466 5097 1751 5168 ingerere.
1786 5106 1892 5162 Ex-

238 5174 413 5229 eunte
436 5172 586 5230 enim
630 5173 730 5233 illo
760 5177 833 5234 ad
862 5178 1081 5252 villam,
1117 5186 1179 5239 ut
1207 5182 1374 5253 juxta
1402 5193 1887 5252 consuetudinem

2082 4576 2173 4678 (P':
2211 4580 2279 4635 D.
2324 4581 2689 4678 [[1,13.)-Ad
2743 4590 2891 4649 hunc
2947 4597 3251 4667 Tyherium
3308 4606 3649 4678 llclpcricus

2009 4679 2111 4721 rex
2134 4668 2485 4728 Francorum
2509 4675 2718 4735 missos
2760 4695 2900 4738 suos
2922 4684 3154 4757 direxit,
3208 4695 3266 4746 et
3291 4668 3467 4751 multa
3500 4697 3647 4756 dona

2006 4757 2251 4828 accepit,
2275 4763 2330 4815 ct
2349 4775 2559 4820 aureos
2579 4765 2748 4837 tales,
2766 4785 3010 4840 quorum
3030 4791 3176 4833 unus
3189 4779 3415 4838 solidus
3440 4784 3646 4845 libram

2007 4846 2291 4918 pensavit,
2318 4854 2374 4903 et
2400 4850 2689 4910 habebant
2713 4872 2788 4912 ex
2811 4875 2918 4915 una
2952 4869 3117 4932 parte
3137 4866 3378 4936 ﬁguram
3403 4872 3648 4945 impera-

2002 4935 2150 4992 toris
2175 4941 2235 4993 et
2267 4951 2371 5010 per
2399 4954 2604 5011 gyrum
2629 4945 2911 5016 scriptum
2938 4968 2958 5004 .-
2995 4935 3235 5023 Tyberii
3269 4935 3650 5025 Constantini

1997 5027 2270 5097 perpetui
2297 5030 2576 5104 Augusti,
2607 5047 2678 5089 ex
2701 5035 2886 5093 altera
2912 5042 3075 5109 parte
3097 5057 3354 5119 currum,
3390 5055 3445 5106 et
3471 5051 3650 5110 homi-

2002 5127 2128 5169 nem
2150 5130 2327 5188 super
2375 5133 2507 5176 cum
2532 5121 2628 5192 qui
2679 5124 2934 5183 minabat
2968 5128 3150 5205 illum,
3185 5138 3241 5191 et
3276 5137 3354 5193 ibi
3377 5146 3502 5198 erat
3534 5144 3647 5200 cir-

1999 5206 2421 5277 cumscriptum
2453 5229 2465 5264 :
2503 5209 2715 5268 Gloria
2744 5215 3169 5279 Romanorum.

1595 5343 1831 5400 VARI/E
1874 5346 2274 5412 LECTIONES.

306 5454 399 5491 1°“
430 5456 650 5519 demi
675 5460 873 5522 tamen
900 5466 977 5521 9°.
1055 5464 1147 5501 1°"
1177 5466 1233 5524 in
1260 5482 1314 5540 ς.
1352 5469 1567 5533 desunt
1590 5477 1721 5533 4-1
1738 5485 1783 5541 1.
