3992 6062
297 221 416 291 815

1455 216 1937 286 EKKEHARDI
1981 216 2539 285 URAUGIENSIS

3578 213 3705 279 816

368 361 470 421 His
503 358 867 434 temporibus
899 359 1108 419 beatus
1132 361 1465 433 Gregorius,
1499 366 1637 417 tunc
1660 357 1944 417 archidia-
1973 359 2029 418 A
2062 358 2157 430 rit,
2185 363 2240 414 et
2268 357 2679 431 imperatorem
2699 354 2895 426 gladio
2920 353 3264 412 moriturum
3282 351 3549 410 omnibus
3574 368 3708 425 pro-

298 468 502 524 conus,
529 467 658 509 cum
682 452 891 508 fuisset
910 466 938 507 a
963 452 1197 521 Pelagio
1218 466 1362 524 papa
1388 448 1943 520 ConstantinOpolim

302 540 888 611 missus,rogantibus
911 540 1192 597 fratribus
1212 555 1404 596 secum
1423 538 1943 608 commorantibus,

302 629 668 698 maximeque
686 627 946 684 Leandro
964 627 1331 697 Hispaniensi
1348 626 1641 698 episcopo,
1660 625 1945 697 quietiam

304 722 440 774 tunc
476 716 758 787 temporis
804 714 942 771 illuc
1001 716 1213 770 missus
1274 717 1481 783 fuerat,
1544 714 1785 771 moralia
1840 714 1948 770 Job

303 805 561 877 scripsit,
594 810 652 860 et
702 803 1029 859 Eutliicium
1063 804 1323 873 ejusdem
1375 804 1538 860 urbis
1588 804 1945 875 episcopum,

304 896 577 965 presente
628 891 875 963 Tyberio
909 898 1177 960 augusto,
1239 891 1291 947 in
1329 892 1440 949 fide
1500 891 1950 948 resurrectionis

302 995 532 1039 errasse
564 978 819 1036 convicit
850 978 945 1047 (cf.
995 979 1186 1035 Vitam
1219 980 1395 1052 Greg.
1428 985 1485 1035 et
1520 982 1759 1053 BEDAM).

374 1071 562 1141 (P.D.
605 1068 847 1140 "1,15.)
904 1068 1187 1138 Tyberius
1245 1074 1439 1125 autem
1495 1084 1624 1125 cum
1680 1070 1948 1137 regnaret

302 1159 467 1217 annis
498 1164 550 1229 7,
598 1163 655 1213 et
708 1156 1036 1212 infirmatus
1098 1161 1341 1212 mortem
1399 1158 1510 1213 sibi
1566 1158 1948 1229 propinquam

303 1248 569 1316 sentiret,
604 1261 734 1302 cum
768 1245 1014 1301 consilio
1044 1246 1287 1317 Sopbyzc
1318 1250 1583 1315 augustae
1614 1246 1949 1303 Mauricium

301 1350 577 1406 generum
612 1349 801 1403 suum,
848 1348 1066 1402 genere
1101 1334 1485 1404 Capadocuin,
1542 1334 1612 1390 ad
1646 1334 1949 1406 imperium

301 1424 496 1495 elegit,
532 1423 704 1494 eique
762 1422 1152 1494 principatum
1186 1422 1368 1493 dedit,
1401 1423 1635 1478 dicens:
1667 1424 1744 1480 Ia
1762 1424 1954 1479 mente

301 1511 469 1579 habe,
484 1511 977 1569 utrectitudiaem
995 1511 1604 1582 etjusticiamsemper
1619 1525 1797 1568 ames.
1833 1512 1950 1567 Hoc

304 1604 613 1674 postquam
640 1598 807 1669 dixit,
835 1600 904 1654 de
928 1599 1035 1654 hac
1071 1598 1199 1655 luce
1228 1600 1516 1669 migravit.
1548 1600 1727 1666 Quem
1751 1614 1950 1657 omnes

305 1689 504 1761 populi
533 1688 779 1745 multum
826 1688 1181 1778 planxerunt
1215 1705 1315 1760 pro
1347 1690 1608 1745 bonitate
1638 1690 1783 1759 ejus.
1822 1689 1948 1744 Fuit
1980 1718 2033 1778 B

303 1778 454 1835 enim
480 1792 717 1834 summae
739 1777 1042 1846 bonitatis,
1069 1777 1139 1831 ad
1163 1778 1512 1833 elemosinas
1538 1783 1860 1850 promptus,
1894 1777 1949 1831 in

297 1866 536 1936 judiciis
561 1866 775 1935 justus,
813 1865 866 1920 in
914 1865 1265 1922 discretione
1297 1867 1687 1937 cautissimus,
1732 1866 1950 1923 nullum

305 1955 692 2031 despiciebat,
729 1954 828 2009 sed
863 1968 1063 2011 omnes
1092 1969 1221 2011 cum
1256 1956 1404 2011 bona
1438 1956 1738 2012 voluntate
1770 1955 1954 2012 susci-

303 2043 527 2114 piebat,
561 2046 621 2098 et
668 2042 800 2112 quia
832 2042 1121 2098 dilexerat
1180 2058 1402 2113 omnes,
1440 2044 1511 2100 ab
1572 2045 1840 2100 onmibus
1872 2044 1955 2098 di-

302 2130 497 2187 lectus
522 2134 631 2187 est.

304 2220 450 2277 Anni
485 2218 575 2252 1°“
596 2219 844 2289 Tyberii.

376 2309 553 2379 Cujus
586 2323 735 2364 anno
777 2308 963 2379 primo
1012 2309 1329 2365 thesaurus
1387 2324 1629 2380 magnus
1661 2311 1765 2367 sub
1800 2310 1954 2382 pavi-

305 2401 502 2453 mento
536 2397 735 2469 palatii
766 2401 824 2452 et
857 2397 910 2452 in
942 2397 1111 2454 domo
1140 2400 1406 2455 Narsetis
1430 2399 1660 2471 patricii
1686 2400 1954 2456 inventus

305 2492 416 2556 est,
441 2489 502 2543 ut
538 2500 714 2556 supra
742 2486 962 2542 dictum
995 2490 1107 2542 est.

374 2569 426 2622 2.
460 2568 523 2621 Α.
556 2568 618 2622 D.
666 2571 787 2622 577.
854 2566 1204 2623 Benedictus
1260 2582 1407 2639 papa
1467 2572 1594 2624 64“!
1649 2569 1804 2624 sedit
1859 2584 1955 2625 an-

306 2654 392 2711 nis
423 2657 475 2709 4.
508 2655 532 2679 ⁶
1704 2658 1713 2663 ’

447 2735 469 2757 "
497 2734 559 2788 D.
578 2735 602 2787 ?
621 2734 682 2787 Ε.
717 2733 953 2790 addunt
981 2754 998 2789 :
1032 2733 1115 2788 Ab
1147 2734 1251 2788 hoc
1295 2735 1610 2801 Gregorius
1633 2761 1701 2776 ι-
1723 2737 1954 2793 ordina-

518 2806 898 2877 tus.g_4—11.
951 2804 1222 2877 addunt:
1267 2808 1349 2861 Ab
1393 2806 1500 2861 hoc
1538 2808 1852 2877 Gregorius
1884 2809 1953 2865 ad
2004 2814 2011 2819 '

516 2875 937 3002 greggandum
992 2875 1192 2945 Anglis
1233 2878 1448 2933 .nissus
1474 2883 1584 2933 est.
1631 2875 1706 2935 ea:
1733 2879 1945 2951 Sigeb.

376 3029 426 3081 3.
460 3025 554 3096 (cf.
594 3026 660 3086 G'.
694 3026 822 3097 Fr.)
860 3028 922 3081 A.
960 3025 1021 3081 D.
1059 3029 1179 3081 578.
1241 3026 1591 3099 Sigibertus,
1654 3028 1809 3086 filius
1856 3028 1955 3085 Lo-

309 3113 504 3185 tharii,
542 3114 891 3170 interfectus
921 3117 1007 3169 est
1042 3127 1193 3171 anno
1226 3115 1387 3185 regni
1420 3116 1511 3172 sui
1544 3119 1628 3171 14.

375 3207 426 3258 6.
463 3206 526 3259 Α.
562 3205 625 3259 D.
661 3206 790 3259 581.
831 3201 1102 3271 Pelagius
1136 3218 1283 3275 papa
1312 3208 1440 3258 (35“8
1468 3205 1624 3261 sedit
1652 3219 1834 3261 annos
1868 3211 1951 3277 10,

307 3294 629 3439 ωῗδῗὸῗήῗί.
666 3370 773 3441 W.)
817 3373 879 3425 A.
917 3372 978 3424 D.
1013 3373 1139 3426 582.
1201 3371 1481 3442 Tyberius
1536 3373 1956 3430 Constantinus

307 3459 475 3516 obiit.

381 3549 480 3619 (Η.
513 3548 618 3619 m.)
669 3548 831 3602 Anno
863 3546 1165 3603 dominicm
1224 3548 1644 3605 incarnationis
1699 3553 1848 3620 583°,
1884 3551 1956 3607 ab

310 3638 462 3694 Urbe
494 3635 727 3692 condita
784 3634 1090 3691 millesimo
1140 3639 1290 3706 3340,
1350 3638 1681 3709 Mauricius,
1742 3653 1957 3709 genere

311 3726 667 3797 CapadOcus,
705 3730 800 3780 56°
828 3724 956 3780 loco
988 3724 1060 3780 ab
1087 3728 1368 3795 Augusto,
1397 3726 1618 3798 primus
1641 3742 1713 3784 ex
1742 3742 1957 3798 genere

311 3817 644 3883 Grecorum,
690 3814 939 3885 adeptus
963 3817 1053 3869 est
1094 3812 1422 3885 imperium,
1448 3815 1830 3889 regnavitque
1862 3831 1959 3872 an-

310 3903 399 3959 nis
426 3908 513 3959 21.
543 3903 645 3959 Hic
695 3902 952 3958 secundo
975 3901 1201 3973 imperii
1229 3903 1316 3959 sui
1342 3918 1491 3960 anno
1523 3904 1729 3960 consul
1764 3905 1959 3977 appel-

311 3991 466 4049 latus
487 3996 595 4061 est,
621 3995 680 4047 et
698 3990 913 4047 multos
937 3992 1244 4048 thesauros
1259 3991 1397 4048 Urbi
1414 3992 1668 4049 donavit.
1687 3994 1958 4049 Provexit

309 4086 501 4139 autem
534 4079 931 4152 Phylippicum
996 4080 1280 4150 quendam
1343 4084 1632 4151 pretorem
1677 4082 1953 4153 Orientis,

309 4171 401 4227 cui
433 4175 488 4225 et
525 4169 698 4224 filiam
752 4183 912 4225 suam
946 4168 1216 4224 Gordiam
1265 4184 1505 4225 uxorem
1567 4170 1749 4237 dedit,
1787 4185 1955 4241 quem

309 4263 501 4314 tamen
528 4265 729 4329 postea
746 4256 911 4327 quasi
926 4257 1089 4327 regni
1112 4262 1521 4330 usurpatorem
1538 4259 1955 4329 suSSpiciosum

309 4348 530 4404 habuit.
561 4347 731 4417 (Vita
783 4346 980 4418 (ἔνθα.)
1013 4347 1194 4416 Hujus
1242 4346 1607 4418 temporibus
1639 4347 1766 4419 ipso
1800 4347 1959 4404 anni-

2059 447 2376 504 nunciavit.
2414 448 2595 518 (10m.
2644 444 2779 502 Vita
2810 446 3009 515 Greg.,
3043 460 3120 514 Ix,
3144 448 3196 514 3,
3227 447 3285 501 et
3314 443 3501 514 H.772.)
3536 441 3703 507 Quod

2059 536 2370 592 Mauricius
2386 540 2447 592 ut
2464 534 2707 605 audivit,
2731 551 2760 590 a
2780 533 3087 605 tyrannide
3107 532 3386 601 Gregorio
3402 530 3704 586 inferenda

2060 630 2244 680 semet
2286 623 2597 694 continuit,
2628 627 2684 680 et
2720 636 2994 678 reversus
3028 621 3080 676 in
3114 635 3176 677 se
3207 619 3509 690 cogitavit,
3545 619 3700 689 quod

2059 714 2235 768 Deum
2282 713 2461 768 lateat
2486 710 2682 781 nichil,
2718 711 2819 767 sed
2855 710 3061 766 reddat
3085 708 3354 775 omnibus
3384 707 3702 781 secundum

2060 816 2235 873 Opera
2260 817 2479 871 eorum,
2513 814 2943 870 recognoscens
2974 799 3149 855 etiam
3177 812 3505 866 excessum,
3533 811 3704 867 quem

2062 890 2115 945 in
2150 889 2547 963 captivatione
2590 888 2907 946 multorum
2969 888 3186 943 fecerat
3219 919 3284 925 —
3316 884 3496 942 multa
3555 884 3703 940 enim

2062 978 2215 1034 bella
2236 979 2291 1033 in
2317 979 2569 1035 diversis
2594 977 2788 1034 mundi
2815 976 3083 1048 partibus
3103 989 3208 1046 per
3230 975 3498 1031 diversos
3525 973 3708 1029 duces

2063 1084 2201 1125 suos
2232 1072 2580 1125 exercuerat
2610 1100 2678 1108 —
2707 1066 2987 1138 expedire
3037 1065 3149 1122 sibi
3175 1063 3482 1135 judicavit,
3515 1063 3571 1118 in
3600 1063 3710 1118 bac

2062 1158 2180 1213 vita
2207 1157 2469 1228 recipere
2488 1172 2594 1227 pro
2617 1160 2879 1228 peccato,
2901 1159 2961 1210 et
2993 1169 3107 1210 non
3140 1153 3197 1209 iu
3230 1154 3444 1223 futura,
3481 1167 3710 1224 compo-

2064 1246 2325 1316 sitasque
2350 1247 2575 1317 scripto
2591 1260 2798 1318 preces
2822 1243 3010 1300 eidem
3038 1242 3317 1312 Gregorio
3340 1246 3396 1298 et
3418 1242 3487 1298 ad
3511 1256 3713 1298 omnes

2064 1332 2489 1403 patriarcliales
2523 1331 2694 1388 sedes
2723 1336 2780 1387 et
2802 1331 2873 1387 ad
2905 1345 3104 1387 omnes
3132 1330 3405 1386 civitates
3427 1334 3486 1386 et
3518 1344 3714 1386 mona-

2064 1421 2240 1477 steria
2303 1421 2604 1478 civitatum
2639 1421 2761 1477 sive
2819 1420 3197 1476 solitudinum
3253 1434 3383 1476 cum
3434 1418 3621 1475 cereis
3652 1423 3713 1474 et

2064 1509 2526 1566 thimiamatibus
2577 1514 2635 1565 et
2683 1509 2948 1582 pecuniis
3006 1508 3352 1579 transmisit,
3387 1512 3446 1564 et
3508 1513 3570 1564 ut
3603 1523 3712 1578 pro

2065 1599 2324 1668 peccatis
2346 1598 2464 1655 suis
2488 1598 2921 1654 intercederent
2946 1597 3322 1669 supplicavit,
3350 1597 3456 1653 hoc
3480 1595 3715 1668 potissi-

2065 1703 2217 1744 mum
2248 1688 2588 1759 deprecans,
2616 1694 2677 1744 ut
2711 1687 2804 1743 hic
2829 1692 3026 1743 etnon
3054 1688 3109 1742 in
3130 1687 3328 1744 futuro
3354 1701 3481 1757 quae
3500 1686 3714 1742 meruit

2067 1777 2375 1849 reciperet.
2396 1778 2650 1848 Cumque
2675 1776 2779 1833 hoc
2805 1782 2860 1833 et
2878 1777 3006 1848 ipse
3030 1775 3430 1833 vehementius
3446 1790 3548 1846 per
3575 1779 3714 1830 tem-

2064 1881 2202 1936 pora
2230 1866 2409 1922 multa
2435 1866 2690 1923 lacrimis
2731 1867 3081 1937 postularet,
3111 1865 3358 1937 quadam
3381 1868 3550 1920 nocte
3583 1864 3718 1920 dor-

2064 1954 2266 2023 miens,
2292 1955 2439 2010 vidit
2480 1955 2535 2011 in
2565 1955 2695 2011 visu
2729 1956 2881 2026 apud
2908 1970 3126 2012 teneam
3160 1954 3362 2026 palatii
3394 1958 3622 2025 portam
3651 1967 3715 2008 se

2063 2057 2256 2099 coram
2289 2044 2504 2115 populo
2535 2043 2719 2100 multo
2750 2044 2985 2114 imagini
3024 2043 3237 2101 domini
3271 2042 3595 2099 Salvatoris
3621 2055 3716 2097 as-

2064 2131 2298 2200 sistere,
2331 2138 2393 2188 et
2434 2147 2637 2189 vocem
2679 2132 3002 2189 terribilem
3034 2144 3115 2188 ex
3134 2132 3336 2189 eadem
3370 2131 3617 2201 imagine
3650 2145 3716 2186 se

2063 2221 2287 2291 audire,
2307 2221 2598 2277 dicentem
2617 2222 2800 2279 :Date
2817 2221 3197 2279 Mauﬁcium.
3217 2223 3284 2277 Et
3303 2225 3570 2277 tenentes
3582 2234 3714 2276 eum

2058 2307 2410 2378 judiciorum
2446 2309 2721 2380 ministri,
2771 2314 3097 2381 posuerunt
3126 2324 3255 2365 eum
3312 2308 3465 2381 apud
3497 2324 3717 2381 purpu-

2064 2412 2226 2453 reum
2260 2397 2595 2454 umbilicum
2632 2399 2727 2469 qui
2762 2398 2882 2453 illic
2913 2402 3068 2453 erat.
3110 2398 3211 2454 Cui
3242 2396 3444 2453 eadem
3474 2412 3590 2453 vox
3622 2412 3719 2452 ca-

2066 2486 2315 2542 racteris
2347 2487 2428 2542 ait
2453 2507 2465 2542 :
2496 2487 2609 2543 Ubi
2632 2487 2727 2544 cis
2745 2486 2995 2544 reddam
3021 2486 3133 2543 tibi
3150 2487 3318 2544 mala
3336 2499 3469 2559 qua
3482 2486 3716 2558 fecisti,

2066 2572 2164 2628 hic
2189 2587 2267 2629 an
2289 2573 2586 2645 infuturo
2608 2575 2837 2631 seculo?
2876 2576 2944 2628 At
2974 2572 3072 2628 ille
3096 2573 3396 2644 respondit
3424 2592 3436 2627 :
3472 2573 3717 2630 Amator

2063 2660 2387 2731 hominum,
2428 2662 2662 2719 domine
2683 2663 2742 2719 et
2748 2662 2947 2733 judeo:
2957 2662 3144 2733 juste,
3178 2662 3279 2719 hic
3303 2659 3488 2719 michi
3508 2662 3717 2733 potius

2063 2750 2550 2822 g-uamiafuturo
2577 2750 2870 2817 retribue;
2902 2755 2959 2805 et
2986 2750 3163 2821 jussit
3192 2749 3387 2806 divina
3416 2765 3530 2807 vox
3558 2749 3716 2805 tradi

2065 2838 2399 2894 Mauricium
2461 2844 2520 2893 et
2553 2840 2990 2896 Constantinam
3038 2854 3275 2896 uxorem
3317 2840 3443 2910 ejus
3472 2843 3531 2895 et
3562 2837 3718 2894 ﬁlios

2065 2929 2123 2980 et
2172 2940 2395 2981 omnem
2426 2927 2835 2996 cognationem
2876 2926 3064 2998 ipsius
3093 2928 3256 2984 Focaa
3290 2925 3486 2982 militi.
3527 2926 3718 2996 Evigi-

2066 3011 2193 3068 lans
2218 3028 2360 3084 ergo
2411 3015 2721 3071 Mauricius
2770 3016 3001 3072 vocavit
3050 3030 3183 3071 eum
3233 3014 3330 3086 qui
3364 3019 3497 3070 ante
3531 3029 3593 3070 se
3624 3013 3719 3047 ¹⁰⁶⁹

1985 3078 2034 3139 C
2066 3078 2416 3172 dormiebat,
2466 3102 2738 3175 misitque
2763 3102 2853 3144 ¹⁰⁶ο
2873 3108 2929 3160 et
2964 3104 3196 3160 vocavit
3227 3078 3296 3160 ad
3330 3118 3392 3160 se
3423 3101 3718 3174 Phylippi-

2065 3205 2195 3246 cum
2230 3205 2508 3260 generum
2570 3208 2759 3263 suum,
2796 3208 2966 3263 quem
3000 3193 3217 3249 dudum
3273 3191 3719 3264 susspicabatur

2066 3278 2218 3335 velle
2250 3279 2358 3336 sibi
2388 3294 2628 3351 regnum
2648 3282 2976 3354 subripere.
3006 3284 3076 3337 At
3103 3281 3201 3338 ille
3220 3297 3325 3353 pro
3349 3280 3718 3352 susspicione

2067 3368 2332 3438 predicta
2367 3383 2429 3424 se
2465 3370 2826 3440 perdendum
2857 3370 3197 3442 conjiciens,
3224 3371 3519 3427 advocata
3550 3369 3623 3425 ad
3653 3382 3717 3425 se

2068 3456 2295 3513 Gordiaa
2327 3458 2495 3514 uxori
2529 3473 2667 3529 suae,
2720 3463 2997 3530 tanquam
3033 3459 3187 3515 ultra
3222 3474 3286 3519 se
3334 3474 3447 3515 non
3477 3458 3713 3529 visura,

2067 3543 2195 3599 vale
2220 3544 2385 3616 dixit,
2404 3552 2889 3618 sacramentoque
2912 3548 3335 3604 communionis
3359 3551 3625 3619 accepto,
3642 3546 3717 3603 ad

2068 3632 2349 3703 palatium
2364 3635 2610 3706 venit,et
2625 3635 2959 3691 cubiculum
2976 3635 3349 3707 imperatoris
3363 3635 3712 3705 ingrediens,

2069 3719 2139 3776 ad
2164 3722 2343 3793 pedes
2366 3722 2491 3792 ejus
2513 3723 2795 3795 procidit.
2824 3725 2922 3780 Cui
2947 3738 3261 3795 assurgens
3290 3725 3628 3795 imperator,
3645 3724 3717 3779 ad

2068 3810 2245 3882 pedes
2275 3810 2401 3879 ejus
2447 3811 2860 3868 nichilominus
2902 3813 3147 3883 corruit,
3194 3812 3396 3869 dicens
3427 3832 3439 3866 :
3473 3815 3719 3882 Ignosce

2064 3899 2271 3970 michi,
2288 3900 2580 3971 deprecor.
2602 3902 2842 3972 propter
2861 3903 3066 3972 Deum,
3092 3902 3242 3973 quia
3266 3902 3509 3973 peccavi
3535 3901 3602 3959 iu
3634 3902 3719 3967 te;

2066 3991 2391 4046 nuncenim
2403 3990 2730 4048 certissime
2743 3992 2895 4053 uoci.
2914 3990 3074 4063 quod
3090 3990 3635 4063 niohilpeecaveris
3655 3992 3720 4048 in

2066 4091 2173 4133 me.
2200 4079 2275 4133 Si
2300 4092 2472 4147 quem
2514 4092 2649 4135 rero
2670 4079 2830 4137 scias
2865 4080 2931 4137 in
2954 4079 3297 4151 agminibus
3337 4080 3579 4150 nostris,
3609 4079 3720 4152 qui

2067 4166 2995 4239 soleatFocasnominari,'dieito
3015 4168 3217 4226 michi.
3257 4169 3327 4224 Et
3357 4168 3719 4241 Philippicus

2071 4254 2169 4309 diu
2183 4268 2378 4311 secum
2395 4255 2746 4325 recogitans,
2774 4256 2951 4312 dixit:
2981 4258 3271 4316 Unumsic
3289 4258 3715 4328 coeatumseio,

2070 4344 2177 4414 qui
2186 4356 2375 4415 nuper
2385 4342 2459 4400 ab
2471 4344 2739 4409 exercitu
2745 4347 3099 4417 procurator
3099 4347 3358 4419 positus,
3377 4346 3474 4406 tuo
3489 4346 3720 4406 contra-

308 4439 493 4504 tente,
522 4436 730 4491 beatus
755 4434 1071 4503 Gregorius
1095 4435 1164 4489 ad
1187 4435 1430 4504 gradum
1461 4437 1698 4491 Romani
1729 4437 1956 4507 pontifi-
1988 4439 2040 4499 D
2070 4431 2580 4503 dicebatimperio.
2610 4433 2748 4491 Cum
2781 4440 2973 4491 autem
3005 4435 3323 4508 imperator
3345 4440 3619 4508 quereret
3644 4436 3715 4492 dc

310 4528 480 4580 catus
512 4526 826 4594 provectus
882 4526 993 4591 est,
1030 4524 1198 4592 cujus
1232 4523 1412 4579 ﬁlium
1461 4523 1609 4579 idem
1643 4524 1956 4593 Gregorius

312 4618 479 4668 antea
512 4612 583 4668 de
629 4610 981 4682 baptismate
1018 4611 1309 4681 suscepit;
1346 4616 1545 4683 postea
1577 4606 1772 4670 tamen
1806 4614 1956 4670 idem

310 4699 910 4769 MauriciusGregorio
936 4714 1097 4770 papre
1130 4700 1544 4757 infestissimus
1568 4707 1713 4756 erat.
1743 4703 1956 4772 Magnae

313 4791 527 4862 quippe
553 4789 823 4845 thll‘icitB
856 4793 912 4842 et
949 4788 1257 4858 rapacitati
1281 4789 1516 4845 deditus
1540 4795 1687 4859 erat,
1716 4806 1822 4862 pro
1845 4806 1957 4861 qua

313 4894 375 4933 re
408 4879 719 4948 Gregorius
760 4881 1041 4947 quantum
1074 4876 1267 4946 potuit
1300 4892 1428 4934 eum
1463 4878 1849 4949 corripiebat.
1887 4880 1958 4934 Et

312 4968 442 5038 quia
470 4968 879 5038 imperatorem
904 4979 1015 5020 non
1042 4965 1376 5033 verebatur,
1401 4967 1471 5021 ad
1490 4967 1876 5023 exercendam
1900 4967 1957 5022 in

311 5069 441 5112 eum
496 5056 862 5128 tyrannidem
902 5055 1141 5126 prodire
1192 5055 1511 5111 nitebatur.
1576 5056 1676 5126 (H.
1710 5062 1815 5128 m.)
1848 5056 1958 5113 Sed

313 5144 514 5200 eodem
547 5159 717 5211 anno,
753 5144 849 5214 qui
899 5144 1007 5199 fuit
1040 5142 1265 5215 imperii
1299 5142 1388 5199 sui
1424 5147 1568 5214 19‘",
1602 5144 1691 5200 vir
1724 5144 1958 5215 quidam

312 5232 650 5290 monachico
682 5233 921 5289 indutus
944 5233 1168 5303 habitu,
1195 5237 1420 5304 spatam
1454 5231 1695 5290 dextera
1730 5236 1954 5306 tenens,

313 5337 341 5379 a
370 5322 493 5378 foro
535 5335 717 5391 usque
741 5322 811 5376 ad
836 5336 1053 5377 amcam
1076 5320 1425 5391 gladiatoris
1447 5325 1700 5379 statuam
1734 5322 1961 5379 discur-

2070 4519 2194 4589 ejus
2217 4520 2521 4592 qualitate,
2546 4521 2908 4595 Philippicus
2933 4523 3013 4580 ait
3042 4544 3053 4579 :
3080 4525 3447 4597 Estquidem
3468 4526 3717 4597 juvenis

2069 4609 2777 4680 ettemerarius,attamen
2792 4613 3059 4671 timidus.
3086 4615 3243 4671 Tunc
3264 4614 3579 4673 Mauricius
3602 4614 3718 4671 ait:

2066 4698 2143 4756 Si
2169 4699 2259 4756 est
2303 4699 2571 4767 timidus,
2626 4701 2892 4771 profecto
2920 4702 2980 4758 et
3001 4702 3337 4776 homicida;
3364 4708 3422 4762 et
3455 4704 3716 4761 narravit

2067 4786 2390 4858 Philippieo
2449 4789 2733 4845 somnium
2791 4791 2945 4860 quod
2975 4790 3139 4846 vidit.
3198 4793 3382 4850 Porro
3414 4799 3588 4851 nocte
3619 4791 3718 4849 illa

2065 4876 2189 4932 visa
2222 4882 2312 4932 est
2340 4876 2510 4932 stella
2557 4892 2684 4948 qum
2718 4879 2933 4935 dicitur
2971 4885 3217 4938 cometa.
3278 4885 3339 4937 In
3400 4884 3720 4940 crastinum

2068 4980 2208 5023 vero
2239 4965 2395 5022 venit
2430 4967 2863 5037 Magistrianus,
2892 4984 3059 5040 quem
3095 4971 3251 5027 misit
3284 4973 3356 5029 ad
3380 4973 3717 5043 heremitas,

2070 5055 2263 5111 ferens
2291 5056 2360 5112 ab
2383 5056 2467 5112 eis
2517 5056 2844 5126 hujusmodi
2875 5073 3217 5130 responsum
3244 5079 3256 5117 :
3280 5063 3461 5133 Deus,
3484 5064 3721 5136 recepta

2062 5144 2417 5216 poenitentia
2432 5146 2555 5216 tua,
2579 5146 2847 5204 salcabit
2871 5149 3140 5205 animam
3152 5149 3336 5221 tuam,
3361 5152 3575 5209 etcum
3596 5152 3722 5211 tota

2072 5232 2233 5289 domo
2246 5232 2349 5289 tua
2364 5234 2425 5289 in
2448 5248 2687 5292 nurnero
2704 5236 3045 5293 sanctor-um
3067 5237 3121 5294 te
3141 5238 3490 5309 constituet;
3509 5240 3585 5298 ab
3612 5243 3721 5298 im-

2062 5322 2226 5394 peric
2237 5336 2373 5379 vero
2384 5336 2518 5380 cum
2529 5323 2865 5395 ignominia
2882 5324 3297 5385 etdiscrimine
3306 5328 3588 5389 discedes.
3617 5328 3721 5385 His

1697 5421 1931 5478 VARLE
1980 5417 2272 5478 LECTlON
2277 5419 2374 5475 ES.

383 5506 476 5545 1°"
508 5506 665 5566 deest
687 5512 733 5565 1.
815 5506 906 5542 1°“
921 5508 1065 5596 post
1090 5507 1269 5567 addit
1296 5513 1353 5567 1.

1445 5507 1536 5544 ¹⁰⁶ο
1565 5508 1721 5568 misit
1752 5523 1900 5571 corr.
1936 5510 2210 5585 misitque
2244 5515 2292 5568 1.
