3992 6034
279 230 398 298 817

1153 234 1598 305 CHRONICA.
1629 273 1711 289 --
1744 233 2227 308 CHRONICON
2269 242 2821 321 UNIVERSALE.

3571 265 3691 333 818

279 367 518 443 auditis,
540 369 851 432 Mauricius
879 370 1234 445 glorificavit
1263 376 1439 434 Deum
1476 375 1810 477 magniﬁce,
1853 378 1912 432 et
1941 371 2001 436 A
2030 378 2302 477 ctorihus
2338 385 2686 464 Augustino,
2714 391 2948 466 Mellito,
2997 395 3255 456 Iohanne
3283 399 3532 476 aliisque
3561 403 3694 477 plu-

281 460 677 532 paanitentiam
702 463 932 535 quidem
957 465 1165 536 tenuit,
1224 467 1326 523 sed
1387 467 1656 524 avarieiae
1705 466 1915 524 malum

281 548 428 606 adeo
453 565 562 606 non
605 551 866 624 reliquit,
901 555 1368 612 utexereitumin
1412 556 1920 628 periculosisloeis

281 637 540 694 hiemare
563 643 621 696 et
649 640 864 698 victum
897 643 970 698 ab
1001 643 1299 699 extraneis
1335 645 1571 716 juberet
1617 662 1745 704 cum
1771 647 1922 720 peri-

279 727 414 785 culo
439 743 708 802 querere,
737 746 806 789 ne
829 732 1109 790 videlicet
1132 734 1404 792 alimenta
1429 735 1657 808 publica
1679 737 1921 794 deberet

279 816 366 873 eis
396 819 746 878 ministrare.
786 821 948 888 Quod
1008 822 1253 880 audiens
1308 825 1630 898 exercitus,
1659 827 1714 882 in
1773 826 1924 884 sedi-

279 907 507 964 eionem
540 911 930 976 convertitur,
965 911 1402 986 cxaltatumquc
1451 930 1629 987 super
1657 915 1924 990 clypeum

277 997 486 1054 Focam
525 999 928 1057 centurionem
982 1001 1326 1060 acclama‘vit
1375 1006 1709 1062 exarchum.
1765 1007 1928 1064 Com-

278 1089 439 1143 moto
473 1093 665 1145 autem
696 1091 860 1160 gravi
895 1090 1148 1149 tumultu
1173 1094 1696 1167 Constantinopoli,
1723 1097 1927 1154 Mauri-

278 1175 408 1232 cius
437 1180 660 1233 mutata
691 1182 856 1234 veste
879 1193 1008 1236 cum
1046 1184 1292 1238 uxoreet
1329 1181 1464 1239 ﬁliis
1503 1189 1680 1241 noctu
1699 1183 1928 1242 dromo-

279 1279 409 1320 nem
431 1267 792 1336 conscendit,
813 1272 872 1323 et
891 1268 1116 1339 fugiens
1133 1271 1286 1342 apud
1315 1271 1588 1329 Sanctum
1634 1275 1922 1332 Antomon

278 1353 457 1409 venit.
495 1357 564 1410 At
591 1357 770 1412 Focas
801 1373 930 1414 cum
947 1358 1210 1415 exercitu
1235 1360 1291 1415 in
1323 1361 1636 1432 septimum
1661 1363 1922 1436 veniens,

277 1441 603 1514 imperator
626 1445 876 1502 efﬁcitur
901 1464 914 1513 ;
941 1462 970 1502 a
1005 1462 1118 1518 quo
1146 1449 1456 1507 Mauricius
1485 1466 1615 1507 cum
1649 1467 1830 1510 uxore
1859 1469 1924 1512 ac

283 1529 422 1586 ﬁliis
456 1545 634 1603 penes
655 1533 1036 1592 Calcedonem
1071 1537 1284 1595 missus
1339 1537 1688 1598 decollatur.
1711 1542 1922 1599 Verum

283 1620 596 1701 Mauricius
621 1623 910 1694 patienter
941 1623 1340 1684 infelicitatem
1383 1628 1684 1702 sustinuit,
1745 1633 1922 1688 Deum

285 1708 338 1764 in
373 1710 642 1783 omnibus
673 1711 970 1784 invocans,
992 1717 1049 1769 et
1081 1715 1290 1773 crebro
1335 1719 1728 1788 pronuncians
1756 1740 1768 1775 :
1792 1721 1925 1780 ,ἶπες-
1951 1735 2008 1798 Β

283 1799 382 1856 tus
403 1813 482 1870 es,
516 1801 783 1872 Domine,
819 1803 877 1858 et
899 1803 1127 1860 rectm
1158 1805 1466 1877 judicium
1514 1808 1702 1865 tuum.
1748 1811 1922 1866 Aiunt

278 1891 474 1943 autem
501 1889 754 1960 quidam,
787 1891 939 1960 quod
990 1906 1060 1949 eo
1091 1893 1287 1950 occiso
1343 1894 1431 1952 lac
1476 1911 1606 1952 eum
1641 1899 1922 1968 sanguine

275 1976 534 2048 ﬂuxerit,
573 1978 648 2034 ita
677 1985 952 2038 utomnes
981 1981 1359 2054 inspicientes
1389 1985 1512 2042 dire
1539 1985 1926 2046 lamentaren-

274 2069 394 2121 tur.
427 2065 520 2122 Sic
538 2081 678 2136 ergo
699 2067 1015 2140 imperator
1033 2071 1210 2127 etiam
1225 2076 1449 2130 natura:
1470 2073 1700 2145 legibus
1715 2077 1924 2134 celsior

278 2154 492 2226 factus,
505 2155 676 2210 vitam
694 2158 1094 2214 commutavit.
1113 2161 1295 2216 Porro
1309 2176 1380 2216 ex
1401 2161 1502 2219 illo
1525 2167 1787 2236 tempore
1807 2181 1920 2222 non

277 2243 596 2299 defuerunt
671 2245 925 2302 Romano
992 2247 1238 2321 imperio
1311 2249 1484 2307 variae
1539 2266 1605 2307 ac
1661 2252 1924 2322 ingentes

277 2345 554 2388 erumna}.

351 2419 588 2491 4.(C’ltr.
611 2421 740 2496 W.).
766 2424 831 2478 A.
866 2424 1068 2480 H.586.
1092 2423 1424 2496 Levigildus
1455 2442 1557 2482 rex
1577 2428 1926 2500 Wisigotha-

277 2525 410 2567 rum
441 2512 723 2568 Arrianus
745 2513 1224 2584 Herminigildum
1242 2514 1420 2572 ﬁlium
1467 2531 1633 2574 suum
1657 2519 1731 2576 ob
1758 2519 1921 2576 ﬁdem

275 2599 648 2672 catholicam,
687 2617 857 2672 quam
889 2618 918 2658 a
953 2603 1504 2677 Leandroepiscopo
1544 2609 1830 2679 percepit,
1866 2609 1922 2664 in

275 2693 483 2744 sancta
518 2688 804 2746 dominica
820 2691 1050 2762 pascha:
1073 2692 1262 2749 securi
1300 2693 1436 2749 fecit
1459 2695 1664 2751 occidi.
1701 2696 1922 2770 (ΒεοΑ.)

276 2776 631 2849 llilpericus,
669 2778 824 2834 ﬁlius
853 2779 1128 2852 Lotharii,
1164 2797 1313 2838 unus
1341 2797 1410 2838 ex
1456 2786 1724 2856 quatuor,
1755 2785 1919 2858 obiit,

275 2879 433 2921 anno
461 2869 558 2922 24°
578 2866 738 2936 regni
770 2867 858 2923 sui
893 2869 984 2940 (cf.
1014 2869 1260 2940 G.Fr.).

348 2957 400 3010 6.
439 2955 502 3010 A.
537 2957 598 3012 D.
623 2958 744 3011 588.
781 2955 1108 3029 Lotharius,
1142 2957 1419 3030 Hilperici
1449 2958 1622 3032 ﬁlius,
1676 2976 1922 3033 regnare

271 3043 474 3114 ccepit.

350 3136 400 3188 9.
438 3134 502 3188 A.
534 3133 596 3188 D.
630 3133 1083 3206 591.Gregorius
1113 3137 1334 3208 primus
1361 3141 1650 3210 papaﬁﬁ‘“
1691 3139 1922 3197 ordina-

275 3224 396 3291 tur,
433 3220 762 3293 sedensque
793 3224 960 3280 annis
992 3228 1076 3296 13,
1131 3239 1310 3281 mens.
1332 3230 1383 3297 6,
1433 3225 1643 3283 diebus
1701 3233 1782 3299 10,
1820 3229 1918 3284 mi-

267 3309 467 3380 gravit
489 3313 522 3366 4
551 3311 688 3366 Idus
711 3313 1034 3368 Mart.anno
1057 3313 1314 3370 secundo
1335 3316 1498 3372 Focze
1522 3315 1914 3389 imperatoris.

351 3402 434 3454 13.
463 3397 629 3469 (Chr.
651 3399 731 3456 W.
757 3402 1034 3474 ——Bsn.\.)
1063 3404 1126 3456 Α.
1162 3403 1223 3456 D.
1251 3403 1412 3459 595.‘
1444 3404 1757 3474 Gregorius
1785 3421 1919 3477 pon-

269 3487 421 3543 tifex
453 3485 736 3558 synodum
778 3488 1184 3562 epiSCOporiim
1229 3490 1299 3546 211
1349 3506 1712 3564 congregans
1764 3497 1915 3567 apud

266 3577 545 3633 Sanctum
573 3577 910 3648 Petrum,de
934 3579 1289 3634 necessariis
1310 3579 1595 3638 :ecclesite
1630 3581 1912 3640 decernit.

414 3675 438 3696 "
479 3675 522 3728 D
548 3673 573 3728 ?
600 3674 661 3730 E.
695 3674 963 3750 add-mat:
997 3676 1055 3730 In
1082 3675 1252 3750 italia
1283 3709 1352 3716 —
1405 3677 1723 3750 Pelagium.
1784 3683 1918 3739 Gre-

499 3757 700 3825 gorius
725 3744 899 3825 levita
945 3747 1337 3825 septiformem
1391 3750 1464 3805 ob
1486 3744 1596 3825 ho'c
1628 3751 1915 3825 gletaniam

506 3815 787 3891 instituit,
813 3815 1068 3891 etpaulo
1127 3823 1258 3890 post
1310 3834 1456 3891 papa
1495 3821 1760 3881 efﬁcitur.
1814 3826 1917 3881 llic

503 3885 656 3942 inter
679 3918 754 3962 —_
775 3885 1040 3962 recitari.
1079 3885 1154 3946 ea}
1177 3885 1478 3962 ιςίμέρξα.
1504 3896 1626 3948 591.
1673 3898 1795 3951 592.
1863 3897 1923 3952 et

486 3959 756 4029 pergunt
781 3977 800 4013 .-
823 3959 926 4016 llic
959 3961 1135 4016 etiam
1165 3959 1472 4034 synodum,
1502 3963 1607 4020 etc.

346 4046 428 4101 14.
466 4045 532 4101 Α.
565 4047 625 4102 D.
662 4045 791 4104 596.
832 4047 1146 4118 Gregorius
1179 4049 1331 4106 misit
1366 4050 1757 4122 Augustinum
1789 4069 1917 4124 pre-

263 4131 468 4189 dicarc
490 4131 579 4166 ίοθί
601 4133 828 4205 Anglis.

339 4225 425 4278 15.
461 4223 526 4277 A.
561 4223 629 4278 D.
661 4227 790 4280 597.
833 4224 1242 4282 Guntrammus
1271 4241 1394 4298 rex,
1448 4227 1603 4284 ﬁlius
1635 4228 1910 4302 Lotharii,

261 4308 440 4380 obiit,
466 4325 614 4367 anno
648 4311 809 4382 regni
831 4316 948 4382 33°,
967 4313 1189 4371 habens
1219 4313 1309 4348 1°"
1341 4315 1493 4373 ﬁlios
1533 4317 1680 4374 duos
1737 4320 1913 4376 Theo-

259 4397 572 4455 debertum
601 4401 1097 4458 etTheodericum
1133 4402 1236 4473 (cf.
1275 4403 1343 4464 θ.
1376 4405 1527 4477 Fr.).

337 4491 422 4543 17.
447 4489 515 4544 Α.
538 4489 602 4544 D.
628 4492 749 4545 599.
815 4488 1194 4562 Hildibertus,
1247 4490 1401 4549 ﬁlius
1456 4485 1726 4563 Sigiberti
1776 4513 1905 4553 cum

259 4581 535 4646 regnaret
587 4576 752 4633 annis
779 4581 867 4648 20,
892 4578 1066 4634 obiit.

337 4667 421 4721 13.
451 4667 514 4721 Α.
548 4665 610 4721 D.
647 4669 769 4722 600.
804 4667 827 4691 ‘

408 4763 430 4784 "
472 4761 560 4817 D?
588 4763 649 4818 E.
713 4768 744 4820 ὅ
770 4795 840 4804 —-
873 4769 952 4819 11.
987 4763 1266 4822 addunt:
1313 4765 1560 4824 Sanctus
1619 4771 1768 4826 Goar
1817 4786 1910 4827 ve-

498 4832 685 4960 gioeng
707 4848 780 4891 ex
838 4834 1166 4907 Aquitania,
1215 4834 1398 4893 claret
1449 4837 1505 4894 in
1558 4839 1758 4897 Gallia.
1836 4855 1912 4900 ea:

554 4917 650 4960 me
691 4947 702 4960 .

554 4917 702 4976 ιθθο.

335 4991 422 5047 19.
455 4992 520 5047 Α.
558 4993 616 5047 D.
653 4995 819 5049 601.‘

406 5079 928 5224 'gifébaddunt:
967 5083 1361 5140 Contentio-
1395 5088 1579 5141 morte
1616 5087 1782 5144 obiit.
1839 5103 1912 5146 ea:

333 5239 624 5310 2|.(C’hr.
673 5241 779 5312 W.)
867 5243 926 5297 A.
981 5244 1192 5299 D.603.
1239 5242 1552 5314 Gregorius
1583 5246 1778 5304 missis
1811 5248 1910 5306 do-

2030 469 2444 546 ribus,Anglos
2465 479 2538 534 ad
2561 480 2857 540 Christum
2879 487 3190 544 convertit.
3211 491 3423 548 Tunica
3436 469 3688 557 homini:

2031 574 2209 632 super
2228 579 2400 654 quam
2436 567 2660 628 milites
2691 577 2911 630 sortem
2942 575 3250 648 miserunt,
3312 579 3369 636 in
3427 581 3688 654 Zaphath

2034 652 2244 722 procul
2269 655 2340 709 ab
2375 655 2809 717 Hierusalemin
2835 677 2964 720 area
2995 679 3319 724 marmorea
3367 652 3684 744 reperitur,

2039 753 2210 809 quam
2244 741 2560 814 Gregorius
2589 749 2989 810 Anthiocenus
3010 755 3324 828 episcopus
3353 763 3411 814 et
3435 741 3689 818 Thomas

2039 828 2592 893 Ilierosolimitanus
2615 839 2980 898 etJohannes
3007 843 3688 920 Constantinopolitanus

2038 931 2170 973 cum
2207 919 2550 982 aliismultis
2581 928 2895 1002 episcopis,
2931 932 3084 989 facto
3139 919 3416 992 triduano
3441 937 3683 1010 jejunio,

2040 1007 2246 1064 ordine
2277 1011 2992 1082 pedestriHierosolimam
3017 1021 3071 1078 in
3105 1021 3226 1094 ipsa
3267 1025 3441 1082 archa
3473 1007 3687 1098 perdu-

2041 1100 2261 1169 centes,
2288 1099 2344 1156 in
2375 1103 2663 1176 aecelesia,
2689 1107 2788 1164 ubi
2821 1124 2966 1165 crux
2997 1111 3220 1167 Domini
3255 1113 3551 1186 adoratur,
3585 1131 3686 1188 po-

2040 1191 2307 1245 suerunt.
2357 1192 2670 1251 Mauricius
2719 1211 2918 1268 poenas
2963 1197 3248 1256 scelerum
3299 1217 3554 1274 suorum,
3623 1209 3682 1262 ut

2041 1279 2164 1351 ipse
2197 1279 2406 1352 oravit,
2439 1281 2491 1338 in
2525 1283 2632 1342 hac
2663 1285 2780 1342 vita
2807 1287 3172 1360 persolvens,
3207 1292 3400 1349 aFoca
3433 1292 3685 1366 turpiter

2041 1369 2392 1427 decollatur.

2040 1479 2186 1534 Anni
2219 1480 2403 1536 Focae.

2110 1589 2168 1641 1.
2209 1589 2372 1642 Anno
2397 1587 2702 1646 dominica:
2727 1589 3142 1649 incarnationis
3197 1596 3350 1664 604°,
3383 1595 3556 1653 Urbis
3585 1610 3684 1654 au-

2040 1679 2152 1728 tem
2185 1674 2434 1732 conditae
2468 1675 2776 1734 millesimo
2801 1683 2957 1736 355°.
2999 1681 3178 1738 Focas
3209 1682 3680 1758 quidam,Prisci,

2041 1769 2100 1819 ut
2129 1762 2400 1833 aiunt(P.
2431 1767 2492 1820 D.
2529 1781 2601 1833 Iv,
2643 1770 2755 1837 27),
2820 1768 3050 1839 patricii
3107 1769 3394 1840 quondam
3437 1767 3678 1846 strator,

2038 1853 2166 1922 post
2200 1852 2270 1907 ad
2295 1852 2560 1909 militiam
2595 1860 2932 1926 provectus,
2969 1855 3180 1914 deinde
3211 1873 3239 1914 a
3273 1859 3492 1931 populo
3553 1876 3685 1933 pro-

2033 1945 2274 1996 curator
2361 1942 2570 2006 fectus.
2625 1943 2696 2000 ad
2728 1945 2996 2002 ultimum
3021 1961 3183 2018 vero,
3214 1947 3450 2005 vivente
3491 1949 3681 2008 adhuc

2033 2029 2310 2086 Mauricio
2366 2031 2741 2102 imperatore,
2778 2035 2848 2089 ab
2897 2036 3163 2093 exercitu
3221 2037 3291 2092 ad
3371 2036 3679 2110 imperium

2033 2117 2278 2188 electus,
2305 2124 2400 2175 57°
2433 2120 2558 2177 loco
2581 2123 2653 2178 ab
2677 2125 2960 2193 Augusto,
2987 2124 3296 2196 imperium
3334 2127 3566 2197 invasit,
3620 2133 3681 2184 et

2033 2211 2168 2263 octo
2191 2205 2281 2240 ¹⁰⁶³
2311 2208 2478 2264 annis
2511 2211 2796 2279 regnavit,
2841 2212 3060 2269 habens
3093 2229 3330 2270 uxorem
3383 2217 3676 2273 Leontiam

2033 2297 2282 2352 nomine.
2302 2295 2526 2367 (ΒεθΑ.)
2550 2298 2731 2368 Hujus
2759 2297 2910 2355 ann'o
2937 2305 2998 2356 2°
3055 2302 3265 2359 beatus
3287 2318 3434 2376 papa
3467 2305 3680 2375 Grego-

2035 2383 2158 2440 rius
2193 2385 2463 2454 migravit
2493 2386 2563 2442 ad
2624 2388 2944 2458 Dominum,
2977 2391 3034 2445 et
3069 2390 3415 2448 Sabinianus
3469 2408 3576 2464 pro
3607 2408 3679 2450 eo

2033 2471 2272 2541 eligitur
2299 2473 2370 2528 ad
2412 2473 2810 2548 pontiﬁcatum
2847 2492 2861 2540 ;
2917 2481 3052 2546 post
3109 2491 3279 2548 quem
3322 2477 3674 2549 Bonifacius,

2035 2561 2204 2631 cujus
2237 2563 2444 2630 rogatu
2472 2563 2652 2619 Focas
2711 2563 3017 2620 constituit
3044 2565 3242 2622 sedem
3302 2567 3572 2624 Romanae
3618 2571 3677 2624 et

2036 2649 2372 2720 apostolicae
2405 2649 2690 2708 aecclesiaa
2713 2656 2890 2723 caput
2922 2667 3050 2710 esse
3072 2653 3326 2722 omnium
3384 2655 3679 2714 aaeclesia-

2035 2754 2163 2795 rum
2197 2755 2212 2804 ;
2246 2755 2374 2795 nam
2407 2745 2577 2797 antea
2619 2741 3266 2814 Constantinopolitana
3298 2744 3567 2802 aecclesia
3613 2761 3677 2802 se

2035 2827 2333 2884 scribebat
2367 2829 2607 2901 primam
2629 2831 2903 2888 omnium.
2938 2833 3075 2888 Post
3125 2847 3293 2904 quem
3325 2833 3474 2892 alius
3513 2835 3680 2891 Boni-

2036 2915 2237 2986 facius,
2274 2917 2369 2986 qui
2397 2917 2503 2972 fuit
2532 2931 2562 2972 a
2594 2919 2764 2974 beato
2828 2918 3106 2988 Gregorio
3165 2924 3455 2990 quartus;
3511 2921 3680 2992 cujus

2034 3002 2172 3060 item
2209 3009 2412 3074 rogatu
2439 3005 2587 3062 idem
2653 3007 3028 3076 Focasjussit
3065 3005 3155 3040 1°“
3195 3008 3252 3064 in
3303 3009 3489 3066 veteri
3523 3010 3672 3082 fano,

1951 3089 2003 3154 C
2036 3093 2186 3164 quod
2209 3094 2499 3164 pantheon
2522 3095 2862 3164 vocabatur,
2911 3095 3126 3152 ablatis
3155 3094 3446 3154 idolatriae
3489 3099 3676 3154 sordi-

2033 3183 2160 3252 bus,
2195 3182 2517 3238 aecclesiam
2568 3184 2753 3240 beatae
2795 3198 3026 3254 semper
3077 3184 3319 3254 virginis
3379 3185 3571 3243 Mariae
3614 3189 3674 3243 et

2030 3271 2282 3327 omnium
2316 3275 2636 3340 martyrum
2672 3272 2816 3340 ﬁeri,
2853 3275 2916 3328 ut
2944 3272 3040 3328 ubi
3083 3273 3372 3342 quondam
3417 3273 3673 3332 omnium

2030 3374 2140 3416 non
2171 3360 2412 3416 deorum
2433 3359 2536 3416 sed
2592 3361 2914 3416 daemonum
2971 3360 3172 3418 cultus
3237 3363 3542 3434 agebatur,
3593 3363 3674 3421 ibi

2029 3448 2307 3520 deinceps
2339 3449 2591 3505 omnium
2651 3453 2986 3508 sanctorum
3055 3451 3329 3508 memoria
3356 3451 3670 3524 coleretur,

2028 3537 2212 3606 Hujus
2236 3542 2496 3610 tempore
2531 3539 2784 3595 Cosdroe
2818 3555 2919 3594 rex
2937 3541 3251 3602 Persarum
3276 3539 3560 3598 adversus
3575 3557 3676 3614 pu-

2032 3627 2238 3682 blicam
2274 3641 2395 3682 rem
2429 3626 2579 3683 bella
2602 3627 2946 3698 gravissima
2977 3642 3207 3697 gerens,
3235 3628 3450 3686 multas
3471 3631 3676 3686 Roma-

2031 3731 2230 3774 norum
2259 3717 2588 3788 provincias
2615 3721 2674 3772 et
2706 3717 2892 3788 ipsam
2934 3717 3372 3774 llierosolimam
3403 3717 3671 3790 abstulit,

2028 3809 2086 3860 et
2123 3803 2209 3838 ¹⁰⁸⁵
2231 3806 2540 3862 destruens
2571 3804 2870 3862 meclcsias
2901 3821 2967 3862 ac
3026 3812 3230 3863 sancta
3276 3808 3670 3879 prophanans,

2029 3893 2183 3949 inter
2213 3898 2552 3950 ornamenta
2578 3894 2835 3950 locorum
2866 3893 2956 3949 vel
2989 3899 3323 3952 sanctorum
3373 3895 3466 3950 vel
3523 3910 3675 3952 com-

2029 3982 2285 4038 munium
2319 3981 2704 4051 quaeahstulit
2738 3982 2914 4037 etiam
2942 3981 3678 4040 vexillumdominiczecru-

2028 4067 2112 4126 cis
2145 4069 2407 4126 abduxit.
2435 4071 2537 4139 (Η.
2585 4072 2688 4140 φη.)
2751 4071 2930 4124 Focas
2961 4073 3155 4125 autem
3175 4085 3306 4126 cum
3361 4069 3674 4128 homicidia

2027 4164 2342 4228 ceteraque
2373 4159 2520 4214 mala
2545 4157 2723 4214 multa
2759 4158 2996 4214 fecisset
3027 4158 3079 4214 in
3135 4157 3368 4230 populo,
3431 4158 3672 4216 Priscus

1994 4246 2334 4320 patricius,
2366 4262 2547 4317 gener
2581 4245 2782 4317 ipsius,
2818 4245 3044 4317 dolens,
3105 4262 3209 4318 pro
3262 4247 3372 4318 his,
3433 4247 3670 4320 scripsit

2028 4335 2297 4393 Heraclio
2331 4336 2578 4407 patricio
2601 4343 2660 4390 et
2690 4335 2908 4406 pretori
2936 4335 3167 4407 Africa,
3199 4341 3265 4393 ut
3291 4335 3472 4394 ﬁlium
3504 4352 3670 4394 suum

1942 4445 1996 4506 D
2029 4423 2356 4482 Heraclium
2389 4423 2968 4493 mitteret,quatinus
2994 4430 3200 4480 contra
3235 4425 3440 4482 Foeam
3476 4429 3672 4498 tyran-

2028 4528 2162 4570 num
2183 4513 2428 4570 veniret.
2457 4512 2563 4578 Qui
2593 4513 2832 4568 veniens
2860 4528 2990 4568 cum
3045 4515 3332 4585 exercitu,
3392 4515 3672 4586 pugnavit

2027 4617 2263 4672 cumeo,
2296 4600 2520 4659 etvicit
2550 4616 2701 4668 eum;
2734 4600 2947 4672 vulgus
2996 4603 3188 4658 autem
3240 4603 3668 4674 apprehensum

2028 4691 2322 4748 interfecit
2355 4696 2412 4746 et
2447 4691 2578 4761 igne
2610 4691 2762 4764 apud
2787 4691 3033 4748 Taurum
3063 4691 3365 4748 cremavit.

2093 4803 2146 4854 2.
2173 4797 2340 4866 (0hr.
2388 4797 2494 4868 W.)
2531 4800 2594 4853 A.
2631 4798 2689 4852 D.
2725 4801 2847 4853 605.
2871 4797 3120 4854 Sanetus
3149 4795 3465 4866 Gregorius
3522 4809 3667 4870 papa

2023 4887 2293 4959 migravit
2322 4886 2393 4942 ad
2425 4885 2746 4942 Dominum.

2092 4988 2144 5040 3.
2179 4987 2241 5040 A.
2276 4986 2336 5040 D.
2363 4987 2488 5040 ϐου.
2523 4983 2868 5039 Sabinianus
2920 4995 3064 5053 papa
3118 4984 3248 5036 67“!
3285 4979 3437 5037 sedit
3455 4994 3666 5039 annum

2022 5089 2219 5144 unum,
2255 5085 2483 5130 menses
2512 5076 2562 5128 5.

2163 5182 2184 5204 *
2226 5181 2296 5236 D?
2325 5179 2392 5233 E.
2429 5177 2702 5235 addunt:
2729 5177 2935 5233 Libros
2965 5175 3227 5246 Gregorii
3278 5208 3336 5216 —
3401 5177 3669 5235 testimo-

2269 5249 2386 5320 nio,
2415 5262 2492 5306 ea:
2517 5247 2720 5320 Sigea.

1613 5371 1848 5430 νΑΒΙᾸΞ
1906 5375 2310 5434 LECTIONES.

339 5476 432 5512 1061

339 5477 432 5512 ¹⁰⁶¹
459 5477 532 5536 ad
565 5479 982 5552 predicandum
1005 5482 1048 5538 E
1105 5487 1156 5538 1.
1193 5480 1284 5516 ¹⁰⁶²
1316 5481 1536 5542 habens
1567 5517 1630 5526 —
1673 5486 1749 5542 Th

266 5549 380 5607 del.
448 5554 508 5606 ut
547 5556 592 5607 1.
651 5550 742 5584 1°“
794 5553 1222 5611 et—abstulit
1252 5554 1469 5612 desunt
1523 5561 1604 5612 10.
1672 5561 1752 5614 11.

565 5479 1048 5552 predicandumE
1105 5487 1156 5538 1.
1193 5480 1284 5516 ¹⁰⁶²
1316 5481 1536 5542 habens
1567 5517 1630 5526 -
1673 5486 2090 5549 Theodericum
2127 5485 2342 5547 desunt
2398 5486 2439 5540 E
2491 5491 2539 5542 1.
2577 5481 2670 5517 1°”
2693 5482 2764 5542 in
2812 5487 2928 5546 loco
2973 5496 3112 5543 raso
3169 5490 3218 5542 1.
3251 5483 3341 5519 ¹⁰⁸⁸
3387 5483 3536 5540 add.
3570 5484 3674 5539 sed
