3992 6034
341 219 460 283 819

1502 223 1984 290 EKKEHARDI
2026 221 2584 290 URAUGIENSIS

3631 230 3747 297 820

417 367 466 422 4.
498 367 561 422 A.
598 366 659 421 D.
692 368 814 421 607.
852 364 1181 422 Bonifacius
1211 380 1356 437 papa
1407 369 1532 422 68W
1583 363 1734 420 sedit
1776 379 1985 419 annum
2020 356 2073 420 A
2107 377 2220 432 quo
2254 364 2438 421 tereio
2470 379 2573 437 per
2601 364 2909 423 intervalla
2929 363 3232 439 temporis,
3266 365 3635 440 verberatus,
3675 369 3743 429 ad

346 470 542 524 unum,
576 470 805 511 menses
842 461 894 512 8.
948 455 1116 525 (C’Itr.
1165 457 1272 527 W)
1317 459 1440 521 Quo
1492 458 1752 524 rogante,
1807 455 1989 509 Focas

347 545 483 601 fecit
515 547 750 601 Romam
785 551 1025 602 matrem
1059 544 1474 601 aeeclcsiarum.

416 640 465 692 6.
524 638 583 692 A.
640 638 702 690 D.
754 640 876 691 609.
933 636 1262 692 Bonifacius
1324 649 1470 705 papa
1523 638 1645 690 69‘"
1696 632 1847 689 sedit
1896 647 1990 687 an-

345 740 452 780 nos
501 730 552 796 6,
608 740 833 781 menses
881 729 931 781 8.
985 724 1159 793 Cujus
1207 728 1416 796 rogatu
1470 726 1650 780 Focas
1696 722 1986 795 pantheon

347 814 509 870 dedit
540 815 843 871 mcclesiw.

416 909 467 960 7.
502 907 565 960 A.
602 906 660 958 Ι).
697 905 859 959 610.⁴’

487 995 510 1017 ⁶
539 994 625 1047 D?
657 995 714 1048 Ε.
749 994 981 1049 addunt
1007 1013 1027 1048 .-
1059 992 1425 1048 Alexandria:
1468 1024 1535 1034 -—
1565 992 1901 1064 cleymonis,
1935 992 1990 1049 id

561 1069 651 1119 est
684 1064 1097 1135 elemosinarii,
1134 1064 1364 1120 meruit.
1397 1078 1470 1119 ea:
1498 1063 1701 1137 Sigea.

416 1158 468 1208 8.
506 1155 567 1209 A.
602 1156 664 1209 D.
699 1158 821 1211 6H.
860 1156 1038 1212 Fccas
1075 1153 1385 1209 occiditur.

352 1243 495 1298 Anni
533 1244 798 1299 lleraclii.

428 1337 473 1389 l.
527 1336 630 1399 (II.
686 1333 789 1402 m.)
827 1334 986 1389 Anno
1038 1333 1341 1389 dominiczc
1382 1334 1800 1390 incarnationis
1838 1335 1989 1405 612‘,

349 1422 521 1479 Urbis
571 1428 760 1477 autem
811 1423 1062 1479 condita)
1113 1422 1420 1478 millesimo
1471 1427 1618 1478 363°.
1665 1423 1990 1493 lleraclius,

348 1515 444 1567 58°
464 1510 595 1567 loco
619 1512 689 1567 ab
717 1514 997 1580 Augusto,
1024 1511 1245 1581 accepit
1268 1511 1593 1582 imperium,
1611 1513 1806 1568 occiso
1821 1515 1989 1583 Foca,

352 1600 734 1670 rcgnavitquc
768 1600 932 1655 annis
958 1604 1045 1655 27.
1080 1600 1181 1655 llic
1213 1605 1527 1656 coronatus
1570 1606 1657 1657 est
1712 1615 1741 1656 a
1791 1601 1991 1669 Sergio

350 1688 680 1759 patriarcha
718 1689 771 1742 in
806 1688 1063 1744 oratorio
1097 1689 1278 1743 sancti
1314 1689 1586 1759 Stephani
1643 1690 1796 1760 quod
1822 1690 1990 1745 estin

356 1777 572 1847 palatio
642 1792 770 1833 cum
822 1778 1171 1849 t’esponsata
1223 1778 1333 1833 sibi
1377 1778 1658 1849 Eudoxia,
1705 1779 1993 1849 simulque

352 1872 703 1937 acceperunt
739 1867 1069 1937 nuptiarum
1112 1882 1374 1935 coronas,
1409 1872 1467 1922 et
1518 1882 1628 1923 una
1678 1869 1994 1939 eademque

354 1954 447 2009 die
476 1955 778 2011 lleraclius
810 1961 865 2010 et
900 1956 1214 2026 impcrater
1245 1961 1301 2010 et
1344 1972 1595 2027 sponsus
1642 1957 1991 2013 ostenditur.

354 2044 627 2114 Sequenti
653 2059 801 2100 anno
824 2046 1085 2101 nascitur
1108 2045 1441 2115 imperatori
1461 2045 1615 2102 filius
1630 2046 1699 2101 de
1714 2047 1995 2117 Eudoxia,

354 2132 657 2188 lleraclius
694 2131 899 2203 minor,
936 2133 1032 2203 qui
1064 2136 1120 2187 et
1156 2133 1569 2189 Constantinus
1600 2148 1782 2190 novus
1805 2134 1996 2191 dictus

353 2224 486 2285 est;
520 2224 575 2273 et
610 2225 835 2276 mortua
867 2224 956 2276 cst
1001 2224 1249 2289 augusta
1299 2221 1501 2276 eodem
1553 2236 1721 2276 anno.
1783 2221 1996 2277 Deinde

357 2323 504 2364 anno
538 2309 809 2379 sequenti
857 2308 1024 2365 duxit
1074 2309 1377 2365 lleraclius
1426 2309 1650 2365 inceste
1696 2310 1996 2365 Martinam

354 2401 586 2468 neptem
618 2412 799 2467 suam,
829 2398 1051 2453 sororis
1082 2413 1201 2454 sure
1228 2397 1422 2468 ﬁliam,
1448 2413 1577 2469 qua)
1608 2402 1883 2454 coronata
1908 2403 1995 2455 est

355 2486 410 2541 in
443 2490 744 2556 augustam
779 2502 807 2543 a
841 2487 1040 2556 Sergio
1069 2486 1401 2558 patriarcha
1445 2488 1722 2544 heretico.
1757 2490 1835 2544 De
1885 2502 1996 2559 qua

356 2575 615 2646 suscepit
651 2574 828 2631 filium
861 2575 1259 2631 lleraclonam.

430 2665 590 2718 Anno
623 2663 847 2733 imperii
883 2664 970 2719 sui
1002 2668 1211 2719 octavo
1242 2665 1546 2721 lleraclius
1593 2666 1745 2721 misit
1780 2666 1833 2721 in
1865 2668 2001 2722 Per-

357 2751 539 2807 sidem
574 2750 798 2819 legatos
829 2753 898 2808 ad
936 2751 1252 2822 Cosdroen,
1288 2755 1594 2824 postulans
1637 2770 1853 2826 pacem.
1893 2756 1998 2822 Qui

359 2840 584 2910 sprevit
616 2854 735 2909 eos,
772 2840 972 2896 dicens
1007 2860 1019 2895 :
1051 2842 1180 2898 Non
1195 2857 1445 2913 parcam
1466 2844 1648 2913 vobis,
1675 2845 1854 2902 donec
1874 2859 2003 2902 aru-

356 2931 626 2999 ciﬂamm,
660 2944 835 3000 quem
864 2930 1051 2987 Deum
1086 2944 1208 2988 csse
1239 2932 1557 3004 fatemini,
1592 2932 1914 3004 abaegetis,
1949 2934 2009 2990 et

352 3018 533 3075 cotem
550 3018 829 3075 adoretis.
852 3018 1123 3089 Sequenti
1146 3034 1294 3075 anno
1318 3022 1604 3078 Chaianus
1628 3037 1728 3077 rex
1755 3026 2001 3079 Avarum

359 3105 571 3162 direxit
606 3107 786 3162 aciem
819 3112 1024 3163 contra
1055 3108 1329 3164 Thracem
1354 3110 1457 3166 sed
1491 3111 1680 3165 missis
1708 3112 1779 3166 ab
1831 3114 2003 3167 llera-
2035 3086 2082 3147 Ο

358 3194 473 3250 elio
505 3194 731 3264 legatis,
766 3196 898 3251 fecit
932 3212 1062 3252 cum
1091 3211 1158 3251 eo
1191 3212 1411 3267 pacem.

432 3282 783 3338 Duodecimo
833 3288 1023 3339 autem
1071 3284 1294 3356 imperii
1346 3286 1436 3342 sui
1484 3300 1653 3355 anno,
1697 3290 1999 3343 contracta

362 3371 516 3425 omni
564 3370 769 3427 militia
816 3387 940 3441 sua,
975 3373 1150 3428 movit
1201 3375 1522 3431 exercitum
1578 3376 1631 3430 in
1686 3377 1998 3448 Persidem,

362 3458 660 3530 multaque
684 3459 883 3531 przclia
909 3476 1038 3517 cum
1064 3462 1313 3520 diversis
1336 3464 1584 3521 ducibus
1606 3466 1999 3538 committens,

361 3563 465 3618 per
495 3562 595 3603 sex
627 3563 805 3605 annos
841 3550 1129 3605 Persidem
1160 3551 1485 3609 devastavit
1515 3558 1571 3609 et
1599 3554 1756 3619 vicit,
1782 3555 2005 3611 occiso-

362 3652 472 3707 que
539 3636 857 3700 Chosdroe,
909 3639 1156 3709 septimo
1220 3654 1368 3696 anno
1416 3642 1999 3715 Constantinopolim,

362 3726 558 3781 ablato
592 3741 619 3781 a
654 3727 893 3782 Perside
926 3728 1154 3784 viviﬁco
1183 3729 1374 3786 crucis
1408 3730 1583 3801 ligno,
1618 3731 1813 3801 rediit,
1850 3748 2005 3787 mox-

364 3829 474 3885 que
507 3815 772 3885 sequenti
808 3817 1026 3871 vernali
1055 3821 1319 3888 tempore
1348 3819 1784 3877 Hierosolimam
1818 3824 2005 3876 teten-

363 3903 467 3973 dit,
492 3904 822 3974 preciosum
848 3904 987 3962 illuc
1009 3906 1225 3977 lignum
1249 3914 1579 3980 reportans,
1597 3909 1667 3965 ad
1682 3909 2000 3980 gratiarum

363 3994 475 4048 Deo
504 3993 767 4049 actiones
799 3995 1151 4065 referendas.
1184 3998 1206 4019 ‘

499 4092 608 4165 *D?
632 4093 690 4165 Ε.
714 4091 950 4165 addant
975 4114 995 4149 .-
1026 4092 1359 4149 Desiderius
1383 4125 1448 4133 —
1472 4093 1902 4165 martyrizatur,
1929 4109 2004 4151 ea:

568 4162 771 4233 Sigea.
806 4176 863 4218 α.
898 4166 1019 4218 612.

431 4257 655 4330 (BEDA.)
687 4258 870 4327 Hujus
902 4259 1262 4330 temporibus
1295 4260 1636 4318 Anastasius
1675 4264 1851 4319 Persa
1887 4278 2004 4319 mo-

2104 454 2426 510 extremum
2458 470 2568 512 una
2602 470 2771 513 manu
2808 471 2909 529 per
2932 460 3055 512 tres
3085 456 3259 513 horas
3281 458 3747 529 suspensus,sic-

2103 554 2214 610 quc
2239 542 2791 613 decollatus,nobile
2816 545 3157 615 martyrium
3186 559 3318 601 cum
3338 545 3471 601 aliis
3494 550 3566 603 7O
3584 562 3747 619 pere-

2100 631 2205 700 git.
2241 634 2366 688 Mox
2394 634 2586 689 tunica
2612 634 2738 704 ejus
2773 635 3009 691 indutus
3067 635 3299 705 quidam
3350 635 3740 707 demoniacus,

2102 716 2344 769 curatus
2376 719 2487 769 cst.
2528 716 2749 771 Interea
2768 714 3187 786 superveniens
3208 730 3336 771 cum
3354 716 3622 773 exercitu
3644 719 3746 772 [le—

2102 792 2323 849 raclius
2357 794 2656 864 princeps,
2692 795 2987 866 superatis
3024 794 3238 863 Persis,
3273 795 3627 852 christianos
3649 795 3741 866 qui

2103 887 2271 937 erant
2294 883 2572 953 captivati
2614 884 2845 952 reduxit
2874 883 3217 954 gaudentes.
3256 884 3740 955 Reliquias-autem

2103 971 2258 1026 beati
2287 972 2578 1028 Anastasii
2616 974 2886 1042 martyris
2934 974 3180 1045 primum
3226 974 3578 1030 monasterio
3620 986 3744 1041 suo,

2104 1060 2313 1116 deinde
2346 1063 2579 1116 Romam
2613 1061 2893 1129 advectae,
2916 1068 3272 1119 venerantur
3304 1062 3356 1117 in
3394 1063 3745 1119 monasterio

2108 1149 2259 1205 beati
2285 1149 2446 1205 Pauli
2472 1149 2912 1221 apostoli,quod
2936 1151 3154 1207 dicitur
3178 1151 3261 1206 Ad
3294 1153 3486 1222 Aquas
3502 1151 3740 1207 Salvias.

2178 1238 2277 1308 (H.
2310 1240 2413 1310 φη.)
2443 1241 2602 1293 Auno
2627 1238 2852 1309 imperii
2878 1238 3123 1295 lleraclii
3150 1244 3245 1296 15°
3267 1240 3539 1309 Arabum,
3570 1239 3669 1310 qui
3690 1244 3743 1296 et

2107 1327 3085 1395 Sarraccnidicuntur,Muhammad
3108 1329 3378 1400 princeps
3397 1329 3742 1384 habebatur.

2106 1418 2206 1472 llic
2252 1420 2377 1472 erat
2417 1416 2950 1487 pseudopropheta,
2986 1418 3089 1473 sed
3116 1418 3268 1489 apud
3324 1417 3455 1472 illos
3506 1431 3749 1487 magnus

2105 1505 2511 1573 estimabatur,
2548 1505 2623 1564 ita
2650 1512 2710 1561 ut
2746 1505 2926 1565 eciam
2952 1508 3006 1562 in
3029 1506 3752 1578 principioadventusejus

2107 1600 2468 1665 estimareut,
2508 1600 2655 1655 hunc
2688 1597 2993 1654 esseillum
3022 1596 3117 1667 qui
3149 1598 3219 1651 ab
3242 1596 3746 1667 eisexspcctatur,

2110 1688 2389 1744 Christus.
2428 1690 2561 1743 Erat
2593 1691 2784 1742 autem
2809 1685 3092 1742 oriundus
3124 1700 3195 1741 ex
3218 1685 3401 1756 stirpe
3425 1684 3744 1749 Ismahelis,

2109 1777 2211 1832 filii
2246 1776 2507 1833 Abrahzr.
2543 1778 2680 1831 Cum
2710 1780 2901 1832 autem
2938 1774 3106 1845 inops
3135 1777 3191 1829 et
3242 1774 3537 1845 orphanus
3591 1779 3750 1829 esset

2108 1866 2257 1921 idem
2290 1866 2667 1929 Muhammad,
2703 1864 2887 1920 visum
2912 1870 3025 1934 est,
3057 1863 3165 1919 sibi
3208 1863 3277 1919 ad
3313 1861 3597 1933 quandam
3634 1877 3752 1918 mu-

2109 1954 2308 2010 lierem
2343 1954 2695 2024 locupletem
2728 1959 2785 2008 et
2818 1956 3124 2023 cognatam
3182 1967 3344 2007 suam
3377 1950 3607 2006 nomine
3652 1952 3750 2006 Ca-

2110 2045 2295 2114 digam
2332 2044 2573 2099 introire
2601 2043 3014 2112 mercenarius,
3049 2041 3119 2096 ad
3175 2040 3598 2109 negociandum
3620 2056 3748 2097 cum

2108 2132 2344 2189 camelis
2376 2132 2499 2202 ejus
2523 2133 2670 2203 apud
2706 2134 3011 2202 Egyptum
3028 2135 3084 2185 et
3102 2129 3472 2200 Palestinam,
3508 2129 3661 2185 sicut
3696 2130 3747 2184 in

2110 2221 2227 2277 illis
2262 2222 2407 2277 locis
2444 2237 2565 2276 mos
2596 2226 2741 2275 erat.
2780 2219 3062 2276 Paulatim
3084 2224 3276 2275 autem
3326 2218 3535 2274 ﬁducia
3576 2233 3752 2290 penes

2110 2311 2289 2381 ipsam
2325 2310 2623 2366 mulierem
2658 2312 2958 2380 percepta,
2996 2324 3124 2379 qua:-
3156 2308 3327 2363 vidua
3354 2311 3499 2376 erat,
3523 2308 3749 2378 accepit

2108 2415 2231 2455 eam
2266 2414 2521 2467 uxorem,
2558 2404 2616 2453 et
2652 2399 2854 2453 habuit
2885 2397 3143 2453 camelos
3193 2396 3350 2452 illius
3408 2410 3752 2467 omnemque

2111 2488 2519 2545 substantiam.
2560 2490 2815 2558 Cumque
2847 2487 3076 2543 veniret
3110 2487 3164 2542 in
3221 2485 3599 2554 Palestinam,
3621 2500 3756 2541 con-

2109 2578 2455 2633 versabatur
2485 2591 2613 2631 cum
2636 2575 2853 2632 Judzeis
2885 2579 2944 2631 et
2967 2575 3323 2645 ehristianis,
3367 2574 3757 2645 capiebatque

2115 2665 2389 2736 quasdam
2408 2665 2732 2737 scripturas
2750 2666 2821 2720 ab
2836 2664 3134 2720 cisPorro
3153 2665 3405 2719 habebat
3425 2663 3756 2735 passionem

2111 2771 2465 2843 epylcmsim,
2504 2772 2557 2826 id
2588 2776 2675 2827 est
2710 2772 2970 2827 morbum
2998 2771 3300 2827 caducum.
3328 2769 3434 2825 ‘0“.
3464 2770 3590 2836 Quo
3606 2784 3760 2825 com-

2115 2860 2597 2933 pcrto,uxorcjus
2615 2859 2781 2916 valde
2796 2860 3498 2930 contristabaturmtpote
3518 2858 3753 2928 nobilis,

2115 2950 2267 3020 quod
2292 2964 2353 3005 sc
2379 2949 2708 3017 hujusmodi
2732 2949 2854 3005 viro
2888 2949 3210 3020 cepularet,
3240 2962 3423 3019 egeno
3447 2948 3755 3004 scilicetet

2114 3037 2481 3110 epylemtico.
2512 3039 2870 3094 Proeurabat
2899 3052 3034 3093 vero
3050 3037 3146 3093 ille
3164 3035 3760 3109 placareipsam,tali-

2115 3132 2206 3182 ter
2221 3128 2434 3183 dicens.
2467 3127 2755 3183 l’isionem
2771 3127 3077 3197 quandam
3089 3128 3291 3198 angeli
3314 3125 3617 3187 Gabrielis
3629 3139 3757 3183 con-

2116 3216 2378 3287 templor,
2397 3215 2822 3287 eumut/arens
2844 3215 3026 3287 Izajas
3047 3215 3393 3287 asspectum,
3416 3214 3764 3284 mentedeﬂ-

2113 3306 2202 3361 cio
2224 3304 2451 3360 etcado.
2480 3305 2605 3374 Ipsa
2622 3319 2760 3360 vero
2781 3319 2909 3360 cum
2934 3302 3176 3359 haberet
3199 3302 3446 3359 alterum
3471 3301 3763 3372 quendam

2114 3392 2289 3448 talem
2314 3392 2559 3448 amicum
2583 3408 2769 3461 suum,
2798 3402 3037 3464 propter
3063 3392 3465 3448 infidelitatem
3489 3405 3656 3447 suam
3680 3390 3760 3445 ibi

2115 3481 2467 3550 exulantem,
2507 3480 2799 3537 inducavit
2834 3479 2885 3536 ei
2918 3481 3104 3537 omnia
3130 3482 3307 3537 verba
3335 3479 3442 3535 viri
3463 3480 3553 3536 sui
3581 3483 3639 3535 et
3666 3494 3765 3535 no-

2116 3584 2243 3626 men
2278 3568 2567 3639 angcli.At
2593 3568 2690 3624 ille
2715 3568 2913 3626 volens
2931 3584 3055 3625 eam
3072 3569 3317 3625 reddere
3345 3574 3591 3638 certam,
3610 3566 3760 3622 dixit

2115 3658 2189 3714 ei:
2230 3657 2543 3715 Veritatem
2562 3658 2789 3715 locatas
2802 3658 2912 3728 est;
2932 3659 3045 3715 iste
3056 3658 3209 3715 enim
3228 3657 3480 3729 angelus
3490 3655 3765 3712 mittitur

2115 3748 2197 3804 ad
2214 3762 2405 3804 omnes
2420 3747 2895 3817 prop/tetaslpsa
2920 3760 3059 3817 ergo
3086 3746 3267 3818 prima
3316 3744 3612 3817 susceptis
3632 3759 3763 3800 ver-

2117 3836 2206 3892 bis
2237 3835 2363 3906 ejus
2385 3835 2638 3890 credidit
2661 3835 2735 3905 ei,
2769 3841 2824 3890 et
2858 3836 3177 3907 predicavit
3215 3834 3345 3891 aliis
3414 3833 3765 3890 mulieribus

2116 3924 2544 3981 contribulibus
2579 3924 2716 3993 suis,
2737 3924 3074 3996 prophetam
3104 3939 3234 3980 eum
3267 3937 3398 3980 esse
3432 3940 3445 3988 ;
3476 3928 3537 3979 et
3560 3921 3765 3978 taliter

2115 4026 2188 4069 ex
2218 4012 2448 4068 feminis
2481 4013 2627 4068 fama
2660 4013 2814 4068 venit
2847 4013 2915 4069 ad
2948 4012 3130 4083 viros,
3152 4013 3337 4083 primo
3371 4014 3438 4067 ad
3464 4012 3758 4077 llebuber,

2116 4116 2284 4173 quem
2312 4106 2787 4157 etsuccessorem
2814 4101 3055 4172 dimisit,
3090 4106 3146 4156 et
3184 4100 3367 4156 tenuit
3400 4103 3625 4172 partem
3664 4100 3764 4155 he-

2117 4189 2265 4245 resis
2292 4190 2420 4259 ejus
2449 4192 2506 4244 et
2541 4189 2795 4245 heredis.
2822 4189 3024 4245 Docuit
3057 4194 3249 4246 autem
3269 4188 3572 4245 auditores
3594 4201 3753 4255 suos,

2117 4278 2268 4350 quod
2302 4278 2399 4348 qui
2425 4277 2642 4334 occidit
2662 4277 3072 4348 inimicum,vel
3088 4277 3379 4335 occiditur
3400 4278 3472 4333 ab
3496 4276 3755 4344 inimico,

361 4348 582 4438 {13011113
623 4347 814 4438 "0P"?
844 4362 951 4438 P1"?
977 4348 1220 4438 ξοῧνίδῐον
1246 4351 1584 4421 martyrium
1632 4365 1843 4422 Passus
1885 4356 1995 4407 θεῖ·
2031 4342 2084 4402 Ῑ)
2114 4342 2465 4438 paradvsum
2490 4342 3757 4437 ingreditur;par'adysumverocarnaliscibi

361 4434 462 4488 Hic
496 4440 667 4490 natus
700 4435 753 4489 in
788 4436 1048 4504 Perside,
1077 4437 1331 4505 magicas
1362 4452 1389 4492 a
1426 4442 1589 4509 patre
1624 4454 1765 4510 puer
1796 4440 1997 4496 didicit

358 4525 560 4588 artes;
594 4522 693 4577 sed
730 4523 825 4579 ubi
860 4537 887 4578 a
921 4523 1169 4593 captivis
1191 4524 1528 4582 christiauis
1553 4527 1761 4583 Christi
1796 4544 1998 4585 nomen

359 4624 686 4689 acceperat,
706 4618 760 4672 in
782 4633 908 4675 eum
937 4633 1065 4673 mox
1090 4619 1280 4673 animo
1302 4625 1425 4675 toto
1440 4636 1778 4693 conversus,
1797 4624 2002 4681 relicta

357 4706 617 4775 Perside,
636 4707 1036 4764 Calcedoniam
1057 4707 1533 4779 Hierapolimque
1551 4712 1841 4768 Christum
1868 4729 2002 4784 que-

357 4811 492 4852 rens
521 4811 587 4853 ac
621 4796 830 4852 deinde
880 4795 1316 4853 llierosolimam
1370 4798 1555 4868 petiit.
1606 4801 1711 4855 Ubi
1760 4808 1997 4873 accepta

360 4885 731 4956 baptismatis
764 4886 972 4955 gratia,
1006 4888 1216 4955 quarto
1249 4886 1318 4940 ab
1347 4887 1543 4942 eadem
1576 4889 1718 4943 urbe
1751 4890 1998 4947 miliario

357 4975 778 5031 monasterium
813 4975 1043 5031 abbatis
1066 4975 1355 5031 Anastasii
1382 4976 1637 5032 intravit.
1667 4978 1746 5033 lbi
1772 4985 1993 5048 septem

357 5062 522 5117 annis
554 5063 906 5132 regulariter
936 5064 1157 5133 vivens,
1185 5064 1318 5120 dum
1344 5066 1663 5121 Caesaream
1692 5066 1994 5125 Palestina)

356 5150 640 5206 orationis
674 5152 863 5221 gratia
901 5153 1177 5223 venisset,
1204 5157 1414 5225 captus
1443 5169 1473 5210 a
1502 5155 1693 5211 Persis
1725 5158 1781 5211 et
1813 5157 1990 5214 multa

357 5234 455 5291 diu
487 5239 730 5294 verbera
757 5254 965 5310 passus
990 5240 1143 5298 inter
1166 5255 1435 5298 carceres
1457 5247 1514 5298 et
1540 5242 1767 5301 vincula
1796 5244 1991 5315 judice

356 5321 714 5396 ltlarzobana,
742 5327 972 5383 tandem
996 5328 1257 5386 mittitur
1288 5331 1357 5387 ad
1393 5346 1587 5401 regem
1618 5332 1932 5401 Chosdroe,
1960 5349 1989 5390 a

2117 4469 2187 4531 aq
2213 4460 2387 4526 potus
2418 4460 2473 4511 et
2493 4455 2921 4511 commixtionis
2945 4454 3247 4511 mulierum
3289 4454 3635 4525 perhibebat
3667 4467 3762 4507 ca-

2116 4555 2336 4612 pacem,
2371 4541 2606 4597 ﬂuvium
2633 4556 2861 4612 quoque
2887 4541 2999 4596 vini
3032 4545 3090 4596 et
3135 4540 3324 4596 mellis
3341 4543 3400 4596 et
3441 4539 3616 4596 lactis
3679 4538 3759 4595 ibi

2114 4643 2241 4686 esse
2273 4634 2329 4684 et
2357 4631 2681 4685 afﬂuentem
2703 4630 3063 4700 voluptatem
3080 4628 3379 4699 multaque
3393 4627 3503 4683 alia
3524 4624 3761 4684 iniuria

2113 4723 2170 4773 et
2197 4717 2456 4772 stulticia
2482 4717 2667 4788 plena,
2703 4733 2829 4787 qua:
2849 4718 3412 4775 stultisvidebantur
3439 4715 3760 4773 delectabi-

2112 4804 2186 4860 lia
2204 4805 2451 4875 ideoque
2466 4804 2863 4861 eredihilia.—
2878 4807 3044 4876 (Chr.
3066 4806 3171 4878 W.)
3192 4805 3493 4861 lleraclius
3507 4821 3535 4861 a
3554 4804 3760 4874 Sergio

2112 4893 2443 4965 patriarcha
2474 4900 2531 4948 et
2563 4896 2634 4948 ab
2668 4896 2975 4950 Anastasio
3001 4894 3507 4965 quodamaliisque
3538 4893 3758 4948 hereti-

2107 4982 2191 5038 cis
2219 4982 2671 5052 circumventus,
2710 4982 2762 5037 in
2796 4984 3194 5039 Euthicianam
3227 4981 3437 5038 incidit
3477 4982 3755 5051 heresim,

2106 5074 2164 5125 et
2181 5070 2622 5127 mathematicus
2640 5072 2825 5128 tactus
2849 5076 2905 5126 et
2932 5072 3267 5141 astrologus
3280 5069 3423 5126 vidit
3443 5070 3753 5141 imperium

2106 5174 2273 5215 suum
2306 5173 2335 5213 a
2360 5159 2723 5215 circumcisis
2742 5161 3016 5229 gentibus
3044 5174 3178 5217 esse
3207 5158 3556 5216 vastandum
3591 5158 3761 5225 ;mit-

2105 5251 2349 5318 tensquc
2381 5248 2451 5303 ad
2501 5249 2889 5318 Dagobertum
2917 5263 3110 5319 regem
3135 5250 3504 5315 Francorum,
3550 5261 3759 5303 omnes

2105 5336 2263 5404 regni
2281 5335 2653 5405 ejusJudaaos
2676 5337 2958 5410 baptizari
2978 5336 3766 5410 petiitctimpctravit,ipse-

1719 5430 1954 5485 VARUE
1998 5431 2389 5493 LECTIONES.

415 5510 789 5576 “’“cadicum
821 5520 936 5577 aa!
967 5526 1254 5589 cadiuum
1290 5531 1346 5585 1?
1384 5523 1651 5585 cadiuum
1680 5528 1724 5584 E
1756 5531 1801 5585 1.
