3992 6062
243 300 358 366 821

1137 293 1568 390 ΟῌΗΟΝΙΟΑ.
1603 329 1680 340 -
1711 287 2192 357 CHRONICON
2239 286 2787 354 UNIVERSALE.

3534 287 3654 353 822

245 451 360 511 que
390 451 494 510 per
520 451 723 494 omnes
752 434 979 509 imperii
1003 434 1090 495 sui
1115 435 1260 493 fines
1286 437 1344 491 et
1377 431 1708 508 provincias
1742 429 1890 486 idem
1921 428 1978 488 A
2005 425 2220 483 cesimo
2267 441 2436 498 nono,
2490 426 2562 483 ab
2607 426 2761 484 Urbe
2809 428 3004 484 autem
3054 424 3290 483 condita
3343 422 3652 484 millesimo

247 527 373 585 ﬁeri
409 527 687 598 decrevit.
723 528 864 582 Post
896 526 1020 582 haec
1053 525 1319 596 Agareni,
1347 524 1443 596 qui
1475 529 1533 579 et
1565 518 1888 588 Sarraceni,

242 631 391 687 gens
419 615 782 684 circumcisa,
818 615 1147 687 provincias
1177 613 1427 670 Ileraclii
1459 615 1714 669 vastant.
1751 611 1894 666 Con-

247 710 340 761 tra
381 720 529 775 quos
561 704 694 761 dum
735 704 1039 761 Ileraclius
1071 704 1329 773 dimicat,
1379 705 1609 773 150,000
1645 698 1892 755 militum

245 795 376 865 ejus
411 794 710 850 Sarraceni
754 793 1135 863 interficiunt,
1169 798 1228 848 et
1258 792 1442 864 spolia
1476 805 1677 846 eorum
1721 790 1894 843 Itera-

247 883 364 940 clio
398 882 720 940 remittunt.
757 883 894 949 Quze
917 883 1014 938 ille
1040 883 1342 954 percipere
1371 881 1606 945 nolens;
1641 876 1745 934 sed
1774 876 1894 932 vin-

249 972 465 1028 dictam
487 972 558 1027 ab
576 971 662 1028 eis
681 987 948 1041 querens,
977 975 1176 1044 portas
1201 972 1457 1042 Caspias,
1484 983 1628 1040 quas
1651 965 1894 1022 Alexan-

248 1061 356 1116 der
395 1061 630 1130 Magnus
669 1061 898 1116 Macedo
939 1075 1117 1132 super
1159 1075 1314 1116 mare
1355 1057 1621 1130 Caspium
1664 1054 1800 1112 fecit
1834 1056 1891 1108 et

250 1155 494 1228 propter
518 1149 948 1206 multitudinem
971 1150 1407 1228 scvissimarum
1425 1147 1686 1218 gentium
1711 1141 1894 1202 serari

240 1225 444 1308 jussit,
487 1238 738 1310 aperuit,
783 1238 1031 1310 indeque
1071 1225 1480 1307 150,000'auro
1511 1240 1730 1292 armata
1761 1246 1895 1290 cum

248 1328 520 1384 omnibus
553 1327 955 1383 universarum
991 1327 1416 1398 provinciarum
1449 1325 1735 1380 militibus
1764 1335 1895 1378 con-

247 1421 342 1471 tra
368 1417 719 1472 Sarracenos
741 1416 794 1471 in
822 1415 1084 1486 pra-alium
1118 1415 1296 1472 misit.
1333 1417 1588 1484 Cumque
1613 1413 1667 1468 in
1691 1409 1897 1467 crasti-

249 1521 386 1562 num
419 1510 613 1562 essent
649 1505 993 1576 prmliaturi,
1028 1505 1153 1576 ipsa
1181 1510 1352 1562 nocte
1375 1510 1442 1560 52
1461 1499 1616 1558 1111118
1640 1501 1710 1558 (10
1733 1513 1898 1557 exer-

250 1593 372 1650 citu
396 1594 644 1650 llcraclii
662 1593 715 1648 in
733 1593 946 1650 castris
966 1593 1258 1665 percussit
1274 1591 1518 1663 angelus
1537 1592 1636 1647 Dei
1655 1608 1668 1657 ;
1687 1589 1896 1661 reliqui

249 1698 383 1739 cum
417 1683 815 1752 regredientes
843 1682 1413 1754 appropinquassent
1438 1680 1892 1749 “ierosolimam,

250 1772 458 1828 videns
483 1771 780 1828 lleraclius
799 1787 860 1826 se
881 1786 1240 1843 nequaquam
1265 1771 1547 1828 resistere
1571 1784 1755 1842 posse,
1783 1784 1898 1825 me-
1927 1789 1980 1848 Β

251 1877 388 1916 rore
421 1865 731 1932 correptus
763 1866 875 1932 est,
917 1863 1222 1934 factusque
1255 1860 1590 1933 ydropicus,
1629 1864 1895 1914 mortuus

249 1955 347 2006 est
370 1949 470 2019 (Η.
493 1953 641 2022 1η.).ι

324 2045 376 2095 2.
414 2039 504 2073 ¹⁰⁶⁷
536 2052 598 2096 Α.
637 2043 695 2094 1).
729 2040 854 2096 613.

324 2134 375 2185 2.
411 2127 501 2161 ¹⁰⁶⁷
532 2130 594 2183 Α.
631 2131 691 2183 1).
727 2130 848 2185 614.
881 2129 903 2150 ⁶

399 2222 418 2242 ‘
453 2225 483 2274 5
531 2249 598 2258 ——
651 2223 731 2272 11.
783 2217 1019 2274 addunt
1061 2235 1080 2272 .-
1131 2218 1376 2272 Sanctus
1425 2215 1818 2271 Columbanus
1866 2227 1896 2268 a

467 2290 822 2346 Theoderico
865 2303 999 2358 rege
1041 2287 1328 2345 instinctu
1370 2285 1726 2344 Brunihildis
1754 2282 1896 2342 avize

467 2360 802 2432 expellitur.
835 2374 911 2416 ex
945 2359 1150 2430 Sigeb.

326 2454 376 2506 3.
415 2450 579 2521 (σὴν.
627 2450 734 2522 W.)
769 2451 830 2509 Α.
868 2451 932 2506 D.
966 2454 1087 2505 615.
1123 2448 1466 2505 Anastasius
1495 2448 1673 2504 Persa
1708 2460 1898 2502 mona-

253 2541 402 2597 chus
435 2541 621 2596 factus
650 2543 762 2596 est.

330 2633 378 2685 4.
419 2631 482 2685 Α.
519 2631 578 2685 D.
613 2633 735 2685 616.
786 2628 1106 2686 Deusdedit
1152 2643 1294 2700 papa
1343 2633 1470 2684 70‘"
1517 2626 1670 2682 sedit
1717 2640 1899 2682 annos

255 2721 502 2789 septem.
531 2721 551 2740 "

390 2809 413 2830 '
439 2807 517 2862 D?
545 2808 603 2861 E.
636 2806 870 2863 addunt
889 2828 908 2864 .-
930 2808 1122 2878 Lupus
1143 2837 1210 2846 —
1234 2803 1558 2861 descendit.
1590 2817 1665 2860 ex
1687 2803 1892 2875 Sigeb.

320 2899 371 2950 6.
414 2897 474 2950 Α.
510 2897 571 2951 D.
603 2899 724 2951 618.
761 2896 1023 2952 Eduinus
1048 2911 1148 2951 rex
1173 2895 1421 2951 efficitur
1454 2893 1786 2963 Anglorum.

323 2989 408 3040 11.
444 2987 506 3040 Α.
539 2986 600 3040 D.
637 2989 758 3042 622.
795 2985 1138 3042 Anastasius
1171 2999 1376 3057 passus
1405 2986 1515 3040 cst.

324 3077 408 3128 12.
445 3075 506 3128 A.
543 3075 604 3128 Ι).
638 3077 760 3128 623.
795 3074 1124 3132 Bonifacius
1148 3089 1294 3147 papa
1317 3078 1443 3130 71ιι³
1465 3071 1615 3129 sedit
1639 3086 1817 3127 annos
1840 3075 1889 3126 5.

325 3166 403 3217 16.
441 3163 505 3217 Α.
540 3163 602 3216 D.
637 3166 768 3218 627.
805 3165 829 3186 θ

388 3263 408 3284 ⁶
443 3262 477 3316 4
509 3291 580 3301 --
623 3266 706 3334 11,
749 3261 986 3334 addunt
1011 3282 1029 3318 :
1059 3261 1333 3334 lsydorus
1383 3259 1750 3334 Hispalensis
1796 3259 1896 3334 dg-

457 3335 588 3388 ctor
617 3331 710 3366 1°“
737 3333 942 3390 claret.
979 3334 1056 3388 D?
1190 3332 1427 3390 addunt
1451 3331 1506 3389 αξ
1543 3335 1646 3389 628
1681 3350 1692 3388 :
1729 3332 1774 3387 1.
1817 3331 1887 3386 11.

457 3402 721 3460 doctrina
755 3405 959 3461 claret.
995 3419 1070 3461 ea:
1100 3405 1307 3476 Sigeb.
1660 3414 1670 3423 ‘

317 3504 403 3555 17.
444 3499 666 3574 (ΒΕοΑ.)
703 3503 764 3558 Α.
802 3503 862 3558 1).
899 3504 1020 3558 628.
1068 3503 1355 3559 Honorius
1397 3515 1542 3573 papa
1581 3503 1708 3556 72η·
1749 3499 1899 3555 sedit

249 3602 434 3644 annos
475 3594 560 3653 10,
607 3605 838 3648 menses
878 3592 1168 3660 undecim,
1211 3592 1336 3648 dies
1379 3595 1460 3647 17.
1509 3590 1768 3646 Eduinus
1801 3603 1902 3672 rex

248 3677 571 3746 Anglorum
603 3679 940 3751 baptizatur
957 3697 986 3736 a
1006 3681 1247 3736 Paulino
1269 3681 1546 3752 episcopo
1569 3694 1716 3737 anno
1740 3677 1900 3748 regnl

247 3765 338 3823 sui
363 3767 745 3836 11,adventus
769 3774 962 3825 autem
985 3769 1296 3840 Anglorum
1325 3770 1378 3826 in
1400 3770 1754 3826 Britanniam
1772 3773 1898 3826 180-

324 3867 408 3920 18.
441 3863 608 3933 (0hr.
651 3865 757 3937 W.)
789 3868 851 3922 A.
883 3867 947 3922 D.
979 3870 1102 3923 629.
1135 3867 1438 3924 Heraclius
1465 3868 1776 3925 interfecto
1800 3869 1900 3924 Co-

253 3967 388 4010 sroe
415 3968 549 4023 rege
571 3955 902 4024 Persarum,
937 3970 1170 4012 crucem
1196 3955 1561 4028 dominicam,
1598 3971 1767 4028 quam
1801 3957 1898 4013 ille

249 4041 518 4111 abstulit,
537 4043 1096 4116 Constantinopolim
1113 4044 1358 4114 revexit,
1373 4059 1639 4116 annoque
1655 4060 1900 4116 sequen-

249 4129 294 4186 ti
328 4131 766 4188 Hierosolimam
796 4147 928 4189 cum
961 4133 1157 4189 debita
1190 4135 1566 4190 veneratione
1595 4135 1846 4192 reduxit.
1874 4139 1896 4160 '

392 4231 414 4251 '
448 4229 532 4284 D?
571 4229 630 4285 E.
676 4229 955 4286 addunt:
989 4229 1400 4286 Celebritatem
1443 4246 1492 4288 e.
1539 4246 1588 4288 c.
1634 4247 1683 4287 a.
1727 4246 1783 4288 c.
1824 4247 1899 4289 ea:

457 4299 662 4372 Sigeb.
697 4314 754 4357 α.
787 4305 910 4356 631.

321 4391 407 4442 19.
443 4390 508 4443 Α.
542 4388 604 4444 D.
635 4389 758 4443 630.
792 4389 816 4413 ‘
850 4392 898 4444 1.

2006 515 2420 573 trecentesimo
2457 515 2832 588 nonagesimo
2873 516 3312 586 Constantinus,
3354 515 3507 572 illius
3542 517 3649 573 He-

2004 605 2168 661 raclii
2210 610 2270 661 et
2311 605 2607 676 Eudoxize,
2661 605 3142 676 quinquagesimo
3194 619 3345 661 nono
3397 603 3526 661 loco
3575 605 3648 662 ab

2005 695 2286 764 Augusto,
2338 693 2593 765 suscepit
2650 693 2975 765 imperium.
3030 693 3158 764 Qui,
3202 708 3332 750 cum
3374 696 3648 762 regnaret

2005 781 2306 838 mensibus
2335 786 2605 852 quatuor,
2633 797 2663 838 a
2687 795 2937 838 noverca
2970 797 3072 840 sua
3103 781 3343 838 Martina
3375 786 3432 838 et
3465 783 3648 852 Pyrro

2003 869 2336 941 patriarcha
2384 885 2605 926 veneno
2665 870 3035 942 potionatur;
3095 871 3311 942 illoque
3362 869 3644 940 extincto,

2005 958 2130 1030 ipsa
2149 974 2278 1016 cum
2300 958 2418 1015 filio
2439 975 2545 1016 suo
2564 959 2884 1016 lleraclona
2905 959 3255 1016 dominatur.
3282 959 3442 1016 Unde
3461 958 3649 1016 omnis

2006 1051 2246 1104 senatus
2276 1048 2960 1121 Constantinopolitanus
2989 1064 3118 1105 cum
3142 1047 3292 1105 omni
3321 1048 3536 1120 populo
3567 1048 3651 1104 in-

2007 1136 2341 1207 dignatione
2385 1139 2546 1209 justa
2593 1141 2936 1207 commotus,
2984 1137 3362 1193 Heraclonam
3409 1135 3646 1208 repulit,

2008 1224 2319 1297 linguaque
2351 1227 2610 1284 Martium
2639 1232 2694 1283 et
2727 1242 2869 1282 naso
2911 1226 3247 1284 lleraclonae
3288 1226 3538 1295 absciso,
3572 1225 3652 1282 ei-

2007 1331 2148 1385 sque
2173 1316 2225 1370 in
2250 1316 2486 1371 exilium
2522 1315 2854 1386 destinatis,
2882 1316 3278 1384 Constantem,
3305 1313 3485 1371 ﬁlium
3511 1315 3653 1370 Con-

2007 1404 2269 1475 stantini,
2305 1409 2572 1476 nepotem
2605 1405 2876 1474 Heraclii,
2912 1404 3258 1476 provehunt.
3294 1404 3520 1475 (13111111.)
3551 1403 3652 1474 Cy-

2009 1509 2110 1549 rus
2133 1493 2560 1551 Alexandrinus
2581 1495 2898 1566 episcopus
2918 1501 2977 1550 et
2998 1496 3216 1565 Pyrrus
3249 1492 3652 1549 Constantino-

2010 1581 2306 1654 politanus
2337 1588 2394 1638 et
2427 1583 2522 1638 alii
2556 1583 2722 1640 multi
2752 1583 2996 1641 heresim
3033 1582 3378 1639 instaurant.
3410 1581 3512 1651 (Η.
3545 1583 3649 1652 m.)

2009 1669 2120 1724 Sed
2153 1674 2392 1726 senatus
2413 1674 2617 1727 ettota
2651 1669 2860 1726 civitas
2892 1671 3134 1740 Pyrrum
3167 1673 3226 1724 ut
3261 1668 3496 1741 impium
3519 1683 3650 1724 cum

2009 1757 2325 1814 Heraclona
2367 1773 2435 1815 ac
2474 1764 2657 1815 matre
2701 1774 2803 1814 sua
2845 1759 3228 1828 expulerunt;
3271 1762 3330 1814 et
3371 1760 3650 1826 regnante

2011 1847 2346 1917 Constante,
2389 1847 2602 1904 Paulus
2641 1850 3022 1904 consecratur
3058 1847 3393 1918 episcopus,
3435 1848 3494 1902 et
3527 1845 3651 1917 ipse

2009 1934 2326 1991 hereticus.
2357 1935 2648 1991 Iohannes
2672 1940 2864 1992 autem
2892 1934 3108 2008 prmsul
3130 1936 3443 2003 Romanus,
3477 1933 3654 1990 colle-

2009 2026 2105 2077 cto
2135 2023 2541 2094 episcoporum
2570 2023 2839 2093 concilio,
2867 2037 3066 2080 omnes
3085 2021 3260 2092 hujus
3280 2021 3506 2078 heresis
3536 2022 3654 2079 fau-

2008 2115 2168 2166 tores
2215 2111 2746 2168 anathematizavit.
2799 2114 2922 2178 Quo
2969 2111 3266 2182 defuncto,
3312 2111 3652 2168 Theodorus

2011 2215 2114 2270 pro
2145 2214 2215 2255 eo
2249 2215 2393 2272 papa
2434 2207 2834 2257 consecratur.
2878 2202 3096 2270 Pyrrus
3133 2215 3273 2256 vero
3310 2200 3562 2256 tendens
3595 2200 3650 2256 in

2009 2288 2279 2358 Africam,
2311 2289 2534 2344 Maximi
2561 2288 2985 2360 religiosissimi
3010 2287 3108 2344 illo
3133 2293 3396 2359 tempore
3420 2289 3652 2344 abbatis

2009 2381 2462 2447 sanctorumque
2503 2377 2836 2449 pontiﬁcum
2877 2376 2995 2434 illic
3033 2376 3479 2433 consistentium
3525 2391 3652 2448 prc-

2010 2469 2281 2520 sentatur
2303 2465 2689 2536 asSpectibus.
2717 2464 2822 2530 Qui
2849 2464 3002 2520 hunc
3025 2464 3404 2542 redargutum
3432 2479 3500 2521 ac
3521 2481 3654 2537 per-

2009 2567 2244 2609 suasum
2265 2553 2336 2609 ad
2357 2568 2559 2625 papam
2579 2552 2939 2610 Theodorum
2961 2554 3196 2609 Romam
3218 2552 3501 2610 miserunt
3518 2571 3532 2621 ;
3548 2555 3652 2611 sed

2009 2640 2108 2696 ille
2153 2641 2305 2711 ficta,
2343 2645 2402 2698 ut
2437 2645 2566 2713 post
2609 2641 2902 2714 apparuit,
2945 2641 3284 2712 poenitentia
3326 2642 3650 2700 ortodoxiaa

2011 2728 2210 2786 lihelle
2255 2744 2420 2802 papae
2471 2730 2708 2800 tradito,
2745 2731 2816 2786 ab
2850 2729 2940 2764 ¹⁰⁶⁹
2968 2744 3038 2786 eo
3071 2733 3349 2801 receptus
3379 2735 3488 2788 est.
3524 2732 3653 2787 Mox

2009 2823 2200 2875 autem
2228 2824 2288 2876 ut
2313 2835 2343 2874 a
2367 2821 2543 2875 Roma
2567 2819 2871 2876 descendit
2897 2820 3340 2890 Ravennamque
3362 2819 3648 2891 pervenit,

2010 2907 2174 2978 quasi
2201 2907 2362 2963 canis
2386 2907 2456 2963 ad
2480 2907 2757 2964 vomitum
2783 2922 2950 2964 suum
2975 2907 3167 2963 rediit.
3201 2907 3324 2973 Quo
3348 2914 3652 2980 comperto

2007 3010 2174 3067 papa,
2221 2996 2558 3053 convocatis
2595 2997 2829 3054 cunctis
2865 2994 3274 3053 sacerdotibus
3307 3000 3367 3053 et
3407 2996 3565 3054 clero
3593 2997 3651 3054 in

2006 3085 2270 3141 aacclesia
2297 3085 2580 3156 principis
2602 3085 3023 3156 apostolorum,
3053 3083 3500 3156 condcmpnavit
3521 3099 3651 3142 eum

1928 3147 1976 3208 Ο
2007 3175 2115 3230 sub
2137 3147 2369 3230 vinculo
2386 3147 2794 3230 ana-thematis.

2075 3261 2371 3318 Johannes
2424 3277 2568 3334 papa
2621 3265 2746 3317 74υε
2798 3261 2950 3318 sedit
3005 3275 3183 3318 annos
3234 3267 3288 3332 2,
3340 3275 3572 3320 menses
3604 3266 3658 3336 9,

2007 3349 2133 3407 dies
2162 3355 2246 3408 18.

2009 3439 2156 3496 Anni
2193 3438 2547 3496 Heraclonze.

2086 3533 2131 3584 1.
2176 3531 2238 3584 A.
2273 3529 2335 3584 D.
2369 3532 2491 3585 640.
2527 3527 2620 3562 ίοτο
2648 3530 2670 3550 ⁶
2705 3527 3093 3584 Heracleonas
3133 3525 3242 3598 1°",
3287 3526 3441 3584 filius
3477 3528 3654 3585 Hera-

2011 3617 2128 3686 clii,
2179 3617 2376 3674 occiso
2419 3633 2522 3689 per
2559 3631 2844 3673 venenum
2897 3617 3076 3672 fratre
3108 3630 3215 3674 suo
3245 3617 3648 3688 Constantino,

2013 3720 2252 3775 regnum
2287 3705 2514 3775 invasit,
2541 3710 2750 3763 etcum
2781 3709 2964 3762 matre
2988 3719 3093 3762 sua
3117 3703 3356 3760 Martina
3387 3705 3649 3776 regnavit

2011 3808 2190 3851 annos
2213 3798 2264 3850 2.

2155 3885 2175 3906 '
2207 3885 2284 3939 D?
2313 3885 2374 3939 E.
2416 3882 2696 3940 addunt:
2725 3885 2973 3940 Sanctus
3017 3881 3292 3939 Arnulfus
3319 3912 3388 3922 —
3417 3882 3655 3942 ancilla-

2219 3959 2338 4009 tur.
2371 3967 2446 4010 ea;
2469 3953 2671 4024 Sigeb.

2081 4044 2164 4100 Ab
2197 4042 2372 4099 inicio
2409 4041 2538 4096 anni
2573 4043 2726 4096 4600.

2077 4136 2128 4188 2.
2177 4133 2238 4188 A.
2282 4132 2342 4185 D.
2386 4132 2485 4184 641
2523 4127 2637 4183 ¹⁰⁷².
2697 4125 3050 4184 Heraclonas
3097 4126 3355 4198 turpiter
3400 4126 3653 4184 deicitur

2007 4237 2136 4278 cum
2168 4225 2374 4275 matre.

2010 4309 2154 4366 Anni
2194 4306 2551 4364 Constantis.

2084 4402 2128 4452 1.
2160 4399 2318 4451 Anno
2343 4393 2646 4451 dominicae
2671 4390 3092 4448 incarnationis
3108 4391 3233 4461 642,
3255 4390 3327 4446 ab
3344 4390 3498 4448 Urbe
3519 4405 3657 4447 con-

392 4488 414 4509 "
446 4489 504 4562 1.
533 4489 616 4562 1-6.
655 4484 1199 4562 (αἰίᾳίιίναφηεηίο),
1237 4491 1318 4543 11.
1355 4488 1624 4562 addunt.-
1647 4489 1895 4546 Sanctus
1926 4501 1979 4562 D
2010 4485 2128 4541 dita
2153 4483 2462 4539 millesimo
2487 4485 2606 4537 393.
2637 4482 2944 4550 Constans,
2974 4479 3125 4535 ﬁlius
3150 4478 3534 4550 Constantini,
3559 4493 3658 4535 ne-

465 4555 664 4612 Gallus
702 4557 908 4612 cellam
939 4573 1101 4613 suam
1141 4555 1498 4615 construxit.

323 4659 412 4710 20.
449 4656 511 4710 A.
546 4657 606 4710 D.
643 4657 764 4711 631.
817 4655 1141 4724 Lotharius,
1194 4656 1468 4728 Hilperici
1521 4658 1695 4729 filius,
1748 4674 1897 4716 anno

255 4743 418 4812 regni
443 4743 532 4800 sui
552 4745 622 4798 44
640 4743 909 4813 moritur,
935 4744 1271 4814 relinquens
1296 4761 1691 4804 successorem
1719 4747 1897 4805 filium

256 4847 426 4889 suum
459 4833 846 4902 Dagobertum
879 4832 976 4903 (cf.
1013 4833 1079 4891 θ.
1111 4832 1260 4904 Fr.).

327 4924 415 4975 27.
448 4921 676 4991 (11.191.)
712 4923 773 4974 A.
801 4922 862 4976 D.
894 4924 1016 4976 638.
1052 4921 1354 4978 Heraclius
1375 4923 1690 4992 ydr0picus
1713 4927 1904 4982 factus

257 5010 528 5066 moritur.
548 5040 617 5049 —
635 5009 950 5065 Severinus
975 5022 1120 5080 papa
1141 5013 1269 5065 73‘“
1291 5009 1444 5066 sedit
1468 5025 1675 5068 annum
1703 5028 1896 5084 unum,

254 5111 488 5154 menses
527 5095 691 5152 duos.

252 5185 401 5242 Anni
447 5185 836 5242 Constantini.

325 5279 374 5328 1.
401 5275 562 5330 Anno
581 5273 885 5331 dominica)
909 5273 1329 5331 incarnationis
1353 5275 1780 5331 sexcentesimo
1801 5276 1902 5330 tri-

2011 4588 2117 4646 pos
2144 4571 2415 4642 Heraclii,
2449 4576 2546 4626 10°
2579 4571 2706 4626 loco
2728 4570 2800 4624 ab
2822 4571 3105 4638 Augusto,
3141 4567 3197 4623 in
3233 4582 3470 4638 regnum
3494 4567 3658 4639 eligi-

2008 4663 2125 4729 tur,
2153 4659 2382 4728 dejecto
2408 4656 2723 4712 Heraclona
2745 4655 2836 4687 ¹⁰⁷³
2854 4670 2984 4711 cum
3011 4659 3198 4710 matre
3221 4669 3347 4726 sua,
3373 4658 3430 4710 et
3457 4669 3658 4724 regna-

2008 4748 2091 4804 vit
2116 4747 2282 4804 annis
2303 4750 2390 4802 28.
2425 4745 2648 4818 (111101.)
2683 4747 2795 4800 Hoc
2820 4749 3120 4813 regnante,
3149 4747 3210 4800 ut
3237 4757 3414 4814 supra
3439 4743 3656 4799 dictum

2008 4843 2121 4906 est,
2150 4836 2203 4891 in
2229 4835 2415 4892 locum
2440 4833 2604 4901 Pyrri
2629 4832 2872 4888 heretici
2899 4836 3278 4887 consecratur
3304 4830 3518 4886 Paulus
3539 4829 3659 4901 epi-

2010 4939 2245 4996 scopus,
2280 4928 2339 4979 et
2364 4923 2488 4994 ipse
2520 4921 2834 4990 hereticus,
2872 4920 2966 4990 qui
2995 4934 3105 4975 non
3133 4923 3357 4976 tantum
3391 4918 3658 4974 doctrina

2010 5027 2242 5082 vesana,
2263 5011 2416 5067 sicut
2437 5010 2776 5066 decessores
2794 5007 2904 5077 sui,
2927 5008 3028 5063 sed
3047 5007 3219 5062 etiam
3241 5009 3442 5078 aperta
3466 5020 3662 5078 perse-

2009 5101 2245 5158 cutione
2269 5097 2592 5154 catholicos
2613 5097 2857 5165 cruciat,
2881 5094 3293 5166 apocrisiarios
3315 5098 3532 5152 sanctae
3553 5109 3662 5152 :ec-

2009 5189 2207 5246 clesiae
2254 5189 2546 5255 Romanae,
2599 5185 2694 5255 qui
2733 5185 2804 5240 ad
2846 5184 2974 5254 ejus
3025 5183 3452 5240 correctionem
3504 5183 3661 5242 missi

2017 5277 2266 5344 fuerant,
2314 5274 2524 5346 partim
2559 5271 2918 5344 carceribus,
2963 5271 3172 5344 partim
3205 5271 3414 5344 exiliis,
3450 5271 3661 5344 partim

329 5432 418 5506 "97
451 5435 544 5493 ita
579 5441 625 5492 1.
706 5433 796 5506 1°“!
827 5433 1035 5506 doctor
1063 5447 1264 5506 yspan.
1301 5435 1350 5488 4.
1379 5431 1472 5465 ¹⁰⁸⁹
1501 5364 1642 5505 qu;
1649 5363 1920 5504 1:351:02;

2351 5433 2730 5506 0111811ᾳεὶ8
2760 5433 2828 5506 tot
2863 5437 2909 5488 1.
2941 5433 3172 5506 scripta
3205 5434 3362 5506 sunt.
3389 5504 3398 5506 _
3441 5433 3534 5506 ίοῖο
3558 5433 3662 5488 XL.

258 5505 477 5564 omisso
506 5508 612 5562 DC.
649 5511 698 5562 1.
783 5504 873 5539 1°"
909 5502 1262 5563 HeraClonas
1306 5517 1456 5562 corr.
1501 5502 1897 5564 lleraclco:.as
1930 5513 1976 5565 1.
2059 5505 2147 5540 1°73
2179 5506 2310 5566 XLI.
2349 5509 2396 5562 1.
2478 5502 2568 5538 ³0⁷³
2600 5504 2931 5564 heracliona
2963 5502 3113 5564 corr.
3145 5505 3216 5566 ut
3233 5504 3472 5567 videtur
3501 5505 3667 5563 hera-

257 5577 428 5634 clona
455 5582 503 5634 1.
