3992 6062
445 282 558 347 831

1614 271 2098 343 EKKEHARDI
2139 222 2669 342 URAUGENSIS

3735 283 3859 350 832

446 417 1008 478 'lheodosiusautem
1033 419 1286 489 secutus,
1315 431 1521 489 magno
1550 414 1754 490 praelio
1777 414 1922 473 vicit.
1940 427 2091 484 eum,
2123 410 2180 474 A
2209 416 2261 483 7,
2289 411 2492 485 donec,
2528 413 2839 486 agentibus
2866 413 3117 475 letanias
3147 415 3390 477 crebras
3431 417 3660 479 civibus
3694 425 3859 480 octa-

449 511 705 582 datoque
735 507 844 566 sibi
864 513 1252 580 sacramento,
1281 508 1558 565 clericum
1580 521 1710 565 eum
1727 505 1849 562 fieri
1874 509 1930 562 et
1968 519 2097 576 pos-

450 605 542 657 tea
578 600 968 672 presbiterum
999 599 1139 656 fecit
1159 598 1440 655 ordinari.

517 693 675 746 27.2.
731 688 904 759 (σΙιν.
959 690 1066 760 W.)
1101 691 1164 745 A.
1219 691 1282 742 n.
1321 691 1442 745 7'15.
1481 690 1502 712 ι

448 778 630 848 major
661 777 866 834 domus
900 778 1068 843 obiit;
1091 793 1194 849 pro
1217 794 1332 848 quo
1367 777 1658 847 filiusejus
1681 777 1929 833 Karolus
1965 790 2096 832 suc-

447 868 721 926 cessit.-—
744 869 1111 938 Dagobertus
1140 883 1245 924 rex
1277 869 1626 924 Francorum
1652 867 1815 923 obiit.

589 959 612 981 "
655 959 724 1012 D.
767 958 825 1012 E.
853 957 1133 1013 addunt.-
1160 957 1406 1011 Sanctus
1457 956 1789 1025 Egidius—
1819 955 2002 1012 claret
2039 956 2093 1012 in

685 1027 884 1082 Gallia.
930 1027 1218 1098 esz'geb.
1247 1032 1296 1082 b’.
1332 1027 1692 1083 6.-—9?1°9°
1743 1059 1806 1067 -
1853 1031 1945 1082 10.
2005 1031 2088 1083 11.

687 1098 862 1172 {iam
879 1100 1020 1168 post
1041 1099 1195 1172 patri
1218 1099 1538 1172 successit)
1563 1099 1798 1156 addunt
1825 1100 2094 1157 :Sanctus

676 1169 914 1240 Egidius
943 1169 1176 1226 claruit.

519 1276 716 1332 Karoli
747 1277 1013 1333 senioris.
1224 1317 1236 1323 -

521 1371 566 1420 1.
594 1370 644 1420 3.
672 1368 736 1420 Α.
770 1367 832 1422 D.
867 1369 988 1422 716.
1043 1365 1306 1436 Karolus,
1338 1365 1563 1436 Pippini
1623 1364 1869 1422 senioris
1929 1363 2082 1421 ﬁlius

449 1453 504 1508 in
537 1455 1056 1510 amministratione
1093 1455 1250 1524 regni
1272 1454 1419 1526 patri
1437 1455 1743 1524 successit,
1762 1453 1949 1510 adhuc
1965 1455 2086 1523 qui,

447 1545 575 1600 dem
601 1543 836 1613 regibus
869 1545 922 1598 in
960 1545 1194 1600 Francia
1245 1545 1614 1602 manentibus
1635 1543 1734 1600 sed
1784 1557 1960 1615 parva
2005 1542 2092 1598 di-

442 1633 668 1700 gnitate
685 1633 1064 1702 regnantibus
1079 1634 1174 1702 (cf.
1193 1635 1384 1691 Hanc.
1403 1634 1771 1706 Fristsupra
1787 1633 1896 1690 col.
1933 1636 2054 1689 900.

451 1723 510 1776 In
541 1723 796 1778 Romano
829 1737 1058 1792 quoque
1084 1723 1326 1794 imperio
1347 1724 1497 1794 apud
1531 1721 2090 1794 Constantinopolim

445 1810 634 1866 adhuc
665 1810 1051 1882 imperatores
1083 1818 1269 1881 erant,
1306 1813 1406 1868 sed
1437 1817 1492 1867 et
1520 1812 1630 1884 ipsi
1661 1813 1956 1868 intestinis

449 1899 663 1954 riteret
689 1900 1038 1958 extrinsecis
1061 1901 1232 1957 hellis
1265 1915 1410 1972 pene
1442 1901 1746 1971 adnullati,
1773 1915 1976 1973 parum
1998 1915 2094 1958 va-

443 1987 656 2044 lebant.
670 1989 914 2046 Karolus
931 2005 1068 2046 vero
1087 2004 1323 2058 regnum
1342 1992 1690 2046 Francorum
1706 1989 2094 2046 amministra-

441 2077 523 2132 vit
550 2077 717 2132 annis
736 2079 934 2134 27.Cui
957 2093 1084 2135 cum
1111 2079 1483 2154 llcginfridus
1501 2078 1732 2149 quidam
1756 2079 2094 2136 adversare-

447 2169 934 2236 tur,rcgnumquc
963 2171 1158 2224 tenere
1185 2172 1516 2238 conaretur,
1543 2169 1805 2238 quamvis
1827 2183 1930 2240 per
1953 2169 2095 2226 mul-

457 2259 546 2310 tas
570 2269 794 2325 pugnas
818 2259 876 2311 et
899 2255 1387 2328 certamina,tulit
1409 2255 1798 2328 principatum
1820 2257 1892 2313 de
1924 2272 2094 2314 manu

1557 688 1839 759 Pippinus
1899 686 2096 744 senior

449 2343 591 2413 ejus.
629 2344 892 2414 (P..D.v1,
915 2347 1027 2417 42.)
1055 2347 1188 2400 Nam
1215 2347 1672 2402 cumtencrctur
1695 2345 1748 2400 in
1799 2345 2090 2418 custodia,

446 2431 642 2488 divina
667 2432 1070 2490 misericordia
1100 2438 1469 2505 protegente,
1488 2434 1637 2504 fugit
1669 2433 1821 2505 inde,
1875 2439 1931 2488 rt
1981 2435 2092 2506 pri-

451 2535 604 2576 mum
625 2525 829 2577 contra
851 2522 1094 2578 eundem
1117 2523 1514 2591 Reginfridum
1541 2537 1644 2594 per
1667 2527 1788 2579 tres
1807 2523 1961 2580 vices
1992 2540 2098 2596 pu-

451 2610 672 2680 gnavit,
709 2615 910 2681 postea
933 2627 1061 2667 cum
1115 2627 1320 2682 magno
1343 2613 1662 2668 certamine
1720 2611 1881 2669 illum
1930 2614 2090 2684 vicit,

448 2699 924 2767 Andcgavenscm
957 2704 1144 2755 tamen
1174 2700 1473 2756 civitatem
1507 2700 1590 2756 illi
1613 2701 1682 2756 ad
1712 2702 2094 2760 habitandum

441 2785 869 2859 permisit,ipsc
893 2803 1036 2844 vero
1081 2803 1260 2860 super
1286 2793 1556 2845 cunctam
1579 2792 1927 2846 Francorum
1957 2805 2096 2861 gen-

441 2873 556 2930 tem
593 2875 986 2948 principatum
1040 2877 1252 2947 tenuit,
1291 2877 1589 2948 multaque
1647 2878 1846 2950 praelia
1886 2885 2092 2936 contra

439 2965 793 3022 Sarracenos
825 2967 962 3022 etin
1010 2965 1315 3022 Wasconia
1347 2971 1405 3022 et
1435 2967 1489 3022 in
1509 2967 1753 3024 Saxonia
1786 2972 1844 3024 et
1869 2969 1927 3024 in
1961 2969 2094 3026 Fre-

449 3053 533 3110 sia
571 3055 726 3111 fecit.
752 3056 1124 3112 —Ekhertus
1155 3056 1244 3112 vir
1275 3061 1517 3113 sanctus
1537 3057 1608 3112 de
1651 3059 1825 3127 gente
1880 3057 2092 3127 Anglo-

443 3157 566 3200 rum
596 3144 832 3200 Scottos
881 3145 1095 3216 pascha
1122 3144 1378 3214 legitime
1418 3145 1720 3202 celebrare
1768 3145 1986 3202 docuit.
2018 3175 2090 3187 —

452 3231 617 3299 (σήν.
659 3232 764 3302 W.)
790 3223 1102 3302 Gregorius
1135 3248 1281 3305 papa
1309 3237 1436 3290 89us
1465 3234 1616 3290 sedit
1652 3233 1818 3290 annis
1866 3239 1951 3306 10,
1986 3234 2088 3290 mi-

441 3320 748 3389 gravitque
773 3321 904 3377 ldus
934 3323 1100 3377 Febr.
1126 3322 1228 3379 Hic
1244 3327 1510 3378 sanctum
1545 3323 1896 3379 Bonifacium
1931 3324 2086 3380 ordi-

441 3407 600 3462 navit
621 3410 980 3480 episcopum.
1010 3413 1031 3434 '

577 3515 599 3536 *
642 3514 703 3568 D.
738 3515 797 3568 Ε.
822 3514 1058 3570 addunt
1084 3535 1104 3572 .-
1136 3515 1240 3589 Hic
1269 3515 1667 3589 constituit—
1695 3522 1887 3589 antea,
1905 3519 2084 3578 etPe-

685 3593 894 3710 tremit:
916 3600 1148 3656 quoque
1179 3586 1413 3644 civis—
1469 3588 1676 3644 fuerat.
1737 3599 1813 3644 ea:
1867 3586 2075 3662 Sigeb.

685 3670 747 3710 ιι.
788 3662 820 3710 7
899 3699 910 3710 .

684 3670 747 3712 ιι.
788 3662 910 3712 714.

786 3745 1072 3802 Theodos.

504 3855 644 3906 2.1.
681 3853 840 3906 Anno
897 3851 1200 3909 dominicas
1257 3853 1674 3913 incarnationis
1719 3859 1842 3928 717,
1896 3858 2072 3916 Urbis

430 3952 570 3995 vero
601 3939 852 3997 conditae
878 3940 1182 4021 millesimo
1212 3945 1332 3998 468.
1359 3943 1714 4002 Theodosius
1738 3959 1766 4001 a
1793 3945 2080 4005 militibus

431 4027 688 4098 electus,
722 4033 817 4087 68°
851 4030 978 4086 loco
1010 4031 1080 4086 ab
1116 4033 1397 4102 Augusto,
1425 4032 1731 4104 imperium
1761 4036 2076 4094 Romanum

428 4117 676 4189 accepit,
709 4123 767 4174 et
798 4133 948 4175 anno
981 4135 1093 4176 uno
1113 4119 1399 4189 regnavit.
1439 4122 1540 4193 (H.
1566 4124 1670 4193 θη.)
1693 4123 1804 4179 Leo
1837 4125 2072 4197 quippe,

427 4207 525 4274 qui
557 4210 686 4260 erat
718 4210 918 4276 prctor
938 4207 1328 4278 orientalium,
1356 4209 1631 4280 quoniam
1683 4210 2077 4270 auxiliabatur

427 4294 855 4362 Anastasi,non
887 4301 974 4352 est
1032 4296 1336 4366 subjectus
1386 4297 1724 4355 Theodosio.
1771 4300 1935 4357 Unde
1967 4317 2060 4358 ve-

429 4381 600 4438 niens
647 4383 1056 4453 Nicomediam,
1090 4385 1472 4456 apprehendit
1511 4387 1689 4444 filium
1765 4389 2070 4447 Theodosii

428 4483 556 4525 cum
591 4471 745 4526 omni
766 4476 1051 4543 apparatu
1087 4473 1246 4542 regio
1277 4477 1336 4529 et
1361 4475 1563 4545 primis
1591 4476 1734 4534 viris
1759 4477 1982 4549 palatii,
2013 4483 2072 4536 et

427 4557 583 4612 venit
612 4558 1030 4630 ChrySOpolim.
1057 4561 1222 4628 Quod
1253 4561 1496 4620 audiens
1525 4564 1904 4637 Theodosius,
1939 4581 2075 4624 con-

429 4643 566 4701 silio
602 4660 629 4701 a
653 4647 934 4703 Germano
969 4649 1296 4721 patriarcha
1327 4655 1386 4708 et
1409 4659 1613 4710 senatu
1645 4659 1942 4727 percepto,
1971 4669 2074 4727 per

427 4733 671 4790 eundem
689 4737 1077 4806 patriarcham
1107 4739 1329 4811 accepit
1358 4755 1388 4796 a
1422 4741 1610 4797 Leone
1633 4742 2074 4816 indempnitatis

427 4822 667 4878 verbum
690 4827 745 4880 et
762 4824 1042 4883 mcclesiaa
1065 4827 1189 4883 sine
1215 4828 1658 4898 perturbatione
1681 4831 2072 4900 servandamt

429 4908 513 4965 sic
542 4910 594 4965 ei
619 4912 993 4969 committunt
1031 4913 1356 4986 imperium,
1388 4915 1512 4987 ipse
1533 4931 1675 4974 vero
1710 4917 2070 4976 Theodosius

427 5011 538 5054 una
572 5014 702 5055 cum
734 4999 853 5057 ﬁlio
869 5001 1773 5074 suoclericusfactus,residuum
1801 5007 2070 5064 vitmsuw

424 5088 660 5158 tempus
683 5089 1052 5160 transcgitin
1083 5105 1329 5162 pace.—
1375 5091 1542 5161 (Chr.
1605 5093 1714 5166 W.)
1755 5096 1871 5150 Hoc
1921 5110 2069 5154 anno

424 5174 662 5243 Tyberis
683 5175 907 5234 alveum
933 5195 1098 5236 suum
1147 5192 1442 5251 egressus,
1471 5181 1649 5238 multa
1707 5185 1900 5242 Romae
1932 5187 2070 5242 sub-

423 5263 604 5318 vertit
637 5264 902 5337 aedificia,
935 5270 1013 5322 ita
1044 5271 1107 5325 ut
1140 5269 1196 5325 in
1231 5269 1332 5325 Via
1363 5270 1498 5326 Lata
1528 5271 1597 5327 ad
1629 5285 1797 5328 unam
1822 5275 2068 5332 etsemis

426 5353 716 5408 staturam
749 5359 1138 5414 excresceret.
1165 5358 1388 5429 (ΒευΑ.)
1412 5359 1618 5416 Mansit
1643 5363 1835 5417 autem
1861 5362 2066 5421 diebus

2207 517 2279 559 vo
2308 501 2536 560 demum
2571 503 2662 560 die
2694 505 3046 575 regreditur.

2528 603 2750 660 Leonis.

2277 714 2414 766 3.1.
2473 713 2635 767 Anno
2685 712 2988 770 dominicae
3048 713 3468 772 incarnationis
3515 721 3636 786 718,
3679 719 3856 776 Urbis

2208 804 2400 856 autem
2425 799 2675 856 conditae
2708 801 3015 859 millesimo
3036 805 3158 858 469.
3194 805 3325 875 Leo,
3361 811 3566 876 pretor
3596 807 3855 866 orienta-

2209 886 2369 958 lium,
2393 902 2607 959 genere
2631 890 2828 961 Syrus,
2863 894 2957 948 69°
2979 892 3109 947 loco
3131 892 3204 948 ab
3263 895 3523 964 Augusto
3571 896 3854 954 Romano-

2208 991 2333 1032 rum
2367 977 2710 1049 provehitur
2741 980 2800 1034 in
2841 979 3558 1055 imperium,regnavitque
3580 985 3845 1045 annisﬁ.

2207 1064 2308 1134 (Η.
2341 1067 2446 1138 m.)
2473 1067 2574 1122 llic
2607 1081 2637 1122 a
2667 1068 3018 1139 Iustiniano,
3045 1085 3173 1125 cum
3202 1071 3364 1142 prius
3415 1079 3709 1145 regnaret,
3731 1075 3850 1130 exi-

2207 1152 2385 1210 liatus
2413 1158 2505 1210 est
2541 1155 2594 1210 in
2627 1157 3062 1212 Messembriam
3084 1157 3318 1216 Thraca:
3347 1161 3619 1231 regionis,
3655 1169 3850 1234 poste.

2204 1241 2360 1298 riore
2383 1257 2522 1299 vero
2555 1247 2836 1316 tempore,
2870 1261 2999 1302 cum
3025 1247 3282 1304 secundo
3307 1252 3849 1320 regnaret,veniens

2203 1330 2256 1386 ei
2280 1331 2509 1388 obviam
2532 1347 2644 1390 una
2666 1349 2797 1390 cum
2855 1334 3224 1406 Bulgaribus,
3245 1337 3458 1394 obtulit
3483 1338 3534 1394 ei
3585 1354 3847 1412 munera,

2203 1434 2342 1476 oves
2373 1420 2603 1478 scilicet
2645 1423 3012 1493 quingentas,
3045 1423 3430 1496 placatusque
3479 1428 3849 1486 Justinianus

2207 1509 2342 1565 fecit
2365 1508 2526 1566 illum
2550 1511 2890 1582 spatarium,
2924 1516 2982 1568 ct
3011 1512 3214 1570 habuit
3255 1514 3408 1571 hunc
3440 1515 3594 1572 sicut
3623 1531 3850 1586 germa-

2204 1612 2337 1655 num
2381 1598 2650 1656 amicum.
2685 1601 2847 1656 Unde
2879 1601 3110 1671 quidam
3141 1601 3354 1659 invidia
3387 1602 3546 1661 ducti
3583 1605 3850 1664 detraxe-

2205 1692 2339 1743 runt
2363 1687 2414 1743 ei
2445 1691 2722 1760 tanquam
2765 1689 3068 1760 imperium
3114 1693 3432 1764 appetenti,
3494 1693 3595 1750 sed
3649 1695 3848 1754 habita

1997 1825 2094 1882 με,
2121 1811 2174 1874 Β
2207 1777 2530 1848 questione,
2588 1778 2808 1833 inventi
2839 1783 2976 1835 sunt
3037 1779 3189 1836 falsi.
3233 1781 3600 1839 Justinianus
3656 1789 3849 1842 tamen

2206 1869 2407 1937 postea
2443 1865 2603 1922 illum
2620 1871 2956 1939 suspectum
2988 1868 3228 1940 habens,
3247 1869 3351 1926 sed
3374 1871 3682 1929 manifeste
3699 1874 3850 1932 hunc

2205 1953 2402 2010 ledere
2433 1954 2652 2026 nolens,
2681 1955 2834 2012 misit
2873 1971 3008 2014 eum
3041 1973 3169 2015 cum
3198 1960 3460 2030 pecuniis
3480 1961 3536 2016 in
3562 1961 3845 2035 Alaniam,

2205 2043 2278 2099 ad
2305 2045 2756 2101 commovendos
2788 2043 3000 2102 Alanos
3029 2049 3236 2104 contra
3256 2048 3700 2118 Abasgiam.Uhi
3720 2065 3849 2108 cum

2206 2131 2384 2188 multa
2417 2132 2468 2188 ei
2488 2132 2740 2189 feliciter
2754 2135 3149 2207 provenirent,
3183 2137 3513 2194 Iustiniano
3535 2137 3852 2213 interemp-

2205 2224 2351 2291 to,et
2369 2221 2712 2294 Phylippico
2726 2223 2854 2280 visu
2870 2223 3172 2281 oculorum
3186 2227 3544 2297 orhato,cum
3571 2227 3849 2300 imperas.

2207 2315 2295 2366 set
2319 2311 2682 2382 Anastasius,
2718 2313 2986 2384 provexit
3017 2327 3147 2370 eum
3182 2314 3234 2369 in
3270 2319 3564 2386 prctorem
3596 2317 3848 2374 orienta-

2206 2398 2366 2455 lium.
2401 2399 2653 2471 Depulso
2682 2405 2874 2458 autem
2900 2403 3211 2460 Anastasio
3244 2419 3274 2459 a
3305 2405 3651 2476 Theodosio,
3697 2407 3848 2478 ipso-

2207 2501 2318 2558 que
2348 2493 2648 2561 regnante,
2681 2489 2792 2546 Leo
2815 2496 2874 2546 et
2901 2490 3052 2548 hunc
3091 2492 3337 2564 expulit,
3373 2493 3615 2564 ipseque
3647 2510 3850 2566 regna-

2203 2576 2311 2646 vit,
2347 2579 2449 2634 sed
2474 2577 2531 2633 in
2555 2579 2907 2637 christianos
2935 2585 2993 2636 et
3023 2581 3322 2638 aacclcsms
3370 2583 3468 2639 Dei
3495 2597 3558 2639 ac
3617 2585 3848 2655 religio-

2206 2679 2333 2721 nem
2367 2673 2624 2723 sanctam
2656 2667 2870 2740 impius
2919 2663 3045 2726 fuit.
3109 2671 3377 2740 (P.D.v1,
3423 2674 3535 2742 49.)
3593 2674 3850 2731 Primum

2205 2753 2419 2826 quippe
2439 2756 2704 2827 precepit
2732 2757 2752 2780 *
2787 2757 2842 2812 in
2868 2759 3474 2830 Constantinopoli,ut
3495 2761 3851 2833 quicumque

2203 2841 2486 2900 haberent
2519 2845 2799 2916 imagines
2839 2845 3055 2903 domini
3107 2847 3426 2906 Salvatoris
3475 2865 3575 2906 seu
3628 2855 3850 2908 sancta:

2199 2930 2508 3002 genitricis
2539 2933 2667 3003 ejus
2699 2935 2791 2990 vel
2824 2935 3069 2992 aliorum
3097 2941 3452 3006 sanctorum,
3485 2938 3596 2993 sibi
3639 2953 3746 2995 eas
3773 2940 3852 2995 af-

2202 3022 2444 3094 ferrent,
2480 3037 2623 3093 quas
2656 3022 2752 3079 ille
2784 3023 2839 3078 in
2866 3025 3055 3081 medio
3075 3025 3334 3082 civitatis
3358 3026 3672 3084 incendere
3687 3028 3852 3096 fecit;

2198 3113 2254 3166 et
2289 3111 2420 3182 quia
2455 3111 2621 3168 multi
2647 3112 2717 3168 de
2748 3113 2964 3184 populo
2994 3115 3128 3172 huic
3160 3114 3572 3186 impietatinon
3595 3131 3850 3174 consen-

2119 3181 2166 3245 Ο
2199 3181 2722 3269 serunt,decollati
2749 3181 2926 3270 sunt;
2971 3181 3288 3260 Germanus
3329 3219 3556 3276 quoque
3599 3205 3852 3276 patriar-

2197 3290 2302 3346 cha
2327 3289 2398 3346 de
2411 3289 2549 3346 sede
2563 3305 2668 3346 sua
2691 3295 2784 3347 est
2806 3291 3156 3363 dejectus,et
3175 3293 3521 3350 Anastasius
3547 3281 3849 3364 pre’sbiter

2196 3376 2394 3434 inloco
2407 3377 2533 3447 ejus
2555 3379 3107 3437 constitutus.Misit
3130 3385 3189 3437 et
3205 3381 3274 3436 ad
3300 3396 3505 3452 papam
3522 3383 3844 3440 Romanum

2195 3465 2556 3537 Gregorium,
2580 3470 2643 3523 ut
2667 3466 2940 3526 similiter
2958 3469 3216 3535 faceret;
3242 3469 3340 3524 ille
3355 3484 3492 3526 vero
3513 3469 3725 3540 noluit,
3741 3471 3844 3528 sed

2193 3555 2382 3611 omnia
2417 3555 2636 3611 tributa
2661 3556 2931 3614 Romana
2958 3557 3124 3614 urbis
3146 3561 3204 3614 et
3230 3557 3410 3614 [taliae
3432 3558 3540 3614 sibi
3567 3558 3694 3615 dari
3712 3575 3847 3630 pro-

2191 3643 2402 3700 hibuit.
2438 3643 2538 3714 (Η.
2567 3643 2673 3715 m.)
2726 3644 2826 3700 Cui
2868 3659 3018 3701 anno
3051 3645 3278 3718 imperii
3311 3646 3398 3703 sui
3435 3647 3619 3702 tercio
3665 3651 3842 3704 natus

2189 3737 2284 3788 est
2323 3731 2478 3788 ﬁlius
2505 3732 2577 3789 de
2604 3733 2779 3789 Maria
2814 3749 2994 3790 uxore
3017 3749 3142 3805 sua,
3185 3749 3354 3806 quem
3398 3736 3840 3793 Constantinum

2190 3819 2442 3890 vocavit,
2481 3819 2577 3891 qui
2608 3819 2790 3890 magis
2813 3819 2914 3877 illo
2936 3821 3219 3893 impius-et
3236 3822 3568 3878 antichristi
3603 3837 3842 3895 precur-

2189 3924 2288 3966 sor
2317 3908 2535 3978 extitit,
2561 3907 2655 3965 cui
2683 3911 2882 3980 postea
2901 3907 3075 3964 ﬁliam
3100 3909 3358 3978 Chaiani,
3391 3909 3736 3980 Scytharum
3750 3925 3840 3967 re-

2188 3988 2300 4058 gis,
2334 3987 2862 4059 sociavit,eamque
2895 3987 3274 4046 christianam
3299 3990 3534 4058 faciens,
3566 3991 3832 4060 llyrenen

2189 4067 2526 4124 nominavit.
2563 4067 2702 4134 Quae
2723 4082 2853 4124 cum
2883 4082 3082 4125 sacras
3114 4069 3343 4126 litteras
3357 4069 3682 4140 didicisset,
3717 4071 3837 4142 pie-

2186 4156 2295 4212 tati
2337 4170 2573 4228 cperam
2603 4156 2788 4228 dedit,
2849 4157 3040 4213 ethos
3082 4171 3221 4230 sepe
3277 4158 3598 4230 impietatis
3639 4158 3836 4215 redar-

2185 4242 2331 4314 guit.

2327 4353 2350 4374 '
2391 4351 2436 4406 Α
2459 4349 2705 4422 quodam
2731 4350 2944 4422 quippe
2971 4351 3148 4408 Beser
3171 4352 3367 4422 refuga
3392 4351 3524 4409 fidei
3539 4352 3834 4410 seductus

2398 4420 2682 4493 precepit.
2709 4423 2768 4476 Ι).
2797 4420 2974 4494 Εἶοχ.
3006 4423 3214 4494 Sigei).
3248 4420 3462 4480 (£725.

2101 4534 2155 4596 D
2256 4532 2306 4586 5.
2341 4531 2391 4584 3.
2428 4530 2490 4584 A.
2531 4529 2594 4583 D.
2628 4531 2750 4584 720.
2785 4528 2806 4550 *
2833 4529 2884 4582 ’⁵1

2327 4636 2350 4659 ¹
2383 4636 2435 4706 1)
2469 4638 2553 4691 10.
2588 4637 2672 4690 11.
2705 4633 2980 4691 addunt:
3033 4635 3281 4693 Sanctus
3312 4636 3588 4694 Otmarus
3647 4636 3833 4693 abbas

2430 4721 2704 4779 efﬁcitur.
2737 4736 2814 4779 ea:
2829 4723 3146 4780 Bomoldo.

2320 4831 2342 4852 "
2380 4829 2444 4884 D.
2478 4830 2540 4886 E.
2571 4828 2809 4887 addunt
2841 4848 2862 4884 :
2901 4805 3409 4887 Constantinus—
3460 4831 3827 4889 scandalum.

2390 4913 2483 4957 σω.
2513 4899 2728 4972 Siyeb.

2247 5008 2300 5062 6.
2353 5009 2403 5063 ι.
2439 5006 2524 5076 (Ρ.
2589 5007 2656 5062 D.
2715 5021 2792 5077 v1,
2827 5007 3006 5078 47)Α.
3043 5007 3104 5063 Ι).
3167 5011 3290 5063 791.
3344 5007 3650 5065 Sarraceni
3682 5009 3832 5066 Con-

2178 5095 2620 5168 stantinopolim
2649 5094 2940 5164 obsident,
2965 5099 3024 5150 et
3069 5109 3170 5166 per
3203 5096 3519 5154 triennium
3581 5097 3658 5152 ibi
3705 5111 3831 5154 mo-

2177 5194 2398 5256 rantes,
2417 5183 2749 5255 multasque
2771 5183 3104 5257 provincias
3127 5184 3524 5257 devastantes,
3564 5185 3826 5252 tandem.

2175 5273 2391 5347 populo
2413 5274 2483 5330 ad
2510 5275 2686 5330 Deum
2745 5272 3056 5342 clamante,
3091 5273 3240 5329 fame
3265 5278 3548 5346 pesteque
3591 5272 3829 5346 depulsi

2176 5367 2332 5433 sunt,
2367 5361 2651 5435 multique
2681 5360 2896 5432 frigore
2927 5363 2985 5416 et
3010 5360 3164 5418 ferro
3189 5362 3612 5434 naufragioque
3637 5362 3834 5434 perie-

1783 5504 2016 5561 VAPJJE
2057 5505 2457 5564 LECTIONES.

493 5563 583 5600 1°“
649 5567 718 5624 in
736 5571 812 5623 9°.
846 5566 1013 5626 haud
1067 5570 1362 5642 legatum.
