3992 6062
152 252 275 318 833

1027 242 1466 325 CHRONICA.
1513 298 1580 307 -
1614 258 2093 325 CHRONICON
2136 260 2686 328 UNIVERSALE.

3451 266 3567 330 834

152 393 322 449 runt.
379 386 773 447 Theodericus
822 392 1088 461 regnavit
1135 392 1191 448 in
1242 394 1482 450 Francia
1532 396 1698 450 annis
1746 400 1806 452 16
1838 399 1891 456 A
1994 399 2083 454 24.
2116 401 2201 454 22.
2258 399 2341 470 (P.
2377 400 2437 454 D.
2474 413 2547 467 vr,
2583 400 2693 469 54.)
2841 400 2901 455 D.
2944 401 3067 454 739.
3104 382 3407 457 Sarraceni
3441 401 3568 458 Gal-

152 478 254 549 (cf.
289 478 357 539 6.
391 478 541 552 Fr.).

224 569 277 623 8.
306 571 355 624 6.
394 567 475 637 (Ρ.
505 571 566 623 D.
593 585 666 636 vr,
692 570 804 641 48.)
835 569 912 638 (S.
945 572 1141 642 Bson.)
1178 574 1237 626 Α.
1270 574 1329 627 D.
1355 576 1477 627 723.
1509 573 1808 644 Luitpran-

151 654 268 711 dus
298 654 409 726 ¹⁰⁹⁷,
447 671 547 713 rex
581 657 1114 727 Longobardorum,
1149 660 1389 716 audiens
1423 661 1575 731 quod
1612 662 1809 718 Sarra-

151 742 306 813 ceni,
334 742 687 815 depopulata
711 745 998 816 Sardinia,
1019 747 1196 802 etiam
1218 748 1313 803 illa
1338 747 1461 804 loca
1485 749 1803 821 fedassent,

149 832 253 887 ubi
286 831 601 902 aliquando
641 842 881 905 propter
918 834 1382 892 devastationem
1427 838 1806 895 barbarorum

149 933 288 976 ossa
315 921 469 976 beati
493 922 799 992 Augustini
834 922 1118 981 translata
1154 924 1406 995 fuerant,
1442 925 1600 983 misit
1622 930 1679 983 et
1707 942 1808 999 per

152 1007 414 1079 precium
447 1009 689 1067 adduxit
713 1025 779 1067 ea
802 1012 1079 1083 Ticinum,
1117 1013 1334 1084 ibique,
1372 1020 1433 1070 ut
1457 1015 1677 1085 decuit,
1710 1016 1808 1071 ho-

152 1097 397 1154 noriﬁce
420 1099 769 1156 recondidit.
796 1132 863 1141 -—-
887 1100 987 1169 (Η.
1008 1102 1112 1172 m.)
1140 1102 1249 1158 Leo
1274 1103 1591 1174 imperator
1612 1104 1804 1175 coegit

148 1184 367 1241 Judeos
392 1191 448 1242 et
482 1187 781 1244 Montanos
808 1189 1129 1260 baptizari;
1164 1191 1265 1246 sed
1298 1191 1464 1247 Judei
1490 1192 1803 1249 abluebant

152 1274 486 1331 unctionem
532 1276 829 1334 crismatis
866 1283 926 1333 et
968 1283 1103 1350 post
1143 1279 1335 1336 cibum
1376 1281 1804 1352 participabant

152 1365 540 1421 sacramentis
562 1373 621 1421 et
641 1367 1120 1423 contaminabant
1156 1369 1346 1439 ﬁdem,
1382 1370 1633 1426 Montani
1668 1385 1804 1427 vero

151 1451 502 1509 deﬁnientes
526 1454 637 1510 sibi
664 1454 835 1525 diem,
865 1455 1216 1513 introierunt
1252 1457 1455 1514 domos
1485 1459 1671 1515 errori
1699 1474 1805 1515 suo

150 1539 490 1611 deputatas,
517 1548 573 1597 et
600 1543 985 1600 incenderunt
1019 1549 1199 1602 semet
1234 1547 1410 1618 ipsos.

222 1634 274 1686 9.
308 1632 360 1684 7.
400 1633 462 1685 Α.
496 1631 559 1686 D.
593 1633 748 1687 724.‘

295 1720 318 1742 '
341 1720 403 1774 D.
438 1719 498 1774 E.
529 1719 769 1792 addunt
791 1739 810 1776 .-
840 1721 1061 1779 Judeus
1104 1722 1336 1792 quidam
1368 1755 1433 1763 —
1466 1739 1599 1779 mox
1632 1724 1799 1780 obiit.

365 1803 440 1846 ea:
461 1790 662 1860 Sigeb.

228 1882 311 1934 10.
344 1881 395 1934 8.
444 1879 611 1949 (σΙιν.
661 1880 768 1952 W.)
812 1883 876 1937 A.
913 1883 975 1936 D.
1018 1886 1141 1939 725.
1197 1884 1444 1939 Sanctus
1494 1884 1804 1941 Pirminius

148 1965 465 2039 episcOpus
499 1968 739 2039 Augiam
783 1969 1046 2040 intravit,
1091 1985 1333 2042 eamque
1364 1987 1392 2028 a
1427 1973 1803 2044 serpentibus

147 2056 509 2113 emundavit.

140 2180 153 2186 ~
224 2148 311 2202 11.
355 2148 407 2199 9.
451 2149 513 2202 A.
554 2148 616 2201 D.
661 2151 783 2204 726.
836 2148 1143 2219 [lucusque
1180 2148 1272 2183 ί⁰⁹⁸
1312 2150 1463 2206 Beda
1508 2151 1802 2208 cronicam

140 2247 318 2289 suam
346 2234 402 2290 in
434 2236 636 2306 majori
669 2234 870 2293 libello
902 2237 1193 2309 perduxit.

223 2325 311 2378 12.
352 2327 433 2379 10.
469 2326 534 2378 A.
566 2325 628 2379 D.
662 2328 786 2380 727.
842 2326 1160 2397 Gregorius
1190 2341 1337 2399 papa
1367 2331 1495 2384 90“
1525 2328 1677 2385 sedit
1708 2342 1805 2383 an-

148 2424 260 2466 nos
289 2413 342 2480 8,
379 2411 754 2483 decessitque
784 2417 818 2469 4
848 2414 969 2469 Kal.
1006 2416 1364 2473 Decembris.
1399 2417 1501 2473 Hic
1533 2431 1806 2488 augmen-

148 2499 300 2554 tavit
331 2498 385 2554 in
418 2514 637 2556 canone
675 2521 687 2555 :
719 2503 840 2560 Nec
866 2517 983 2560 mm
1011 2504 1253 2562 illam“:
1286 2507 1547 2563 omnium
1575 2506 1804 2564 sancto-

141 2602 286 2645 rum
312 2602 565 2658 quorum
589 2589 719 2647 soli.
754 2590 844 2624 1°”

223 2654 427 2731 15:13.
465 2677 631 2745 (σὴν.
672 2678 778 2750 W.)
812 2681 874 2734 A.
910 2681 974 2735 D.
1010 2684 1132 2736 730.
1168 2654 1483 2740 Pirminius
1513 2697 1583 2740 ex
1619 2682 1803 2754 Augia

147 2764 310 2820 venit
346 2764 401 2820 in
435 2765 742 2822 Alsaciam.

226 2856 307 2909 16.
350 2858 435 2911 14.
483 2855 583 2925 (Η.
617 2856 721 2926 m.)
761 2858 825 2911 A.
863 2858 922 2911 D.
959 2863 1082 2914 731.
1138 2862 1458 2917 Germanus
1508 2860 1804 2919 sanctissi-

148 2954 277 2997 mus
324 2944 657 3015 patriarcha
703 2945 909 3002 videns
953 2948 1310 3019 impietatem
1359 2950 1584 3022 Leonis,
1638 2952 1804 3008 abre-

147 3031 450 3089 nunciavit
473 3047 697 3091 summo
722 3036 1073 3107 sacerdotio,
1112 3038 1349 3096 tradens
1373 3040 1634 3112 pallium,
1662 3045 1719 3097 et
1746 3041 1800 3097 in

144 3117 316 3175 domo
349 3136 449 3178 sua
482 3122 664 3193 quieti
706 3139 941 3196 operam
975 3125 1157 3198 dedit,
1206 3129 1439 3187 {inlotus
1470 3129 1802 3186 sacerdotio
1835 3124 1883 3187 C

146 3220 279 3264 ann.
317 3211 404 3280 14,
438 3224 616 3269 mens.
652 3217 701 3268 5.
740 3214 798 3269 ln
830 3213 997 3284 cujus
1031 3214 1218 3272 locum
1251 3219 1641 3289 Anastasium,
1673 3219 1801 3289 ejus

147 3296 441 3367 quondam
492 3299 864 3373 discipulum,
918 3302 1020 3359 sed
1058 3309 1193 3361 tunc
1223 3305 1509 3378 impietati
1559 3324 1803 3367 consen-

151 3385 414 3457 tientem,
466 3388 575 3445 Leo
626 3391 953 3449 constituit.
1006 3394 1152 3450 Sane
1200 3395 1527 3466 Gregorius
1559 3403 1801 3456 sanctus

149 3475 347 3546 presul
382 3476 674 3535 Romanus
713 3480 865 3537 hunc
894 3482 1428 3555 anathematizavnt,
1463 3490 1518 3541 et
1557 3486 1800 3544 Leonem

147 3568 423 3637 tanquam
457 3566 630 3639 impie
663 3573 929 3638 agentem
961 3586 1066 3642 per
1096 3571 1379 3644 epistolas
1418 3574 1795 3645 redarguens,

143 3653 383 3711 Romam
426 3669 556 3711 cum
596 3658 720 3712 tota
764 3656 926 3712 Italia
964 3660 1035 3713 ab
1066 3658 1193 3727 ejus
1236 3660 1480 3731 imperio
1524 3662 1799 3720 recedere

146 3742 304 3801 fecit.
348 3743 502 3800 Beda
541 3744 895 3802 venerabilis
930 3747 1243 3817 Anglorum
1286 3750 1581 3820 presbiter
1618 3751 1789 3807 obiit.

215 3834 302 3888 17.
347 3836 432 3887 15.
499 3832 664 3901 (σήν.
721 3833 800 3889 W.
842 3866 913 3873 —
955 3836 1014 3890 Ρ.
1060 3837 1118 3889 n.
1166 3851 1240 3907 Vl,
1287 3839 1399 3908 53.)
1444 3840 1507 3893 A.
1552 3839 1613 3893 D.
1660 3844 1789 3897 732.

142 3918 390 3977 Karolus
420 3919 601 3977 ﬁlium
634 3937 801 3978 suum
832 3923 1140 3995 Pippinum
1166 3924 1238 3981 ad
1262 3924 1680 3996 Luitprandum
1711 3944 1801 3984 rc-

141 4021 271 4079 gem
312 4010 825 4080 Longobardorum
867 4026 971 4083 pro
1011 4012 1302 4069 tondenda
1342 4015 1565 4071 cesarie
1607 4016 1797 4085 misit;

142 4095 300 4167 quod
343 4095 441 4153 ille
483 4098 638 4169 fecit,
682 4114 814 4156 cum
856 4099 1174 4172 multisque
1226 4101 1564 4159 muneribus
1598 4102 1689 4137 “°°
1728 4106 1798 4162 ad

144 4190 377 4256 patrem
408 4187 652 4244 remisit.

215 4276 304 4330 18.
344 4277 425 4331 16.
462 4274 629 4346 (0hr.
684 4277 791 4351 W.)
824 4280 887 4335 A.
920 4280 983 4334 D.
1017 4282 1141 4336 733.
1188 4280 1433 4337 Karolus
1476 4280 1661 4352 major
1700 4281 1797 4339 do-

143 4378 274 4422 mus
303 4365 554 4422 Fresiam
580 4372 799 4424 vastat.
905 4418 913 4423 .

181 4456 304 4551 .19.
357 4456 439 4509 17.
494 4457 557 4510 Α.
608 4456 670 4511 D.
731 4459 863 4512 734.
917 4456 1164 4515 Karolus
1225 4458 1584 4515 Wasconiam
1640 4458 1878 4539 inva-D

143 4546 243 4596 sit.
279 4546 304 4565 '
337 4547 359 4597 1

285 4633 310 4652 '
346 4634 393 4703 1)
427 4634 514 4706 10.
551 4637 635 4687 11.
668 4631 903 4706 addunt
929 4653 948 4688 .-
978 4634 1084 4689 Eto
1117 4634 1402 4705 Augensis
1444 4634 1647 4706 abbas,
1693 4639 1798 4693 Ar-

357 4702 947 4775 gentineeepiscopus
974 4706 1179 4773 factus.
1212 4702 1525 4763 renobium
1550 4702 1797 4765 nominis

358 4772 445 4828 sui
477 4772 762 4829 Etinheim
795 4772 1143 4831 construxit.
1170 4772 1245 4832 eu.-
1263 4778 1575 4835 Bernoldo.

210 4874 303 4927 20.
341 4872 424 4926 18.
461 4871 628 4940 (0hr.
676 4872 784 4945 W.)
820 4875 883 4928 A.
920 4875 980 4927 Ι).
1017 4876 1138 4928 735.
1172 4876 1476 4932 Zacnarias
1501 4891 1647 4949 papa
1671 4882 1797 4932 91us

141 4958 296 5017 sedit
322 4973 505 5016 annos
531 4963 611 5015 18.
639 4959 740 5016 Hic
765 4965 1018 5033 quatuor
1041 4961 1225 5019 libros
1247 4961 1611 5034 dialogorum
1639 4966 1794 5022 beati

142 5047 406 5120 Gregorii
441 5047 743 5105 transtulit
779 5048 835 5106 in
870 5051 1131 5107 Grecum.
1602 5054 1611 5061 '

210 5140 301 5194 22.
335 5140 424 5193 20.
470 5139 533 5194 A.
568 5139 630 5193 D.
676 5142 798 5197 737.
848 5139 1240 5199 Theodericus
1287 5151 1393 5196 rex
1443 5141 1795 5199 Francorum

139 5226 288 5283 obiit
329 5226 425 5298 (cf.
462 5224 529 5286 θ.
564 5226 713 5299 Fr.).

1923 484 2030 542 lias
2066 488 2274 542 iterum
2310 487 2675 553 invadentes,
2712 494 2995 558 ceperunt
3038 488 3335 545 civitatem
3372 490 3567 547 Arela-

1922 580 2054 630 tem.
2088 578 2243 631 Tunc
2272 576 2515 632 Karolus
2546 576 2696 631 misit
2725 576 2795 632 ad
2824 577 3258 649 Luitprandum,
3286 578 3383 649 qui
3408 579 3563 634 venit

1919 665 1989 719 ad
2019 679 2147 719 eum
2176 680 2306 721 cum
2339 666 2491 720 omni
2525 666 2790 721 exercitu
2834 666 3367 736 Longobardorum.
3402 666 3565 734 Quod

1919 753 2223 808 audientes
2253 752 2576 822 Sarraceni,
2614 754 2886 822 fugerunt
2917 753 2987 810 de
3025 759 3183 810 terra
3212 754 3330 811 illa.

1990 850 2134 905 Anni
2166 850 2236 906 ab
2265 850 2431 906 initio
2465 853 2619 906 4700.

1988 952 2074 1003 25.
2110 951 2196 1002 23.
2232 946 2394 1017 (σήν.
2455 950 2562 1018 W.)
2597 950 2656 1004 Α.
2696 949 2753 1002 D.
2791 951 2912 1005 740.
2968 949 3215 1006 Karolus
3261 951 3564 1008 Saxoniam
3608 919 3619 931 ’

1919 1035 2118 1091 intrat.

1987 1137 2073 1189 26.
2106 1138 2191 1189 24.
2229 1133 2330 1204 (Η.
2364 1134 2467 1205 m.)
2502 1137 2564 1189 A.
2601 1137 2662 1189 D.
2699 1139 2822 1191 741.
2859 1137 2969 1191 Leo
3002 1136 3322 1209 imperator
3351 1138 3564 1210 impius

1917 1222 2082 1278 obiit.

1918 1311 2063 1365 Anni
2108 1312 2493 1367 Constantini.

1986 1411 2056 1462 27
2112 1408 2210 1476 (Η.
2235 1411 2336 1479 m.)
2376 1416 2420 1464 1.
2458 1411 2621 1465 Anno
2652 1411 2956 1466 dominicae
2989 1411 3407 1469 incarnationis
3436 1416 3562 1483 742,

1920 1497 2090 1552 Urbis
2130 1496 2382 1553 condita}
2420 1497 2726 1554 millesimo
2765 1502 2883 1554 493.
2929 1500 3370 1571 Constantinus,
3407 1501 3563 1558 ﬁlius

1920 1586 2145 1655 Leonis,
2178 1590 2270 1641 70'
2304 1586 2433 1642 loco
2480 1588 2551 1642 ab
2600 1589 2880 1657 Augusto,
2932 1589 3249 1646 Romanum
3300 1591 3563 1661 suscepit

1919 1674 2248 1745 imperium,
2293 1676 2673 1747 regnavitque
2715 1676 2879 1732 annis
2910 1680 2995 1745 34,
3034 1678 3329 1734 mensibus
3359 1682 3413 1749 2,
3450 1678 3566 1734 die-

1831 1765 1888 1827 B
1921 1763 2029 1819 bus
2050 1767 2137 1819 26.
2174 1764 2274 1819 llic
2295 1768 2421 1819 erat
2446 1765 2995 1836 perniciosissimus,
3030 1767 3186 1822 ferus
3210 1772 3265 1822 et
3293 1768 3563 1839 agrestis,

1920 1858 2260 1923 persecutor
2289 1851 2477 1921 legum
2502 1868 2531 1908 a
2559 1853 2825 1923 patribus
2858 1854 3228 1925 traditarum,
3263 1856 3565 1926 tyrannice

1917 1956 2031 1996 non
2064 1940 2320 2010 legitime
2353 1957 2493 1998 usus
2525 1942 2789 2013 imperio,
2829 1942 3016 2013 primo
3049 1942 3281 2012 quidem
3306 1959 3334 1999 a
3358 1945 3475 2000 Deo
3506 1948 3563 2001 et

1916 2030 2260 2086 intemerata
2284 2030 2411 2100 ejus
2432 2031 2717 2100 genitrice
2739 2035 2796 2086 et
2821 2031 3094 2087 omnibus
3126 2032 3346 2088 sanctis
3367 2033 3565 2090 absce-

1915 2119 2079 2189 dens,
2112 2120 2368 2189 magicis,
2406 2119 2709 2175 maleﬁciis
2729 2124 2789 2175 et
2813 2119 3062 2177 luxuriis
3095 2135 3159 2177 ac
3189 2121 3453 2177 cruentis
3478 2136 3565 2178 sa-

1912 2207 2149 2264 criﬁciis
2199 2214 2258 2264 et
2310 2208 2780 2266 invocationibus
2832 2210 3157 2265 daemonum
3211 2208 3561 2279 delectatus,

1916 2295 2280 2353 molliciebus
2330 2312 2561 2368 quoque
2610 2312 2676 2353 ac
2720 2297 2992 2353 omnibus
3043 2297 3262 2353 animas
3308 2312 3565 2353 corrum-

1915 2386 2189 2457 pentibus
2213 2400 2242 2440 a
2268 2390 2467 2441 tenera
2491 2390 2666 2442 {etate
2687 2387 3023 2456 convivens,
3049 2386 3564 2456 persecutionibus

1913 2475 2094 2531 eciam
2140 2480 2473 2530 sanctarum
2515 2473 2916 2530 {ecclesiarum
2958 2488 3024 2530 ac
3060 2475 3565 2545 peremptionibus

1914 2564 2326 2619 monachorum
2348 2578 2414 2619 ac
2430 2561 2849 2619 violationibus
2869 2562 3359 2618 monasteriorum
3380 2562 3563 2617 malis-

1914 2666 2026 2722 que
2057 2651 2235 2708 variis
2269 2666 2740 2723 supercrescens,
2773 2667 2884 2708 non
2918 2650 3107 2706 minus
3139 2664 3307 2721 quam
3342 2649 3566 2706 Diocle-

1914 2741 2108 2798 tianus
2141 2740 2440 2811 ceterique
2482 2740 2703 2811 antiqui
2737 2741 2987 2812 tyranni.

1986 2830 2171 2898 (EINH.
2205 2831 2378 2896 Ann.)
2413 2829 2595 2899 Hujus
2620 2843 2767 2884 anno
2792 2829 2994 2901 primo,
3025 2827 3232 2898 quiest
3257 2827 3563 2884 dominicae

1913 2918 2334 2974 incarnationis
2376 2921 2498 2988 742,
2548 2918 2812 2987 Karolus,
2867 2917 3092 2989 Pippini
3152 2917 3330 2986 ﬁlius,
3385 2917 3567 2986 major

1914 3006 2121 3063 domus
2148 3006 2201 3062 in
2226 3021 2404 3077 regno
2434 3007 2782 3062 Francorum
2840 3006 3003 3071 obiit,
3043 3005 3380 3076 relinquens
3417 3005 3568 3061 ﬁlios

1912 3099 2058 3162 tres,
2090 3095 2415 3167 Pippinum,
2450 3094 2896 3150 Karlomannum
2925 3098 2984 3150 et
3016 3093 3386 3165 Griphonem.
3417 3094 3571 3161 Quo-

1913 3199 2039 3243 rum
2071 3184 2305 3256 Gripbo,
2351 3184 2446 3254 qui
2490 3183 2707 3239 ceteris
2748 3183 2935 3238 minor
2966 3186 3105 3239 natu
3138 3186 3287 3251 erat,
3320 3187 3565 3237 matrem

1912 3272 2140 3328 nomine
2190 3271 2599 3329 Suanahildem
2649 3272 2922 3342 habebat,
2973 3276 3208 3343 neptem
3263 3270 3565 3326 Oudilonis

1912 3361 2306 3417 Bawariorum
2332 3360 2515 3417 ducis.
2561 3361 2695 3416 Haec
2736 3358 2895 3416 illum
2936 3359 3186 3429 maligno
3217 3357 3460 3415 consilio
3490 3358 3563 3414 ad

1912 3465 2073 3522 spem
2109 3451 2269 3520 regni
2304 3450 2487 3506 totius
2519 3449 2804 3518 incitavit,
2840 3450 2895 3504 in
2931 3453 3156 3505 tantum
3180 3452 3244 3505 ut
3267 3448 3392 3504 sine
3422 3445 3565 3503 dila-

1913 3538 2068 3595 tione
2092 3538 2427 3594 Laudunum
2453 3538 2748 3593 civitatem
2774 3542 3093 3608 occuparet
3119 3550 3183 3591 ac
3208 3534 3422 3591 bellum
3454 3534 3564 3589 fra-

1912 3628 2101 3683 tribus
2136 3626 2439 3682 indiceret.
2496 3626 2601 3692 Qui
2651 3625 2926 3681 celeriter
2976 3624 3240 3681 exercitu
3288 3622 3559 3694 collecto,

1909 3716 2247 3772 Laudunum
2281 3714 2642 3779 obsidentes,
2678 3716 2913 3769 fratrem
2946 3713 3004 3769 in
3036 3711 3391 3768 deditionem
3415 3711 3562 3768 acci-

1911 3805 2096 3876 piunt,
2125 3810 2299 3875 atque
2324 3804 2455 3861 inde
2473 3804 2543 3860 ad
2563 3802 2947 3860 ordinandum
2972 3816 3213 3871 regnum
3237 3816 3304 3857 ac
3329 3800 3563 3872 provin-

1909 3894 2050 3964 cias,
2071 3908 2197 3964 quae
2219 3897 2352 3965 post
2374 3899 2617 3948 mortem
2638 3893 2825 3963 patris
2846 3907 2874 3946 a
2893 3893 3250 3947 Francorum
3271 3890 3561 3946 societate

1910 3983 2300 4052 desciverant,
2336 3981 2764 4052 recuperandas
2795 3980 3019 4035 animos
3052 3979 3384 4047 intendunt,
3410 3983 3466 4034 et
3499 3983 3562 4034 ut

1908 4072 1963 4127 in
1997 4076 2237 4127 externa
2282 4069 2530 4142 profecti
2572 4069 2723 4124 domi
2768 4068 2959 4124 omnia
3001 4071 3129 4123 tuta
3172 4066 3558 4136 dimitterent,

1906 4160 2328 4216 Karlomannus
2354 4158 2702 4229 Griphonem
2733 4156 2789 4211 in
2819 4171 2966 4211 novo
2989 4154 3080 4188 ¹¹⁰ί
3099 4153 3365 4222 castello,
3399 4153 3554 4224 quod

1902 4249 2069 4320 juxta
2110 4251 2429 4304 Arvernum
2476 4246 2653 4303 situm
2692 4250 2805 4315 est,
2850 4243 3129 4301 custodiri
3163 4243 3320 4312 fecit,
3356 4241 3409 4296 in
3443 4256 3553 4312 qua

1907 4337 2173 4395 custodia
2204 4351 2387 4409 usque
2420 4336 2491 4393 ad
2525 4334 2582 4391 id
2610 4338 2863 4407 tempus,
2897 4348 3010 4404 quo
3044 4332 3195 4388 idem
3227 4329 3561 4387 Karloman-

1906 4441 2017 4484 nus
2048 4429 2281 4484 Romam
2314 4426 2617 4499 profectus
2645 4428 2759 4495 est,
2792 4422 3008 4482 dicitur
3036 4420 3445 4496 permansisse.

1978 4517 2205 4588 Pippini
2235 4521 2290 4571 et
2318 4514 2715 4572 ‘Karlomanni.

1979 4611 2027 4661 1.
2063 4610 2116 4661 2.
2155 4608 2216 4659 A.
2254 4606 2313 4660 D.
2350 4607 2473 4660 743.
2508 4604 2787 4675 Pippinus
2812 4607 2866 4657 et
2894 4602 3314 4659 Karlomannus
3346 4597 3557 4672 princi-

1908 4701 2047 4768 patu
2090 4696 2283 4767 potiti,
2325 4695 2512 4767 primo
2552 4694 2919 4767 Aquitaniam
2961 4694 3225 4764 recipere
3264 4689 3555 4757 volentes,

1907 4790 2116 4842 contra
2140 4784 2468 4841 llunoldum
2496 4784 2653 4840 illius
2677 4784 2989 4855 provinciae
3019 4783 3221 4838 ducem
3243 4793 3374 4836 cum
3396 4791 3560 4834 exer-

1905 4875 2027 4931 citu
2046 4874 2288 4930 eandem
2309 4874 2678 4946 Aquitaniam
2703 4872 3130 4943 ingrediuntur,
3151 4877 3208 4924 et
3227 4872 3402 4939 capto
3421 4882 3562 4936 quo-

1908 4962 2036 5020 dam
2068 4962 2335 5033 castello,
2362 4962 2517 5033 quod
2551 4962 2769 5018 dicitur
2800 4962 3001 5031 Lucas,
3038 4958 3373 5030 priusquam
3396 4969 3468 5010 ex
3489 4968 3557 5012 ea

1908 5053 2206 5125 provincia
2260 5053 2626 5121 secederent,
2669 5063 2928 5119 regnum,
2974 5046 3127 5118 quod
3169 5042 3559 5102 communiter

1906 5142 2258 5213 habuerunt,
2294 5143 2446 5198 inter
2477 5156 2537 5197 se
2573 5140 2899 5197 diviserunt
2931 5138 2987 5194 in
3022 5136 3151 5193 loco
3180 5134 3276 5207 qui
3307 5137 3556 5191 vocatur

1908 5232 2089 5288 Vetus
2126 5231 2400 5301 Pictavis,
2446 5234 2506 5287 et
2548 5228 2969 5287 Karlomannus
3000 5225 3294 5284 Austriam
3331 5227 3392 5280 et
3430 5222 3560 5282 Ala-

1493 5328 1731 5385 VARLE
1794 5328 2196 5386 LECTIONES.

209 5416 301 5499 ‘f’f"
329 5422 426 5499 ita
446 5428 498 5480 1.
521 5436 711 5495 neque
739 5421 1128 5499 liutprandus.
1157 5497 1161 5499 λ
1209 5422 1300 5458 ¹⁰⁹⁸
1331 5424 1644 5499 [lucusque
1663 5457 1734 5499 έ
1758 5426 2030 5499 perduxit
2062 5427 2278 5499 desunt
2292 5428 2361 5499 D.
2382 5425 2444 5482 E.
2523 5423 2615 5458 ¹⁰⁹⁹
2646 5437 2893 5499 quorum
2916 5427 3030 5480 etc.
3056 5423 3119 5499 D.
3147 5420 3556 5499 sollempnitas

137 5493 313 5567 hodie
345 5495 402 5551 in
433 5493 748 5567 conspectu
782 5493 1263 5567 magestatistuae
1293 5495 1401 5555 cel.
1439 5497 1499 5554 E.
1537 5493 1582 5557 ἐ.
1615 5497 1669 5554 h.
1704 5493 1846 5558 in'c.
1883 5503 1926 5557 t.
1960 5514 2037 5559 m.
2068 5498 2307 5558 Domine
2356 5498 2510 5556 Deus
2559 5493 2762 5556 noster
2806 5496 2936 5553 toto
2988 5494 3131 5555 orbe
3175 5493 3471 5559 terrarum
3499 5497 3551 5556 δ.

134 5565 230 5603 ¹¹⁰⁰
258 5565 521 5626 donariis
546 5565 609 5624 D.
636 5567 698 5625 E.
785 5565 1067 5627 ιιοιίιιιιιο
1098 5566 1176 5627 1δ.
