3992 6062
463 232 578 304 835

1632 229 2115 296 EKKEHARDI
2154 225 2709 291 URAUGIENSIS

3752 230 3871 292 836

464 378 747 434 manniam
773 382 947 446 atque
972 362 1340 443 Thuringiam
1365 373 1629 439 sortitur,
1665 370 1946 441 Pippinus
1965 381 2104 423 vero
2134 369 2189 429 A
2221 365 2532 420 interfecto
2580 364 2808 420 Alarico
2855 367 3255 422 reverteretur
3292 377 3423 422 cum
3463 363 3733 431 victoria,
3777 379 3869 421 ve-

464 465 874 535 Burguudiam,
918 463 1245 519 Neustriam
1279 466 1453 531 atque
1484 459 1867 526 Provinciam,
1904 456 2105 526 sicque

464 555 886 610 Karlomanuus
935 567 1115 623 usque
1165 552 1216 605 in
1269 566 1476 605 annum
1528 553 1776 616 sextum,
1825 545 2106 616 Pippinus

465 659 648 714 usque
700 644 753 697 in
807 642 1172 697 undecimum
1220 638 1702 710 principabantur
1752 635 1917 703 (0hr.
1974 633 2100 702 W.).

464 733 731 789 Neustria
767 747 904 787 vero
926 745 1065 801 pars
1087 734 1177 784 est
1202 727 1399 782 Gallia}
1433 727 1663 782 Celtica)
1688 724 1796 795 “0’,
1825 723 1921 778 illa
1954 722 2106 779 scili-

463 828 557 878 cet
587 838 713 892 quae
744 821 1020 890 Sequana:
1050 817 1354 887 Ligeriquc
1386 816 1709 886 interjacet.

570 923 857 975 RICHERUS
890 934 928 987 ι,
958 917 1046 987 2.)
1099 916 1294 970 Omnis
1342 928 1587 983 namque
1637 912 1817 968 Gallia
1870 911 1925 966 in
1980 917 2102 966 tres

460 1015 659 1082 partes
683 1009 955 1063 distincta
980 1012 1091 1073 est,
1121 1006 1170 1059 in
1200 1003 1504 1072 Belgicam,
1538 1002 1834 1069 Celticum,
1870 1000 2104 1070 Aquita-

458 1099 663 1154 nicam.
712 1098 963 1162 Quarum
1007 1094 1235 1162 Belgica
1278 1107 1306 1147 a
1341 1092 1557 1160 Rheno,
1604 1091 1698 1161 qui
1743 1089 2102 1145 Germaniam

458 1189 530 1243 ab
551 1201 769 1242 oceano
794 1183 1163 1247 determinat,
1187 1197 1311 1252 quae
1334 1180 1642 1237 multarum
1663 1180 1919 1248 gentium
1945 1181 2103 1234 ferax

457 1292 485 1332 a
510 1274 886 1345 germinando
911 1286 1117 1328 nomen
1142 1273 1384 1341 accepit,
1416 1268 1816 1340 exporrigitur
1841 1281 2020 1338 usque
2044 1266 2101 1321 in

458 1364 692 1420 fluvium
744 1364 1080 1426 Matronani,
1121 1361 1193 1414 ab
1236 1363 1485 1428 utroque
1534 1371 1672 1413 vero
1723 1356 1928 1425 latere,
1970 1356 2101 1411 hinc

455 1454 688 1524 quidem
714 1451 956 1521 Alpibus
980 1448 1315 1520 Apenninis,
1340 1447 1471 1501 inde
1495 1461 1633 1501 vero
1660 1444 1800 1499 mari
1825 1444 2097 1515 vallatur,

2219 454 2384 509 niens
2404 454 2472 508 ad
2493 455 2732 510 eandem
2756 454 3100 524 meelesiam,
3128 469 3233 525 pro
3257 452 3538 510 solvendo
3559 460 3697 510 voto
3716 453 3864 509 dona

2215 544 2427 600 obtulit
2456 544 2721 615 plurima,
2748 559 2853 614 pro
2875 558 3026 613 equo
3049 557 3208 613 vero,
3233 558 3401 613 quem
3428 543 3504 598 ibi
3529 542 3855 605 dimiserat,

2216 632 2378 687 dedit
2416 632 2833 689 matriculariis
2885 632 3167 689 aecclesiaa
3218 637 3450 688 centum
3503 631 3751 699 solidos,
3808 640 3867 687 ut

2214 735 2341 777 eum
2376 722 2661 791 reciperet
2721 722 2944 786 Quibus
2975 721 3148 787 datis,
3183 735 3369 790 equus
3398 720 3495 775 ille
3524 734 3585 777 se
3616 719 3864 775 nullate-

2213 824 2323 864 nus
2346 810 2546 865 movit.
2580 812 2646 865 At
2679 810 2776 864 ille
2808 810 2888 865 ait
2922 829 2934 864 :
2970 810 3200 866 Dentwr
3221 810 3338 866 alii
3357 810 3605 867 centum.
3640 808 3866 873 Quibus

2214 897 2413 953 itidem
2443 898 2615 967 datis,
2662 901 2859 953 statim
2889 913 3075 968 equus
3109 897 3338 955 solutus
3371 897 3510 952 abiit
3567 899 3726 953 Tunc
3759 914 3861 952 rex

2212 1000 2342 1042 cum
2369 986 2577 1043 laetieia
2604 987 2683 1042 ait
2707 1007 2718 1043 :
2757 988 2896 1043 Vere
2927 986 3131 1043 beatas
3162 986 3465 1043 Martinus
3489 985 3671 1041 bonas
3691 986 3779 1042 est
3802 988 3855 1041 ξπ

2212 1075 2450 1131 auxilio
2479 1076 2537 1131 et
2562 1090 2739 1132 caras
2768 1075 2836 1132 in
2863 1076 3112 1146 negotio.
3149 1076 3439 1145 (RICHER.)
3474 1075 3557 1129 Ab
3589 1074 3700 1129 hoc
3725 1090 3857 1141 ergo

2214 1162 2505 1218 Clodoveo
2546 1179 2648 1235 per
2686 1163 3059 1221 succedentia
3099 1166 3365 1234 tempora
3404 1162 3856 1233 imperatoribus

2212 1252 2465 1321 egregiis
2485 1268 2578 1309 res
2596 1252 2829 1323 publica
2851 1254 3203 1308 Francorum
3227 1253 3550 1320 gubernala
3578 1252 3763 1306 fuisse
3784 1252 3858 1305 di-

2213 1339 2492 1409 noscitur,
2519 1357 2703 1412 usqu:
2724 1342 2793 1398 ad
2815 1341 2936 1397 haec
2958 1341 3278 1412 propinqua
3301 1345 3564 1410 tempora
3590 1339 3862 1410 Pippino-

2213 1443 2337 1484 rum
2370 1433 2426 1485 et
2461 1430 2823 1499 Karolorum,
2861 1430 2916 1485 in
2950 1430 3163 1499 quibus
3194 1428 3556 1499 temporibus
3587 1443 3696 1500 per
3728 1428 3855 1482 levi-

455 1517 622 1611 cujus
642 1517 1094 1597 circumfusione
1130 1535 1316 1592 insula
1350 1536 1680 1590 Britannica
1710 1533 1799 1566 ί¹⁰³
1826 1534 2093 1590 efficitur.
2128 1534 2181 1594 B
2213 1521 2391 1611 “item
2427 1518 3018 1611 fegunlaliquanlum
3053 1517 3297 1589 dilapsa,
3335 1531 3438 1611 P9P
3461 1517 3858 1611 1‘99‘931‘0995

455 1631 672 1686 Celtica
706 1633 899 1684 autem
930 1642 960 1681 a
994 1627 1246 1681 Matrona
1287 1640 1386 1696 per
1418 1625 1649 1691 longum
1686 1625 1740 1679 in
1774 1625 2096 1679 Garunnam

453 1718 831 1784 distenditur,
858 1714 1025 1783 cujus
1051 1713 1233 1769 latera
1257 1714 1457 1768 oceani
1484 1712 1794 1767 Britannici
1814 1717 1873 1767 et
1893 1713 2098 1769 insula}

454 1807 799 1863 Britannicae
840 1805 1056 1860 limites
1094 1803 1369 1859 efﬁciunt.
1419 1802 1702 1871 Quicquid
1743 1817 1882 1856 vero
1924 1818 1952 1856 a
1982 1804 2100 1868 ,Ga-

451 1910 634 1952 runna
669 1893 1039 1965 protenditur
1069 1893 1124 1946 in
1155 1893 1498 1961 Pyreneum,
1532 1890 1872 1960 Aquitanica
1905 1889 2100 1961 appel-

453 1984 625 2053 latur,
662 1984 794 2038 hinc
828 1982 1106 2036 Rhodano
1130 1986 1189 2035 et
1212 1979 1378 2034 Arari
1405 1984 1579 2048 atque
1605 1979 1735 2033 inde
1761 1980 2102 2034 mediterra-
2144 2044 2153 2055 ι

450 2088 560 2129 neo
584 2072 724 2128 mari
749 2071 1125 2127 collimitans.
1165 2072 1401 2124 Constat
1437 2070 1653 2138 itaque,
1687 2068 1869 2124 totius
1901 2067 2099 2124 Galliae

452 2162 713 2233 spacium
747 2161 819 2215 ab
852 2160 1078 2215 oriente
1121 2158 1351 2227 quidem
1392 2159 1611 2226 Rheno,
1657 2159 1727 2212 ah
1772 2157 2095 2227 occidente,

452 2252 731 2321 Pyreneo,
759 2264 787 2304 a
812 2248 1215 2319 septentrione
1240 2246 1378 2301 mari
1408 2246 1757 2313 Britannico,
1794 2247 1864 2301 ab
1894 2250 2099 2301 austro

451 2354 591 2395 vero
625 2338 767 2393 mari
802 2337 1248 2405 mediterraneo,
1284 2335 1456 2403 cingi.
1495 2335 1705 2389 Omnes
1729 2349 1868 2404 ergo
1894 2334 2101 2389 Gallia-

449 2442 576 2485 rum
600 2426 799 2498 populi
820 2426 1014 2480 innata
1034 2424 1275 2480 audacia
1301 2424 1614 2493 plurimum
1639 2423 1981 2492 efferuntur,
2007 2437 2097 2478 ca-

449 2516 799 2573 lumniarum
824 2515 1214 2585 impatientes.
1250 2512 1457 2581 (Ibid.,
1481 2527 1531 2567 c.
1560 2515 1637 2583 3.)
1672 2512 1726 2565 Si
1755 2511 2094 2581 incitantur,

447 2605 689 2661 cedibus
711 2602 996 2669 exultant,
1024 2602 1364 2670 eil'eratique
1391 2600 1797 2656 inclementius
1830 2599 2098 2655 adoriun-

449 2698 567 2761 tur,
593 2691 770 2748 semel
792 2704 1130 2761 persuasum
1156 2704 1222 2744 ac
1244 2689 1570 2743 rationibus
1592 2689 1979 2758 approbatum
2002 2687 2098 2742 vix

449 2779 719 2836 refellere
741 2781 1119 2834 consuerunt.
1150 2777 1337 2844 Belga:
1361 2777 1538 2831 rebus
1556 2776 1935 2845 disponendis
1960 2780 2093 2831 sunt

448 2867 820 2938 insigniores,
880 2866 1087 2922 robore
1137 2871 1312 2935 atque
1365 2864 1608 2919 audacia
1660 2879 1769 2919 non
1820 2864 2094 2935 impares,

449 2958 695 3014 maxima
733 2970 978 3027 quaeque
1013 2954 1195 3024 magis
1218 2953 1446 3022 ingenio
1471 2968 1637 3023 quam
1671 2953 1894 3009 viribus
1925 2968 2096 3025 appe-

445 3052 611 3111 tunt;
644 3050 703 3101 et
728 3045 776 3100 si
802 3044 1032 3114 ingenio
1056 3043 1108 3098 in
1133 3042 1478 3114 appetendis
1510 3047 1838 3111 cassantur,
1873 3042 2098 3098 viribus

444 3136 725 3193 audacter
754 3138 1019 3190 utuntur.
1050 3133 1171 3188 Cibi
1195 3132 1369 3186 etiam
1394 3136 1568 3200 atque
1595 3137 1766 3201 potus
1790 3131 1934 3185 adeo
1960 3135 2093 3186 sunt

443 3225 622 3297 parci.
660 3222 837 3278 Celtae
871 3237 1011 3277 vero
1043 3226 1218 3291 atque
1254 3220 1525 3289 Aquitani
1560 3218 1806 3275 consilio
1838 3219 2007 3297 simul
2038 3223 2094 3274 et

443 3292 686 3369 audacia
710 3310 962 3382 plurimi,
990 3311 1169 3364 rebus
1189 3308 1495 3363 sediciosis
1518 3308 1898 3376 aceommodi,
1922 3292 2097 3365 Catia

444 3406 636 3457 tamen
661 3400 842 3468 magis
861 3398 1112 3468 providi,
1134 3396 1402 3465 Aquitani
1428 3411 1565 3451 vero
1586 3396 1904 3466 preeipites
1923 3412 2101 3466 agun-

437 3499 559 3562 tur,
591 3488 1020 3562 plurimumque
1045 3486 1100 3539 in
1124 3486 1389 3540 ciborum
1414 3485 1736 3555 appetitum
1766 3486 2093 3560 rapiuntur,

441 3579 594 3654 quod
620 3578 703 3634 sic
724 3577 809 3631 eis
833 3580 923 3631 est
950 3575 1233 3641 innatum,
1263 3577 1323 3628 ut
1349 3579 1551 3644 preter
1574 3579 1838 3630 naturam
1864 3589 1977 3630 non
1998 3590 2096 3646 ap-

439 3671 661 3743 petant.
696 3665 838 3719 Hinc
870 3661 1159 3732 Sulpicius
1182 3662 1432 3716 Severus
1458 3680 1469 3714 :
1500 3680 1526 3711 «
1550 3661 1843 3730 Edacitas,
1879 3662 2088 3733 inquit,

437 3759 492 3813 in
528 3754 727 3811 Grecis
765 3755 855 3807 est
896 3749 1052 3819 gula,
1096 3749 1152 3803 in
1195 3748 1374 3804 Gallis
1414 3754 1643 3805 natura.
1682 3768 1710 3801 »
1744 3750 1860 3804 Hos
1890 3765 2089 3806 omnes

437 3844 751 3900 Galliarum
803 3837 1053 3910 populos
1102 3837 1275 3893 etiam
1325 3838 1381 3891 in
1429 3836 1763 3907 paganismo
1816 3838 1933 3893 fere
1986 3854 2088 3909 per

432 3933 626 3991 omnia
650 3942 930 4002 prospere
952 3926 1161 3997 egisse,
1184 3925 1426 3982 tradunt
1450 3926 1758 3996 hystoriaa;
1788 3931 1917 3998 post
1944 3943 2084 3984 vero

434 4038 464 4079 a
487 4024 690 4079 saneto
721 4016 981 4086 Remigio
1016 4015 1317 4087 baptizati,
1354 4020 1557 4071 contra
1587 4030 1789 4071 omnes
1820 4017 2079 4086 gentium

431 4115 766 4169 exterarum
798 4107 1051 4177 impetus
1082 4104 1239 4161 clara
1270 4118 1501 4175 semper
1532 4110 1707 4174 atque
1750 4104 1966 4160 illustri
2002 4106 2080 4160 vi-

431 4197 616 4256 ctoria
649 4195 957 4253 emicuisse
990 4193 1343 4248 referuntur.
1386 4192 1640 4257 Quorum
1676 4206 1778 4247 rex
1808 4193 2079 4249 christia-

2211 1608 2390 1676 viros,
2427 1608 2497 1663 de
2531 1608 2742 1678 quibus
2780 1623 2929 1663 nunc
2970 1621 3161 1663 sermo
3189 1612 3298 1675 est,
3332 1606 3403 1661 ad
3438 1605 3746 1675 pristinam
3783 1605 3859 1658 di-

2210 1696 2491 1765 gnitatem
2536 1696 2999 1765 magnificentius
3029 1698 3122 1750 est
3155 1694 3422 1750 reducta.

2283 1784 2475 1853 (Emu.
2515 1787 2706 1857 Ann.)
2755 1786 3011 1854 Denique
3056 1789 3119 1840 ut
3165 1782 3235 1839 de
3280 1781 3524 1854 Pippino
3561 1788 3622 1837 et
3664 1782 3859 1838 Karlo-

2211 1886 2419 1928 manno
2474 1874 2754 1929 fratribus
2805 1874 3065 1929 scribere
3124 1871 3427 1942 coepimus,
3492 1885 3624 1925 mox
3675 1874 3739 1925 ut
3793 1870 3860 1925 de

2213 1961 2520 2031 Aquitania
2552 1962 2782 2017 domum
2809 1967 2944 2017 sunt
2971 1960 3244 2030 regressi,
3277 1959 3701 2015 Karlomanuus
3736 1957 3863 2014 Ala-

2213 2050 2517 2115 manniam,
2546 2066 2673 2120 quaa
2706 2055 2765 2105 et
2798 2050 2919 2121 ipsa
2945 2066 2971 2105 a
3000 2051 3347 2105 Francorum
3382 2049 3667 2104 societate
3702 2047 3859 2102 defe-

2211 2142 2392 2207 cerat,
2429 2154 2557 2193 cum
2592 2138 2854 2195 exercitu
2888 2139 3209 2208 ingressus,
3253 2139 3407 2193 ferro
3438 2136 3772 2193 devastavit
3801 2140 3857 2192 et

2212 2225 2346 2295 igni.
2392 2226 2721 2284 Hildericus
2751 2226 2840 2260 ¹¹⁰⁶
2871 2242 2973 2282 rex
3004 2229 3351 2282 Francorum
3398 2239 3639 2294 regnare
3677 2226 3854 2295 ccepit

2211 2313 2305 2381 (cf.
2341 2316 2417 2370 Η.
2452 2316 2579 2386 Fr.)

2278 2407 2329 2458 2.
2376 2407 2425 2459 3.
2483 2404 2668 2471 (Emn.
2710 2406 2891 2475 Ana.)
2944 2408 3007 2460 A.
3051 2405 3113 2460 D.
3158 2406 3280 2460 744.
3336 2403 3757 2458 Karlomanuus
3799 2414 3857 2456 et

2211 2492 2491 2562 Pippinus
2528 2492 2749 2562 junctis
2790 2493 2978 2564 copiis
3017 2498 3222 2549 contra
3266 2491 3608 2547 Oudilonem
3652 2490 3855 2545 ducem

2209 2580 2605 2637 Bawariorum
2656 2582 2902 2652 profecti
2951 2586 3107 2650 sunt,
3158 2580 3478 2652 praelicque
3520 2580 3854 2647 commisso,

2208 2670 2530 2726 exercitum
2588 2670 2713 2739 ejus
2764 2670 3059 2726 fuderunt.
3112 2670 3221 2725 Sed
3272 2675 3581 2740 postquam
3633 2683 3662 2723 a
3712 2668 3856 2725 cede

2210 2758 2428 2813 reversi
2475 2764 2631 2828 sunt,
2676 2759 3097 2815 Karlomanuus
3132 2774 3262 2815 cum
3304 2758 3429 2813 suis
3459 2758 3510 2811 in
3547 2757 3853 2813 Saxoniam

2210 2847 2504 2916 profectus
2537 2853 2628 2903 est
2667 2848 2869 2903 eodem
2912 2863 3080 2919 anno,
3116 2850 3174 2901 et
3207 2847 3361 2917 cepit
3398 2851 3655 2902 castrum
3697 2844 3853 2916 quod

2208 2933 2423 2991 dicitur
2446 2938 2860 3006 Hochseohurg
2880 2935 2990 3007 11°“,
3014 2942 3071 2991 et
3106 2935 3519 2991 Theodericum
3543 2937 3853 2999 Saxonem,

2209 3021 2365 3080 illius
2398 3023 2507 3082 loci
2544 3025 2901 3096 primarium,
2937 3025 2990 3080 in
3024 3024 3379 3080 deditionem
3412 3024 3658 3094 accepit.
3694 3026 3774 3077 ’1.

2347 3132 2429 3203 ‘1)
2464 3135 2547 3187 10.
2590 3136 2670 3186 11.
2708 3131 2973 3187 addant:
3001 3131 3247 3186 Sanctus
3280 3130 3613 3203 Bonifacius
3641 3144 3711 3184 ex
3747 3143 3857 3186 sua

2421 3203 2725 3273 parrochia
2768 3202 3217 3273 Mogontiacensi
3261 3200 3407 3257 duos
3447 3201 3859 3271 episcopatus,

2421 3272 2950 3343 Wirziburgeusem
2992 3277 3048 3328 et
3090 3272 3572 3342 Eichstatcusem,
3615 3273 3853 3328 statuit.

2422 3358 2496 3400 ϐω
2525 3346 2835 3401 Bcf/101(0).

2280 3454 2331 3506 3.
2366 3452 2415 3505 4.
2452 3452 2517 3505 Α.
2552 3453 2611 3505 D.
2645 3453 2766 3506 745.
2806 3453 3018 3506 lterum
3048 3449 3469 3506 Karlomanuus
3488 3448 3858 3520 ctPippinus

2200 3539 2367 3609 juxta
2427 3553 2591 3595 manu
2646 3538 2735 3573 11““
2786 3540 3090 3596 Saxoniam
3148 3540 3395 3609 ingressi
3448 3545 3604 3609 sunt,
3660 3538 3857 3609 predi-

2202 3632 2477 3699 ctumque
2520 3629 2936 3685 Theodericum
2987 3631 3268 3684 Saxonem
3318 3634 3619 3700 ceperunt.
3675 3626 3847 3696 (Clzr.

2215 3717 2320 3788 W.)
2355 3717 2584 3773 Initium
2618 3717 2920 3773 Fuldensis
2947 3717 3306 3774 monasterii.

2269 3826 2318 3881 4.
2355 3828 2403 3879 5.
2443 3823 2626 3894 (ΕιΝιι.
2660 3824 2839 3896 Ann.)
2874 3827 2938 3879 A.
2973 3825 3035 3879 D.
3070 3826 3192 3879 746.
3230 3822 3652 3879 Karlomanuus
3685 3826 3849 3893 pate-

2197 3912 2335 3968 fecit
2369 3912 2533 3968 fratri
2565 3927 2690 3982 suo,
2728 3913 2879 3983 quod
2902 3912 3018 3982 jam
3053 3912 3149 3969 diu
3183 3912 3611 3984 premeditatus
3632 3917 3742 3980 est,
3780 3926 3843 3966 se

2193 4000 2418 4058 scilicet
2470 4000 2620 4056 velle
2672 4002 2929 4058 seculum
2977 4002 3274 4057 dimittere
3311 4000 3401 4034 “°"
3437 4006 3493 4057 et
3540 4002 3596 4056 in
3637 3999 3840 4056 habitu

2192 4089 2529 4145 monachico
2560 4091 2675 4145 Deo
2707 4090 2950 4146 servire.
2988 4092 3237 4162 Propter
3275 4091 3382 4147 hoc
3420 4088 3636 4147 nullam
3665 4103 3839 4160 expe-

2190 4176 2468 4233 ditionem
2514 4193 2582 4233 eo
2631 4192 2780 4235 anno
2827 4179 3176 4249 habuerunt,
3229 4178 3331 4235 sed
3384 4178 3715 4251 preparavit
3774 4193 3836 4235 se

431 4304 540 4345 nus
570 4286 794 4359 primus
824 4283 1003 4339 fuisse
1032 4281 1289 4337 traditur
1320 4280 1666 4352 Clodoveus,
1694 4282 1783 4337 vir
1804 4282 1993 4337 audax
2016 4286 2075 4337 et

2220 4270 2458 4337 iterque,
2499 4266 2919 4323 Karlomanuus
2951 4271 3014 4323 ut
3044 4267 3157 4323 iter
3187 4272 3243 4323 et
3280 4271 3477 4325 votum
3509 4282 3675 4324 suum
3708 4280 3838 4338 per-

429 4381 728 4443 strenuus,
753 4377 811 4428 et
837 4386 952 4441 quo
980 4368 1179 4425 nullus
1212 4374 1345 4440 post
1374 4383 1505 4424 eum
1540 4369 1756 4440 pietate
1787 4370 2073 4442 bellisque

427 4477 699 4533 umquam
728 4459 912 4529 magis
941 4458 1173 4514 enituit.
1210 4456 1302 4526 (Θ.
1344 4457 1473 4531 Fr.)
1506 4458 1608 4514 Hic
1640 4463 1904 4530 tempore
1937 4476 2074 4531 quo-

428 4552 558 4608 dam
591 4549 918 4605 bellaturus
949 4551 1151 4603 contra
1187 4546 1476 4603 Alaricum
1520 4562 1712 4617 regem
1755 4548 2071 4605 Gothorum

2189 4354 2410 4427 liceret,
2459 4356 2738 4428 Pippinus
2780 4355 3032 4428 qualiter
3073 4356 3234 4414 illum
3277 4356 3597 4414 honorifice
3642 4356 3836 4412 dimit-

2185 4448 2358 4500 teret.

2253 4556 2303 4608 5.
2339 4554 2389 4607 6.
2427 4551 2595 4622 (σΙιν.
2642 4551 2721 4608 W.
2745 4553 2998 4608 —Envu.
3047 4552 3184 4611 Vita
3209 4552 3434 4611 Κανοιί
3463 4567 3514 4610 c.
3547 4553 3629 4624 2.)
3664 4553 3726 4608 A.
3762 4552 3830 4608 D.

427 4656 556 4697 cum
580 4640 829 4697 venisset
850 4640 1155 4707 Turonum,
1184 4636 1363 4693 multa
1384 4652 1619 4694 munera
1640 4637 1852 4694 obtulit
1873 4639 2072 4695 recole-
2179 4642 2302 4696 747.
2338 4640 2360 4663 ⁶
2393 4638 2811 4696 Karlomanuus
2861 4641 3057 4696 divino
3107 4655 3427 4697 succensus
3478 4654 3673 4698 amore
3722 4640 3835 4696 Ro-

427 4730 527 4788 sia:
552 4730 737 4786 sancti
771 4727 997 4784 Martini
1020 4742 1149 4783 cum
1172 4742 1323 4797 equo
1347 4742 1454 4784 suo
1476 4728 1864 4797 velocissimo,
1899 4743 2068 4798 quem
2180 4742 2328 4785 mam
2372 4728 2634 4799 tendens,
2674 4730 2966 4786 Zacharize
3000 4744 3162 4801 papas
3204 4745 3263 4786 se
3302 4729 3539 4801 obtulit,
3574 4734 3632 4786 et
3663 4730 3735 4785 ab
3763 4744 3836 4787 eo

426 4819 669 4877 multum
693 4819 953 4883 amabat;
985 4820 1046 4872 et
1073 4816 1334 4888 expetito
1356 4816 1574 4872 auxilio
1597 4815 1856 4885 ejusdem
1881 4818 2066 4873 sancti

424 4913 629 4967 contra
642 4912 875 4979 gentem
889 4905 1265 4977 ineredulam,
1285 4905 1861 4979 promittebatadhuc
1874 4906 2062 4977 plura,

424 4997 472 5054 si
510 5012 611 5070 per
641 4996 768 5068 ejus
799 4995 1278 5053 intercessionem
1316 4996 1506 5051 victor
1536 4994 1776 5052 rediret.
1812 4997 2066 5067 Cumque

2179 4816 2432 4876 clericus
2499 4820 2705 4887 factus,
2769 4818 3089 4889 habituque
3149 4822 3372 4876 mutato
3430 4819 3836 4876 monachicum

2176 4906 2415 4977 capiens
2457 4905 2877 4978 indumentum,
2915 4907 2971 4962 in
3005 4913 3199 4965 monte
3242 4908 3478 4965 Soracte
3510 4908 3634 4965 sive
3664 4909 3839 4980 Syra-

2178 4994 2261 5067 pti
2284 4993 2374 5029 ¹ι⁰⁸
2390 4999 2730 5053 constructo
2749 4996 3127 5069 monasterio,
3149 4996 3303 5070 apud
3321 4997 3652 5056 acclesiam
3672 4997 3835 5055 beati

1790 5139 2026 5202 VARVE
2068 5146 2467 5203 LECTIONES.

495 5286 586 5324 ¹¹⁰²
616 5286 835 5348 cellicae
867 5297 916 5345 1.
951 5295 1002 5347 5.
1035 5293 1112 5347 9°.
1148 5290 1208 5345 D.
1244 5286 1469 5347 celticaa
1494 5287 1717 5347 cellicaa
1749 5295 1833 5347 10.
1867 5289 2088 5348 cellicae
2119 5304 2265 5349 corr.
2299 5289 2526 5348 celticaa
2555 5290 2599 5347 E
2634 5295 2686 5348 1.
2765 5289 2857 5325 ¹¹⁰⁸
2884 5289 3120 5348 tannica
3147 5295 3199 5348 ὅ.
3276 5288 3367 5325 ¹¹⁰⁴
3397 5288 3730 5351 Hildericus
3755 5323 3837 5336 —

424 5361 606 5490 coegit
623 5361 703 5443 in
730 5367 781 5418 1.
810 5362 1016 5434 postea
1041 5360 1378 5447 sedeam
1402 5375 1589 5421 manu
1616 5361 1832 5420 addita
1855 5363 2011 5419 sunt.
2093 5361 2184 5396 ¹¹⁰⁸
2213 5362 2619 5449 hochscoburg
2656 5362 2734 5419 1b.
2814 5360 2905 5447 αφ
2924 5363 3028 5449 ,ἐξα
3056 5367 3110 5419 1.
3140 5363 3341 5449 abii".
3367 5365 3517 5422 Ann.
3550 5363 3739 5424 Βίηλ.
3772 5366 3846 5426 οι

428 5435 488 5490 D.
574 5475 587 5489 .
613 5437 815 5490 iuncta
846 5448 1018 5490 manu
1051 5434 1288 5490 lenitur.
1324 5437 1483 5490 quta
1513 5448 1742 5490 manum
1772 5436 1823 5490 4.
1849 5437 1898 5489 5.
1926 5437 1977 5490 6.
2003 5437 2081 5490 9°.
2109 5439 2217 5490 10..
2249 5433 2319 5490 1d
2341 5434 2501 5490 aaod
2528 5447 2728 5490 more
2757 5434 2937 5490 facil:
2963 5449 3031 5490 ιη.
3052 5438 3104 5490 1.
3138 5435 3258 5490 lem.
3285 5437 3536 5490 notarat.
3612 5432 3706 5471 “0"
3734 5451 3835 5490 re.

428 5435 488 5490 D.
519 5432 587 5490 E.
612 5432 829 5504 juncta
846 5448 1018 5490 manu
1051 5434 1288 5506 legitur.
1317 5433 1483 5506 juxta
1513 5448 1742 5491 manum
1772 5436 1823 5491 4.
1849 5437 1898 5489 5.
1926 5437 1977 5490 6.
2003 5437 2081 5491 9°.
2109 5439 2217 5507 10.,
2249 5433 2319 5494 id
2341 5434 2501 5507 quod
2528 5432 2728 5493 errore
2738 5434 2937 5507 facili
2963 5436 3031 5494 in
3052 5438 3104 5492 1.
3138 5435 3258 5507 legi
3282 5437 3536 5510 poterat.
3612 5432 3706 5471 W’
3734 5451 3835 5499 re-

420 5503 693 5580 inquere.
729 5508 780 5563 δ.
859 5504 952 5540 ίιοε
979 5505 1037 5563 in
1067 5506 1310 5583 Serapte
1347 5509 1541 5566 monte
1571 5505 1649 5563 1b.
1684 5505 1743 5564 in
1771 5519 1845 5564 m.
1885 5504 2109 5579 syrapti
2137 5507 2188 5562 4.
