3992 6034
208 188 333 256 887

1082 190 1522 257 CHRONICA.
1556 227 1633 240 --
1660 189 2136 258 CHRONICON
2184 196 2731 267 UNIVERSALE.

3497 218 3617 282 888
3654 246 3667 255 ·

208 324 504 398 Silvestri,
545 340 673 384 cum
700 324 982 385 fratribus
1004 342 1202 385 secum
1235 328 1305 385 ad
1328 328 1438 386 hoc
1462 328 1852 399 venientibus,
1890 330 1939 389 A
1971 335 2303 405 contentus,
2339 335 2499 393 crine
2558 340 2823 411 profuso,
2860 340 3038 401 barba
3099 350 3430 421 summissa,
3465 354 3617 412 solio

209 432 320 488 per
343 416 565 487 aliquot
594 431 775 473 annos
796 422 996 488 optata
1024 418 1216 488 quiete
1240 420 1566 475 fruebatur.
1589 419 1697 473 Sed
1727 434 1856 474 cum

211 520 289 560 ex
319 505 731 561 Franciamulti
770 507 1137 562 nobiliumeb
1162 508 1586 564 votaelvcnda
1622 510 1856 563 Romam

211 600 610 650 commearent
631 599 688 649 et
713 608 842 651 eum
868 594 1026 650 velut
1056 596 1345 652 dominum
1380 597 1664 666 quondam
1691 613 1857 653 suum

210 682 506 752 preterire
530 681 771 751 nollent,
797 683 998 751 otium,
1023 699 1137 753 quo
1163 685 1407 741 maxime
1428 685 1853 758 delectabatur,

208 772 420 826 crebra
457 770 811 827 salutatione
867 772 1379 845 interrumpentes,
1412 774 1601 833 locum
1634 781 1857 833 mutare

208 860 590 932 compellunt.
642 862 778 916 Nam
802 878 929 917 eum
954 863 1283 931 hujusmodi
1318 866 1699 935 frequentiam
1732 882 1859 937 pro-

208 950 406 1020 posito
434 965 539 1006 suo
572 950 809 1006 vidisset
836 951 1086 1021 efficere,
1123 952 1332 1009 relicto
1366 961 1578 1024 monte,
1615 956 1670 1009 in
1706 956 1859 1010 Sam-

208 1038 368 1094 nium
396 1039 751 1109 provinciam
776 1039 846 1094 ad
871 1041 1289 1097 monasterium
1313 1044 1498 1098 sancti
1536 1044 1854 1113 Benedicti,

206 1126 387 1183 situm
437 1126 492 1181 in
542 1132 739 1182 castro
773 1128 1031 1197 Ca'ssino,
1075 1145 1137 1185 se
1168 1131 1438 1201 contulit,
1476 1137 1533 1186 et
1568 1132 1644 1187 ibi
1706 1134 1857 1202 quod

210 1215 502 1284 reliquum
539 1215 641 1269 fuit
678 1216 811 1271 vitae
843 1220 1074 1288 tempus
1095 1218 1426 1289 complevit.

337 1306 359 1325 '
394 1305 457 1358 D.
495 1305 555 1358 E.
598 1305 867 1360 addunt:
931 1306 1230 1363 Racbis—
1256 1308 1435 1364 frater
1486 1309 1612 1378 ejus
1646 1310 1859 1366 :ubsti-

429 1392 632 1448 tuitur.
669 1407 744 1449 ea:
766 1394 970 1464 Sigeb.
1006 1410 1061 1451 α.
1094 1397 1215 1451 749.

280 1483 335 1534 6.
370 1486 421 1535 7.
461 1481 646 1547 (Eme.
680 1484 859 1552 Ama.)
892 1485 955 1538 Α.
990 1485 1050 1538 Ι).
1084 1487 1214 1539 748.
1278 1487 1493 1557 Gripho
1524 1488 1690 1543 fratri
1751 1504 1857 1545 suo

205 1566 457 1638 Pippino
515 1569 820 1638 subjectus
869 1586 995 1628 esse
1043 1573 1267 1644 nolens,
1329 1576 1590 1645 quamvis
1648 1579 1754 1633 sub
1787 1592 1855 1633 eo

206 1655 529 1714 honorifice
588 1659 833 1729 viveret,
882 1660 937 1715 in
998 1662 1302 1718 Saxoniam
1338 1666 1623 1734 profugit;
1684 1666 1937 1752 colle-B

204 1749 426 1816 ctoque
450 1746 740 1803 Saxonum
762 1750 1049 1821 exercitu,
1083 1766 1260 1822 super
1285 1753 1519 1809 fluvium
1551 1755 1771 1811 Ovacra
1798 1756 1852 1810 in

204 1831 339 1888 loco
372 1834 467 1904 qui
503 1834 718 1891 dicitur
762 1837 993 1894 Orheim
1044 1839 1348 1907 consedit;
1409 1843 1687 1913 Pippinus
1717 1860 1854 1901 vero

204 1936 339 1977 cum
364 1924 627 1980 exercitu
681 1926 1030 1983 Francorum
1056 1928 1110 1983 in
1133 1930 1499 1999 Thuringiam
1534 1934 1850 2004 profectus,

201 2014 414 2066 contra
436 2010 599 2067 dolos
624 2012 823 2069 fratris
844 2016 1151 2072 Saxoniam
1177 2018 1478 2087 ingressus
1502 2026 1615 2091 est,
1652 2037 1856 2077 conse-

207 2097 414 2169 ditque
446 2116 624 2171 super
674 2102 910 2158 fluvium
964 2105 1208 2161 Missaha
1241 2108 1297 2162 in
1330 2108 1456 2165 loco
1489 2110 1585 2180 qui
1638 2110 1856 2166 dicitur

207 2187 591 2258 Scahaningi;
628 2190 888 2260 praelium
922 2198 1114 2249 tamen
1140 2194 1292 2251 inter
1320 2211 1419 2252 eos
1443 2212 1556 2253 non
1580 2203 1669 2254 est
1702 2214 1855 2256 com-

205 2275 470 2343 missum,
506 2278 604 2332 sed
639 2292 710 2332 ex
740 2279 958 2349 placito
991 2282 1409 2340 discesserunt.

272 2368 325 2419 7.
363 2369 413 2421 8.
451 2369 513 2421 A.
550 2368 611 2421 Ι).
647 2370 767 2422 749.
812 2369 1028 2441 Gripho
1060 2371 1346 2429 Saxonum
1400 2375 1533 2430 fidei
1566 2375 1849 2447 diffidens,

203 2467 334 2509 eum
369 2454 553 2524 copiis
581 2471 709 2525 qum
759 2459 830 2513 ad
861 2474 990 2515 cum
1050 2462 1119 2516 de
1153 2463 1391 2518 Francia
1450 2465 1850 2521 confluxerant

204 2542 525 2598 Bawariam
555 2546 740 2615 petiit,
769 2547 1075 2619 ipsumque
1107 2550 1382 2608 ducatum
1408 2552 1463 2607 in
1496 2569 1657 2609 suam
1694 2560 1854 2625 pote-

204 2636 420 2685 statem
457 2634 700 2703 redegit,
750 2636 1104 2693 Tassiloncm
1138 2655 1268 2695 cum
1305 2640 1572 2698 lliltrudc
1604 2644 1662 2699 in
1694 2644 1853 2699 dedi-

200 2719 424 2775 tionem
449 2724 695 2793 accepit,
722 2726 1065 2794 Suiggerum
1092 2728 1146 2783 in
1171 2730 1450 2787 auxilium
1477 2732 1587 2786 sibi
1620 2733 1853 2788 venien-

197 2810 314 2863 tem
344 2811 620 2881 suscepit.
658 2813 790 2868 Haec
823 2815 1066 2870 audiens
1102 2817 1403 2889 Pippinus,
1440 2836 1570 2875 cum
1601 2822 1851 2882 maxime

203 2900 473 2955 exercitu
505 2901 658 2957 venit
690 2902 746 2956 in
774 2904 1114 2975 Bawariam,
1168 2907 1523 2980 fratremque
1543 2925 1709 2966 suum
1732 2912 1852 2966 Gri-

202 2986 455 3056 phonem
505 3004 634 3045 cum
680 2992 949 3048 omnibus
1009 2995 1131 3049 suis
1163 2998 1339 3067 cepit,
1402 2999 1759 3055 Tassilonem
1794 3000 1848 3053 in

201 3076 481 3132 ducatum
515 3078 800 3149 restituit,
859 3081 1209 3153 domumque
1240 3102 1298 3139 re
1322 3100 1535 3155 .crsus,
1573 3088 1845 3158 Griphoni

196 3178 361 3220 more
395 3165 604 3222 ducum
648 3167 953 3225 duodecim
1009 3173 1330 3229 comitatus
1362 3175 1555 3242 dedit;
1589 3176 1688 3231 sed
1749 3177 1846 3233 ille

199 3252 297 3307 tali
340 3254 620 3310 beneficio
652 3271 764 3311 non
794 3263 1125 3330 contentus,
1163 3262 1365 3317 eodem
1418 3278 1567 3319 anno
1598 3265 1669 3321 ad
1704 3266 1847 3320 Wai-

198 3340 409 3397 farium
444 3343 767 3413 Aquitaniae
799 3346 1003 3401 ducem
1040 3350 1315 3419 profugit.

267 3432 316 3483 9.
357 3432 446 3485 10.
482 3428 613 3499 (0/1..
665 3432 770 3504 W.)
829 3436 892 3489 A.
932 3436 990 3488 D.
1026 3439 1149 3490 751.
1207 3440 1227 3460 ¹’
1254 3438 1503 3495 Sanctus
1565 3440 1848 3497 Burchar-

199 3516 306 3573 dus
336 3518 569 3589 accepit
602 3520 1004 3590 pontificatum
1053 3524 1607 3595 \‘Virciburgensem,
1644 3529 1699 3584 in
1735 3544 1848 3600 quo

200 3604 349 3660 sedit
383 3619 568 3662 annos
600 3608 684 3661 40.
722 3607 909 3676 (Eum.
944 3611 1038 3679 Α.)
1070 3612 1174 3667 Hic
1208 3613 1404 3683 itaque
1439 3623 1677 3674 sanctus
1711 3624 1849 3677 Bur-

198 3694 456 3750 chardus
479 3699 536 3750 et
567 3695 849 3753 Folradus
873 3699 1394 3773 archicapellams,
1420 3719 1589 3775 quem
1614 3709 1846 3777 quidam

198 3780 369 3849 (Vita
397 3782 648 3855 Burch.)
678 3785 969 3855 abbatem,
1008 3788 1241 3856 quidam
1276 3792 1455 3863 (Eum.
1495 3795 1589 3867 A.)
1624 3798 1847 3867 presbi-

196 3873 388 3926 terum
413 3871 700 3944 scribunt,
720 3875 787 3930 ad
812 3874 1147 3933 Zachariam
1172 3879 1491 3938 Romanum
1513 3885 1847 3953 pontiﬁcem

200 3958 362 4016 missi
396 3965 655 4031 sunt,.ut
700 3963 1076 4022 consulerent
1106 3982 1237 4022 eum
1271 3984 1451 4041 super
1480 3973 1719 4042 regibus
1751 3976 1846 4046 qui

198 4049 465 4120 tempore
496 4048 597 4107 illo
655 4052 891 4109 fuerunt
921 4053 974 4108 in
1036 4056 1298 4128 Francia,
1359 4074 1564 4116 nomen
1620 4066 1846 4122 tantum

202 4136 354 4205 regis
386 4137 487 4193 sed
519 4138 734 4195 nullam
782 4146 1139 4213 potestatem
1194 4146 1413 4217 regiam
1443 4149 1752 4209 habentes.
1797 4156 1846 4179 "

200 4221 218 4291 (
238 4224 372 4281 Vita
392 4227 786 4301 B-urcitardi.)
812 4230 1087 4287 Solebant
1113 4234 1264 4290 enim
1291 4237 1495 4294 Franci
1517 4254 1591 4295 ex
1607 4242 1846 4314 antiqua

201 4325 403 4382 regum
436 4316 621 4387 stirpe
675 4332 843 4387 reges
874 4320 1109 4392 habere,
1147 4324 1243 4393 qui
1276 4342 1302 4379 a
1338 4327 1628 4401 Meroveo,
1661 4330 1842 4387 Clodii

1880 3046 1929 3108 C

1972 421 2275 494 resideret,
2295 440 2361 480 ac
2382 429 2636 497 speciem
2664 431 3018 491 dominantis
3043 438 3365 510 cmngeret,
3389 442 3618 512 legatos

1970 510 2373 583 undecumque
2407 518 2708 575 venientes
2741 522 2993 592 audiret,
3024 525 3225 596 eisque
3259 510 3614 589 abeuntibus

1970 613 2267 671 responsa,
2296 618 2421 672 quae
2442 606 2649 662 doctus
2679 613 2804 663 erat
2848 612 3195 685 autjussus,
3224 631 3294 671 ex
3320 633 3421 673 sua
3454 620 3617 677 velut

1971 691 2263 757 potestate
2285 691 2578 763 redderet,
2605 712 2734 751 cum
2766 702 2962 767 preter
2987 700 3192 757 inutile
3226 707 3384 775 regis
3405 723 3613 765 nomen

1969 780 2025 829 et
2058 779 2380 846 precarium
2414 782 2550 838 vitm
2601 785 2976 857 stipendium,
3040 792 3193 860 quod
3228 794 3279 847 ei
3315 797 3617 864 prefectus

1970 863 2137 933 aula),
2157 872 2324 937 prout
2346 870 2672 941 videbatur,
2695 875 3027 947 exhibebat,
3050 880 3222 934 nichil
3245 863 3401 938 aliud
3428 887 3618 956 possi-

1971 950 2164 1019 deret;
2200 970 2484 1027 quanqam
2532 976 2698 1016 unam
2734 968 2788 1017 et
2825 981 2948 1020 eam
3010 983 3353 1039 perparvam
3386 950 3615 1033 reditus

1969 1041 2186 1112 villam,
2216 1044 2267 1098 in
2293 1061 2401 1115 qua
2428 1048 2659 1104 domum
2693 1055 2751 1104 ct
2773 1067 2844 1107 ex
2871 1070 2980 1124 qua
3016 1056 3260 1114 famulos
3284 1064 3614 1119 necessaria

1970 1132 2080 1186 sibi
2098 1134 2495 1192 ministrantes
2529 1145 2704 1210 atque
2737 1144 3085 1214 obsequium
3115 1148 3460 1207 exhibentes
3477 1166 3615 1223 pau-

1969 1235 2051 1275 cm
2066 1226 2506 1282 numerositatis
2523 1228 2781 1285 haberet.
2806 1233 3180 1305 Quocumque
3195 1239 3448 1295 eundum
3460 1245 3607 1312 erat,

1968 1313 2249 1377 carpento
2272 1311 2410 1375 ibat,
2432 1315 2584 1383 quod
2610 1316 2851 1387 junctis,
2878 1320 3068 1376 bubus
3092 1326 3151 1376 et
3176 1323 3429 1381 bubulco
3451 1311 3611 1384 more

1968 1397 2187 1452 rustico
2211 1405 2419 1468 agente
2450 1404 2814 1461 trahebatur.
2854 1408 2941 1463 Sic
2972 1409 3043 1463 ad
3082 1410 3383 1484 palatium,
3419 1415 3504 1471 sic
3538 1417 3608 1472 ad

1968 1484 2265 1553 publicum
2311 1495 2683 1562 conventum,
2719 1495 2813 1564 qui
2877 1497 3110 1553 Kalend.
3153 1499 3278 1554 Maii
3340 1502 3413 1557 ob
3448 1506 3611 1573 regni

1969 1573 2283 1630 utilitatem
2308 1580 2709 1635 annuatim1109
2722 1583 3154 1657 celebrabatur,
3178 1588 3261 1644 ire
3287 1590 3533 1663 solebat,
3551 1597 3610 1648 et

1968 1675 2160 1717 coram
2197 1669 2320 1720 tota
2353 1672 2525 1735 gente
2561 1671 2865 1739 presidens
2894 1688 3211 1745 omnesque
3235 1677 3514 1750 salutans,
3551 1685 3608 1736 et

1969 1751 2039 1805 ab
2063 1751 2131 1807 iis
2153 1752 2444 1811 salutatus
2466 1757 2795 1829 dcbitisque
2817 1762 3116 1832 obsequiis
3145 1764 3486 1837 honoratus,
3523 1769 3610 1825 sic

1968 1838 2194 1896 domum
2249 1843 2533 1914 rediebat,
2596 1848 2798 1918 sicque
2854 1865 3051 1906 secum
3110 1868 3294 1923 usque
3327 1856 3398 1910 ad
3434 1855 3608 1912 alium

1967 1928 2169 1985 Maium
2192 1930 2344 1985 domi
2384 1934 2703 1991 residebat.
2734 1939 2803 1992 At
2830 1939 2990 2008 regni
3030 1942 3611 2000 amministrationem

1966 2020 2024 2070 et
2047 2018 2258 2087 omnia,
2307 2034 2444 2090 quze
2468 2023 2557 2078 vel
2611 2024 2763 2080 domi
2796 2026 2888 2081 vel
2923 2029 3063 2085 foris
3094 2031 3313 2099 agenda
3349 2037 3515 2087 erant
3546 2048 3612 2089 ac

1967 2103 2346 2178 disponenda,
2376 2112 2675 2179 prefectus
2698 2114 2844 2170 aula:
2869 2120 3242 2187 procurabat.
3277 2120 3399 2185 Quo
3427 2121 3612 2178 officio

1969 2197 2124 2262 tunc,
2150 2210 2279 2251 cum
2314 2198 2562 2268 predicti
2590 2201 2764 2271 legati
2790 2204 3026 2261 Romam
3052 2207 3456 2277 mittebantur,
3484 2211 3613 2280 Pip-

1966 2281 2155 2352 pinus,
2194 2285 2387 2340 Karoli
2441 2287 2597 2344 ﬁlius
2653 2291 2907 2362 itemque
2954 2294 3146 2349 Karoli
3205 2297 3387 2365 Magni
3420 2304 3608 2369 pater,

1960 2369 2076 2439 jam
2111 2372 2265 2427 velut
2327 2374 2685 2433 hereditario
2711 2379 2842 2447 jure
2875 2381 3243 2450 fungebatur.
3302 2385 3611 2442 Zacharias

1964 2473 2106 2515 vero
2167 2476 2309 2531 papa
2369 2477 2547 2533 super
2598 2465 2926 2535 hujusmodi
2988 2471 3225 2543 negotio
3280 2472 3606 2544 consultus,

1965 2549 2349 2620 remandavit,
2385 2552 2593 2608 melius
2623 2568 2749 2609 esse
2782 2555 2941 2611 illum
2982 2559 3174 2614 vocari
3206 2575 3419 2630 regem.
3455 2563 3607 2633 apud

1965 2648 2135 2703 quem
2169 2651 2391 2693 summa
2451 2642 2768 2709 potestatis
2801 2646 3189 2713 consisteret;
3226 2648 3482 2719 dataque
3515 2665 3612 2705 au-

1963 2723 2241 2779 ctoritate
2274 2741 2398 2796 sua,
2436 2728 2738 2799 Pippinum
2773 2746 2967 2801 regem
2997 2736 3275 2792 constitui
3302 2736 3495 2806 jussit.

2104 2832 2125 2853 ‘
2256 2833 2318 2887 E.
2352 2834 2590 2914 aridum
2619 2861 2629 2890 :
2664 2838 2734 2914 In
2777 2838 3188 2914 Mesopotamia
3253 2842 3490 2914 dirupta
3520 2850 3610 2901 est

2173 2906 2356 2970 terra,
2390 2910 2445 2959 ct
2477 2908 2743 2962 ascendit
2776 2924 2847 2963 ex
2881 2906 2952 2964 ea
2982 2912 3194 2967 animal
3227 2906 3506 2969 mulinum
3540 2947 3609 2956 —-

2176 2974 2417 3029 Arabes.
2454 2978 2750 3046 exS-igeb.
2786 2995 2841 3035 (ι.
2874 2985 2999 3036 7353.

2100 3078 2151 3100 “
2183 3079 2242 3132 Ε.
2289 3080 2505 3163 ,ε
2568 3083 2689 3163 llic_
2726 3089 2836 3163 est
2876 3086 3331 3163 Plolradus,‘qui
3389 3106 3604 3163 corpus

2173 3151 2360 3205 sancti
2386 3152 2495 3206 Viti
2521 3155 2780 3209 martiris
2807 3156 2876 3211 de
2899 3158 3070 3213 Roma
3098 3151 3391 3216 in'Ga'llias
3416 3151 3608 3219 trans-

2173 3221 2381 3277 tulisse
2412 3222 2658 3292 legitur;
2692 3226 2753 3281 ει
2774 3229 2980 3299 pergit
3009 3248 3021 3282 :
3056 3230 3107 3283 S.
3146 3232 3236 3285 Fr.

2032 3330 2113 3381 10.
2156 3331 2234 3381 11.
2274 3329 2336 3383 Α.
2369 3330 2429 3383 D.
2467 3334 2587 3385 7:32.
2624 3332 2905 3404 Pippinus
2933 3349 3036 3406 per
3060 3339 3476 3394 auctoritatem
3506 3340 3606 3396 Za-

1956 3412 2170 3469 charize
2206 3431 2368 3487 papae
2422 3433 2579 3474 more
2614 3421 2964 3477 Francorum
2997 3422 3223 3480 electus
3256 3427 3325 3481 ad
3358 3441 3602 3497 regnum

1958 3515 2062 3571 per
2082 3516 2284 3558 manus
2309 3508 2498 3561 sancti
2525 3509 2801 3563 Bonifacii
2825 3511 3248 3584 archiepiscopi
3282 3515 3605 3585 Mogoncia-

1957 3590 2150 3645 censis
2181 3592 2446 3650 elevatus
2480 3601 2567 3651 est
2600 3597 2652 3651 in
2700 3599 2859 3668 regni
2894 3600 3105 3657 solium
3140 3602 3195 3657 in
3227 3604 3604 3660 Suessionum

1958 3672 2218 3736 civitate.
2262 3714 2331 3721 —
2363 3682 2528 3753 (C’lzr.
2606 3687 2711 3757 W.)
2767 3687 3091 3745 Translatio
3124 3691 3313 3746 sancti
3379 3691 3604 3762 Kyliani

1960 3767 2108 3823 facta
2143 3774 2250 3825 est.
2288 3803 2354 3810 —
2386 3772 2600 3829 Beatus
2647 3790 2794 3845 papa
2850 3777 3164 3834 Zacharias
3195 3780 3250 3834 in
3280 3780 3601 3837 venerabili

1962 3857 2319 3927 patriarchio
2343 3862 2563 3931 reperit
2587 3867 2764 3933 caput
2798 3865 2952 3919 beati
2979 3867 3208 3936 Georgii
3240 3870 3514 3940 martyris
3545 3869 3601 3925 in

1960 3959 2132 4016 capsa
2168 3948 2553 4019 reconditum,
2587 3950 2743 4021 quod
2776 3953 2831 4007 in
2864 3954 3178 4010 Romanam
3210 3958 3413 4012 urbem
3447 3962 3603 4013 tran-

1959 4033 2153 4089 stulit.

2036 4147 2117 4197 11.
2152 4146 2244 4197 12.
2287 4145 2349 4198 A.
2374 4146 2438 4200 D.
2473 4149 2603 4202 753.
2666 4148 2996 4221 Stephanus
3030 4167 3175 4224 papa
3208 4156 3338 4210 92“
3369 4152 3600 4210 ordina-

1962 4233 2074 4300 tur,
2114 4231 2386 4302 seditque
2419 4248 2601 4291 annos
2628 4240 2679 4308 5,
2716 4237 2842 4295 dies
2877 4244 2963 4295 ‘28.

1958 4318 2104 4373 Anni
2135 4320 2295 4389 regni
2326 4322 2575 4393 Pippini.

201 4402 443 4459 secundi
476 4405 634 4473 regis
683 4420 885 4464 eorum
915 4408 1053 4480 ﬁlio,
1107 4413 1421 4485 Merovingi
1452 4417 1801 4477 dicebantur
1828 4439 1841 4487 ;
1873 4400 1926 4460 D
2031 4430 2173 4481 1.13.
2197 4428 2494 4500 (EINH.A.)
2520 4434 2681 4488 Anno
2706 4430 3442 4499 dominicaeincarnationis
3461 4445 3590 4499 754.

202 4504 448 4560 quorum
494 4495 835 4566 genealogia
861 4513 1041 4569 usque
1067 4500 1138 4556 ad
1160 4502 1516 4562 Hilderieum
1542 4512 1678 4566 tunc
1702 4516 1845 4567 tem-

202 4581 360 4649 poris
390 4597 584 4652 regem
625 4589 1027 4657 permanebat,
1059 4588 1114 4644 in
1146 4606 1258 4661 quo
1289 4594 1464 4649 etiam
1495 4596 1842 4668 deficiebat;

202 4670 303 4724 sed
330 4670 469 4726 licet
504 4672 559 4728 in
611 4672 710 4730 illo
760 4675 917 4733 finita
954 4684 1153 4749 posset
1213 4683 1422 4753 videri,
1452 4685 1568 4755 jam
1627 4688 1843 4745 dudum

203 4762 390 4816 tamen
411 4761 627 4819 nullius
649 4764 871 4833 vigoris
890 4776 1037 4839 erat,
1074 4785 1178 4827 nec
1201 4772 1511 4843 quicquam
1536 4776 1757 4834 clarum
1789 4779 1845 4834 in

201 4861 259 4902 se
285 4854 488 4920 preter
520 4852 689 4909 inane
733 4856 889 4925 regis
916 4859 1264 4917 vocabulum
1316 4865 1668 4934 preferebat.
1706 4872 1844 4926 Nam

199 4939 257 4989 et
287 4951 431 5009 opes
459 4945 517 4995 et
565 4944 825 5012 potentia
859 4946 1019 5016 regni
1054 4963 1234 5019 penes
1293 4951 1495 5021 palatii
1524 4957 1841 5029 prefectos,

202 5025 295 5092 qui
320 5029 571 5099 majores
619 5031 825 5090 domus
870 5035 1216 5096 dicebantur
1248 5046 1308 5096 et
1339 5042 1411 5097 ad
1446 5058 1593 5113 quos
1623 5025 1843 5106 summa

200 5109 424 5185 imperii
449 5120 804 5194 pertinebat,
829 5126 1205 5195 tenebantur;
1235 5144 1340 5186 nec
1363 5109 1520 5189 aliud
1537 5135 1843 5207 quicquam

201 5203 319 5273 regi
354 5208 831 5285 permittebatur,
881 5230 1050 5287 quam
1076 5221 1136 5276 ut
1162 5219 1324 5291 regio
1356 5203 1581 5280 tantum
1613 5203 1843 5284 nomine

1957 4513 2236 4585 Pippinus
2264 4531 2367 4572 rex
2409 4534 2536 4574 cum
2591 4524 2855 4580 exercitu
2911 4542 3116 4598 magno
3178 4530 3596 4587 Saxoniamin-

1953 4617 2192 4672 gressus
2222 4610 2334 4675 est,
2368 4612 2427 4662 et
2467 4612 2731 4679 quamvis
2756 4613 3015 4671 Saxones
3044 4618 3095 4672 ei
3129 4619 3594 4676 obstinatissime

1956 4693 2323 4765 resisterent,
2353 4697 2501 4767 pulsi
2525 4702 2717 4755 tamen
2738 4709 3068 4773 cesserunt,
3086 4711 3144 4761 et
3164 4707 3289 4777 ipse
3315 4722 3499 4778 usque
3522 4708 3593 4763 ad

1957 4780 2144 4839 locum
2175 4784 2270 4855 qui
2330 4785 2548 4843 dicitur
2597 4789 2966 4859 Rimiejuxta
3024 4793 3257 4850 ﬂuvium
3313 4796 3594 4851 Wisaram

1957 4872 2224 4929 accessit.
2262 4875 2319 4928 In
2357 4889 2466 4945 qua
2498 4878 2872 4949 expeditione
2910 4881 3251 4951 Hiltigarius
3278 4884 3593 4954 episcopus

1955 4962 2290 5019 occisusest
2321 4963 2377 5017 in
2404 4970 2597 5021 monte
2629 4967 2724 5036 qui
2758 4967 2975 5025 dicitur
3004 4970 3225 5040 Viburg
3248 4969 3353 5025 “1°.
3381 4973 3596 5030 Rever-

1955 5051 2101 5106 tenti
2130 5066 2266 5108 vero
2299 5052 2421 5120 regi
2454 5052 2524 5110 de
2569 5056 2814 5111 Saxonia
2836 5057 3084 5114 nuncius
3110 5059 3272 5114 venit
3302 5060 3373 5116 de
3406 5065 3594 5117 morte

1956 5140 2158 5198 fratris
2177 5142 2265 5199 sui
2299 5141 2628 5217 Griphonis,
2655 5159 2686 5199 a
2710 5160 2825 5217 quo
2851 5145 2946 5203 vel
2973 5148 3229 5217 qualiter
3250 5149 3597 5210 interfectus

1956 5234 2131 5287 esset.
2163 5263 2234 5273 —
2254 5229 2471 5290 Eodem
2519 5248 2669 5291 anno
2700 5234 3031 5311 Stephanus
3058 5252 3208 5312 papa
3238 5238 3420 5298 multa
3451 5239 3601 5298 mala

1553 5367 1789 5426 VARLE
1828 5371 2227 5431 LECTIONES.

271 5468 361 5508 ¹¹⁰⁹
387 5472 457 5534 in
482 5479 777 5554 margine,
810 5480 1013 5545 eadem
1038 5498 1225 5548 manu
1251 5490 1444 5564 suppl.
1484 5496 1533 5548 1.
1569 5490 1660 5526 “1°
1690 5494 1933 5572 Wiburg
1968 5497 2043 5556 1b.
