3992 6034
407 193 525 254 839

1568 184 2047 247 EKKEHARDI
2091 182 2647 246 URAUGIENSIS

3701 178 3814 238 840

406 343 618 399 passus
656 329 725 383 ab
757 326 1040 383 iiaistulfo
1070 322 1580 392 Longobardorum
1614 335 1769 389 rege,
1802 319 1961 375 venit
1984 318 2052 374 ad
2083 319 2140 379 A
2167 320 2557 389 gobardorum
2584 333 2713 374 eum
2743 314 2918 371 nichil
2951 328 3151 369 eorum
3177 327 3305 383 quae
3328 311 3483 369 datis
3512 313 3812 371 obsidibus

408 418 715 489 Pippinum
754 431 946 485 regem
974 416 1027 469 in
1078 414 1213 469 villa
1246 428 1373 483 qua)
1406 411 1622 466 dicitur
1654 409 1908 465 Carisius
1941 408 2051 478 ‘1”,

409 522 733 575 suggerens
765 507 836 575 ei,
877 511 938 562 ut
970 521 1030 559 se
1062 509 1121 559 et
1169 506 1477 557 Romanam
1512 499 1834 555 :ceclcsiam
1870 499 1940 554 ab
1974 499 2057 553 in-

409 596 723 651 festatione
742 593 1247 663 Longobardorum
1266 589 1625 645 defenderet.
1654 588 1821 643 Venit
1840 592 1894 642 et
1926 589 2058 642 kar-

411 684 738 753 lomannus,
766 685 947 737 frater
972 682 1149 749 regis,
1172 680 1286 748 jam
1315 678 1629 732 monachus
1655 678 1863 743 factus,
1884 677 2054 744 jussu

412 774 643 829 abbatis
668 772 778 841 sui,
807 776 868 826 ut
893 769 1043 840 apud
1072 770 1308 823 fratrem
1330 783 1494 822 suum
1520 766 1791 836 precibus
1816 764 2053 820 Romani

409 862 704 934 pontificis
738 860 1075 916 obsisteret.
1114 858 1334 912 Invitus
1364 858 1693 925 tamcn_hoe
1718 855 1925 911 fecisse
1956 871 2057 926 pu-

408 955 591 1009 tatur,
626 949 756 1019 quia
792 962 895 1003 nec
939 947 1035 1001 ille
1070 947 1301 1002 abbatis
1334 946 1419 1000 sui
1460 946 1619 1015 jussa
1660 949 2053 1013 contemnere,

410 1054 513 1094 nec
548 1038 729 1093 abbas
761 1037 858 1091 ille
898 1036 1190 1107 preceptis
1222 1035 1377 1102 regis
1400 1033 1931 1101 Longobardorum,
1961 1033 2055 1102 qui

407 1126 458 1182 ei
494 1128 600 1181 hoc
636 1126 964 1196 imperavit,
1001 1125 1251 1179 audebat
1288 1124 1586 1178 resistere.
1616 1124 1902 1193 (Rscrxo.)
1937 1122 2058 1177 Ste-

411 1216 636 1286 phanus
660 1221 852 1270 autem
880 1227 1027 1284 papa
1050 1212 1204 1283 apud
1220 1209 1877 1281 Parisiumaliquamdiu
1904 1208 2059 1264 infir-

409 1307 619 1370 matus,
656 1316 1003 1372 rursumque
1051 1315 1153 1372 per
1186 1304 1447 1356 sanctum
1498 1299 1817 1354 Dionisium
1852 1312 2059 1354 conva-

409 1393 657 1461 lescens,
709 1396 1014 1462 postquam
1048 1406 1077 1444 a
1110 1404 1244 1459 rege
1276 1389 1516 1459 Pippino
1568 1403 1673 1459 pro
1703 1394 1920 1442 sanctae
1952 1389 2058 1443 Ro-

410 1496 592 1536 manae
607 1480 891 1536 zecclcsiaz
911 1479 1244 1535 defensione
1265 1478 1594 1532 firmitatem
1612 1476 2055 1547 accepit,ipsum

409 1584 576 1625 sacra
612 1570 885 1626 unctione
933 1568 987 1623 in
1040 1568 1213 1637 regiae
1248 1567 1549 1636 dignitatis
1606 1566 1822 1620 honore
1854 1568 2059 1619 contir-

2167 414 2226 464 et
2279 410 2429 464 facto
2456 409 2786 478 juramcnto
2817 404 3085 475 promisit
3127 401 3504 473 complesset,
3538 404 3814 475 Pippinus

2169 512 2271 551 rex
2306 497 2514 552 iterum
2545 511 2672 551 cum
2722 493 2987 550 exercitu
3020 492 3245 547 italiam
3304 490 3565 559 veniens,
3599 508 3727 548 eum
3762 494 3808 548 in

2168 587 2339 655 Papia
2372 585 2622 649 obsedit,
2672 589 2728 639 et
2760 584 2830 637 ad
2864 580 3156 652 implenda
3204 596 3331 650 quae
3362 582 3634 650 promisit
3667 583 3813 637 obsi-

2168 673 2339 728 dione
2365 675 2585 742 coegit;
2609 672 3017 740 redditamque
3039 669 3151 724 sibi
3175 670 3505 724 Ravennam
3530 674 3589 724 et
3611 672 3814 726 Penta-

2167 762 2345 831 polim
2386 775 2734 830 omnemque
2765 759 3142 815 exarchatum
3176 757 3246 812 ad
3279 759 3613 813 Ravennam
3644 761 3813 830 perti-

2168 855 2397 905 nentem
2420 856 2622 905 sancto
2646 851 2820 904 Petro
2864 847 3046 909 dedit,
3073 846 3281 916 hisque
3305 848 3581 917 peractis,
3608 848 3664 902 in
3696 847 3812 903 Gal-

2169 938 2301 993 liam
2334 939 2527 993 rediit.
2566 941 2703 993 Post
2735 938 2903 1007 cujus
2961 938 3300 991 abscessum
3334 935 3659 992 Haistolfus
3688 952 3811 991 cum

2168 1041 2231 1082 ea
2268 1042 2395 1097 quae
2429 1027 2698 1097 promisit
2731 1027 2921 1081 denuo
2945 1028 3304 1080 commutare
3332 1024 3739 1095 meditaretur,
3764 1026 3815 1079 in

2167 1116 2477 1171 venatione
2501 1117 2571 1171 de
2592 1130 2741 1185 equo
2766 1130 2869 1171 suo
2899 1114 3211 1185 prolapsus
3234 1117 3290 1167 et
3337 1128 3409 1168 ex
3432 1114 3541 1169 hoc
3571 1115 3816 1171 inﬁrma-

2170 1209 2282 1269 tus,
2320 1204 2469 1259 intra
2506 1219 2722 1275 paucos
2755 1204 2882 1260 dies
2924 1203 3153 1259 vivendi
3190 1201 3357 1257 finem
3394 1203 3551 1258 fecit.
3589 1206 3690 1259 Cui
3722 1207 3818 1261 Dc-

2170 1293 2421 1349 siderius
2441 1293 2744 1349 successit.

2241 1402 2289 1454 4.
2326 1402 2408 1453 16.
2446 1403 2508 1455 Α.
2542 1401 2603 1453 D.
2638 1404 2760 1454 757.
2807 1397 3227 1469 constantinus
3285 1398 3605 1469 imperator
3665 1402 3819 1457 misit

2169 1487 2413 1559 Pippino
2455 1488 2575 1554 regi
2618 1468 3056 1557 munera,.inter
3089 1502 3215 1557 quin
3248 1492 3305 1541 et
3334 1503 3616 1557 organum
3647 1507 3658 1549 :
3696 1504 3819 1559 quas

2172 1577 2241 1630 ad
2289 1592 2415 1631 cum
2451 1577 2503 1631 in
2542 1576 2890 1647 Compendio
2935 1576 3070 1631 villa
3104 1580 3519 1647 pervenerunt,
3554 1579 3651 1633 ubi
3687 1583 3820 1634 tunc

414 1658 614 1725 mavit,
643 1663 850 1712 etcum
877 1672 943 1711 eo
977 1656 1120 1712 duos
1170 1657 1320 1711 ﬁlios
1352 1655 1496 1723 ejus,
1535 1654 1803 1709 Karolum
1834 1659 1890 1707 et
1922 1656 2052 1708 Kar-

2183 1666 2373 1736 populi
2408 1666 2495 1721 sui
2555 1664 2884 1733 generalem
2917 1668 3268 1721 conventum
3330 1665 3553 1721 habuit.
3591 1666 3733 1722 illuc
3766 1677 3819 1724 et

410 1747 764 1813 lomannum,
793 1761 920 1801 cum
952 1750 1137 1799 matre
1169 1759 1367 1799 eorum
1411 1743 1727 1797 Berhtrada
1756 1758 2057 1797 consecra-

410 1836 526 1901 vit;
548 1836 1018 1903 Francorumque
1041 1847 1319 1904 proceres
1353 1848 1459 1888 una
1491 1846 1619 1887 cum
1649 1831 1863 1900 populo
1889 1832 2058 1886 benc-

411 1924 664 1979 dictione
708 1922 1029 1993 apostolica
1064 1922 1456 1989 sanctificaus,
1513 1920 1867 1975 auctoritate
1904 1919 2055 1975 beati

409 2013 567 2068 Petri
602 2011 852 2082 apostoli
887 2011 1188 2080 obligavit,
1229 2016 1287 2065 et
1322 2015 1686 2079 protestatus
1719 2016 1809 2065 est
1840 2025 1959 2077 cos,
2000 2015 2059 2063 ut

410 2116 704 2171 nunquam
738 2101 867 2172 ipsi,
914 2100 1004 2154 vel
1039 2100 1253 2169 quique
1287 2114 1358 2153 ex
1389 2114 1586 2154 eorum
1623 2099 1919 2170 progenie,
1959 2113 2058 2169 per

410 2188 849 2247 succedentium
898 2187 1190 2243 curricula
1252 2193 1575 2258 temporum
1636 2187 1949 2257 progeniti,
1987 2188 2058 2241 de

409 2278 520 2334 alia
553 2278 737 2348 stirpe
787 2291 977 2345 regem
1016 2276 1125 2331 sibi
1172 2282 1580 2346 preponercnt,
1618 2276 1723 2331 nisi
1758 2291 1827 2331 ex
1856 2291 2053 2330 eorum

411 2367 750 2439 propagine,
787 2382 932 2436 quos
977 2365 1167 2421 divina
1201 2365 1569 2436 providentia
1606 2371 1742 2419 tunc
1775 2364 1828 2419 in
1862 2366 2058 2420 defen-

410 2457 625 2513 sionem
657 2455 939 2512 :ecclesizc
971 2455 1205 2523 dignata
1239 2458 1329 2509 ets
1352 2454 1686 2509 sublimare.
1729 2456 1913 2521 (lima.
1942 2455 2049 2510 Vit.

406 2547 638 2602 Kar.—
656 2545 713 2600 ν.
741 2544 1193 2600 ΒῖθνσΙι.-6⁷Ιιν.
1241 2543 1346 2613 W.)
1379 2544 1468 2597 Sic
1500 2557 1640 2610 ergo
1677 2543 1952 2613 Pippinus
1984 2559 2056 2598 ex

408 2634 671 2704 prefecto
698 2632 921 2704 palatii,
949 2632 1300 2687 auctoritate
1326 2632 1669 2702 apostolica,
1704 2632 2054 2687 sublimatus

409 2726 696 2777 etunctus
727 2721 781 2775 in
826 2722 1018 2776 sedem
1047 2721 1229 2789 regni,
1251 2726 1451 2790 postea
1496 2721 1936 2789 regnavitannis
1972 2726 2051 2791 15,

411 2809 717 2866 absolutus
766 2823 869 2880 per
899 2809 1145 2864 eundem
1194 2824 1399 2879 papam
1456 2812 1808 2880 Stephanum
1841 2825 1869 2864 a
1899 2810 2056 2879 jura-

410 2904 621 2970 mento,
651 2900 802 2970 quod
849 2900 967 2967 regi
1020 2898 1308 2955 Hildcrico
1332 2914 1460 2954 cum
1495 2899 1712 2954 ceteris
1758 2899 1915 2967 regni
1947 2899 2058 2969 pri-

2171 1754 2429 1809 Thassilo
2462 1756 2576 1808 dux
2625 1754 3022 1809 Bawariorum
3057 1769 3185 1808 cum
3240 1753 3596 1825 primoribus
3631 1758 3823 1823 gentis

2173 1857 2292 1897 sua)
2309 1843 2487 1907 venit,
2508 1842 2967 1911 ﬁdelitatemqne
2994 1841 3231 1912 tamipsi
3258 1842 3640 1913 regiPippino
3656 1859 3823 1914 quam

2175 1931 2308 1986 filiis
2333 1932 2458 2001 eius
2495 1930 2700 1985 Karolo
2725 1934 2779 1986 et
2819 1929 3202 1985 Karlomanno
3230 1930 3613 1998 jurejurando
3650 1948 3825 2003 supra

2171 2037 2384 2091 corpus
2410 2020 2595 2075 sancti
2630 2019 2872 2074 Dionisii
2904 2019 3195 2089 promisit,
3231 2034 3333 2073 nec
3368 2020 3553 2074 solum
3588 2021 3687 2089 ibi,
3724 2024 3818 2077 sed

2170 2110 2342 2163 etiam
2379 2124 2553 2179 supra
2585 2124 2801 2178 corpus
2846 2108 3030 2163 sancti
3065 2108 3289 2162 Martini
3340 2108 3596 2178 itemque
3633 2112 3816 2165 sancti

2170 2198 2435 2253 Germani
2470 2197 2520 2251 id
2560 2198 2745 2267 ipsum
2782 2202 3208 2251 sacramentum
3242 2212 3368 2253 cum
3405 2198 3680 2253 omnibus
3710 2200 3819 2269 pri-

2171 2287 2425 2342 matibus
2455 2286 2575 2342 suis
2610 2284 2877 2340 firmavit.

2240 2397 2287 2447 5.
2328 2398 2409 2447 17.
2446 2394 2508 2447 A.
2546 2394 2605 2446 D.
2648 2396 2769 2448 758.
2805 2390 3085 2463 Pippinus
3132 2405 3232 2447 rex
3262 2408 3388 2446 cum
3423 2393 3695 2448 exercitu
3728 2395 3820 2449 Sa-

2168 2482 2393 2536 xoniam
2428 2496 2740 2549 aggressus
2790 2485 2899 2550 est,
2933 2484 2991 2534 et
3026 2481 3288 2550 quamvis
3316 2482 3649 2538 Saxonibus
3685 2485 3820 2539 vali-

2168 2570 2403 2625 dissime
2434 2570 2846 2625 resistentibus
2875 2576 2929 2624 et
2952 2584 3014 2623 se
3045 2568 3463 2625 munitionibus
3488 2574 3817 2641 tuentibus,

2169 2658 2354 2730 pulsis
2386 2657 2921 2729 propugnatoribus
2952 2658 3175 2728 praelio,
3200 2673 3307 2728 per
3339 2659 3549 2729 ipsum,
3578 2676 3695 2730 quo
3731 2676 3823 2732 pa-

2166 2748 2335 2802 triam
2372 2748 2680 2803 defendere
2713 2749 3093 2817 conabantur,
3129 2747 3342 2801 vallum
3370 2747 3642 2811 intravit;
3669 2765 3826 2805 com-

2168 2837 2462 2905 missoque
2497 2837 2707 2907 passim
2742 2836 2966 2906 przelio,
3004 2835 3308 2906 plurimam
3342 2851 3411 2890 ex
3446 2837 3593 2907 ipsis
3627 2840 3826 2894 multi-

2167 2925 2423 2981 tudinem
2447 2925 2686 2995 occidit,
2713 2930 2773 2979 et
2796 2940 2893 2979 eos
2928 2924 2996 2979 ad
3030 2924 3135 2979 hoc
3166 2924 3377 2992 coegit,
3418 2929 3475 2979 ut
3516 2927 3826 2996 promitte-

412 2989 672 3087 moribus
692 2989 963 3095 “fecerat:
1001 2988 1327 3095 "ilflericus
1376 3004 1559 3095 Ῡξῖνοζ
1590 2988 1684 3071 (ΙΨ
1722 2988 1867 3095 ms?
1897 2989 2054 3087 Γῗὲίδ
2086 3031 2134 3095 C
2168 3020 2315 3083 rent,
2352 3029 2409 3069 se
2440 3029 2605 3069 omne
2630 2988 2781 3083 quod
2804 3013 3038 3083 jubcrct
3064 2988 3321 3068 facturos
3344 2988 3402 3068 et
3432 2988 3599 3070 annis
3624 3016 3827 3086 singu-

409 3078 639 3135 nomine
690 3078 1060 3147 fungebatur,
1100 3082 1266 3134 tonso
1299 3077 1512 3148 capite,
1548 3078 1604 3132 in
1637 3078 2051 3133 monasterium

409 3168 618 3223 missus
649 3170 737 3223 est
770 3166 883 3221 “1’.

476 3261 526 3311 ‘2.
564 3259 648 3309 14.
688 3257 871 3321 (Emu.
903 3256 998 3325 Α.)
1050 3256 1112 3310 Α.
1148 3257 1209 3309 D.
1245 3260 1368 3311 755.
1396 3259 1416 3279 ’⁸
1445 3255 1723 3326 Pippinus
1755 3271 1878 3323 rex,
1911 3256 2055 3311 invi-

411 3347 572 3400 tante
602 3357 669 3398 ae
700 3346 939 3411 rogante
980 3342 1250 3413 prcdicto
1284 3358 1431 3415 papa
1464 3344 1774 3415 Stephano,
1812 3350 2052 3416 propter

386 3432 700 3503 justiciam
723 3432 876 3487 beati
900 3430 1059 3485 Petri
1081 3431 1329 3502 apostoli
1349 3432 1688 3501 exigendam
1711 3448 1740 3487 a
1765 3449 1896 3502 rege
1916 3436 2054 3490 Lon-

403 3520 798 3591 gobardorum
828 3518 1138 3589 IIaistulfo,
1168 3521 1390 3576 Italiam
1411 3536 1541 3577 cum
1565 3536 1734 3578 manu
1758 3522 1946 3579 valida
1970 3523 2053 3578 in-

404 3609 602 3679 travit,
666 3608 1196 3679 resistentibusque
1253 3610 1649 3680 Longobardis
1678 3616 1734 3666 et
1792 3610 2051 3667 claustra

405 3697 588 3754 Italiae
614 3698 934 3767 tuentibus,
956 3698 1025 3752 ad
1056 3698 1215 3769 ipsas
1240 3700 1516 3754 montium
1540 3699 1737 3756 clusas
1770 3701 2050 3756 acerrime

405 3792 725 3858 pugnatum
758 3791 867 3856 est,
904 3788 1371 3857 cedentibusque
1395 3789 1813 3860 Longobardis,
1851 3806 2050 3846 omnes

402 3876 585 3947 capite
602 3877 953 3932 Francorum
969 3876 1357 3932 intraverunt.
1381 3877 1700 3933 Haistolfus
1722 3894 1859 3934 vero
1876 3895 1978 3934 rex
1992 3879 2046 3934 in

400 3964 573 4036 Papia
611 3964 850 4021 civitate
898 3979 960 4021 se
992 3964 1250 4033 inclusit,
1289 3981 1456 4036 quem
1490 3966 1770 4038 Pippinus
1804 3984 1901 4024 rex
1936 3972 2048 4023 tam

402 4052 500 4112 diu
535 4053 786 4123 obsedit,
847 4054 1028 4110 donec
1089 4054 1384 4109 firmitatis
1440 4070 1616 4111 causa
1648 4072 1753 4127 pro
1788 4057 2046 4113 facienda

400 4149 618 4201 sancta:
649 4145 917 4199 Romanae
943 4143 1227 4199 :ecclcsiie
1255 4144 1492 4213 justicia
1526 4146 1765 4201 obsides
1794 4150 1862 4201 40
1889 4161 2048 4202 rece-

399 4232 502 4304 pit.
539 4231 760 4297 Quibus
792 4231 964 4301 datis,
998 4232 1421 4303 promissisque
1447 4234 1829 4305 jurejurando
1860 4236 2047 4292 ﬁrma-

399 4321 498 4390 tis,
518 4320 796 4391 Pippinus
811 4321 1042 4390 quidem
1058 4322 1290 4377 domum
1316 4323 1512 4392 rediit,
1530 4325 1881 4395 Stephanum
1906 4342 2045 4384 vero

2167 3102 2356 3159 lis300
2388 3117 2569 3174 equos
2586 3118 2758 3160 causa
2800 3103 3039 3158 honoris
3079 3103 3460 3159 daturosllis
3485 3104 3563 3159 ita
3587 3120 3825 3176 compo-

2166 3192 2296 3247 sitis
2320 3196 2375 3248 ct
2403 3208 2560 3247 more
2585 3193 2865 3248 Saxonico
2891 3197 2949 3248 ut
2978 3194 3105 3246 rata
3136 3198 3333 3248 essent
3354 3192 3746 3265 confirmatis,
3766 3196 3823 3249 in

2165 3280 2404 3336 Galliam
2449 3281 2768 3351 repedavit.
2806 3313 2871 3319 —
2905 3279 3119 3336 Paulus
3170 3294 3317 3352 papa
3348 3280 3475 3335 93us
3533 3281 3685 3337 sedit
3723 3296 3824 3337 an-

2163 3385 2270 3427 nos
2307 3376 2394 3426 10.

2233 3480 2282 3533 6.
2319 3482 2401 3534 18.
2437 3480 2497 3533 A.
2536 3479 2593 3531 D.
2630 3480 2777 3532 750*⁹
2830 3478 3011 3532 Natus
3058 3481 3148 3533 est
3177 3477 3420 3548 Pippino
3481 3477 3603 3548 regi
3642 3478 3821 3548 filius,

2163 3581 2330 3638 quem
2356 3582 2459 3621 suo
2486 3566 2711 3621 nomine
2746 3566 3049 3636 Pippinum
3073 3566 3268 3622 vocari
3295 3565 3506 3635 voluit,
3534 3566 3638 3623 sed
3674 3583 3827 3638 puer

2163 3657 2467 3711 immatura
2503 3658 2687 3710 morte
2718 3659 3052 3724 preventus,
3077 3656 3262 3712 tercio
3294 3660 3426 3727 post
3446 3656 3822 3712 nativitatem

2159 3759 2319 3801 suam
2353 3758 2501 3799 anno
2536 3743 2811 3799 decessit.

2302 3871 2322 3891 ‘
2353 3870 2415 3941 Dr.
2450 3870 2509 3924 E.
2542 3867 2777 3924 addunt
2806 3887 2817 3920 :
2854 3870 3104 3941 Sanetus
3132 3867 3437 3941 Cingulqu
3461 3868 3517 3924 in
3551 3870 3820 3941 Burgun-

2373 3940 2463 3995 dia
2498 3955 2527 3994 a
2561 3940 2810 4009 quodam
2843 3940 3084 4012 occisus
3108 3944 3196 3996 est
3225 3940 3443 3996 clerico
3468 3956 3576 4012 pro
3608 3940 3819 3998 uxoris

2371 4026 2490 4068 suae
2518 4012 2629 4066 sibi
2664 4012 2929 4066 adamato
2956 4011 3266 4068 adulterio.

2227 4143 2278 4195 7.
2316 4140 2406 4193 19.
2449 4140 2511 4192 Α.
2545 4138 2606 4192 D.
2642 4140 2762 4192 760.
2800 4137 3109 4194 Waifarius
3169 4136 3287 4193 dux
3318 4137 3650 4209 Aquitaniae
3682 4155 3818 4199 cum

2158 4242 2253 4283 res
2283 4226 2698 4295 aacclesiarum,
2734 4240 2863 4297 qua:
2904 4226 2958 4281 in
2990 4242 3093 4283 sua
3125 4231 3419 4299 potestate
3447 4233 3617 4284 erant
3652 4234 3711 4285 et
3744 4228 3816 4285 ad

2159 4315 2463 4374 :ccclesias
2492 4317 2601 4371 sub
2632 4330 2801 4371 manu
2836 4314 3063 4387 Pippini
3096 4316 3252 4386 regis
3289 4317 3654 4374 constitutas
3685 4333 3820 4390 per-

399 4387 605 4480 papam
631 4387 761 4464 cum
788 4387 1035 4465 Folrado
1067 4408 1371 4479 capellano
1397 4416 1453 4465 et
1480 4387 1593 4467 non
1618 4387 1848 4470 minima
1876 4417 2047 4473 Fran-

2187 4406 2443 4476 inebant,
2500 4404 2746 4460 reddere
2795 4404 3099 4476 noluisset,
3135 4405 3441 4476 ipsumque
3473 4387 3818 4480 regem—pro

396 4511 599 4553 corum
624 4511 793 4553 manu
824 4498 1057 4553 Romam
1092 4499 1336 4554 remisit.
1382 4500 1803 4559 Karlomannus
1827 4510 2040 4578 autem,

398 4586 584 4641 frater
613 4587 789 4658 regis,
826 4586 924 4658 qui
973 4602 1103 4643 cum
1136 4589 1454 4646 Berhtrada
1507 4592 1702 4660 regina
1738 4592 1793 4649 in
1826 4595 2045 4653 Vienna

395 4676 638 4734 civitate
658 4676 957 4741 remansit,
975 4683 1284 4751 correptus
1300 4680 1480 4751 febre,
1500 4681 1836 4752 priusquam
1854 4700 2047 4741 rever-

394 4770 632 4825 turetur
662 4767 843 4835 obiit;
894 4767 1084 4837 cujus,
1120 4784 1337 4840 corpus
1364 4770 1532 4839 jussu
1561 4771 1718 4839 regis
1747 4773 1817 4828 ad
1852 4789 2045 4834 mona-

396 4857 642 4916 sterium
673 4857 859 4915 sancti
886 4858 1203 4929 Benedicti,
1240 4859 1334 4915 ubi
1369 4861 1686 4918 monachus
1723 4868 1868 4933 crat,
1897 4866 2043 4921 rela-

394 4953 515 5005 tum
540 4948 1013 5006 est.Sanctus“‘13
1029 4950 1359 5006 Bonifacius
1384 4956 1696 5022 passusest
1715 4953 1879 5015 (σὴν.
1912 4957 2037 5027 Πῖ).

530 5039 555 5063 "
588 5039 1052 5167 %.E.baddzmt:
1091 5040 1500 5097 Constantinus
1534 5077 1538 5080 ~
1566 5078 1569 5081 ι
1598 5044 1941 5112 tyrannizat.
1969 5059 2044 5102 ea:

653 5125 751 5167 we
794 5152 805 5165 .

653 5125 805 5181 zyeo.

467 5200 517 5253 3.
553 5202 637 5255 15.
674 5199 861 5267 (Ειιηιι.
910 5202 1009 5271 Α.)
1062 5201 1125 5255 Α.
1160 5201 1221 5254 D.
1258 5205 1380 5258 756.
1416 5201 1736 5260 Haistolfus
1768 5216 1871 5259 rex
1901 5193 2042 5262 Lon-

2159 4496 2247 4552 his
2276 4509 2380 4566 per
2410 4495 2635 4564 legatos
2668 4508 2809 4550 suos
2850 4508 2914 4549 se
2945 4500 3405 4551 commonentem
3437 4496 3647 4552 audire
3678 4511 3820 4554 con-

2159 4584 2519 4655 tempsisset,
2580 4582 2940 4639 contumacia
3011 4598 3117 4640 sua
3174 4584 3422 4641 eundem
3482 4598 3683 4655 regem
3741 4585 3818 4643 ad

2157 4672 2589 4746 suscipiendum
2623 4676 2827 4729 contra
2858 4687 2920 4729 se
2953 4672 3168 4729 bellum
3192 4673 3531 4729 concitavit.
3565 4675 3821 4732 Contra-

2151 4764 2265 4821 ctis
2294 4777 2433 4832 ergo
2466 4775 2569 4818 rex
2613 4761 2868 4832 undique
2895 4762 3098 4833 COpiis.
3136 4762 3507 4832 Aquitaniam
3538 4764 3813 4836 intravit,

2156 4867 2332 4922 seque
2367 4865 2455 4908 res
2483 4866 2549 4907 ac
2576 4851 2848 4921 justieias
2875 4849 3269 4907 {ecclesiarum
3296 4855 3644 4909 exacturum
3678 4867 3818 4925 pro-

2155 4940 2477 4997 nunciavit.
2547 4942 2801 5011 Cumque
2851 4940 2907 4994 in
2966 4940 3092 4997 loco
3147 4940 3242 5011 qui
3303 4941 3521 4997 dicitur
3568 4943 3812 5000 Tedoad

2154 5030 2364 5101 positis
2414 5029 2626 5085 castris
2683 5026 3074 5099 consedisset,
3108 5028 3421 5086 Waifarius
3450 5029 3609 5087 bello
3668 5046 3814 5089 con-

2154 5124 2384 5176 certare
2444 5135 2556 5175 non
2613 5133 2810 5190 ausus,
2873 5119 3047 5176 missa
3105 5119 3397 5190 legatione
3452 5119 3527 5176 ad
3579 5135 3807 5193 regem,

2154 5208 2489 5280 spopondit,
2521 5223 2584 5266 se
2616 5208 2898 5281 imperata
2931 5209 3238 5282 facturum,
3264 5208 3815 5282 tecclesiarumjus-

1740 5301 1977 5357 VARUE
2041 5304 2338 5363 LECTION
2344 5306 2446 5364 ES.

469 5390 559 5472 “_“
584 5390 835 5472 carisius
870 5396 1027 5472 post.
1062 5408 1214 5457 corr.
1271 5399 1525 5472 parisius
1557 5401 1635 5457 1b.

385 5466 593 5537 postea
632 5464 848 5526 addita
870 5464 1019 5528 Eunt
1037 5476 1085 5529 1.

1743 5399 1927 5458 1min
1960 5406 2007 5489 _1.
2041 5416 2166 5463 una
2192 5405 2252 5463 et
2283 5405 2543 5466 dimidia
2566 5406 2729 5465 linea
2756 5417 2943 5466 eram
2957 5406 3115 5466 sunt.

3218 5405 3309 5443 ³1⁸³
3336 5408 3587 5471 Sanctus
3614 5441 3685 5453 —
3716 5414 3816 5470 est
