3992 6062
147 273 261 334 841

1033 268 1473 332 (INRONICA.
1508 305 1586 315 —
1614 267 2090 332 CHRONICON
2137 267 2685 334 UNIVEHSALE.

3435 278 3552 338 842

151 406 359 463 sticias
376 405 770 470 redditurum;
793 403 1393 460 ceditetiamobsides
1424 402 1572 460 duos
1607 401 1677 459 de
1694 403 1806 476 pri-
1834 404 1890 464 A
1921 403 2226 475 positoque
2258 403 2337 460 ibi
2361 409 2420 461 et
2443 404 2497 460 in
2515 405 2772 462 Biturica
2787 404 3026 462 civitate
3073 408 3332 478 presidio
3365 423 3559 481 regre-

155 493 625 564 moribusgentis
667 491 1036 563 Adalgarium
1057 497 1118 548 et
1166 491 1650 564 Itherium.(C'ltr.
1697 491 1804 564 W.)

154 582 381 649 Quibus
405 580 684 653 acceptis,
721 595 870 636 rexa
913 580 1066 636 bello
1109 580 1413 651 abstinuit,
1457 581 1807 650 domumque

1919 490 2105 548 ditur.

1992 583 2076 636 14.
2111 583 2198 636 26.
2263 584 2328 637 Α.
2364 583 2424 637 D.
2486 584 2649 638 767.‘
2701 583 2839 638 Orta
2888 584 3196 654 questione
3226 585 3297 641 de
3356 592 3557 643 sancta

156 669 332 727 rediit
354 671 684 726 ——Sanctus
714 668 1030 748 Othmarus
1062 669 1113 723 in
1141 667 1388 724 insulam
1431 683 1559 740 quae
1591 667 1808 724 dicitur
1916 669 2199 726 Trinitate
2229 669 2380 726 etde
2401 677 2737 728 sanctorum
2765 672 3112 742 imaginibus
3136 674 3286 729 inter
3309 675 3560 730 orienta-

159 757 319 814 Stein
355 757 668 828 relegatus,
691 757 964 826 migravit
993 756 1083 788 ωδ
1116 756 1186 811 ad
1216 758 1412 812 Deum.

231 849 282 902 8.
319 851 388 903 20
417 845 601 915 (Emu.
630 846 726 918 Α.)
761 847 822 900 Α.
863 845 920 900 D.
975 847 1097 900 761.
1132 845 1443 901 Waifarius
1490 843 1625 900 licet
1655 843 1809 900 obsi-

157 937 268 994 des
325 934 588 992 dedisset
639 939 698 990 et
719 939 1081 990 sacramenta
1099 933 1382 1004 jurasset,
1405 933 1590 989 satius
1616 938 1807 988 tamen

159 1032 350 1096 ratus,
375 1024 422 1080 si
453 1023 522 1079 de
547 1021 712 1080 illato
741 1022 849 1079 sibi
877 1022 1030 1080 bello
1062 1023 1350 1094 superiori
1368 1036 1517 1078 anno
1531 1021 1808 1078 ultionem

162 1113 451 1183 exigeret,
486 1111 830 1180 exercitum,
867 1110 962 1180 qui
1001 1112 1352 1167 Francorum
1405 1109 1811 1181 possessiones

166 1201 574 1274 popularetur,
591 1213 777 1270 usque
791 1197 861 1254 ad
885 1197 1240 1254 Cabillonem
1258 1198 1556 1254 civitatem
1573 1197 1708 1254 fecit
1722 1211 1814 1254 ac-

163 1290 396 1346 cedere.
432 1289 596 1356 Quod
627 1303 759 1344 cum
788 1287 1034 1359 Pippino
1060 1286 1540 1357 regi,gcneralem
1566 1301 1816 1343 conven-

167 1385 288 1435 tum
325 1376 585 1449 agentiin
608 1374 746 1432 Vllla
770 1375 965 1444 Duria,
995 1375 1329 1431 nunciatum
1346 1374 1574 1443 fuisset,
1593 1374 1816 1430 coactis

169 1467 424 1538 undique
472 1464 752 1534 consiliis,
799 1479 931 1522 cum
973 1478 1180 1533 magno
1233 1462 1370 1519 belli
1430 1467 1712 1536 apparatu
1759 1463 1814 1520 in

169 1556 538 1628 Aquitaniam
561 1555 880 1626 ingressus,
915 1553 1104 1610 omnia
1137 1554 1289 1610 ferro
1313 1557 1372 1609 et
1401 1553 1533 1623 igne
1569 1553 1817 1610 vastavit

175 1651 232 1702 et
269 1644 530 1717 quaedam
551 1643 763 1716 Oppida
787 1648 842 1698 et
867 1643 1108 1701 castella
1141 1658 1307 1699 manu
1348 1641 1524 1714 cepit,
1557 1641 1818 1714 quaedam

1920 755 2030 812 lem
2063 760 2119 812 et
2156 757 2578 814 occidentalem
2611 757 2950 829 aecclesiam,
2985 759 3040 814 id
3073 761 3564 820 estinterGrecos

1919 851 1980 901 et
2011 846 2319 917 Romanos,
2353 847 2633 919 Pippinus
2659 861 2764 904 rex
2800 847 2854 903 in
2905 847 3038 904 villa
3102 849 3422 906 Gentiliaco
3456 852 3558 924 [αηί.

1921 933 2318 992 Salmonciaco
2369 934 2478 1006 111τ]
2543 936 2822 1007 synodum
2871 937 3094 1008 habuit,
3163 939 3562 1011 ventilataque

1922 1023 2249 1094 questione,
2282 1024 2352 1080 ad
2387 1023 2601 1081 bellum
2635 1024 2961 1096 predictum
2984 1025 3404 1083 conﬁciendum
3428 1032 3560 1098 post

1921 1111 2114 1168 natale
2148 1113 2637 1184 Dominiseptimo
2670 1113 2724 1169 in
2754 1115 3119 1184 Aquitaniam
3148 1115 3561 1186 proﬁciscitur;

1923 1199 2240 1270 multisque
2271 1199 2536 1257 castellis
2565 1206 2620 1256 et
2647 1201 2810 1272 pagis
2829 1202 3040 1274 captis,
3085 1202 3357 1258 Viennam
3376 1220 3571 1260 rever-

1925 1289 2092 1360 titur,
2129 1289 2326 1361 ibique
2357 1289 2886 1362 paschacelebrato
2909 1297 2964 1347 et
2995 1293 3255 1348 exercitu
3278 1300 3565 1350 recreato.

1926 1391 2126 1434 mense
2159 1379 2428 1448 Augusto
2461 1377 2531 1434 ad
2567 1378 2850 1450 reliquias
2871 1379 3006 1435 belli
3045 1381 3340 1452 profectus
3365 1387 3476 1452 est,
3512 1388 3572 1437 et

1927 1467 2243 1523 Bituricam
2274 1467 2533 1538 veniens,
2567 1473 2917 1524 conventum
2953 1469 3008 1524 in
3067 1485 3271 1540 campo
3321 1470 3523 1527 habuit
3557 1489 3570 1537 ;

1928 1555 2176 1628 indeque
2201 1554 2272 1611 ad
2306 1556 2630 1612 Garonnam
2659 1556 2895 1614 ﬁuvium
2922 1557 3226 1628 accedens,
3281 1559 3458 1616 multa
3484 1575 3575 1616 ca-

1931 1644 2103 1701 stella
2118 1649 2174 1700 et
2191 1651 2388 1717 petras
2407 1649 2582 1716 atque
2607 1645 3004 1717 speluncas.in
3021 1647 3232 1718 quibus
3247 1663 3307 1704 se
3322 1649 3574 1705 hostium

177 1733 386 1790 victori
421 1748 482 1788 se
514 1731 670 1789 ultro
691 1731 1004 1788 dederunt.
1047 1733 1302 1802 Cumque
1333 1730 1520 1820 omnia
1539 1729 1820 1820 vastando
1849 1761 1904 1820 B
1934 1733 2250 1790 multitudo
2285 1731 2530 1806 plurima
2557 1735 2929 1804 defendebat,
2963 1736 3139 1806 cepit,
3191 1751 3577 1807 reversusque

178 1822 512 1878 Lemovicas
539 1821 814 1880 venisset.
858 1834 1169 1891 regressus
1225 1824 1334 1887 est,
1393 1819 1722 1889 iterumque
1765 1818 1820 1874 in

177 1910 471 1967 Carisiaco
501 1909 764 1966 hibernis
787 1909 1022 1978 habitis,
1043 1907 1237 1964 natale
1262 1907 1483 1963 Domini
1515 1911 1575 1963 et
1607 1906 1821 1979 pascha

175 1999 254 2055 ibi
281 1999 526 2070 peregit.
559 2000 614 2054 1n
646 1999 753 2055 hac
777 1998 1156 2070 expeditione
1174 1995 1508 2054 fuitcumeo
1525 1995 1679 2052 ﬁlius
1697 1995 1825 2066 ejus

175 2087 605 2160 primogenitus
627 2087 895 2158 Karolus,
917 2087 987 2143 ad
1008 2101 1177 2158 quem
1210 2090 1338 2158 post
1393 2085 1582 2158 patris
1600 2085 1824 2142 obitum

175 2177 367 2232 omnis
398 2176 625 2248 imperii
661 2190 884 2233 summa
915 2175 1201 2247 pervenit.

253 2267 304 2320 9.
331 2269 416 2320 21.
464 2267 526 2320 Α.
553 2264 1066 2336 D.762.Pippinus
1098 2267 1492 2334 rexsuscepto
1533 2276 1563 2318 a
1597 2277 1659 2320 se
1675 2262 1828 2320 bello

186 2353 356 2408 ﬁnem
390 2354 689 2426 imponere
720 2353 985 2425 cupiens,
1024 2352 1210 2409 tercio
1253 2351 1619 2423 Aquitaniam
1653 2351 1831 2408 intra-

181 2443 290 2512 vit,
323 2441 626 2514 captisque
652 2441 906 2498 Biturica
937 2441 1178 2498 civitate
1205 2445 1263 2498 et
1282 2439 1532 2498 castello
1573 2440 1828 2512 Toarcis,

187 2531 528 2602 revertitur,
552 2531 944 2602 hiemavitque
977 2531 1032 2586 in
1055 2530 1191 2587 villa
1212 2529 1551 2587 Gentiliaco.

260 2626 347 2678 10.
375 2625 460 2678 22.
501 2622 641 2677 A.D.
699 2625 823 2676 763.
857 2620 1155 2692 Pippinus,
1199 2619 1398 2677 habito
1439 2625 1730 2677 conventu
1778 2620 1833 2676 in

184 2711 480 2780 Nivernis,
517 2713 727 2780 quarto
758 2709 1124 2780 Aquitaniam
1182 2708 1440 2779 intravit,
1493 2709 1836 2779 cunctisque

188 2806 360 2858 extra
395 2799 745 2856 munitiones
773 2799 1021 2855 vastatis
1045 2813 1226 2868 usque
1241 2799 1308 2854 ad
1325 2797 1598 2870 oppidum
1623 2797 1838 2854 Cadur-

190 2890 342 2946 ciam
366 2881 622 2959 “°‘,cum
665 2888 896 2956 integro
918 2889 1183 2944 exercitu
1214 2889 1268 2943 in
1295 2887 1591 2944 Franciam
1630 2902 1693 2943 sc
1753 2901 1841 2943 re-

189 2983 490 3052 capturus,
503 2992 604 3049 per
625 2977 988 3033 Lemovicum
1010 2992 1131 3048 regi
1147 2977 1362 3033 editur.
1381 2977 1552 3047 (Ann.
1572 2978 1748 3034 Lawr.
1771 3009 1840 3017 —

1935 1821 2272 1892 Bituricam,
2303 1823 2626 1880 exercitum
2658 1823 2714 1878 in
2747 1823 2985 1879 hiberna
3022 1823 3262 1880 dimisit.

2075 1947 2097 1970 "
2128 1947 2189 2000 D.
2226 1947 2287 2002 E.
2323 1946 3086 2005 addunt:Constantinusi.
3140 1955 3199 2003 et
3248 1950 3319 2004 ll.
3379 1964 3428 2004 a.
3478 1964 3581 2006 rex

2136 2017 2594 2146 ἓθζιὸεὲοθηοισιιη]
2626 2019 2754 2090 pari
2781 2051 2834 2059 —-
2855 2019 3225 2092 profundum.
3251 2034 3340 2077 ex.
3375 2021 3582 2093 Sigeb.

2009 2181 2094 2233 16.
2126 2180 2214 2234 27.
2254 2181 2316 2234 A.
2352 2179 2414 2233 D.
2451 2181 2573 2234 768.
2634 2178 2920 2251 Pippinus
2975 2179 3030 2235 in
3083 2179 3338 2236 Biturica
3391 2178 3584 2236 natale

1937 2265 2162 2323 Domini
2191 2265 2534 2338 celebravit,
2569 2272 2629 2323 et
2685 2282 2817 2323 cum
2864 2268 3113 2340 primum
3137 2267 3209 2324 ad
3265 2267 3584 2337 gerendum

1941 2351 2154 2410 bellum
2173 2357 2404 2426 tempus
2423 2350 2621 2426 aptum
2641 2354 3144 2425 videret,evocato
3161 2355 3589 2425 undiqucexer-

1941 2443 2084 2514 citu,
2122 2442 2190 2498 ad
2208 2442 2575 2500 Santonicam
2623 2443 2924 2500 civitatem
2949 2443 3274 2510 contendit;
3299 2448 3586 2515 captoque

1943 2533 2000 2588 in
2033 2531 2624 2602 itinereRimisteino,
2657 2547 2787 2589 cum
2814 2531 2886 2588 ad
2918 2534 3119 2589 urbem
3151 2532 3472 2605 predictam
3496 2547 3589 2588 ve-

1944 2623 2149 2690 nisset,
2187 2626 2371 2679 mater
2394 2626 2454 2678 et
2475 2636 2644 2678 soror
2664 2625 2721 2678 et
2770 2627 2976 2694 neptes
3032 2622 3292 2678 Waifarii
3320 2622 3488 2679 ducis
3517 2621 3584 2677 ad

1945 2727 2073 2768 eum
2109 2711 2377 2768 adductae
2397 2709 2726 2778 sunt.Quas
2759 2727 2887 2768 cum
2914 2712 3006 2784 pie
3024 2717 3331 2783 susceptas
3367 2726 3588 2767 servari

1941 2801 2244 2871 iussisset,
2277 2800 2348 2857 ad
2377 2801 2699 2856 Garonnam
2751 2800 2988 2857 ﬂuvium
3039 2800 3456 2872 proﬁciscitur.
3483 2799 3590 2856 Ubi

1947 2890 1998 2946 ei
2033 2889 2360 2960 Heriwigus
2390 2887 2482 2922 “1°
2501 2904 2632 2946 cum
2659 2888 2766 2945 alia
2797 2889 3006 2960 prefati
3055 2889 3223 2946 ducis
3251 2905 3452 2946 sorore
3499 2905 3593 2945 oc-

1947 2978 2154 3048 currit,
2189 2993 2366 3049 seque
2397 2983 2457 3033 et
2486 2978 2639 3034 illam
2657 2976 3264 3048 regitradiditjiebus
3294 2977 3593 3048 igiturali-

191 3069 363 3126 Eme.
396 3069 492 3140 Α.)
516 3066 739 3123 Tassilo
785 3066 904 3122 dux
945 3067 1224 3123 Bawarize
1269 3071 1629 3138 postponens
1651 3081 1842 3123 sacra-
1873 3117 1919 3140 η
1951 3071 2095 3139 quot
2119 3067 2610 3139 prosperegestis,
2637 3082 2737 3122 rex
2771 3067 3108 3136 revertitur,
3135 3072 3194 3122 et
3238 3067 3292 3122 in
3347 3067 3594 3123 castello

193 3161 394 3215 menta
419 3117 887 3228 quzejuraverat,
937 3159 992 3212 et
1025 3155 1248 3213 oblitus
1269 3117 1487 3211 ιὀιῐηῖἱίι
1534 3156 1680 3210 bona
1713 3169 1840 3226 qua:
1871 3117 1922 3181 α
1951 3117 2104 3229 quod
2119 3117 2363 3212 lvdiciltur
2386 3117 2512 3211 Sacls
2545 3117 3124 3227 paschacelebravit,;
3171 3160 3593 3227 assumptaque

191 3245 305 3302 sibi
337 3243 660 3301 avunculus
693 3259 838 3301 suus
869 3244 1153 3316 Pippinus
1176 3259 1278 3299 rex
1305 3245 1542 3313 fecerat,
1571 3243 1840 3300 simulata

191 3333 558 3402 inﬁrmitate,
591 3335 662 3389 ab
705 3333 810 3390 hac
841 3333 1216 3404 expeditione
1257 3347 1364 3404 per
1395 3331 1591 3410 dolum
1616 3346 1680 3389 se
1710 3333 1846 3388 sub-

193 3421 384 3492 duxit,
421 3427 477 3477 et
512 3421 566 3476 in
599 3421 924 3478 Bawariam
951 3421 1158 3489 rediit;
1189 3421 1536 3492 ﬁrmatoque
1568 3420 1639 3476 ad
1693 3421 1846 3478 defe-

193 3511 451 3568 ctionem
484 3511 692 3579 animo,
712 3510 782 3566 ad
799 3515 1180 3582 conspectum
1199 3510 1353 3580 regis
1370 3524 1431 3566 sc
1447 3509 1696 3567 ulterius
1711 3525 1846 3567 ven-

195 3604 396 3656 turum
419 3598 729 3670 abjuravit.
785 3600 907 3656 Rex
930 3603 1122 3656 autem
1155 3597 1400 3655 dimisso
1446 3599 1732 3669 exercitu,
1787 3599 1843 3654 in

193 3687 337 3744 villa
371 3687 654 3758 Longlare
687 3688 979 3745 hiemavit.

273 3782 356 3832 11.
387 3779 474 3833 23.
511 3778 574 3832 A.
604 3778 663 3832 Ι).
699 3779 823 3833 764.
855 3777 978 3832 Rex
1005 3776 1306 3848 Pippinus,
1369 3776 1657 3833 distracto
1681 3775 1734 3831 in
1767 3775 1848 3831 di-

198 3880 368 3922 versa
399 3866 590 3922 animo
623 3872 862 3938 propter
885 3866 1000 3923 duo
1049 3865 1222 3930 bella.
1257 3866 1663 3938 Aquitanicum
1693 3865 1852 3922 scili-

197 3959 294 4011 cet
325 3954 442 4024 jam
471 3954 608 4011 olim
633 3959 970 4027 susceptum
997 3961 1057 4012 et
1079 3956 1438 4012 Bawarieum
1464 3959 1704 4027 propter
1718 3956 1852 4010 Tas-

199 4044 412 4101 silonis
431 4045 597 4102 ducis
609 4045 996 4102 defectionem
1022 4044 1479 4116 suscipiendum,
1498 4049 1849 4100 conventum

197 4132 406 4206 populi
437 4133 523 4191 sui
555 4134 761 4192 habuit
787 4135 843 4190 in
876 4135 1224 4204 Wormacia,
1248 4133 1548 4204 dilataque
1591 4133 1645 4188 in
1701 4133 1854 4189 futu-

200 4237 331 4279 rum
357 4223 748 4295 expeditione,
786 4223 888 4281 illo
921 4211 1071 4280 anno
1104 4239 1166 4280 se
1191 4223 1344 4280 domi
1377 4222 1688 4279 continuit.

276 4316 362 4368 12.
403 4315 582 4369 24.11.
614 4313 678 4375 Ι).
713 4317 836 4368 765.
881 4313 1162 4385 Pippinus
1218 4311 1551 4382 generalem
1607 4325 1854 4368 conven-

197 4407 327 4458 tum
351 4401 406 4456 in
429 4401 693 4458 Atiniaco
719 4401 854 4458 villa
879 4401 1101 4473 habuit,
1131 4401 1234 4458 sed
1267 4406 1325 4457 et
1375 4401 1484 4458 hoc
1515 4415 1664 4457 anno
1720 4414 1856 4457 nus-

1953 3260 2151 3303 secum
2183 3259 2366 3302 uxore
2404 3260 2506 3302 sua
2525 3249 2700 3316 atque
2745 3245 2980 3316 familia,
3039 3245 3246 3301 iterum
3280 3245 3347 3300 ad
3393 3243 3595 3300 urbem

1953 3335 2321 3392 Santonicam
2337 3333 2493 3391 venit
2525 3351 2538 3398 ;
2573 3333 3021 3405 dimissaqueibi
3058 3349 3237 3390 uxore
3269 3349 3333 3390 ac
3359 3333 3593 3403 familia,

1953 3439 2084 3481 cum
2118 3424 2388 3481 omnibus
2409 3421 2597 3495 copiis
2631 3423 2699 3478 ad
2751 3424 3214 3495 persequendum
3262 3422 3598 3479 Waifarium

1955 3513 2161 3570 ducem
2190 3513 2443 3569 animum
2477 3511 2748 3583 intendit,
2785 3527 2890 3568 nec
2921 3513 3084 3583 prius
3121 3513 3410 3568 desistere
3437 3510 3601 3566 insti-

1955 3603 2089 3673 tuit,
2117 3617 2285 3674 quam
2307 3606 2410 3658 aut
2431 3601 2878 3674 vivum:caperct
2907 3607 3004 3658 aut
3033 3600 3408 3658 rebellantem
3427 3600 3602 3655 inter-

1957 3691 2178 3746 ﬁceret.
2199 3687 2323 3755 Quo
2337 3689 2647 3746 interfecto
2673 3690 2726 3744 in
2753 3689 3058 3746 territorio
3075 3688 3451 3759 Petragorico
3467 3706 3602 3746 con-

1959 3781 2230 3850 feetoque
2260 3777 2416 3835 bello
2439 3777 2807 3848 Aquitanico,
2844 3779 3131 3835 Santonas
3164 3793 3438 3835 reversus
3488 3784 3599 3850 est,

1959 3868 2157 3940 ibique
2192 3865 2891 3937 demoransaliquamdiu,
2916 3867 3265 3936 aegritudine
3301 3853 3600 3937 ὀροιῒιηιὶι,

1961 3955 2193 4014 delatus
2227 3960 2418 4011 tamen
2445 3957 2706 4010 Turonos
2735 3955 2886 4026 apud
2917 3956 3100 4010 sancti
3135 3955 3360 4011 Martini
3397 3971 3604 4010 memn-

1961 4045 2106 4102 riam
2138 4045 2348 4112 oravit,
2378 4042 2626 4113 indeque
2659 4043 2942 4099 Parisium
2979 4045 3235 4112 veniens,
3282 4048 3332 4098 ὃ.
3355 4044 3596 4099 Kalend.

1961 4135 2202 4191 Octobr.
2227 4132 2394 4203 obiit,
2420 4145 2751 4203 corpusque
2811 4132 2938 4202 ejus
2987 4132 3041 4186 in
3105 4132 3343 4186 basilica
3413 4133 3599 4187 sancti

1962 4221 2202 4278 Dionisii
2227 4220 2524 4276 humatum
2555 4222 2662 4274 est.
2684 4218 2896 4274 —Fi|ii
2930 4234 3068 4274 vero
3102 4219 3230 4288 ejus
3283 4218 3526 4273 Karolns
3549 4225 3604 4274 et

1965 4310 2388 4367 Karlomannus
2435 4307 2688 4364 omnium
2724 4308 3072 4364 Francorum
3111 4323 3396 4364 consensu
3441 4307 3608 4363 ambo

1966 4415 2134 4470 reges
2168 4397 2352 4456 creati
2377 4401 2508 4455 sunt
2541 4398 2726 4468 (Eme.
2760 4413 2809 4454 c.
2847 4399 2947 4468 3.),
2973 4412 3036 4453 ea
3096 4397 3429 4454 conditione
3487 4413 3612 4470 pre-

199 4504 376 4562 quam
409 4505 647 4547 movens
698 4491 1156 4562 expeditionem,
1219 4490 1400 4562 Aquis
1456 4489 1751 4546 hiemavit.
1788 4520 1850 4529 —
1882 4477 1937 4539 D
1967 4489 2248 4560 missa,ut
2273 4493 2460 4544 totum
2494 4485 2656 4556 regni
2687 4501 2989 4558 corpuscx
3019 4503 3186 4558 :equo
3213 4487 3608 4560 partirentur:

203 4580 466 4650 Corpora
498 4577 591 4611 ωδ
623 4583 959 4636 sanctorum
985 4578 1282 4649 Gorgonii,
1309 4577 1654 4635 Narboriset
1677 4578 1857 4634 Naza-

203 4667 278 4722 rii
312 4667 385 4723 de
420 4667 598 4724 Roma
635 4667 925 4725 translata
959 4672 1092 4724 sunt
1115 4667 1168 4722 in
1203 4668 1523 4725 Franciam.

279 4759 474 4814 13.25.
512 4758 582 4812 A.
621 4758 684 4812 Ι).
720 4761 842 4813 766.
865 4749 1032 4813 Turci
1053 4755 1330 4827 egressia
1369 4756 1595 4828 Caspiis
1645 4755 1856 4828 portis,

207 4860 342 4904 cum
367 4846 657 4903 Avaribus
692 4846 907 4903 bellum
932 4845 1207 4918 inierunt,
1241 4845 1526 4918 multique
1575 4861 1648 4903 ex
1686 4846 1861 4903 utris-

211 4949 327 5010 que
341 4936 666 5008 perierunt.
688 4937 750 4992 Pi
758 4936 970 5008 ppinus
986 4941 1228 5008 propter
1246 4936 1671 4994 conﬁciendum
1689 4936 1861 5008 Aqui-

210 5025 470 5083 tanicum
503 5025 741 5099 bellum,
777 5031 1068 5084 conventu
1093 5026 1148 5082 in
1200 5026 1528 5085 Aurelianis
1556 5026 1779 5098 habito,
1805 5025 1862 5082 in

214 5115 586 5187 Aquitaniam
617 5117 822 5188 quinto
845 5117 1150 5189 profectus
1180 5121 1294 5188 est,
1327 5122 1386 5173 et
1434 5117 1801 5174 destructum
1831 5129 1862 5172 a

211 5203 494 5261 Waifario
517 5207 1007 5277 Argentomagum
1030 5211 1291 5263 castrum
1316 5205 1716 5278 readiﬁcavit,
1752 5204 1867 5263 dis-

1965 4585 2026 4635 et
2049 4579 2296 4634 Karolus
2327 4591 2451 4631 eam
2485 4587 2710 4646 partem
2746 4589 2914 4646 quam
2949 4583 3117 4647 pater
3159 4577 3286 4646 ejus
3339 4577 3615 4648 Pippinus

1968 4671 2260 4736 tenuerat,
2278 4664 2701 4721 Karlomannus
2719 4680 2859 4722 vero
2875 4681 2999 4721 eam
3031 4681 3200 4736 quam
3247 4670 3493 4736 patruus
3522 4680 3615 4720 eo-

1970 4771 2094 4813 rum
2137 4754 2558 4811 Karlomannus
2627 4753 2908 4826 possedit,
2977 4759 3315 4826 susceperat
3370 4759 3461 4820 ;et
3521 4756 3620 4808 Ka-

1970 4846 2132 4903 rolus
2159 4851 2192 4902 7
2215 4843 2349 4902 Idus
2379 4842 2652 4900 Octobris
2684 4843 2741 4898 in
2799 4843 3077 4900 Noviomo
3113 4843 3354 4898 civitate
3423 4841 3620 4898 Karlo-

1971 4949 2216 4992 mannus
2243 4949 2383 4991 vero
2416 4933 2472 4987 in
2494 4931 2828 5003 Suessiona,
2865 4931 3025 5002 regni
3075 4930 3620 5002 susceperuntinsi-

1970 5026 2124 5099 gnia.
2159 5022 2344 5095 (Euvn.
2377 5023 2531 5079 Ann.
2555 5020 2830 5091 etLaur.)
2879 5018 3265 5090 Karolusque,
3308 5020 3403 5091 qui
3439 5020 3621 5090 major

1974 5121 2104 5173 erat
2134 5118 2296 5186 natu,
2330 5113 3036 5187 Aquasgraniprofectus,
3070 5109 3266 5168 natale
3300 5109 3619 5166 Dominiibi

1972 5203 2318 5274 celebravit,
2343 5206 2559 5279 pascha
2573 5219 2716 5266 vero
2733 5204 2790 5262 in
2811 5203 3131 5276 Rotomago
3170 5200 3430 5260 civitate.
3458 5201 3624 5272 (Eius

1584 5341 1822 5399 νΑιυΔῖ
1861 5341 2260 5401 LECTIONES.

289 5451 383 5488 ⁸³⁸⁸
413 5452 570 5531 ,Χνμ
637 5453 1096 5531 K._Decemb_ris_
1118 5470 1192 5511 m.
1225 5459 1275 5512 5.
1309 5453 1399 5488 ωδ
1454 5456 1786 5531 carduciam
1821 5458 1880 5514 1b
1906 5456 2008 5531 ,“17‘
2056 5459 2313 5531 Co_rp_ora
2340 5489 2410 5531 έ
2441 5457 2740 5531 Franciam
2756 5457 2962 5531 postea
2981 5455 3195 5531 addita
3231 5462 3273 5513 1.
3311 5457 3398 5492 “17
3439 5459 3528 5515 ita
3566 5455 3629 5514 ίνι

216 5527 502 5604 margine
523 5529 573 5582 1.
601 5525 806 5604 eadem
844 5527 917 5585 ut
933 5527 1172 5604 videtur
1189 5540 1428 5604 manu;
1448 5527 1595 5604 Gent
1614 5530 2014 5604 superscripto
2044 5525 2290 5604 Sal._'E1.
2317 5527 2714 5588 salmonciaco
2744 5525 2836 5587 vel
2853 5528 3170 5600 gentiliaco
3195 5531 3254 5586 D.
3287 5531 3451 5588 deest
3472 5531 3545 5586 ιι).
3575 5533 3622 5586 4.

220 5597 326 5657 ιιὑί
344 5597 571 5674 legitur
599 5615 612 5652 :
648 5597 817 5656 aliam
840 5598 1146 5672 synodum.
1181 5630 1250 5640 —
1280 5603 1331 5657 ὅ.
1361 5597 1438 5656 9ο.
1474 5603 1560 5658 10.
1587 5597 1797 5658 11.1m
1824 5597 2217 5661 hef-wicus1b.

545 5695 807 5763 Ρλπιοι..
839 5695 1054 5761 CLIV.

3395 5699 3470 5760 2'7
