3992 6062
349 206 467 271 843

1509 195 1990 265 EKKEHARDI
2033 198 2590 269 URAUGIENSIS

3628 214 3748 275 844

351 343 777 418 l.l.)Suscept33
809 341 944 398 sunt
977 338 1173 410 itaque
1196 336 1560 397 conditiones
1592 339 1906 409 utrimque,
1931 346 1987 395 et
2020 339 2077 400 A
2108 344 2321 412 autem,
2357 340 2632 399 defuncto
2666 342 2866 412 fratre,
2901 355 3186 401 consensu
3216 346 3467 403 omnium
3502 349 3758 407 Franco-

349 450 484 508 pars
514 433 679 505 regni
717 430 889 488 divisi
941 430 1105 501 juxta
1167 430 1399 486 modum
1458 429 1567 485 sibi
1622 428 1989 500 propositum

349 525 421 580 ab
454 527 703 591 utroque
725 524 957 590 recepta
972 524 1082 588 cst,
1110 518 1565 589 mansitqueista
1584 518 1992 588 quamviscum

351 625 554 680 magna
588 607 1270 689 difﬁcultateconcordia,
1300 606 1496 661 multis
1524 622 1593 661 ex
1612 610 1777 676 parte
1798 606 2039 689 Karlo-J,

352 698 541 755 manui
572 684 911 752 societatem
943 710 1217 767 separare
1252 694 1768 764 volentibus,adeo
1795 694 1995 765 utqui-

352 789 481 844 dam
499 802 600 842 eos
624 787 798 840 etiam
833 784 985 840 bello
1009 783 1375 839 committere
1414 783 1533 839 sint
1563 783 1845 838 meditati.
1884 782 1993 838 Sed

352 877 409 932 in
439 875 546 931 hoc
569 874 700 946 plus
731 873 990 943 suscepti
1018 886 1187 941 quam
1220 871 1463 943 periculi
1506 872 1707 941 fuisse,
1745 871 1866 942 ipse
1909 887 1996 927 re-

352 978 478 1020 rum
510 961 704 1018 exitus
736 960 1103 1031 approbant,
1150 974 1277 1015 cum
1304 958 1580 1015 defuncto
1611 958 1994 1014 Karlomanno

352 1066 500 1108 uxor
526 1051 654 1121 ejus
668 1053 726 1104 et
760 1048 859 1102 ﬁlii
882 1063 1014 1103 cum
1043 1047 1478 1118 quibusdamex
1494 1047 1852 1117 primoribus
1871 1046 1996 1116 ejus

352 1139 575 1196 Italiam
599 1139 729 1207 fuga
755 1136 1011 1207 petiit,et
1034 1136 1614 1191 nullisexistcntibus
1630 1136 1824 1191 causis
1838 1149 1998 1205 spre-

352 1230 412 1284 to
435 1226 627 1283 mariti
655 1227 855 1294 fratre,
874 1225 982 1280 sub
1006 1223 1293 1279 Desiderii
1320 1224 1826 1293 Langobardorum
1844 1223 1997 1293 regis

351 1315 737 1387 patrocinium
761 1328 890 1370 eum
924 1312 1131 1369 liberis
1152 1313 1352 1368 suisse
1382 1312 1654 1368 contulit.
1677 1310 1992 1381 (Emu.c.4.

352 1406 419 1461 Et
450 1403 869 1460 Karlomannus
901 1400 1133 1471 quidem
1159 1406 1289 1471 post
1326 1400 1814 1456 amministratum
1845 1415 1999 1456 com-

353 1494 606 1552 muniter
637 1491 870 1549 biennio
888 1504 1128 1560 regnum
1170 1491 1371 1546 morbo
1414 1489 1711 1557 decessit;
1752 1488 2001 1545 Karolus

2104 445 2233 486 rum
2266 444 2370 486 rex
2390 431 2794 488 constituitur.
2829 434 2906 488 De
2934 434 3105 503 cujus
3129 434 3435 492 nativitate
3465 442 3641 508 atque
3667 439 3755 494 in-

2106 518 2281 574 fantia
2316 518 2403 575 vel
2438 520 2871 589 puericia,dicit
2898 527 3132 578 actuum
3155 524 3280 592 ejus
3304 525 3562 596 scriptor
3581 527 3755 596 Egin-

2103 608 2348 673 bardus,
2381 610 2452 663 ab
2487 609 2686 664 eodem
2742 610 3002 680 principe
3036 611 3339 680 educatus,
3377 615 3529 683 quod
3560 630 3752 686 neque

2104 695 2345 765 scriptis
2380 711 2629 765 unquam
2652 695 2873 766 aliquid
2898 697 3567 773 declaraturusitmeque
3591 703 3752 773 quis-

2105 798 2273 853 quam
2308 800 2415 840 suo
2447 789 2714 856 tempore
2762 787 3035 843 inventus
3087 790 3185 853 sit,
3219 789 3315 859 qui
3368 791 3567 846 borum
3602 793 3753 847 noti-

2103 872 2248 927 ciam
2280 887 2342 928 se
2374 873 2589 929 habere
2617 873 2833 930 dixerit
2868 892 2880 938 ;
2908 875 2978 930 de
3032 877 3264 934 actibus
3294 894 3432 934 vero
3464 884 3521 934 et
3581 882 3749 935 mori-

2106 960 2214 1017 bus
2242 962 2577 1033 ceterisque
2601 963 2736 1020 vitae
2762 963 2918 1019 illius
2970 966 3238 1035 partibus
3270 969 3288 990 ‘
3322 968 3398 1022 ita
3441 968 3747 1040 explicuit.

2253 1122 2275 1142 "
2318 1121 2598 1203 Partibus
2624 1121 2808 1203 multa
2851 1124 3509 1203 preclara_multumque
3542 1142 3756 1203 memo-

2342 1192 2607 1266 randaet
2649 1192 2908 1266 onmilun
2946 1211 3089 1265 pene
3123 1192 3534 1266 imperatorum
3568 1199 3755 1266 gestis

2345 1263 2767 1342 excellentiora
2801 1263 3055 1342 facinora
3078 1263 3542 1342 luculentissime
3566 1263 3756 1342 diges-

2347 1335 2428 1389 sit
2449 1336 2509 1402 E,
2536 1335 2637 1406 abi
2656 1338 2969 1406 sequentia
2999 1340 3199 1394 omnia
3220 1370 3290 1379 -—
3331 1354 3511 1395 ausus
3537 1335 3655 1395 est'
3676 1340 3757 1394 in-

2352 1410 2510 1460 trare
2552 1405 2686 1476 (col.
2721 1405 2871 1477 853.)
2915 1407 3143 1465 desit-at.

1294 1642 1769 1709 DESCRIPTIO
1816 1642 2141 1709 ACTUUM
2190 1646 2480 1712 KAROLI
2529 1648 2803 1714 MAGNI.

428 1788 616 1858 (Eme.
648 1786 781 1842 Vita
801 1785 984 1857 Kar.)
1006 1783 1269 1838 Omnium
1306 1782 1593 1837 bellorum
1638 1796 1765 1851 quae
1822 1782 2000 1851 gessit
2031 1783 2086 1842 B
2117 1782 2363 1839 humana
2391 1785 2520 1855 jura
2556 1786 2819 1856 polluere
2842 1787 2931 1843 vel
2967 1787 3296 1859 transgredi
3319 1789 3764 1847 arbitrabantur

357 1876 545 1948 primo
574 1872 1004 1943 Aquitanicum,
1032 1886 1058 1925 a
1084 1874 1249 1942 patre
1269 1869 2003 1940 inchoatum,sednondum

359 1964 606 2031 ﬁnitum,
642 1959 773 2031 quia
808 1959 925 2015 cito
958 1958 1154 2029 peragi
1214 1972 1388 2028 posse
1437 1957 1770 2026 videbatur,
1826 1958 2005 2013 fratre

360 2053 571 2121 adhuc,
604 2049 757 2111 vivo,
791 2048 966 2104 etiam
997 2050 1053 2103 et
1073 2046 1348 2103 auxilium
1377 2048 1528 2101 ferre
1570 2050 1792 2116 rogato,
1811 2060 2008 2101 susce-

356 2141 528 2213 pit,et
547 2138 830 2194 liceteum
856 2136 1234 2205 frater,malis
1257 2134 1605 2205 quibusdam
1628 2134 2008 2189 machinanti-

359 2226 714 2296 bus,auxilio
740 2226 1084 2281 frustrasset
1107 2223 1759 2295 promisso,susceptam
1773 2221 2009 2294 expedi-

357 2317 575 2374 tionem
591 2315 997 2370 strenuissime
1042 2317 1379 2381 exsecutus,
1402 2327 1515 2368 non
1541 2311 1703 2383 prius
1756 2312 2004 2382 destitit,

360 2422 529 2477 quam
562 2407 668 2461 hoc
685 2402 837 2475 quod
879 2404 1107 2459 eiiieere
1138 2401 1490 2457 moliebatur
1515 2399 1924 2472 perfecit.Nam
1949 2406 2009 2455 et

357 2494 686 2552 Hunoldum
720 2492 1046 2563 quemdam,
1084 2491 1181 2562 qui
1234 2495 1362 2562 post
1435 2495 1680 2545 mortem
1747 2488 2006 2545 Waifarii

358 2584 726 2657 Aquitaniam
742 2581 1049 2653 occupavit
1066 2579 1525 2649 bellumquejam
1546 2594 1690 2650 pene
1710 2582 2006 2649 peractum

362 2686 640 2745 reparare
684 2670 1016 2741 temptavit,
1051 2668 1416 2739 Aquitaniam
1460 2668 1795 2737 relinquere
1842 2670 1898 2721 et
1951 2666 2005 2721 in

362 2759 730 2817 Wasconiam
766 2759 964 2828 fugere
980 2758 1192 2826 coegit.
1214 2758 1390 2822 Quem
1410 2762 1597 2812 tamen
1626 2755 1704 2811 ibi
1721 2755 2011 2811 consiste-

361 2865 423 2906 re
455 2863 568 2905 non
594 2848 915 2917 sustinens,
950 2846 1302 2902 transmisso
1361 2859 1526 2900 amne
1570 2846 1863 2912 Garunna,
1906 2844 2011 2899 Lu-

362 2954 434 3012 po
463 2940 807 2994 Wasconum
843 2935 976 2992 duci
1011 2935 1265 3003 mandat,
1304 2939 1366 2989 ut
1423 2934 1720 3005 perfugam
1776 2933 2004 3004 reddat,

361 3028 516 3100 quod
544 3027 600 3082 ni
634 3026 908 3083 festinato
933 3024 1123 3093 faciat,
1149 3023 1302 3079 bello
1326 3038 1386 3079 se
1420 3022 1580 3079 illum
1606 3023 2010 3094 expostulatu-

361 3118 627 3174 rum.Sed
658 3116 848 3187 Lupus
880 3113 1096 3170 saniori
1122 3128 1265 3168 usus
1322 3112 1590 3181 consilio,
1646 3126 1759 3167 non
1818 3110 2006 3167 solum
2039 3143 2087 3204 Ο

359 3204 689 3262 Hunoldum
705 3202 983 3272 reddidit,
1018 3201 1119 3257 sed
1144 3200 1317 3255 etiam
1344 3215 1406 3256 se
1464 3200 1653 3270 ipsum
1712 3215 1841 3255 cum
1878 3214 2008 3270 pro-

361 3293 550 3350 vincia
582 3291 676 3348 cui
712 3296 947 3363 preerat
1005 3288 1427 3360 ejuspotestati
1482 3288 1765 3358 permisit.
1817 3288 2002 3356 (EINH.

359 3383 496 3439 Ann
541 3396 590 3437 a.
617 3385 738 3436 773.
769 3411 838 3419 —
873 3379 1026 3436 Vita.
1053 3377 1373 3449 Ama.)Quo
1402 3376 1554 3432 bello
1589 3376 1772 3446 ﬁnito,
1799 3380 2007 3446 rogatu

361 3473 419 3526 et
452 3468 726 3542 precibus
759 3466 991 3523 Adriani
1026 3466 1321 3538 pontiﬁcis
1354 3464 2005 3535 Romani,insolentiam

362 3557 643 3615 Desiderii
678 3556 1192 3626 Longobardorum
1228 3554 1383 3623 regis
1408 3555 1558 3610 ferre
1592 3569 1701 3610 non
1733 3554 2006 3625 valentis,

365 3646 584 3703 bellum
601 3650 804 3702 contra
821 3643 1233 3713 Longobardos
1247 3643 1847 3715 suscepit,copiasque
1866 3657 2011 3713 quas

363 3734 690 3791 adduxerat
723 3733 1009 3799 dividens,
1048 3747 1218 3788 unam
1254 3737 1477 3803 partem
1508 3747 1635 3788 cum
1676 3731 2012 3788 Bernhardo

365 3827 577 3893 patruo
610 3837 716 3878 suo
742 3836 844 3892 per
877 3826 1127 3876 montem
1150 3821 1310 3875 Jovis
1336 3820 1419 3875 ire
1453 3820 1736 3891 precepit,
1767 3818 2011 3875 alteram

366 3911 492 3983 ipse
527 3910 749 3967 ducens
773 3925 874 3981 per
910 3914 1162 3965 montem
1190 3909 1489 3979 Cinisium,
1514 3909 2009 3980 ltallamintravit,

369 3999 562 4070 (Vita)
597 4014 702 4055 nec
734 3999 897 4070 prius
928 3998 1180 4068 destitit,
1215 4014 1382 4068 quam
1407 3998 1761 4054 Desiderium
1794 4013 2010 4068 regem,

368 4087 538 4158 longa
573 4088 877 4144 obsidione
904 4087 957 4141 in
990 4087 1165 4158 Papia
1203 4087 1527 4157 fatigatum,
1564 4086 1618 4140 in
1661 4086 2015 4142 deditionem

369 4177 698 4247 susciperet
714 4179 769 4231 et
795 4180 1082 4246 perpetuo
1104 4174 1280 4229 exilio
1307 4174 1668 4245 deportaret,
1683 4174 1861 4229 ﬁlium
1876 4189 2016 4229 vero

368 4265 495 4335 ejus
528 4263 887 4333 Adalgisum,
925 4264 978 4317 in
1014 4278 1127 4332 quo
1162 4263 1415 4318 omnium
1439 4277 1572 4333 spes
1597 4268 1755 4318 stare
1782 4262 2018 4317 videba-

369 4358 488 4417 tur,
526 4368 637 4409 non
659 4351 844 4408 solum
865 4366 1042 4420 regno
1058 4351 1159 4406 sed
1175 4350 1350 4405 etiam
1368 4349 1531 4405 Italia
1572 4350 2020 4406 excederecom-

369 4439 845 4513 pelleretzomnia
870 4439 1144 4494 Romanis
1174 4438 1365 4494 ablata
1386 4438 1750 4509 restitueret,
1800 4438 2019 4493 Routb-

2116 1870 2484 1930 inhonestum
2518 1876 2740 1931 haberi.
2776 1876 3119 1947 Susceptum
3151 1883 3241 1933 est
3275 1878 3453 1948 igitur
3476 1879 3763 1936 adversus

2115 1974 2216 2016 eos
2251 1962 2485 2033 bellum,
2522 1965 2676 2034 quod
2702 1979 2901 2035 magna
2928 1967 3221 2037 utrimque
3242 1966 3762 2033 animositate,ma-

2111 2048 2240 2118 jore
2274 2055 2462 2106 tamen
2495 2054 2781 2110 Saxonum
2807 2053 3057 2125 dampno
3088 2069 3193 2125 per
3215 2056 3527 2111 continuos
3565 2059 3635 2112 30
3665 2069 3765 2112 au-

2118 2152 2222 2193 nos
2278 2140 2613 2207 gerebatur.
2660 2144 2898 2197 Poterat
2945 2143 3231 2213 siquidem
3265 2143 3443 2199 citius
3503 2143 3677 2215 ﬁniri,
3715 2144 3763 2200 si

2120 2226 2405 2285 Saxonum
2442 2230 2681 2300 perﬁdia
2716 2231 2824 2287 hoc
2851 2232 3356 2302 pateretur.Dictu
3387 2232 3614 2288 dil‘ﬁcrlc
3650 2237 3763 2298 est,

2120 2318 2409 2388 quotiens,
2435 2319 2693 2390 superati
2720 2335 2784 2376 ac
2817 2320 3114 2391 supplices
3138 2319 3256 2391 regi
3282 2336 3345 2377 se
3386 2320 3762 2391 dediderunt,

2121 2405 2399 2477 imperata
2418 2407 2676 2463 facturos
2702 2408 2950 2479 polliciti
2976 2408 3374 2479 sunt,obsides
3395 2409 3489 2479 qui
3516 2409 3765 2480 impera-

2121 2494 2334 2550 bantur
2360 2494 2581 2567 absque
2604 2497 2884 2553 dilatione
2900 2497 3442 2569 dcderunt,legatos
3458 2500 3554 2569 qui
3571 2500 3768 2555 mitte-

2122 2585 2336 2639 bantur
2365 2592 2775 2657 susceperunt;
2801 2586 3154 2657 aliquotiens
3179 2588 3255 2643 ita
3270 2588 3512 2644 edomiti
3538 2592 3597 2643 ct
3614 2604 3767 2645 emo-

2121 2672 2231 2743 liti,
2266 2677 2326 2730 ut
2359 2675 2775 2731 etiamcultum
2801 2675 3123 2732 dmmonum
3179 2676 3475 2733 dimittere
3499 2680 3555 2732 et
3615 2678 3765 2733 ebri-

2121 2762 2327 2819 stiauae
2352 2764 2621 2833 religioni
2659 2780 2721 2820 se
2744 2765 2996 2822 subdere
3021 2765 3169 2822 velle
3198 2766 3613 2837 promitterent
3634 2766 3764 2833 ;sed

2121 2849 2275 2906 sicut
2290 2851 2359 2907 ad
2384 2852 2508 2908 hinc
2530 2852 2790 2909 facienda
2806 2853 3157 2925 aliquotiens
3170 2856 3362 2925 proni,
3381 2855 3462 2911 sic
3477 2853 3549 2910 ad
3562 2854 3766 2911 eadem

2122 2941 2509 3010 pervertenda
2526 2956 2754 3012 semper
2775 2943 2933 2998 fuere
2953 2943 3283 3014 precipites.
3304 2943 3476 3013 R-gis
3490 2957 3630 2999 vero
3654 2958 3771 2999 ula-

2118 3028 2470 3097 gnanimitas
2502 3036 2601 3085 aut
2637 3046 2737 3101 per
2761 3045 2824 3086 se
2853 3037 2951 3087 aut
2976 3046 3079 3103 per
3109 3031 3352 3088 comites
3385 3046 3546 3102 suos,
3589 3032 3772 3088 misso

2120 3119 2408 3188 exercitu,
2431 3119 2728 3190 perﬁdiam
2747 3120 2976 3176 IHOI‘UIII
3003 3136 3233 3192 semper
3250 3120 3775 3190 ulciscebatur,do-

2120 3222 2243 3279 nec,
2278 3210 2546 3265 omnibus
2567 3212 2662 3280 qui
2694 3211 2974 3266 resistere
3000 3211 3265 3267 solebant
3293 3212 3636 3283 profligatis,
3672 3210 3773 3265 de-

2119 3309 2247 3352 cem
2270 3297 2424 3353 milia
2461 3299 2753 3355 hominum
2772 3316 2842 3355 ex
2875 3301 3091 3372 liis,qui
3126 3305 3407 3372 utrasque
3430 3302 3587 3374 ripas
3609 3299 3773 3355 Albis

2121 3387 2376 3444 ﬂuminis
2400 3388 2759 3459 incolebant,
2785 3406 2914 3446 cum
2934 3391 3215 3447 uxoribus
3235 3390 3570 3463 ctparvulis
3586 3389 3758 3447 subla

2120 3482 2214 3533 tos
2235 3478 2557 3548 transtulit,
2579 3482 2633 3532 et
2652 3494 2755 3549 per
2770 3479 3010 3535 Galliam
3025 3484 3083 3535 et
3100 3481 3461 3536 Germaniam
3484 3478 3774 3536 multimo-

2122 3567 2191 3621 da
2212 3565 2501 3623 divisione
2520 3567 2851 3634 distribuit;
2877 3584 3060 3641 caque
3078 3570 3413 3626 conditione
3430 3568 3643 3625 bellum
3667 3583 3772 3640 per

2123 3661 2207 3711 tot
2243 3670 2425 3712 annos
2450 3660 2704 3712 tractum
2726 3661 2959 3713 constat
3000 3673 3134 3714 esse
3173 3659 3421 3727 ﬁnitum,
3448 3662 3509 3713 ut
3535 3657 3772 3727 abjecto

2123 3745 2447 3802 daemonum
2481 3745 2665 3815 cultu,
2710 3747 3047 3803 christiana:
3074 3746 3375 3817 religionis
3404 3749 3768 3802 sacramenta

2125 3835 2517 3907 susciperent.
2547 3837 2663 3891 Hoc
2678 3840 2871 3892 autem
2897 3836 3111 3892 bellum
3136 3836 3272 3892 licet
3296 3840 3413 3892 tam
3430 3835 3528 3891 diu
3547 3838 3772 3907 pertra-

2123 3924 2387 3996 beretur,
2426 3926 2553 3996 ipse
2582 3929 2776 3980 tamen
2816 3940 2923 3980 non
2942 3925 3192 3996 amplius
3212 3940 3379 3996 quam
3398 3925 3487 3980 bis
3502 3923 3771 3979 aciecon-

2126 4013 2274 4068 ﬁixit
2307 4029 2436 4070 cum
2470 4014 2661 4080 hoste,
2687 4013 2867 4069 semel
2896 4014 3061 4083 juxta
3089 4019 3342 4069 montem
3393 4013 3491 4083 qui
3515 4011 3767 4080 Osneggi

2125 4101 2340 4159 dicitur
2372 4103 2434 4157 in
2466 4102 2595 4158 loco
2617 4102 2956 4158 Theotmclli
2988 4099 3769 4171 nomi::ato,etiterumjuxta

2126 4181 2273 4237 Hasa
2311 4182 2565 4252 fluvium,
2600 4187 2659 4237 et
2690 4182 2797 4238 hoc
2824 4197 2936 4238 uno
2961 4195 3176 4249 mense,
3212 4182 3412 4253 paucis
3451 4180 3659 4237 diebus
3687 4179 3772 4233 in-

2129 4271 2449 4342 terpositis.
2487 4271 2596 4327 Sed
2625 4272 2714 4328 his
2737 4270 2964 4328 duobus
2990 4271 3207 4342 praeliis
3238 4271 3314 4328 ita
3365 4270 3580 4327 devicti
3610 4272 3767 4335 sunt,

2130 4365 2194 4416 ut
2229 4361 2479 4417 ulterius
2509 4375 2702 4431 regem
2725 4377 2911 4431 neque
2947 4375 3285 4432 provocare,
3315 4374 3499 4431 neque
3514 4356 3772 4415 venienti

2132 4449 2432 4517 resistere,
2466 4447 2573 4503 nisi
2610 4448 2801 4519 aliqua
2827 4447 2938 4504 loci
2970 4447 3291 4504 munitione
3330 4446 3573 4517 defensi,
3598 4443 3773 4500 aude.

368 4511 580 4599 gisum,
600 4527 952 4598 Forojuliani
971 4528 1219 4583 ducatus
1245 4527 1589 4598 prefectum,
1615 4541 1764 4583 nova
1783 4526 2021 4582 molien-

2133 4541 2281 4591 rent.
2315 4511 2521 4593 Plures
2553 4511 2745 4593 tameb
2768 4552 2835 4593 eo
2859 4536 3011 4592 bello
3042 4541 3248 4593 tamex
3270 4511 3568 4593 nobilibus
3601 4536 3775 4589 Fran-

369 4623 489 4674 tem
520 4616 899 4688 obprimerct,
919 4620 1241 4687 totamque,
1280 4614 1501 4670 Italiam
1520 4630 1641 4672 sum
1662 4615 1867 4671 ditioni
1886 4616 2020 4671 sub-

365 4705 621 4777 jugaret,
675 4705 1053 4775 subacta)un
1074 4704 1253 4761 ﬁlium
1286 4719 1453 4761 suum
1497 4704 2018 4775 Pippinumregem

373 4797 746 4869 preponeret.
773 4795 1091 4864 Postcujus
1112 4793 1249 4850 belli
1271 4795 1439 4849 ﬁnem
1471 4793 1839 4863 Saxonicum,
1865 4792 2018 4863 quod

374 4885 537 4957 quasi
590 4883 987 4941 intermissum
1021 4882 1350 4953 videbatur,
1398 4883 1712 4953 repetitum
1758 4886 1869 4951 est,
1908 4897 2020 4952 quo

374 4975 596 5031 nullum
621 4988 807 5045 neque
830 4972 1117 5045 prolixius
1143 4986 1327 5042 neque
1350 4971 1610 5027 atrocius
1647 4972 2022 5027 Francorum-

376 5077 490 5134 que
511 5062 1097 5135 populolaboriosius
1110 5064 1445 5133 susceptum
1468 5063 1581 5126 est,
1607 5060 1740 5131 quia
1764 5060 2021 5115 Saxones

376 5151 527 5209 sicut
549 5167 749 5208 omnes
767 5152 888 5207 fere
904 5150 1224 5207 Germaniae
1238 5150 1526 5220 nationes,
1568 5152 1624 5204 et
1641 5152 1850 5205 natura
1876 5149 2021 5205 fero-

377 5253 477 5296 ces
493 5243 549 5296 et
566 5240 854 5297 idolorum
874 5238 965 5273 “‘9
986 5239 1171 5298 cultui
1194 5238 1399 5312 dediti,
1418 5252 1605 5310 neque
1628 5237 1820 5295 divina
1835 5251 2021 5309 neque

450 5522 540 5566 “1’
554 5522 692 5603 post
712 5524 905 5603 suppl.

2130 4638 2328 4682 corum
2361 4640 2530 4696 quam
2554 4626 2841 4683 Saxonum
2862 4630 2919 4682 et
2956 4626 3134 4682 functi
3166 4626 3408 4683 summis
3453 4622 3776 4679 honoribus

2130 4705 2239 4763 viri
2272 4704 2604 4776 consumpti
2626 4711 2781 4761 sunt.
2808 4706 3056 4761 Tandem
3077 4721 3228 4762 anno
3265 4704 3568 4762 tricesimo
3587 4700 3774 4759 tercio

2132 4794 2356 4850 ﬁnitum
2373 4798 2480 4850 est.
2499 4795 2615 4849 Nec
2631 4794 2819 4850 minus
2842 4794 3064 4851 interea
3085 4795 3413 4866 Hispaniam
3433 4806 3663 4864 quoque
3677 4790 3779 4847 de-

2133 4884 2532 4951 bellavit;nam
2550 4883 2916 4954 Aquitaniam
2932 4890 2992 4939 et
3007 4884 3368 4941 Wasconiam
3386 4883 3634 4955 primum
3647 4879 3785 4937 sub-

2126 4973 2289 5043 jecit.
2328 4972 2602 5030 Britones
2651 4987 2884 5045 quoque
2905 4972 3129 5030 domuit
3153 4973 3445 5044 missaque
3466 4969 3789 5044 expeditio-

2134 5077 2204 5119 ne
2224 5063 2506 5135 imperata
2527 5064 2716 5119 facere
2730 5062 3021 5133 coegit.-—
3040 5064 3166 5134 Ipse
3190 5067 3394 5135 postea
3420 5077 3550 5119 cum
3564 5060 3795 5117 exerci-

2136 5158 2200 5211 tu
2224 5152 2450 5210 Italiam
2482 5153 2809 5223 ingressus,
2844 5167 2908 5209 ac
2941 5153 3294 5224 perRomam
3319 5152 3432 5208 iter
3460 5165 3660 5223 agens,
3677 5150 3783 5206 Ca-

2137 5249 2306 5308 puam
2369 5235 2567 5291 urbem
2620 5234 2943 5306 Campaniae
2988 5234 3258 5307 accessit,
3314 5231 3511 5306 ibique
3571 5229 3787 5305 positis

1722 5408 1958 5469 VARI/1'3
2023 5406 2422 5466 LECTIONES.
