3992 6034
193 79 308 138 845

1067 74 1507 138 CHRONICA.
1540 109 1617 121 —
1648 69 2131 138 CHRONICON
2177 74 2723 146 UNIVERSALE.

3482 90 3600 159 846

192 211 427 277 castris,
464 209 677 266 bellum
713 209 1150 278 Beneventanis,
1188 209 1241 264 ni
1274 208 1653 279 dederentur,
1682 222 1833 265 com-
1863 207 1921 270 A
1947 209 2259 268 comitibus
2298 213 2474 269 etiam
2517 230 2584 271 ac
2628 215 2837 287 legatis
2883 219 3237 290 perﬁcienda
3282 225 3595 282 commisit,

192 299 448 355 minatus
478 301 587 354 est.
622 297 887 354 Prevenit
915 297 1018 354 hoc
1042 297 1158 354 dux
1184 296 1379 368 gentis
1413 296 1688 368 Aragisus
1723 294 1830 366 “’°,

191 387 456 459 ﬁliosque
485 403 622 445 suos
646 387 992 444 Rumoldum
1015 391 1074 443 et
1098 386 1450 444 Grimoldum
1475 402 1605 445 cum
1632 402 1834 457 magna

189 477 440 549 pecunia
476 477 596 547 regi
630 478 856 533 obviam
899 477 1158 547 mittens,
1203 480 1388 547 rogat,
1421 483 1482 534 ut
1517 477 1666 534 ﬁlios
1696 491 1837 533 suos

191 565 427 623 obsides
457 566 761 637 suscipiat,
794 580 973 635 seque
999 571 1325 635 cumgente
1352 565 1634 638 imperata
1661 566 1840 622 factu-

190 669 336 725 rum,
366 660 563 726 preter
587 656 693 711 hoc
718 655 904 710 solum
924 654 972 710 si
993 655 1119 725 ipse
1142 655 1211 710 ad
1236 660 1617 726 conspectum
1642 654 1841 712 venire

187 747 518 813 cogeretur.
574 744 695 798 Rex
746 742 1000 799 utilitate
1051 744 1243 812 gentis
1293 744 1481 813 magis
1511 759 1681 814 quam
1716 742 1841 813 ejus

188 831 583 888 obstinatione
601 831 993 901 considerata,
1009 830 1238 887 oblatos
1257 829 1370 887 sibi
1389 832 1627 888 obsides
1647 847 1841 895 susce.

187 920 293 991 pit,
325 918 518 989 eique,
554 922 616 973 ut
640 918 710 975 ad
734 922 1110 990 conspectum
1142 919 1340 975 venire
1367 936 1478 976 non
1502 925 1835 996 cogeretur,

190 1023 293 1080 pro
317 1021 522 1076 magno
556 1021 792 1063 munere
824 1007 1135 1077 concessit,
1159 1013 1215 1063 et
1243 1008 1465 1065 minore
1498 1008 1616 1066 ﬁlio
1648 1010 1837 1080 gratia

188 1095 492 1153 obsidatus
510 1100 761 1165 retento,
779 1097 1056 1167 majorem
1076 1097 1226 1168 patri
1245 1099 1491 1167 remisit,
1510 1098 1837 1169 legatisque

186 1186 260 1242 ob
292 1191 655 1241 sacramenta
700 1184 1004 1241 ﬁdelitatis
1035 1203 1062 1242 a
1100 1185 1520 1243 Beneventanis
1550 1188 1836 1258 exigenda

185 1290 313 1331 cum
333 1275 575 1345 Aragiso
594 1274 871 1345 dimissis,
890 1276 1123 1330 Romam
1144 1274 1341 1345 rediit,
1359 1291 1596 1332 consum
1606 1276 1836 1348 ptisque

185 1363 265 1419 ibi
282 1364 336 1418 in
354 1368 689 1421 sanctorum
711 1363 1327 1435 venerationealiquot
1349 1365 1577 1435 diebus,
1594 1364 1833 1423 Galliam

185 1453 529 1510 revertitur.
553 1485 623 1494 —
646 1453 1005 1524 Bajoarieum
1032 1453 1241 1510 deinde
1271 1452 1485 1510 bellum
1510 1459 1567 1511 et
1594 1460 1833 1526 repente

1950 297 2087 364 Quae
2118 315 2247 357 cum
2279 303 2352 358 ab
2385 303 2474 360 his
2507 306 2912 362 strenuissime
2946 308 3191 365 fuissent
3224 311 3480 384 impleta,
3508 329 3601 370 oc-

1949 390 2085 443 tavo
2115 390 2347 447 tandem
2382 407 2529 449 anno
2562 394 2712 449 idem
2749 394 2963 451 bellum
2996 396 3458 457 consummatum
3484 409 3594 458 est.

1952 475 2102 541 Quot
2134 478 2333 550 praelia
2353 479 2407 535 in
2427 495 2497 536 eo
2514 487 2679 551 gesta
2704 483 2843 552 sint,
2869 490 3265 557 quantumque
3295 490 3598 559 sanguinis

1951 564 2217 637 eﬁ‘usum,
2265 573 2519 626 testatur
2560 572 2853 628 Pannonia
2894 575 3049 629 omni
3094 591 3237 647 pene
3270 577 3599 634 habitatore

1952 668 2132 710 vacua
2156 660 2215 710 et
2237 655 2423 728 locus,
2460 658 2514 713 in
2540 675 2654 729 quo
2680 661 2835 730 regia
2871 663 3080 731 Cagani
3115 670 3261 731 erat,
3296 666 3374 720 ita
3409 666 3603 723 deser-

1954 742 2067 811 tus,
2106 747 2165 798 ut
2195 757 2264 798 ne
2298 744 2607 813 vestigium
2649 748 2881 816 quidem
2924 751 3186 808 humanae
3224 753 3603 811 habitationis

1953 827 2008 883 in
2032 843 2101 885 eo
2124 837 2424 902 appareat.
2448 835 2586 890 Tota
2611 834 2666 890 in
2694 838 2800 892 hoc
2824 836 2976 893 bello
3000 840 3293 897 Hunorum
3325 843 3601 901 nobilitas

1952 918 2146 1008 periit,
2176 923 2295 976 tota
2318 920 2502 990 gloria
2529 922 2767 989 decidit,
2791 926 2978 982 omnis
3001 929 3241 998 pecunia
3261 934 3316 985 et
3336 938 3604 1008 congesti

1949 1022 2021 1064 ex
2039 1006 2212 1078 longo
2231 1013 2495 1080 tempore
2514 1011 2775 1068 thesauri
2797 1014 3011 1086 direpti
3031 1031 3096 1072 su
3108 1022 3187 1087 nt,
3214 1033 3399 1089 neque
3420 1006 3600 1081 ullum

1950 1095 2163 1153 bellum
2186 1100 2389 1154 contra
2413 1100 2664 1157 Francos
2686 1107 2954 1159 exortum
2986 1104 3231 1162 humana
3261 1113 3458 1178 potest
3486 1128 3601 1168 me-

1948 1186 2131 1241 moria
2152 1186 2471 1258 recordari,
2495 1204 2608 1260 quo
2628 1190 2709 1246 illi
2732 1192 2913 1261 magis
2938 1192 3106 1249 ditati
3126 1200 3182 1250 et
3206 1197 3417 1267 opibus
3442 1202 3596 1257 aucti

1947 1273 2084 1345 sint,
2121 1275 2334 1346 quippe
2364 1292 2491 1333 cum
2523 1293 2705 1349 usque
2729 1279 2786 1335 in
2810 1281 2866 1336 id
2892 1284 3174 1354 temporis
3209 1299 3351 1355 pene
3385 1302 3600 1361 paupe-

1949 1377 2043 1418 res
2074 1363 2436 1421 viderentur.
2469 1368 2709 1423 Tantum
2740 1370 2867 1425 auri
2896 1375 2956 1425 et
2988 1374 3213 1441 argenti
3241 1373 3294 1429 in
3321 1377 3479 1446 regia
3512 1393 3600 1434 re-

1948 1455 2200 1523 pertum,
2243 1457 2329 1510 tot
2370 1454 2557 1526 spolia
2601 1458 2864 1528 precicsa
2898 1459 2954 1514 in
2992 1460 3207 1530 praeliis
3249 1465 3501 1537 sublata,
3535 1472 3597 1522 ut

185 1548 379 1601 ortum
410 1549 469 1600 et
500 1543 677 1601 celeri
710 1545 821 1601 ﬁne
849 1543 1202 1616 completum
1234 1549 1347 1616 est,
1380 1545 1535 1614 quod
1559 1545 1831 1616 superbia
1863 1563 1917 1623 Β
1950 1540 2159 1597 merito
2188 1542 2350 1598 credi
2385 1544 2591 1615 possit,
2620 1544 2728 1601 hoc
2753 1548 3006 1604 Francos
3035 1550 3216 1606 Hunis
3240 1551 3372 1621 jure
3403 1554 3599 1611 abstu-

185 1630 432 1688 simulet
449 1632 1060 1703 socordia‘Tassilonis
1081 1631 1245 1688 ducis
1262 1632 1563 1703 excitavit,
1586 1632 1683 1703 qui
1704 1634 1835 1690 hor-

185 1726 310 1778 tatu
347 1720 563 1791 uxoris,
602 1736 728 1792 quae
763 1720 876 1776 ﬁlia
908 1721 1194 1777 Desiderii
1226 1720 1382 1791 regis
1410 1726 1539 1777 erat
1560 1736 1623 1778 ac
1649 1722 1834 1793 patris

184 1810 426 1869 exilium
460 1826 563 1882 per
592 1812 863 1868 maritum
898 1810 1102 1868 ulcisci
1137 1825 1307 1883 posse
1339 1811 1604 1882 putabat,
1629 1811 1835 1880 juncto

182 1899 406 1956 foedere
446 1916 578 1956 cum
622 1899 822 1970 Hunis,
867 1900 961 1970 qui
1004 1898 1283 1970 Bajoariis
1320 1902 1458 1955 sunt
1498 1897 1568 1954 ab
1609 1898 1834 1956 oriente

179 1988 551 2058 contermini,
588 2004 699 2044 non
735 1987 920 2045 solum
952 1988 1232 2059 imperata
1264 2001 1376 2043 non
1411 1987 1599 2043 facere
1622 1986 1724 2043 sed
1751 2001 1836 2043 re-

179 2090 313 2147 gem
329 2076 482 2133 bello
496 2091 816 2148 provocare
830 2077 1175 2148 temptabat.
1196 2076 1371 2146 Cujus
1388 2076 1831 2146 contumaciam,

183 2167 317 2239 quia
346 2167 520 2223 nimia
544 2166 874 2236 videbatur,
907 2165 1249 2221 animositas
1281 2164 1437 2234 regis
1462 2166 1614 2220 ferre
1636 2164 1837 2235 nequi-

182 2261 371 2327 verat,
400 2272 463 2313 ac
494 2255 736 2327 proinde
759 2255 1085 2311 contractis
1115 2255 1369 2326 undique
1398 2254 1604 2325 copiis,
1639 2254 1836 2324 Bajoa-

184 2346 331 2401 riam
359 2346 677 2417 petiturus,
714 2344 793 2400 ad»
820 2345 1011 2401 Licum
1045 2360 1268 2400 amnem
1297 2344 1478 2413 venit,
1513 2344 1608 2415 qui
1643 2344 1837 2413 Bajoa-

186 2436 308 2491 rios
333 2436 403 2491 ab
430 2434 782 2491 Alemanniis
803 2434 1032 2491 dividit.
1059 2434 1235 2504 Cujus
1258 2433 1312 2488 in
1337 2432 1461 2504 ripa
1486 2433 1699 2490 castris
1723 2434 1839 2490 col-

185 2524 423 2594 locatis,
441 2524 776 2595 priusquam
799 2523 1155 2595 provinciam
1179 2524 1447 2592 intraret,
1465 2522 1716 2579 animum
1737 2522 1839 2581 du-

184 2614 270 2670 cis
292 2628 397 2684 per
415 2612 641 2682 legatos
661 2612 873 2669 statuit
894 2612 1169 2683 experiri.
1197 2611 1307 2667 Sed
1333 2611 1429 2667 ille
1454 2612 1839 2683 pertinaciter

186 2715 363 2772 agere
388 2716 493 2757 nec
519 2701 627 2756 sibi
657 2700 746 2756 vel
768 2701 928 2769 genti
963 2699 1103 2755 utile
1134 2703 1320 2771 ratus,
1357 2701 1477 2770 regi
1505 2714 1567 2755 se
1589 2700 1840 2772 supplex

189 2791 481 2862 permisit,
499 2789 737 2846 obsides
756 2789 850 2858 qui
874 2789 1313 2861 imperabantur
1326 2786 1507 2857 dedit,
1528 2789 1682 2843 inter
1697 2802 1841 2859 quos

186 2884 247 2937 et
280 2878 465 2934 ﬁlium
494 2893 659 2935 suum
690 2876 1076 2947 Theodoncm,
1122 2875 1254 2931 data
1293 2875 1533 2947 insuper
1566 2873 1678 2931 ﬁde
1708 2890 1837 2930 cum

182 2968 543 3037 juramento,
580 2965 734 3036 quod
757 2965 827 3020 ab
853 2964 1006 3020 illius
1034 2967 1325 3036 potestate
1356 2964 1425 3019 ad
1455 2962 1839 3019 defectionem

185 3056 409 3113 nemini
458 3055 726 3113 suadenti
779 3055 1173 3118 consentiret;
1222 3053 1420 3124 sicque
1464 3052 1639 3123 bello,
1685 3052 1836 3123 quod

187 3146 359 3215 quasi
385 3145 693 3201 maximum
724 3143 1035 3201 videbatur
1066 3143 1343 3213 futurum,
1377 3141 1723 3198 celerrimus
1748 3146 1842 3199 est

187 3232 328 3290 ﬁnis
362 3233 689 3304 impositus.
725 3232 948 3288 Tassilo
989 3235 1179 3288 tamen
1221 3235 1423 3303 postea
1455 3235 1736 3287 evocatus
1769 3230 1841 3286 ad

186 3337 411 3393 regem,
429 3338 615 3394 neque
640 3322 831 3380 redire
858 3322 1176 3393 permissus
1196 3325 1307 3393 est,
1334 3335 1520 3392 neque
1543 3320 1840 3393 provincia

184 3426 362 3483 quam
392 3412 629 3468 tenebat
661 3410 911 3469 ulterius
937 3409 1090 3482 duci,
1116 3410 1219 3467 sed
1244 3410 1557 3468 comitibus
1578 3413 1671 3465 est
1693 3423 1844 3466 com-

182 3502 389 3558 missa.
429 3500 513 3570 (V.
550 3501 698 3557 Ama.
737 3515 786 3556 a.
820 3501 971 3572 788.)
1006 3500 1142 3554 Nam
1167 3515 1297 3556 cum
1322 3497 1545 3555 Tassilo
1571 3496 1687 3555 dux
1709 3512 1846 3554 reus

184 3589 851 3660 majestatisjudicatus,
868 3588 1061 3659 capite
1076 3588 1514 3660 dampnaretur,
1532 3586 1843 3644 clementia

182 3678 349 3750 regis
382 3679 499 3735 vita
524 3679 633 3735 sibi
659 3692 960 3748 concessa,
993 3681 1218 3733 mutato
1246 3676 1448 3733 habitu
1472 3674 1529 3731 in
1556 3681 1847 3733 monaste-

183 3769 341 3825 rium
372 3768 584 3825 missus
606 3773 719 3838 est,
746 3767 900 3824 ﬁlius
919 3781 1147 3838 quoque
1164 3765 1292 3836 ejus
1308 3766 1539 3823 Theodo
1563 3766 1847 3824 detonsus

183 3857 533 3915 monasticze
567 3856 1002 3913 conversationi
1037 3856 1355 3928 deputatus
1384 3860 1495 3912 est.
1533 3888 1594 3896 —
1631 3856 1846 3937 (Vita.)

184 3948 289 4005 His
318 3947 573 4004 motibus
600 3946 677 4002 ita
703 3944 1063 4017 compositis,
1100 3943 1340 4015 Sclavis,
1370 3944 1465 4015 qui
1492 3949 1687 4001 nostra
1714 3961 1849 4003 con-

181 4037 503 4095 suetudine
547 4036 733 4106 Wilci,
778 4035 1011 4108 propria
1047 4048 1186 4090 vero
1215 4032 1410 4105 lingua
1443 4033 1727 4090 Weletabi
1761 4035 1847 4092 di-

182 4129 424 4195 cuntur,
472 4122 688 4181 bellum
730 4124 955 4180 illatum
987 4126 1101 4193 est,
1137 4121 1190 4177 in
1224 4138 1338 4194 quo
1370 4121 1645 4194 Saxones,
1681 4121 1839 4180 velut

182 4215 508 4275 auxiliares
532 4214 685 4269 inter
705 4218 933 4270 ceteras
962 4213 1247 4284 nationes,
1276 4226 1602 4284 quanquam
1628 4211 1758 4270 ﬁcta
1781 4217 1840 4269 et

1872 2920 1923 2984 C

1946 1628 2108 1700 lisse,
2135 1631 2290 1700 quod
2315 1633 2461 1688 Huni
2488 1633 2650 1704 prius
2675 1634 2805 1692 aliis
2825 1638 3101 1705 gentibus
3124 1638 3341 1707 injuste
3372 1642 3601 1713 eripue-

1948 1724 2102 1774 runt.
2155 1750 2223 1759 —
2270 1721 2608 1792 Descriptio
2657 1721 2747 1755 ¹¹²¹
2794 1724 2967 1781 terra
3014 1727 3331 1784 Hunorum
3368 1748 3388 1784 :
3425 1731 3597 1787 Terra

1946 1805 2163 1878 quippe
2193 1808 2510 1879 Hunorum,
2538 1816 2603 1864 ut
2625 1810 3000 1881 antiquorum
3034 1817 3358 1886 temporum
3389 1817 3602 1873 relato-

1948 1908 2043 1950 res
2090 1899 2387 1952 testantur
2427 1896 2608 1968 (Man.
2642 1900 2836 1970 Sang.
2872 1915 2931 1972 ιι,
2966 1902 3041 1972 1),
3084 1917 3292 1959 novem
3336 1905 3596 1976 circulis,

1946 1997 2094 2052 quos
2135 1984 2434 2041 Teutonici
2481 1984 2625 2056 haga
2674 1987 2897 2059 dicunt,
2940 1989 3306 2062 cingebatur,
3354 2007 3600 2063 quorum

1946 2070 2159 2141 singuli
2193 2072 2270 2127 ita
2304 2073 2608 2144 stipitibus
2648 2077 2885 2146 quernis
2927 2078 3052 2135 sive
3085 2080 3295 2149 faginis
3324 2081 3413 2138 vel
3447 2083 3603 2139 abie-

1945 2159 2076 2229 gnis
2118 2165 2287 2216 erant
2330 2164 2640 2235 exstructi,
2692 2170 2751 2221 ut
2786 2165 2857 2221 de
2890 2168 3149 2237 margine
3179 2170 3247 2224 ad
3285 2172 3599 2239 marginem

1947 2250 2154 2319 viginti
2190 2250 2401 2322 pedum
2432 2253 2693 2325 spacium
2717 2256 3063 2312 tenderetur
3085 2258 3140 2312 in
3164 2258 3344 2315 latum
3376 2264 3433 2315 et
3468 2262 3604 2316 toti-

1949 2339 2077 2395 dem
2111 2339 2562 2408 subrigerentur
2583 2342 2639 2398 in
2666 2342 2867 2414 altum,
2901 2345 3124 2400 cavitas
3146 2344 3235 2378 ¹¹²²
3256 2352 3448 2402 autem
3481 2348 3601 2404 uni-

1949 2442 2115 2484 versa
2136 2432 2236 2483 aut
2256 2427 2591 2485 durissimis
2610 2430 2907 2502 lapidibus
2927 2437 3022 2488 aut
3043 2438 3203 2489 creta
3228 2435 3600 2494 tenacissima

1950 2514 2302 2587 repleretur,
2324 2532 2500 2588 porro
2520 2520 2862 2590 superﬁcies
2879 2520 3164 2580 vallorum
3188 2525 3504 2579 eorundem
3521 2525 3601 2580 in-

1951 2605 2281 2675 tegerrimis
2298 2606 2625 2676 cespitibus
2644 2612 2964 2678 tegeretur.
2988 2612 3144 2667 [nter
3161 2597 3407 2682 quorum
3427 2613 3607 2669 conﬁ-

1951 2694 2043 2749 nia
2080 2693 2496 2765 plantabantur
2526 2697 2873 2768 arbusculae,
2910 2714 3059 2769 quae,
3093 2704 3155 2756 ut
3183 2715 3423 2757 cernere
3455 2700 3602 2757 Sole-

1950 2799 2096 2853 mus,
2130 2783 2375 2841 abscisae
2407 2790 2581 2856 atque
2615 2786 2892 2856 projectae
2920 2803 3117 2845 comas
3143 2774 3410 2845 caudium
3438 2790 3600 2845 folio—

1953 2888 2197 2943 rumque
2217 2874 2540 2945 prol‘erunt.
2568 2875 2647 2930 De
2672 2876 2857 2946 primo
2876 2881 3066 2932 autem
3085 2878 3307 2934 circulo
3328 2893 3510 2949 uSque
3528 2880 3598 2936 ad

1953 2962 2273 3018 secundum
2296 2966 2366 3018 20
2390 2962 2633 3017 miliaria
2657 2964 2968 3020 Teutonica
2994 2965 3515 3035 protendebantur,
3541 2971 3596 3022 et

1953 3051 2087 3107 inde
2127 3049 2398 3107 similiter
2432 3051 2501 3107 ad
2532 3050 2800 3122 tereium,
2834 3056 2891 3107 et
2923 3052 3000 3107 ita
3045 3067 3229 3123 usque
3260 3053 3330 3109 ad
3364 3068 3596 3123 nonum,

1952 3138 2218 3210 quamvis
2248 3138 2359 3210 ipsi
2391 3137 2597 3195 circuli
2629 3138 2783 3195 alius
2815 3139 2929 3196 alio
2961 3140 3142 3197 multo
3172 3141 3600 3198 contractiores

1952 3227 2222 3284 fuissent.
2256 3227 2415 3283 Inter
2446 3227 2552 3283 hos
2583 3226 2763 3297 igitur
2796 3238 3043 3298 aggeres
3076 3228 3155 3284 ita
3188 3229 3299 3286 vici
3331 3229 3601 3301 villaeque

1951 3324 2121 3373 erant
2144 3315 2370 3386 locatae,
2407 3321 2466 3373 ut
2491 3315 2562 3372 de
2584 3315 2715 3373 aliis
2737 3317 2808 3374 ad
2832 3316 2977 3373 alias
2997 3332 3111 3373 vox
3132 3317 3377 3374 humana
3404 3325 3601 3389 posset

1956 3405 2164 3463 audiri.
2192 3407 2404 3462 Contra
2430 3405 2628 3461 eadem
2654 3419 2794 3462 vero
2816 3394 3058 3463 aediﬁcia
3079 3406 3230 3462 inter
3248 3406 3602 3479 inexpugna-

1953 3494 2104 3552 biles
2136 3509 2332 3551 muros
2362 3498 2548 3566 portae
2573 3509 2682 3551 non
2708 3495 2855 3552 satis
2876 3494 3011 3552 latae
3041 3500 3209 3551 erant
3239 3497 3597 3567 constitutae,

1956 3600 2062 3657 per
2085 3598 2231 3656 quas
2253 3583 2641 3640 latrocinandi
2670 3584 2860 3652 gratia
2892 3598 3005 3639 non
3039 3582 3224 3641 solum
3250 3585 3600 3657 exteriores,

1957 3674 2056 3733 sed
2080 3674 2254 3732 etiam
2280 3673 2593 3729 interiores
2616 3673 2881 3730 solebant
2905 3673 3085 3729 exire.
3120 3675 3195 3729 De
3219 3672 3439 3730 circulo
3463 3689 3602 3743 quo-

1959 3779 2071 3839 que
2094 3764 2165 3821 ad
2189 3763 2473 3821 circulum
2496 3763 2576 3820 sic
2595 3768 2757 3820 erant
2784 3761 3357 3834 possessiones‘met
3382 3763 3603 3818 habita-

1956 3854 2087 3913 cula
2114 3853 2368 3923 undique
2397 3866 2631 3909 versum
2662 3850 2948 3922 ordinata,
2978 3856 3041 3907 ut
3061 3851 3299 3920 clangor
3332 3852 3602 3906 tubarum

1958 3946 2114 4003 inter
2143 3941 2374 4012 singula
2401 3940 2683 4010 cujusque
2713 3940 2795 3994 rei
2830 3945 3031 4010 posset
3063 3938 3485 4008 signiﬁcativus
3516 3938 3603 3975 “3‘
3702 3970 3705 3977 ι

1958 4032 2206 4092 adverti.
2244 4030 2328 4086 Ad
2350 4030 2455 4086 has
2477 4043 2618 4097 ergo
2650 4027 3000 4084 munitiones
3020 4041 3125 4098 per
3146 4027 3432 4083 ducentos
3452 4032 3602 4083 eteo

1957 4121 2206 4194 amplius
2238 4132 2442 4190 annos,
2489 4116 2937 4188 qualescumque
2977 4115 3229 4171 omnium
3270 4115 3603 4171 occidenta-

1953 4211 2097 4268 lium
2136 4207 2373 4265 divitias
2413 4208 2860 4276 congregantes,
2895 4218 3025 4260 cum
3057 4209 3117 4260 et
3146 4202 3314 4259 Gothi
3345 4207 3403 4259 et
3436 4204 3603 4258 Wan-

181 4307 383 4362 minus
423 4304 632 4361 devota
673 4304 1052 4373 oboedientia,
1089 4303 1439 4373 militabant,
1475 4317 1703 4376 unaque
1732 4303 1841 4360 hac
1870 4284 1924 4344 D
1954 4300 2070 4358 dali
2113 4298 2368 4371 quietem
2407 4294 2700 4352 hominum
2744 4292 3175 4365 perturbarent,
3219 4293 3420 4349 orbem
3451 4291 3603 4348 occi-

180 4393 566 4469 expeditione
589 4393 741 4451 idem
766 4394 951 4452 Sclavi
979 4395 1057 4451 ita
1081 4398 1215 4451 sunt
1240 4393 1466 4464 domiti,
1503 4396 1563 4450 ut
1589 4392 1839 4451 ulterius

175 4486 366 4557 jussis
396 4499 507 4540 non
539 4484 919 4541 contrairent.
949 4515 1011 4524 —
1039 4484 1344 4540 Maximum
1373 4483 1628 4541 omnium
1658 4499 1785 4556 qua:
1808 4500 1838 4541 a

180 4575 400 4633 Karolo
428 4579 594 4645 gesta
628 4579 761 4631 sunt
787 4572 1069 4630 bellorum
1104 4578 1302 4643 preter
1331 4573 1673 4631 Saxonicum
1705 4574 1841 4631 huic

178 4663 342 4722 bello
377 4662 692 4732 successit,
725 4660 868 4718 illud
891 4660 1169 4718 videlicet
1193 4660 1350 4733 quod
1379 4666 1583 4719 contra
1618 4666 1840 4721 Avares

178 4754 309 4813 sive
347 4755 545 4810 Hunos
582 4755 918 4824 susceptum
953 4754 1063 4820 est,
1115 4750 1267 4822 quod
1304 4750 1401 4808 ille
1429 4756 1488 4810 et
1518 4751 1840 4811 animosius

178 4859 360 4917 quam
390 4848 589 4901 cetera
611 4846 666 4900 et
695 4841 866 4915 longe
900 4841 1101 4916 majori
1134 4844 1420 4916 apparatu
1452 4843 1841 4903 amministra—

176 4935 286 4992 vit.
324 4936 503 4991 Unam
538 4937 729 4991 tamen
759 4947 862 5005 per
884 4948 948 4990 se
980 4933 1034 4988 in
1058 4932 1413 4990 Pannoniam
1436 4965 1502 4974 —
1525 4949 1654 4991 nam
1690 4933 1840 4992 hanc

179 5023 551 5098 provinciam
569 5038 637 5080 ea
651 5037 794 5095 gens
818 5020 1107 5080 incolebat
1128 5054 1199 5063 —
1214 5023 1651 5094 expeditionem
1674 5024 1836 5097 fecit,

181 5118 391 5175 cetera
425 5114 544 5172 ﬁlio
573 5128 681 5172 suo
711 5112 958 5186 Pippino
989 5126 1055 5170 ac
1079 5112 1356 5185 profectis
1377 5113 1837 5189 porvinciarum,

1955 4390 2131 4447 duum
2153 4402 2298 4461 pene
2316 4399 2564 4444 vacuum
2587 4382 2949 4440 dimiserunt.
2978 4382 3134 4448 Quos
3154 4386 3275 4438 tum
3296 4380 3603 4437 invictissi-

1953 4495 2083 4537 mus
2111 4476 2358 4534 Karolus
2387 4475 2443 4532 in
2473 4472 2640 4531 annis
2669 4477 2803 4530 octo
2835 4472 2915 4528 ita
2947 4471 3302 4543 perdomuit,
3338 4474 3400 4527 ut
3422 4470 3492 4526 de
3516 4470 3601 4526 eis

1951 4583 2024 4627 ne
2055 4567 2320 4624 minimas
2342 4563 2574 4637 quidem
2598 4562 2880 4634 reliquias
2911 4575 3213 4618 remanere
3242 4560 3596 4632 permiserit.

1951 4659 1999 4715 Α
2029 4655 2382 4728 Vulgaribus
2414 4668 2551 4712 vero
2573 4652 2705 4710 ideo
2730 4666 2959 4709 manum
2992 4650 3261 4720 retraxit,
3289 4650 3421 4719 quia
3446 4649 3602 4704 vide.

1950 4747 2114 4820 licet,
2137 4746 2320 4804 Hunis
2342 4743 2642 4814 extinctis,
2668 4756 2847 4813 regno
2869 4742 3223 4797 Francorum
3246 4737 3422 4795 nichil
3444 4736 3602 4795 noci-

1952 4839 2073 4899 turi
2104 4837 2464 4897 viderentur.
2497 4835 2683 4890 Porro
2714 4830 2966 4903 praedam
3000 4829 3056 4884 in
3086 4826 3379 4885 Pannonia
3406 4839 3601 4897 reper-

1952 4932 2073 4987 tam
2106 4943 2209 5001 per
2238 4922 2555 5000 epyscopia
2578 4921 2668 4981 vel
2693 4918 3049 4978 monasteria
3073 4914 3484 4974 liberalissima
3517 4914 3603 4973 di-

1952 5019 2175 5080 visione
2197 5014 2522 5076 distribuit.
2549 5013 2735 5087 (Emn.
2773 5011 2910 5075 Vita
2926 5010 3110 5086 Καν.)
3133 5008 3256 5068 Duo
3278 5011 3506 5066 tantum
3528 5020 3602 5065 ex

1954 5109 2302 5190 proceribus
2330 5108 2683 5172 Francorum
2714 5119 2784 5165 eo
2819 5104 2975 5165 bello
3002 5102 3326 5178 perierunt.
3359 5097 3601 5156 Hericus

1554 5242 1790 5303 VARL‘E
1829 5238 2235 5305 LECTIONES.

250 5341 351 5414 “‘9
370 5339 794 5414 arasgilfuslb,
854 5339 944 5414 9'}
966 5338 1110 5414 Hac
1134 5338 1705 5414 in‘mrgmcrubro
1734 5341 1930 5404 colore
1957 5341 2189 5414 scripta
2207 5339 2366 5400 sunt.
2408 5342 2459 5394 1.
2524 5332 2616 5371 ω’
2658 5329 2874 5391 civitas
2922 5332 2972 5389 4.
2998 5326 3052 5385 ei
3082 5325 3293 5386 civitas
3346 5325 3425 5380 9°.

183 5411 584 5492 passiones].
635 5411 726 5448 ““
746 5411 1174 5483 signiﬁcantius
1200 5412 1251 5468 4.
1286 5414 1337 5468 5.
1362 5411 1438 5470 9°.
1465 5414 1552 5473 10.
1610 5415 1696 5475 lt.

3509 5316 3610 5356 1123
