3992 6034
308 118 424 183 847

1465 97 1943 168 EKKEHARDI
1989 94 2546 164 URAUGIENSIS

3586 101 3712 162 848

311 259 429 314 dux
459 249 859 325 Forojulianus
887 248 940 305 in
975 246 1245 304 Liburnia
1273 247 1439 318 juxta
1466 242 1758 300 Tarsicam
1781 238 1951 295 mari-
1977 236 2038 298 A
2064 237 2217 292 niam
2246 242 2306 293 et
2337 234 2661 308 appositam
2695 233 2751 325 in
2785 226 2970 292 altera
3013 236 3257 294 Danubii
3297 234 3422 309 ripa
3455 240 3715 312 Daciam,

307 344 507 401 timam
540 341 839 399 civitatem
863 336 1096 395 insidiis
1119 335 1541 407 oppidanorum
1567 332 1947 401 interceptus,

310 437 371 489 et
400 429 687 488 Geroldus
722 426 997 497 Bajoariae
1041 423 1355 496 praefectus
1387 421 1442 476 in
1474 418 1787 488 Pannonia,
1823 432 1952 475 cum

313 527 517 578 contra
543 519 740 574 Hunos
764 512 1137 587 praeliaturus
1163 510 1341 567 aciem
1366 514 1641 577 strueret,
1666 506 1953 561 incertum

316 624 345 665 a
380 622 516 680 quo,
549 622 680 663 cum
713 603 944 661 duobus
975 605 1197 658 tantum
1228 598 1326 669 qui
1356 611 1487 653 eum
1519 594 1954 666 obequitantem

318 712 383 755 ac
407 694 671 766 singulos
692 691 1095 749 cohortantem
1125 687 1591 755 comitabantur,
1609 684 1956 740 interfectus

318 789 426 841 est.
462 784 729 839 Ceterum
763 779 1128 835 incruentum
1168 789 1311 847 pene
1343 772 1578 829 Francis
1611 770 1824 827 bellum
1847 771 1959 826 hoc

321 873 425 930 fuit
440 876 497 929 et
514 867 966 943 prosperrimum
990 865 1209 921 exitum
1234 862 1456 932 habuit,
1481 860 1716 917 tametsi
1735 858 1959 915 diutius

317 961 406 1020 sui
440 956 835 1028 magnitudine
876 954 1230 1010 traheretur.
1275 953 1415 1007 Post
1455 948 1605 1020 quod
1636 954 1693 1005 et
1728 946 1962 1003 Saxoni-

317 1064 447 1108 cum
470 1061 571 1104 sua
600 1044 940 1118 prolixitate
968 1044 1386 1113 congruentem
1416 1039 1585 1093 finem
1620 1036 1868 1108 accepit.
1894 1066 1962 1075 —

318 1136 645 1195 Boemicum
672 1147 901 1204 quoque
926 1136 986 1187 et
1010 1129 1344 1197 Lilonicum,
1381 1142 1508 1198 qua:
1534 1131 1736 1198 postea
1760 1130 1962 1181 exorta

316 1230 473 1294 sunt,
505 1223 717 1280 durare
737 1235 849 1276 non
873 1223 1213 1292 potuerunt,
1249 1230 1492 1287 quorum
1518 1219 1830 1286 utrumque
1863 1214 1965 1269 du-

317 1321 417 1371 ctu
448 1310 640 1369 Karoli
661 1309 913 1379 junioris
935 1307 1112 1365 celeri
1138 1306 1252 1361 ﬂne
1269 1306 1625 1375 completum
1648 1307 1756 1359 est.
1780 1332 1848 1343 --
1873 1300 1966 1358 Ul-

320 1402 523 1458 timum
548 1403 752 1457 contra
775 1398 1135 1452 Normannos
1161 1394 1257 1464 qui
1282 1393 1419 1448 Dani
1445 1396 1751 1460 vocantur,
1781 1391 1964 1462 primo

321 1488 641 1563 pyraticam
673 1488 1043 1554 exercentes,
1084 1483 1293 1539 deinde
1332 1482 1535 1552 majori
1568 1480 1759 1536 classe
1793 1479 1963 1534 litora

2064 325 2340 382 Histriam
2382 338 2611 395 quoque
2641 327 2701 379 et
2737 324 3080 394 Lyhurniam
3122 330 3298 396 atque
3341 326 3714 396 Dalmatiam,

2064 414 2325 485 exceptis
2344 412 2648 469 maritimis
2669 413 3029 483 civitatibus,
3053 430 3196 484 quas
3214 417 3287 470 ob
3305 417 3629 474 amiciciam
3653 425 3721 475 et

2058 501 2324 571 junctum
2347 514 2477 555 cum
2501 512 2569 554 eo
2590 499 2775 555 foedus
2799 502 3507 578 ConstantinOpolitanum
3538 506 3721 578 impe-

2066 594 2321 646 ratorem
2344 589 2557 644 habere
2581 588 2864 660 permisit,
2892 589 3100 645 deinde
3123 606 3323 647 omnes
3349 580 3631 651 barbaras
3654 600 3718 651 et

2070 679 2222 734 feras
2255 679 2542 748 nationes,
2585 693 2713 749 quae
2754 679 2906 733 inter
2935 678 3195 735 Rhenum
3229 695 3293 736 ac
3325 681 3577 737 Visulam
3614 683 3717 739 ﬂu-

2068 767 2194 822 vios
2226 780 2623 835 oceanumque
2653 781 2719 821 ac
2750 766 3069 822 Danubium
3101 767 3326 838 posita,
3364 768 3559 840 lingua
3593 772 3717 841 qui-

2070 856 2198 911 dem
2226 869 2370 925 pene
2394 854 2636 924 similes,
2668 855 2925 910 moribus
2946 868 3086 911 vero
3110 860 3284 925 atque
3313 856 3515 913 habitu
3547 858 3723 915 valde

2072 944 2406 1007 dissimiles,
2441 943 2799 999 Germaniam
2834 943 3116 1014 incolunt,
3154 945 3232 1000 ita
3267 941 3618 1017 perdomuit,
3659 956 3728 1004 ut

2072 1046 2172 1088 eas
2200 1031 2545 1086 tributarias
2574 1030 2849 1085 efilceret.
2885 1031 3060 1108 Auxit
3085 1032 3257 1087 etiam
3280 1031 3526 1098 gloriam
3557 1037 3727 1105 regni

2075 1122 2184 1191 sui,
2218 1119 2560 1191 quibusdam
2594 1119 2831 1188 regibus
2863 1134 2926 1175 ac
2956 1120 3230 1190 gentibus
3262 1136 3364 1192 per
3393 1123 3725 1179 amiciciam

2076 1209 2183 1266 sibi
2216 1209 2563 1279 conjunctis.
2607 1207 2765 1263 Adeo
2796 1222 3044 1277 namque
3078 1209 3449 1281 Adefonsum,
3486 1212 3727 1269 Galiciaa

2076 1302 2251 1368 atque
2276 1295 2663 1354 Asturicze1m
2677 1310 2890 1366 regem,
2913 1296 3023 1352 sibi
3049 1297 3333 1353 societate
3357 1299 3639 1371 devinxit,
3660 1309 3727 1357 ut

2080 1386 2127 1440 is
2150 1400 2278 1442 cum
2304 1386 2373 1441 ad
2397 1399 2527 1441 eum
2554 1384 2642 1440 vel
2667 1383 2899 1439 litteras
2920 1384 3013 1440 vel
3036 1384 3260 1455 legatos
3289 1386 3571 1457 mitteret,
3610 1404 3727 1444 non

2080 1471 2252 1528 aliter
2273 1488 2336 1529 se
2359 1472 2508 1543 apud
2533 1472 2695 1528 illum
2721 1485 2890 1542 quam
2918 1473 3214 1543 proprium
3240 1489 3407 1530 suum
3439 1475 3729 1547 appellari

322 1561 521 1635 Gallia:
562 1579 737 1646 atque
781 1572 1097 1629 Germania
1143 1575 1462 1639 vastantes,
1508 1568 1721 1625 bellum
1770 1581 1966 1624 susce-
1995 1588 2050 1652 Β
2077 1561 2327 1652 iuberet.
2351 1563 2679 1618 Scottorum
2703 1576 2935 1652 quoque
2955 1561 3449 1652 regessichabuit
3472 1564 3542 1620 ad
3561 1580 3730 1620 suam

320 1672 485 1739 ptum
507 1668 618 1733 est,
656 1677 898 1733 quorum
931 1675 1034 1716 rex
1066 1659 1403 1716 Gotefridus
1425 1658 1569 1714 adeo
1592 1671 1735 1713 vana
1760 1672 1863 1728 spe
1886 1657 1969 1711 in-

326 1756 498 1810 ﬂatus
519 1756 667 1820 erat,
696 1756 759 1806 ut
780 1749 886 1805 sibi
913 1749 1098 1804 totius
1127 1747 1445 1803 Germaniae
1476 1746 1849 1817 promitteret
1874 1759 1969 1816 po-

326 1844 639 1910 testatem;
657 1838 905 1894 Fresiam
930 1850 1158 1907 quoque
1184 1841 1356 1906 atque
1381 1834 1683 1890 Saxoniam
1705 1833 1845 1888 haut
1869 1831 1970 1888 ali-

327 1936 417 1986 ter
439 1933 615 2000 atque
638 1942 772 1983 suas
797 1925 1129 1998 provincias
1152 1923 1480 1979 estimabat.
1504 1925 1627 1978 Jam
1653 1920 1970 1977 Abodritos

326 2018 550 2075 vicinos
587 2030 725 2072 suos
758 2015 812 2068 in
847 2028 1007 2070 suam
1046 2011 1327 2067 ditionem
1368 2011 1696 2081 redegerat,
1725 2011 1841 2081 jam
1869 2023 1971 2065 eos

326 2105 438 2162 sibi
488 2102 804 2173 vectigales
864 2102 1099 2169 fecerat,
1150 2099 1411 2169 jactabat
1469 2099 1644 2153 etiam
1696 2111 1760 2153 se
1810 2098 1968 2154 brevi

329 2191 703 2264 Aquisgrani,
736 2191 833 2248 ubi
861 2190 1014 2259 regis
1038 2189 1350 2245 comitatus
1370 2191 1517 2258 erat,
1551 2202 1680 2244 cum
1705 2186 1970 2242 maximis

325 2282 514 2355 copiis
535 2281 941 2337 adventurum.
968 2280 1081 2334 Nec
1103 2277 1280 2333 dictis
1299 2278 1425 2348 ejus
1443 2276 1705 2347 quamvis
1729 2276 1973 2332 vanissi-

328 2371 436 2426 mis
462 2369 697 2426 omnino
739 2367 883 2423 ﬂdes
928 2367 1317 2435 abnuebatur,
1353 2368 1487 2435 quin
1524 2364 1720 2437 potius
1751 2362 1972 2435 aliquid

329 2457 446 2515 tale
488 2457 884 2526 inchoaturus,
936 2454 1044 2511 nisi
1087 2455 1356 2512 festinata
1391 2454 1591 2511 fuisset
1628 2457 1814 2508 morte
1847 2466 1975 2523 pre-

328 2551 557 2617 ventus,
590 2545 929 2617 putabatur.
965 2545 1102 2598 Nam
1126 2557 1155 2597 a
1184 2543 1417 2615 preprio
1448 2541 1722 2611 satellite,
1758 2541 1883 2598 sive
1911 2543 1972 2598 ut

329 2635 562 2706 quidam
593 2634 791 2690 verius
815 2632 1090 2689 estimant
1126 2632 1302 2703 (Μοη.
1334 2633 1527 2703 Sang.
1554 2646 1611 2701 li,
1639 2631 1751 2702 13),
1784 2645 1812 2685 a
1848 2644 1977 2702 pro-

329 2722 457 2794 prio
482 2721 621 2791 filio,
647 2721 816 2791 cujus
840 2724 1081 2775 matrem
1107 2721 1402 2789 abjecerat
1424 2724 1481 2774 et
1504 2719 1673 2775 aliam
1702 2719 1971 2789 duxerat,

329 2809 699 2881 interfectus,
731 2813 790 2865 et
819 2824 941 2866 suae
971 2809 1105 2865 vita
1127 2814 1184 2864 et
1212 2807 1347 2865 belli
1371 2823 1401 2863 a
1425 2822 1487 2864 se
1520 2807 1774 2864 inchoati
1806 2806 1975 2864 finem

331 2898 486 2955 fecit.

398 2988 587 3057 .(Ema.
630 2986 763 3045 Vita
778 2988 961 3058 Kar.)
985 2988 1117 3045 Haec
1139 2990 1273 3043 sunt
1300 2985 1472 3057 bella,
1500 3002 1627 3059 quae
1651 3001 1751 3043 rex
1776 2993 1979 3059 poten-

330 3076 597 3133 tissimus
615 3089 717 3148 per
735 3090 918 3132 annos
941 3078 1007 3131 46
1022 3080 1187 3132 —tot
1207 3076 1358 3131 enim
1376 3077 1543 3134 annis
1561 3076 1975 3147 regnavit—in

330 3163 580 3221 diversis
602 3167 893 3220 terrarum
921 3163 1186 3236 partibus
1208 3179 1431 3221 summa
1464 3165 1771 3236 prudentia
1802 3168 1978 3236 atque

248 3268 251 3271 '
332 3253 611 3310 felicitate
644 3253 847 3322 gessit,
884 3253 1097 3324 quibus
1138 3255 1490 3310 Francorum
1527 3268 1787 3324 regnum,
1823 3254 1978 3324 quod

332 3346 469 3413 post
491 3345 714 3414 patrem
737 3341 1043 3413 Pippinum
1069 3355 1336 3410 magnum
1360 3342 1591 3412 quidem
1605 3346 1665 3397 et
1681 3342 1832 3398 forte
1855 3356 1980 3398 sus-

331 3433 590 3501 ceperat,
628 3428 708 3483 ita
751 3428 1030 3484 nobiliter
1079 3429 1398 3500 ampliavit,
1444 3433 1508 3486 ut
1546 3444 1693 3501 pene
1740 3429 1979 3502 duplum

333 3517 672 3575 reddiderit.
729 3519 866 3573 Nam
906 3533 1035 3574 cum
1080 3516 1241 3589 prius
1283 3533 1395 3574 non
1428 3517 1678 3589 amplius
1710 3532 1879 3589 quam
1910 3532 2002 3575 ea'

334 3622 469 3680 pars
496 3605 716 3675 Galliae,
752 3606 1059 3676 quaeinter
1081 3607 1342 3662 Rhenum
1367 3612 1426 3663 et
1448 3606 1707 3684 Ligerem
1741 3606 1978 3665 ﬂuvium

333 3709 730 3765 oceanumque
751 3709 816 3751 ac
839 3710 997 3749 mare
1020 3693 1375 3751 Balearicum
1400 3694 1576 3765 jacet,
1602 3699 1660 3750 et
1687 3710 1823 3767 pars
1846 3698 1979 3753 Ger-

333 3785 703 3855 maniamque
735 3785 889 3839 inter
919 3782 1225 3839 Saxoniam
1257 3790 1314 3839 et
1339 3785 1661 3840 Danubium
1692 3799 1758 3840 ac
1790 3785 1977 3842 Salam

334 3873 593 3942 ﬂuvium,
637 3872 732 3943 qui
770 3871 1093 3942 Thuringos
1123 3875 1180 3928 et
1214 3872 1467 3929 Sorabos
1499 3872 1727 3944 dividit,
1774 3879 1980 3945 postea

333 3961 609 4019 incolitur
658 3977 688 4018 a
739 3961 978 4017 Francis
1029 3961 1126 4032 qui
1187 3960 1509 4019 orientales
1561 3963 1859 4033 dicuntur,
1921 3968 1978 4019 et

332 4054 552 4125 praeter
568 4050 690 4106 haec
710 4049 1010 4106 Alemanni
1034 4053 1211 4120 atque
1235 4049 1503 4121 Bajoarii,
1531 4050 1600 4106 ad
1620 4051 1783 4121 regni
1811 4053 1983 4108 Fran-

334 4156 533 4201 corum
567 4143 924 4213 potestatem
957 4139 1324 4210 pertinerent
1351 4158 1362 4193 :
1391 4139 1513 4212 ipse
1543 4155 1650 4210 per
1682 4139 1833 4196 bella
1867 4154 1981 4197 me-

336 4236 560 4287 morata
609 4229 795 4302 primo
841 4228 1212 4299 Aquitaniam
1253 4232 1313 4284 et
1349 4228 1712 4285 Wasconiam
1768 4233 1981 4286 totum-

337 4333 449 4391 que
496 4296 737 4390 Pyrenei
787 4296 1001 4373 mon—tis
1045 4316 1245 4387 jugum
1277 4319 1334 4372 et
1369 4330 1553 4389 usque
1582 4317 1655 4373 ad
1687 4318 1977 4389 Hyberum
2007 4296 2063 4360 D

337 4421 585 4477 amnem,
634 4406 732 4477 qui
783 4404 936 4476 apud
966 4406 1254 4461 Novarros
1284 4403 1374 4438 ¹ι²⁸
1403 4412 1569 4463 ortus
1595 4410 1652 4462 et
1688 4406 1979 4465 fertilissi-

337 4510 464 4553 mos
493 4493 782 4565 Hispaniae
822 4507 993 4562 agros
1033 4508 1256 4564 secans,
1297 4495 1404 4551 sub
1432 4495 1692 4553 Tertosa
1721 4495 1983 4555 civitatis

337 4583 524 4641 monia
588 4581 884 4639 Balearico
933 4582 1076 4637 mari
1126 4582 1429 4653 miscetur,
1490 4583 1699 4641 deinde
1754 4585 1979 4643 Italiam

335 4677 522 4736 totam
555 4672 626 4728 ab
654 4673 914 4742 Augusta
945 4671 1224 4729 Prwtoria
1250 4686 1429 4742 usque
1454 4672 1510 4728 in
1533 4673 1857 4731 Calabriam
1882 4674 1981 4730 mi-

337 4777 558 4832 norem,
590 4761 646 4818 in
679 4775 792 4833 qua
815 4761 1132 4817 Grecorum
1166 4775 1231 4817 ac
1260 4762 1726 4821 Beneventorum
1750 4768 1979 4821 constat

337 4866 466 4911 esse
496 4849 765 4922 confinia,
813 4853 933 4908 tum
974 4850 1301 4920 Saxoniam,
1340 4864 1469 4921 qua:
1508 4852 1826 4909 Germaniae
1859 4853 1982 4925 qui-

339 4942 468 4999 dem
497 4955 701 5012 magna
734 4954 871 5014 pars
900 4945 1012 5011 est,
1047 4945 1108 4997 et
1136 4940 1281 5011 ejus,
1309 4955 1437 5012 quae
1461 4955 1492 4997 a
1512 4942 1751 4999 Francis
1780 4942 1982 5001 incoli-

339 5037 455 5103 tur,
483 5030 721 5105 duplum
746 5031 800 5087 in
826 5029 945 5088 lato
967 5032 1183 5089 habere
1212 5035 1474 5103 putatur,
1504 5046 1634 5088 cum
1658 5032 1709 5089 ei
1734 5032 1985 5103 longitu-

339 5120 471 5179 dine
492 5121 678 5195 possit
696 5135 829 5180 esse
852 5120 1412 5190 consimilis;deinde
1436 5124 1743 5195 utramque
1763 5124 1986 5180 Panno-

2007 2940 2057 3005 C

2081 1649 2439 1706 voluntatem
2482 1664 2587 1720 per
2628 1648 3079 1705 munificentiam
3120 1650 3449 1722 inclinatos,
3494 1657 3553 1707 ut
3597 1668 3733 1710 eum

2082 1752 2371 1806 nunquam
2412 1737 2520 1792 nisi
2561 1736 2874 1807 dominum,
2921 1753 3099 1807 seque
3132 1738 3400 1796 subditos
3431 1744 3490 1795 et
3522 1755 3736 1798 servos

2081 1828 2207 1897 ejus
2228 1826 2704 1898 pronunciarent.
2733 1827 2869 1882 Cum
2898 1828 3081 1882 Aaron
3108 1841 3242 1896 rege
3266 1830 3595 1899 Persarum,
3632 1832 3735 1901 qui

2081 1920 2329 1986 excepta
2362 1916 2518 1971 India
2549 1920 2741 1971 totum
2764 1929 2910 1986 pene
2934 1917 3172 1972 tenebat
3203 1916 3518 1988 Orientem,
3556 1918 3733 1976 talem

2082 2001 2331 2059 habetat
2359 2001 2411 2056 in
2437 2001 2698 2058 amiciria
2732 2001 3127 2073 concordiam,
3161 2008 3219 2058 ut
3248 2005 3295 2060 is
3320 2004 3565 2073 gratiam
3601 2004 3732 2074 ejus

2082 2092 2333 2147 omnium
2366 2092 2461 2161 qui
2488 2092 2540 2145 in
2568 2095 2693 2147 toto
2715 2094 2883 2147 erant
2911 2093 3053 2147 orbe
3084 2106 3282 2161 regum
3308 2106 3373 2148 ac
3398 2093 3730 2165 principum

2083 2179 2359 2236 amiciciae
2392 2184 2782 2250 pracponeret,
2825 2178 3128 2250 solumque
3160 2180 3379 2236 honore
3411 2196 3474 2236 ac
3504 2182 3733 2236 munifi-

2083 2268 2273 2325 centia
2288 2268 2401 2325 sibi
2417 2266 3048 2337 colendumjudicaret.
3064 2300 3131 2309 —
3148 2268 3537 2340 Imperatores
3550 2271 3730 2326 etiam

2084 2355 2740 2427 Constantinopolitani,
2775 2355 3157 2427 Nicephorus,
3190 2356 3469 2412 Michahel
3500 2362 3555 2414 et
3598 2359 3728 2427 Leo,

2085 2445 2243 2502 ultro
2265 2444 2586 2500 amiciciam
2605 2450 2661 2499 et
2681 2444 3023 2500 societatem
3041 2444 3167 2514 ejus
3187 2450 3547 2517 expetentes,
3575 2461 3735 2502 com-
3762 2480 3775 2481 ί

2089 2532 2283 2605 plures
2314 2532 2384 2589 ad
2414 2547 2517 2589 eos
2556 2533 2765 2589 misere
2804 2531 3044 2602 legatos.
3091 2534 3227 2589 Cum
3268 2534 3479 2604 quibus
3510 2540 3730 2606 tamen,

2086 2628 2327 2695 propter
2366 2628 2702 2693 susceptum
2734 2636 2764 2677 a
2797 2636 2857 2677 se
2889 2621 3260 2693 imperatoris
3301 2638 3527 2692 nomen,
3563 2628 3620 2679 et
3656 2626 3735 2681 ob

2086 2711 2215 2782 hoc,
2251 2712 2415 2782 quasi
2439 2711 2534 2781 qui
2561 2711 2860 2782 imperium
2885 2710 2972 2767 eis
2996 2712 3295 2783 preriperc
3326 2712 3523 2783 vellet,
3560 2713 3735 2769 valde

2087 2805 2483 2872 susspectuin,
2526 2800 2713 2856 foedus
2756 2798 3145 2856 firmissimum
3190 2803 3423 2872 statuit,
3467 2807 3527 2857 ut
3570 2801 3733 2858 nulla

2088 2888 2240 2944 inter
2272 2893 2472 2959 partes
2496 2886 2810 2956 cujuslibet
2835 2887 3092 2944 scandali
3120 2894 3446 2945 remaneret
3471 2890 3733 2947 occasio.

2090 2979 2223 3033 Erat
2244 2976 2392 3033 enim
2414 2991 2643 3047 semper
2661 2975 3218 3033 RomanisetGrecis
3238 2978 3583 3034 Francorum
3609 2993 3741 3036 sus-

2090 3069 2290 3138 specta
2327 3065 2606 3137 potentia.
2644 3064 2804 3120 Undc
2835 3070 2893 3119 et
2929 3063 3070 3120 illud
3103 3064 3342 3121 Grecum
3362 3070 3568 3121 exstat
3602 3081 3743 3138 pro-

2090 3163 2352 3220 verbium
2374 3179 2463 3214 τον
2498 3180 2724 3234 φρανκον
2765 3159 2920 3233 (pulos
2948 3179 3135 3231 κεχες,
3153 3179 3351 3234 γντονα
3379 3181 3438 3215 ου
3465 3181 3627 3234 κεχες
3660 3194 3739 3203 ..-

2091 3252 2196 3318 Qui
2237 3268 2366 3309 cum
2410 3258 2609 3309 tantus
2638 3251 2693 3307 in
2724 3250 3054 3323 ampliando
3086 3267 3266 3322 regno
3296 3258 3357 3309 et
3388 3254 3741 3325 subigendis

2089 3343 2310 3399 exteris
2324 3342 2653 3398 nationibus
2666 3340 3017 3398 cxisteretet
3034 3341 3088 3396 in
3101 3341 3383 3411 ejusmodi
3400 3345 3742 3415 occupatio-

2090 3430 2264 3485 nibus
2291 3429 2524 3487 assidue
2556 3434 2913 3499 versaretur,
2950 3444 3125 3501 Opera
3155 3433 3349 3487 tamen
3380 3430 3632 3503 plurima
3665 3434 3740 3489 ad

2090 3519 2254 3589 regni
2269 3519 2538 3576 decorem
2552 3523 2611 3576 et
2624 3519 3095 3576 commoditatem
3113 3520 3471 3591 pertinentia
3487 3522 3744 3579 diversis

2091 3607 2149 3663 in
2174 3607 2319 3665 locis
2342 3608 2655 3679 inchoavit,
2684 3607 2944 3679 quaedam
2970 3607 3143 3665 etiam
3167 3611 3626 3678 consummavit;
3658 3612 3746 3668 in-

2091 3702 2182 3752 ter
2201 3712 2328 3768 quae
2348 3698 2627 3769 precipua
2647 3712 2755 3754 non
2777 3697 3065 3754 immerito
3089 3697 3272 3755 videri
3297 3704 3546 3770 possunt
3573 3700 3743 3772 basy-

2093 3784 2201 3841 lica
2224 3791 2441 3843 sanctae
2466 3785 2563 3841 Dci
2586 3785 2892 3855 genitricis
2914 3786 3259 3857 Aquisgrani
3282 3801 3459 3859 opere
3485 3789 3743 3845 mirabili

2091 3879 2451 3944 constructa,
2478 3879 2536 3930 et
2560 3889 2704 3945 pons
2726 3875 2876 3946 apud
2902 3875 3249 3944 Mogontiam
3273 3876 3328 3930 in
3351 3876 3552 3932 ltbeno
3576 3878 3744 3948 quin-

2089 3966 2398 4032 gentorum
2435 3978 2709 4034 passuum
2742 3962 3157 4032 longitudinis;
3190 3979 3317 4020 nam
3353 3969 3518 4020 tanta
3540 3971 3636 4023 est
3658 3967 3738 4026 ibi

2093 4051 2343 4108 ﬂuminis
2364 4050 2631 4107 latitudo.
2660 4050 2765 4117 Qui
2791 4056 2981 4107 tamen
3004 4067 3114 4108 uno
3132 4067 3282 4108 anno
3306 4055 3621 4125 antequam
3646 4055 3743 4113 de-

2092 4141 2328 4196 cederet
2353 4138 2624 4196 incendi)
2646 4140 3045 4212 conﬂagravit,
3072 4155 3178 4198 nec
3202 4141 3360 4198 refici
3384 4144 3580 4215 potuit
3607 4160 3740 4216 pro-

2092 4233 2223 4299 pter
2243 4227 2580 4283 festinatum
2601 4226 2760 4284 illius
2779 4228 3105 4295 decessum,
3121 4244 3447 4300 quanquam
3469 4230 3524 4285 in
3541 4246 3611 4287 ea
3628 4247 3744 4288 me-

2095 4316 2378 4373 ditatione
2409 4320 2585 4386 esset,
2615 4322 2676 4373 ut
2700 4332 2806 4389 pro
2830 4317 3021 4387 ligneo
3046 4316 3335 4389 lapideum
3366 4319 3739 4378 restitueret.

2092 4405 2390 4461 Inehoavit
2407 4408 2465 4460 et
2485 4404 2700 4475 palatia
2721 4403 2917 4476 operis
2933 4405 3174 4477 egregii,
3198 4421 3373 4463 unum
3393 4406 3553 4465 haud
3570 4407 3743 4481 longe

2093 4510 2121 4551 a
2152 4494 2513 4565 Mogontiaca
2548 4494 2809 4566 civitate,
2838 4495 3005 4565 juxta
3037 4494 3233 4553 villam
3263 4496 3356 4554 cui
3389 4496 3743 4556 vocabulum

2090 4590 2185 4644 est
2207 4583 2616 4656 lngelenheim,
2639 4584 2887 4641 alterum
2908 4585 3243 4656 Noviomagi
3267 4600 3445 4659 super
3465 4587 3744 4645 Vahalem

2093 4675 2349 4732 ﬂuvium.
2380 4675 2664 4746 Precipue
2691 4680 2881 4731 tamen
2906 4674 3064 4731 aedes
3086 4688 3286 4732 sacras
3309 4675 3665 4747 ubicumque
3684 4676 3743 4734 in

2092 4770 2220 4822 toto
2246 4779 2422 4835 regno
2445 4780 2551 4822 suo
2570 4768 2870 4822 vetustate
2891 4763 3186 4836 collapsas
3209 4765 3520 4837 comperit,
3554 4765 3741 4838 ponti-

2096 4855 2302 4912 ficibus
2319 4858 2376 4911 et
2396 4853 2730 4923 abbatibus,
2752 4854 2823 4911 ad
2847 4868 3095 4924 quorum
3117 4868 3316 4911 curam
3341 4854 3738 4926 pertinebant,

2096 4948 2155 5002 ut
2190 4948 2687 5013 restaurarentur,
2731 4942 3058 5015 imperavit,
3093 4942 3377 5000 adhibens
3404 4956 3606 5000 curam
3640 4955 3745 5015 per

2097 5032 2339 5105 legatos,
2365 5039 2429 5089 ut
2452 5033 2735 5105 imperata
2768 5031 3139 5104 perficerent.
3172 5032 3363 5089 Talem
3391 5046 3523 5090 eum
3548 5032 3605 5089 in
3629 5046 3743 5089 am-

2098 5122 2332 5195 pliando
2355 5128 2415 5179 et
2436 5122 2655 5179 tuendo
2680 5120 2971 5194 simulque
2996 5121 3319 5182 ordinando
3347 5136 3531 5196 regno
3558 5121 3743 5185 fuisse

1706 5274 1942 5332 νΑΒιΑῑ
1987 5274 2384 5337 LECTIONES.

411 5419 501 5459 ⁸⁸⁸³
530 5422 619 5485 ita
641 5422 802 5484 cadd.
866 5421 959 5462 ¹¹²⁶
996 5427 1354 5490 Adefonsum
1398 5432 1574 5503 atque
1609 5427 1878 5487 Astrucie
1936 5428 2009 5489 ib.
