3992 6034
220 274 401 392 849¹

1118 333 1561 404 CHRONICA.
1596 372 1673 386 --
1705 335 2196 414 CHRONICON‘
2225 336 2751 400 UNIVERSALE

3509 336 3630 400 850

221 467 490 535 constat;
513 468 795 539 ceterum,
831 467 1021 540 qualis
1044 470 1098 529 in
1123 470 1442 532 domestica
1469 491 1607 533 cura
1640 475 1865 540 fuisset,
1899 472 1956 534 A
1985 477 2313 531 extremum
2345 487 2418 531 ex
2462 471 2785 531 satellitum
2829 485 3071 531 numero
3103 472 3173 531 ad
3203 470 3315 532 hoc
3371 473 3626 534 ordinati

220 555 711 616 dicatur.—-Post
756 566 999 618 mortem
1024 565 1211 635 patris
1248 581 1377 624 cum
1401 568 1580 623 fratre
1630 582 1869 636 regnum

219 647 478 719 partitus
508 651 670 705 tanta
698 651 981 721 patientia
1003 653 1339 712 simultates
1353 660 1410 712 et
1444 656 1872 727 int'idianrejus

221 734 380 807 tulit,
403 742 467 793 ut
490 738 758 796 omnibus
782 740 989 798 mirum
1026 742 1349 816 videretur,
1392 745 1547 817 quod
1572 761 1639 801 ne
1662 745 1733 802 ad
1764 746 1872 804 ira-

222 824 493 881 cundiam
533 825 763 896 quidem
789 830 861 885 ab
884 843 953 885 eo
988 833 1290 901 provocari
1325 834 1629 905 potuisset.
1657 833 1872 891 Deinde

225 927 357 969 cum
404 915 609 973 matris
637 916 875 975 hortatu
927 919 1100 977 filiam
1135 923 1415 980 Desiderii
1467 925 1623 994 regis
1657 926 1874 995 Longo-

227 1002 540 1061 bardorum
565 1005 829 1063 duxisset
854 1024 1113 1081 uxorem,
1147 1017 1281 1082 post
1308 1028 1517 1070 annum
1543 1014 1871 1085 repudiavit

223 1104 374 1163 eam,
406 1097 465 1148 et
500 1092 890 1165 Hildigardam
927 1097 998 1155 de
1019 1103 1193 1168 gente
1216 1101 1553 1173 Suavorum,
1579 1101 1873 1174 precipuae

225 1179 556 1237 nobilitatis
618 1183 906 1255 feminam,
942 1185 995 1241 in
1048 1190 1473 1246 matrimonium
1521 1190 1769 1262 accepit,
1805 1190 1875 1247 de

225 1281 337 1338 qua
373 1268 522 1326 filios
557 1274 701 1342 tres,
758 1274 1023 1331 Karolum
1056 1276 1330 1334 videlicet
1377 1293 1443 1336 ac
1471 1279 1779 1350 Pippinum
1813 1282 1871 1334 et

224 1355 621 1429 Ludowicum,
685 1361 1045 1433 totidemque
1121 1365 1288 1436 filias,
1359 1368 1761 1425 Ruothrudem
1815 1371 1875 1423 et

226 1444 499 1502 Berhtam
534 1452 591 1504 et
644 1448 874 1519 Gislam,
906 1452 1128 1520 genuit.
1161 1454 1373 1511 Habuit
1406 1460 1464 1512 et
1495 1454 1639 1512 alias
1668 1459 1789 1512 tres
1816 1454 1877 1510 fi-

226 1532 356 1603 lias,
373 1536 860 1595 Theoderatamct
882 1540 1207 1599 Hiltrudam
1227 1547 1285 1600 et
1309 1544 1714 1616 Ruotheidem,
1731 1545 1877 1601 duas

227 1620 298 1678 de
324 1624 602 1682 Fastrada
634 1642 834 1697 uxore,
863 1644 974 1700 que
997 1629 1066 1687 de
1099 1631 1467 1690 orientalium
1502 1635 1873 1695 Francorum,

221 1710 453 1768 scilicet
487 1715 921 1788 Germanorum,
972 1723 1147 1789 gente
1177 1726 1324 1792 erat,
1357 1723 1598 1779 terciam
1640 1722 1711 1778 de
1742 1737 1877 1778 con-

214 1800 427 1895 cubina
482 1803 760 1895 quadam.
812 1807 1101 1895 Defuncta
1155 1811 1455 1882 Fastrada,
1505 1811 1869 1895 Luitgardam
1902 1834 1957 1895 Β

214 1886 594 1945 Alamannam
623 1890 812 1962 duxit,
848 1893 918 1948 de
950 1909 1060 1965 qua
1094 1894 1315 1952 liberos
1346 1912 1457 1954 non
1482 1897 1705 1953 habuit.
1734 1885 1871 1953 Post

214 1976 388 2046 cujus
417 1985 659 2036 mortem
694 1985 817 2038 tres
849 1983 1051 2039 habuit
1085 1986 1462 2055 concubinas,
1490 1985 1871 2042 Gersuindam

216 2065 488 2123 Saxonici
539 2071 792 2142 generis,
828 2071 898 2127 de
930 2086 1041 2143 qua
1073 2074 1125 2131 ei
1160 2074 1274 2132 filia
1307 2076 1536 2132 nomine
1588 2075 1869 2131 Adeltrud

214 2159 351 2210 nata
386 2160 497 2225 est,
525 2158 834 2229 Regenam,
879 2175 1006 2230 quae
1020 2161 1070 2218 ei
1092 2165 1457 2233 Druogonem
1489 2168 1548 2219 et
1572 2165 1869 2233 Hugonem

210 2242 440 2313 genuit,
468 2245 810 2302 Adelindam
864 2263 1114 2322 quoque,
1141 2267 1270 2322 quze
1292 2252 1708 2309 Theodericum
1742 2267 1872 2323 pro-

213 2331 459 2387 creavit.
498 2364 565 2372 —
600 2334 778 2392 Mater
829 2351 1059 2408 quoque
1086 2339 1214 2409 ejus
1263 2340 1540 2397 Bertrada
1573 2340 1627 2397 in
1665 2354 1871 2409 magno

214 2418 373 2490 apud
407 2434 537 2477 eum
590 2423 806 2481 honore
852 2428 1199 2495 consenuit;
1254 2428 1480 2486 colebat
1540 2429 1692 2486 enim
1746 2443 1872 2485 eam

215 2521 351 2562 cum
380 2522 583 2581 magna
603 2514 1050 2585 reverentia,ita
1079 2520 1139 2571 ut
1164 2517 1321 2573 nulla
1354 2532 1605 2589 unquam
1627 2516 1873 2572 invicem

218 2596 299 2651 sit
327 2603 532 2655 exorta
558 2599 870 2672 discordia,
896 2604 1005 2660 nisi
1033 2605 1089 2660 in
1118 2605 1373 2663 divortio
1393 2606 1526 2663 filiae
1546 2606 1702 2675 regis
1718 2605 1876 2661 Desi-

215 2682 391 2756 dcrii,
429 2700 598 2758 quam
631 2688 727 2746 illa
762 2692 1047 2749 suadente
1079 2701 1405 2765 acceperat.
1457 2694 1718 2751 Decessit
1752 2697 1876 2748 tan-

215 2770 350 2829 dem
374 2780 507 2846 post
535 2781 779 2834 mortem
805 2778 1166 2851 Hiltigardaa,
1196 2797 1324 2838 cum
1343 2782 1458 2852 jam
1484 2787 1607 2839 tres
1630 2786 1876 2854 nepotes

218 2876 367 2919 suos
389 2863 751 2937 tot-idemque
772 2872 979 2941 neptes
1005 2870 1060 2925 in
1086 2869 1185 2926 filii
1211 2870 1379 2927 domo
1397 2871 1664 2928 vidisset.
1692 2870 1870 2937 Quam

221 2948 325 3005 ille
357 2951 410 3006 in
455 2952 659 3009 eadem
721 2956 976 3027 basylica
1008 2973 1117 3029 qua
1148 2963 1316 3031 pater
1364 2960 1516 3017 situs
1547 2965 1658 3031 est,
1718 2960 1871 3033 apud

213 3038 495 3097 Sanctum
527 3041 844 3101 Dionisium
904 3060 1112 3117 magno
1166 3063 1296 3105 cum
1327 3048 1545 3106 honore
1602 3050 1740 3106 fecit
1768 3051 1871 3107 hu-

215 3128 366 3183 mari
390 3127 500 3186 “'7.
550 3133 777 3189 —Erat
835 3134 887 3190 ei
942 3135 1110 3192 unica
1167 3152 1338 3194 soror
1369 3137 1598 3194 nomine
1627 3138 1801 3210 Gisia,
1836 3154 1865 3195 a

226 3216 594 3288 puellaribus
642 3221 808 3279 annis
839 3223 1126 3294 religiosae
1175 3226 1603 3283 conversationi
1658 3227 1862 3284 manci-

124 3306 127 3309 '
210 3306 552 3374 pata,quam
568 3306 839 3364 similiter
857 3312 919 3365 ut
942 3314 1166 3381 patrem
1200 3326 1402 3383 magna
1423 3311 1604 3369 coluit
1622 3313 1864 3389 pietate,

212 3405 348 3462 quae
380 3392 554 3449 etiam
608 3397 812 3467 paucis
841 3402 976 3454 ante
1029 3399 1252 3456 obitum
1284 3400 1443 3458 illius
1492 3402 1677 3472 annis,
1709 3402 1765 3457 in
1795 3417 1863 3459 eo

210 3495 333 3551 quo
364 3487 707 3541 conversata
732 3488 823 3542 est
848 3488 1201 3545 monasterio
1233 3489 1508 3547 decessit.
1535 3522 1602 3530 —
1627 3491 1862 3547 Liberos

212 3583 362 3649 suos
383 3568 464 3626 ita
487 3572 711 3629 censuit
737 3573 1150 3647 instituendos,
1179 3581 1241 3633 ut
1263 3581 1381 3634 tam
1406 3578 1508 3634 ﬂlii
1533 3593 1701 3650 quam
1730 3579 1860 3637 filiae

213 3655 409 3729 primo
454 3656 801 3718 liberalibus
845 3662 1073 3733 studiis,
1108 3665 1321 3736 quibus
1361 3670 1420 3722 et
1450 3667 1576 3738 ipse
1625 3681 1860 3739 operam

209 3744 418 3816 dabat,
448 3747 846 3821 erudirentur,
906 3755 1026 3808 tum
1060 3751 1227 3825 filios,
1260 3769 1389 3811 cum
1439 3755 1683 3826 primum
1716 3760 1860 3813 mtas

207 3832 576 3904 patiebatur,
601 3850 759 3894 more
782 3838 1132 3897 Francorum
1154 3842 1438 3913 equitare,
1468 3843 1645 3899 armis
1671 3858 1738 3900 ac
1769 3859 1863 3900 ve-

203 3919 451 3977 natibus
462 3924 726 3979 exerceri
743 3924 1057 3996 fecit,filias
1070 3941 1208 3983 vero
1222 3927 1484 3985 laneflcio
1496 3944 1858 4001 assuescere,

199 4006 457 4077 coloque
473 4022 536 4066 ac
561 4010 707 4082 fuso,
724 4026 796 4068 ne
816 4027 921 4084 per
948 4013 1128 4071 otium
1156 4019 1480 4088 torperent,
1509 4019 1863 4089 operamim-

202 4094 486 4167 pendere,
513 4102 689 4170 atque
712 4101 783 4156 ad
807 4115 1032 4159 omnem
1058 4103 1416 4160 honestatem
1431 4106 1857 4176 erudirijussit.

202 4183 292 4238 Ex
327 4182 419 4240 his
449 4186 719 4245 omnibus
748 4187 896 4246 duos
930 4193 1159 4248 tantum
1192 4191 1344 4249 ﬁlios
1371 4196 1425 4249 et
1461 4206 1630 4249 unam
1664 4194 1859 4263 filiam,

204 4271 552 4343 priusquam
587 4281 934 4349 moreretur,
974 4278 1192 4348 amisit,
1224 4281 1514 4352 Karolum,
1551 4282 1647 4354 qui
1680 4282 1862 4352 major

200 4364 352 4416 natu
372 4366 520 4428 erat,
550 4367 610 4419 et
630 4363 958 4436 Pippinum,
976 4381 1145 4437 quem
1168 4383 1364 4439 regem
1386 4370 1569 4429 Italia:
1599 4372 1860 4443 prefece-

199 4452 324 4519 rat,
360 4453 420 4504 et
451 4450 872 4523 Ruothrudem,
900 4469 1028 4525 qua)
1051 4455 1297 4513 filiarum
1321 4458 1448 4529 ejus
1471 4459 1857 4531 primogenita

1900 3185 1948 3247 C

1985 564 2319 621 tuebantur.
2359 563 2496 631 Quae
2524 578 2654 621 cum
2686 561 3096 636 pulcherrimae
3127 567 3326 621 essent
3375 567 3432 621 et
3465 566 3537 621 ab
3558 579 3628 622 eo

1984 651 2295 725 plurimum
2327 651 2734 723 diligerentur,
2769 653 2976 710 mirum
3012 653 3195 725 dictu,
3224 653 3375 725 quod
3409 654 3647 712 nullam

1983 756 2183 799 earum
2212 742 2481 813 cuiquam
2504 746 2598 798 aut
2626 756 2864 798 suorum
2889 748 2986 799 aut
3012 748 3350 800 exterorum
3382 750 3627 815 nuptum

1986 830 2124 887 dare
2170 829 2374 900 voluit,
2425 830 2528 887 sed
2557 844 2757 887 omnes
2806 845 3003 888 secum
3057 846 3240 902 usque
3274 832 3344 889 ad
3406 832 3628 889 obitu‘m

1985 934 2155 976 suum
2188 919 2244 975 in
2277 919 2446 976 domo
2476 934 2579 976 sua
2611 920 2873 992 retinuit,
2918 920 3138 991 dicens,
3174 934 3237 976 se
3267 935 3466 977 earum
3497 935 3630 978 con-

1987 1008 2258 1065 tubernio
2291 1023 2496 1065 carere
2544 1023 2659 1065 non
2693 1024 2884 1080 posse,
2919 1024 2986 1066 ac
3038 1012 3278 1080 propter
3307 1008 3436 1079 hoc,
3490 1008 3630 1065 licet

1985 1095 2130 1154 alias
2158 1096 2317 1169 felix,
2354 1096 2617 1154 adversae
2650 1098 2897 1153 fortunae
2921 1097 3324 1166 indignitatem
3347 1100 3629 1168 expertus

1985 1188 2107 1254 est;
2133 1185 2286 1257 quod
2319 1190 2510 1243 tamen
2536 1186 2614 1241 ita
2656 1185 3066 1255 dissimulavit,
3101 1185 3219 1243 acsi
3251 1184 3323 1242 de
3352 1186 3438 1242 eis
3471 1185 3628 1243 nulla

1987 1287 2238 1345 unquam
2270 1274 2519 1347 alicujus
2566 1275 2766 1346 probri
2801 1274 3090 1346 susspicio
3122 1278 3323 1331 exorta
3356 1275 3449 1331 vel
3482 1274 3629 1331 fama

1987 1360 2257 1434 dispersa
2291 1363 2516 1419 fuisset.
2548 1394 2619 1403 —
2642 1365 2780 1419 Erat
2810 1363 2863 1419 ei
2902 1363 3055 1419 filius
3085 1362 3316 1419 nomine
3348 1362 3631 1434 Pippinus

1987 1464 2057 1506 ex
2077 1451 2397 1508 concubina
2422 1452 2637 1520 editus,
2664 1453 2832 1522 cujus
2850 1452 3003 1507 inter
3025 1455 3261 1508 ceteros
3277 1452 3627 1507 mentionem

1989 1538 2183 1595 facere
2206 1539 2432 1611 distuli,
2473 1540 2619 1596 facie
2642 1540 2873 1611 quidem
2893 1538 3156 1611 pulcher,
3188 1538 3291 1594 sed
3322 1538 3500 1608 gibbo
3534 1539 3632 1595 de-

1991 1626 2209 1684 formis.
2246 1630 2302 1684 Is
2332 1644 2460 1685 cum
2491 1633 2660 1701 pater
2693 1628 2845 1685 bello
2879 1643 3009 1684 cum
3040 1629 3222 1686 Hunis
3261 1630 3539 1698 suscepto
3571 1626 3634 1696 in,

1991 1715 2252 1786 Bajoaria
2302 1718 2607 1789 hiemaret,
2655 1733 2787 1775 cuin
2834 1716 3179 1788 quibusdam
3210 1731 3241 1772 e
3272 1716 3628 1788 primoribus

1990 1803 2360 1877 Francorum,
2396 1807 2492 1878 qui
2543 1821 2673 1863 eum
2707 1820 2852 1863 vana
2906 1804 3069 1876 regni
3130 1804 3512 1877 promissione
3562 1803 3628 1860 il-

1985 1890 2271 1965 lexerant,
2307 1897 2590 1953 adversus
2633 1899 2857 1968 patrem
2899 1894 3250 1965 conjuravit.
3286 1894 3464 1961 Quem
3496 1898 3627 1966 post

1984 1981 2241 2038 fraudem
2274 1984 2564 2040 detectam
2592 1988 2652 2039 et
2673 1983 3110 2052 conjuratorum
3133 1981 3624 2054 dampnationem,

1982 2070 2313 2142 detonsum,
2356 2072 2411 2127 in
2443 2073 2712 2129 coenobio
2760 2072 2992 2128 Prumia
3026 2071 3318 2141 religiosae
3348 2070 3484 2127 vitae
3510 2070 3626 2141 jam

1981 2158 2271 2217 volentem
2287 2175 2495 2217 vacare
2508 2160 2796 2233 permisit.
2814 2162 2984 2217 Facta
2998 2164 3091 2217 est
3111 2163 3167 2217 et
3182 2159 3293 2216 alia
3317 2175 3350 2230 p
3362 2160 3482 2216 rius
3495 2174 3628 2217 con.

1985 2250 2072 2302 tra
2097 2262 2227 2305 eum
2249 2247 2305 2304 in
2328 2249 2627 2305 Germania
2653 2250 2843 2306 valida
2867 2247 3212 2319 conjuratio,
3238 2247 3406 2318 cujus
3429 2251 3628 2305 aucto-

1984 2350 2081 2392 res
2097 2336 2307 2407 partim
2328 2335 2647 2394 luminibus
2677 2337 2890 2405 orbati,
2910 2336 3118 2407 partim
3143 2334 3478 2405 incolomes,
3511 2350 3629 2391 om-

1985 2439 2088 2481 nes
2119 2429 2313 2481 tamen
2354 2425 2530 2482 exilio
2552 2426 2847 2497 deportati
2873 2429 3028 2491 sunt,
3051 2438 3236 2495 neque
3260 2422 3416 2481 ullus
3439 2437 3510 2480 ex
3540 2423 3627 2481 eis

1987 2513 2331 2587 interfectus
2360 2519 2473 2582 est,
2516 2514 2627 2570 nisi
2659 2519 2781 2571 tres
2823 2517 3075 2582 tantum,
3128 2513 3224 2583 qui
3255 2527 3385 2569 cum
3439 2528 3521 2583 se,
3555 2526 3626 2570 ne

1985 2602 2639 2674 comprehenderentur,
2697 2602 2925 2659 strictis
2961 2600 3173 2671 gladiis
3222 2600 3624 2671 defenderent,

1987 2688 2214 2761 aliquos
2230 2690 2403 2747 etiam
2445 2691 2823 2761 occidissent,
2861 2690 2994 2759 quia
3016 2689 3189 2746 aliter
3218 2689 3479 2746 coerceri
3512 2705 3624 2746 non

1989 2783 2278 2850 poterant,
2305 2779 2637 2851 interempti
2660 2783 2814 2836 sunt.
2831 2781 3043 2835 Harum
3065 2783 3253 2834 tamen
3275 2778 3629 2847 conjuratio-

1984 2882 2117 2923 num
2151 2868 2445 2924 Fastradaa
2480 2867 2694 2939 reginae
2725 2867 3044 2925 crudelitas
3066 2882 3239 2923 causa
3269 2872 3329 2923 et
3360 2867 3524 2937 origo
3546 2866 3629 2922 di-

1981 2955 2136 3013 citur
2166 2956 2459 3026 extitisse,
2494 2961 2552 3013 et
2571 2956 2793 3013 idcirco
2823 2956 2877 3011 in
2902 2956 3185 3012 ambabus
3207 2950 3409 3011 contra
3430 2969 3624 3024 regem

1981 3044 2379 3116 conspiratum
2413 3048 2526 3115 est,
2581 3044 2713 3115 quia
2768 3044 2967 3101 uxoris
3011 3043 3348 3100 crudelitati
3383 3057 3625 3100 consen-

1979 3134 2152 3205 tiens,
2184 3147 2215 3189 a
2249 3148 2369 3190 suae
2416 3139 2639 3190 naturae
2690 3132 3049 3203 benignitate
3080 3146 3146 3188 ac
3180 3130 3624 3188 mansuetudine

1979 3221 2289 3279 videbatur
2309 3221 2698 3278 exorbitasse.
2726 3222 2995 3277 Ceterum
3023 3234 3128 3292 per
3151 3234 3319 3276 omne
3344 3234 3464 3277 suae
3489 3220 3623 3275 vitae

1980 3314 2209 3384 tempus
2232 3311 2312 3368 ita
2335 3326 2464 3368 cum
2490 3326 2714 3367 summo
2732 3310 2984 3366 omnium
3007 3323 3202 3365 amore
3226 3313 3401 3379 atque
3429 3309 3623 3364 favore

1977 3399 2131 3458 domi
2162 3404 2223 3456 et
2251 3399 2394 3457 foris
2432 3403 2819 3457 conversatus
2848 3402 2961 3467 est,
3009 3401 3073 3454 ut
3125 3409 3417 3468 nunquam
3446 3396 3498 3451 ei
3532 3396 3624 3452 vel

1975 3487 2207 3545 minima
2229 3488 2461 3559 injustas
2485 3485 2860 3545 credulitatis
2888 3490 3023 3541 nota
3047 3499 3076 3540 a
3103 3499 3390 3555 quoquam
3417 3484 3622 3541 fuisset

1974 3574 2226 3646 objecta.
2263 3575 2506 3631 Amabat
2554 3574 2897 3646 peregrinos
2928 3577 2985 3628 et
3018 3573 3072 3627 in
3102 3571 3188 3627 eis
3232 3571 3622 3642 suscipiendis

1976 3677 2240 3733 magnam
2271 3663 2520 3719 habebat
2554 3676 2774 3731 curam,
2808 3660 2956 3718 adeo
2991 3664 3051 3715 ut
3085 3674 3281 3716 eorum
3308 3659 3623 3715 multitudo

1977 3766 2088 3809 non
2120 3751 2303 3809 solum
2356 3750 2594 3824 palatio,
2633 3764 2835 3809 verum
2866 3750 3042 3808 etiam
3074 3764 3254 3819 rrgno
3285 3764 3396 3805 non
3430 3748 3626 3804 inimc-

1978 3839 2092 3896 rito
2113 3839 2416 3896 videretur
2436 3852 2703 3896 enerosa.
2718 3841 2847 3911 Ipse
2871 3843 3060 3901 tamen
3082 3852 3203 3908 prae
3227 3836 3621 3906 magnitudine

1976 3928 2147 3985 animi
2171 3927 2570 3999 hujuscemodi
2603 3927 2858 3998 pondere
2876 3925 2966 3959 “’9
2988 3926 3219 3981 minime
3240 3925 3617 3996 gravabatur,

1976 4032 2106 4074 cum
2121 4016 2295 4073 etiam
2313 4014 2569 4087 ingentia
2585 4014 2949 4072 incommoda
2966 4013 3136 4070 laude
3156 4012 3534 4069 liberalitatis
3552 4028 3618 4069 ac

1977 4105 2144 4162 bonae
2176 4105 2339 4161 famae
2382 4102 2649 4160 mercede
2677 4103 3105 4173 compensaret.
3128 4132 3192 4143 —
3228 4102 3481 4172 Corpore
3514 4100 3622 4156 fuit

1975 4192 2167 4265 amplo
2191 4198 2368 4263 atque
2391 4191 2656 4260 robusto,
2691 4193 2919 4247 statura
2940 4187 3239 4260 eminenti,
3275 4203 3403 4260 quae
3429 4193 3617 4244 tamen

1975 4296 2085 4337 non
2107 4279 2502 4338 excederet—
2521 4293 2649 4335 nam
2674 4283 2895 4351 septem
2919 4293 3158 4336 suorum
3183 4276 3395 4349 pedum
3419 4292 3619 4348 procc-

1976 4368 2207 4426 ritatem
2239 4368 2367 4439 ejus
2407 4372 2642 4425 constat
2688 4367 2966 4425 habuisse
2996 4381 3324 4424 mensuram
3356 4397 3420 4406 ——
3454 4365 3617 4438 apiie

1974 4456 2187 4529 capitis
2233 4456 2507 4527 rotundo,
2559 4455 2743 4515 oculis
2791 4455 3217 4529 pregrandibus
3264 4470 3332 4512 ac
3371 4454 3613 4526 vegetis,

196 4544 263 4594 et
299 4552 331 4594 a
352 4539 734 4598 Constantino
768 4541 1080 4600 Grecorum
1113 4544 1481 4618 imperatore,
1511 4547 1629 4604 tilio
1654 4548 1857 4605 Leonis
1889 4544 1941 4603 D
1974 4562 2113 4604 naso
2140 4545 2439 4618 paululum
2473 4545 2527 4601 in
2552 4545 3017 4603 mediocritatem
3040 4544 3369 4615 excedenti,
3392 4544 3617 4602 canicie

197 4630 259 4683 et
310 4626 538 4698 Hyrene
584 4628 771 4685 fuerat
827 4630 1202 4702 desponsata.
1270 4634 1522 4700 Quorum
1577 4636 1857 4709 Pippinus

199 4730 384 4772 unum
418 4715 594 4774 filium
621 4719 1042 4791 Bernhardum,
1080 4721 1225 4778 filias
1255 4727 1445 4781 autem
1485 4726 1739 4797 quinque
1763 4742 1858 4783 sn-

199 4802 491 4875 perstites
532 4803 794 4875 reliquit,
826 4805 883 4862 in
909 4806 1124 4877 quibus
1143 4824 1245 4864 rex
1264 4810 1502 4882 pietatis
1531 4828 1650 4869 suae
1675 4815 1857 4885 preci-

196 4906 384 4964 puum
436 4891 848 4951 documentum
900 4897 1181 4967 ostendit,
1215 4914 1343 4955 cum
1396 4905 1667 4972 nepotem
1702 4908 1853 4975 patri

196 4978 526 5037 succedere
560 4984 620 5037 et
650 4986 859 5055 neptes
886 4984 1040 5039 inter
1071 4985 1221 5043 filias
1252 5001 1387 5044 suas
1411 4988 1646 5045 educari
1683 4990 1845 5047 fecit.

201 5066 489 5125 Filiorum
514 5082 580 5126 ac
609 5069 857 5128 filiarum
883 5076 1103 5128 tantam
1126 5073 1216 5107 ωε
1245 5075 1301 5131 in
1337 5076 1638 5135 educando
1658 5093 1854 5135 curam

193 5153 432 5216 habuit.
459 5160 827 5228 utnunquam
842 5157 992 5216 domi
1015 5160 1239 5232 positus
1263 5162 1389 5219 sine
1417 5163 1562 5236 ipsis
1575 5173 1852 5232 cmnaret.

194 5256 501 5313 nunquam
535 5244 648 5302 iter
698 5244 821 5303 sine
856 5246 972 5305 illis
1027 5249 1266 5307 faceret.
1335 5252 1767 5325 Adequitabant
1800 5256 1854 5313 ei

194 5329 333 5402 filii,
369 5330 502 5390 filia:
535 5347 675 5391 vero
708 5350 859 5408 pone
904 5338 1322 5413 sequebantur,
1358 5355 1601 5413 quarum
1650 5358 1854 5416 agmen

1973 4636 2236 4709 pulchra,
2270 4635 2414 4692 facie
2448 4634 2584 4693 laeta
2613 4640 2673 4693 et
2701 4634 2908 4708 hylari,
2953 4635 3104 4693 unde
3134 4635 3331 4692 formae
3362 4633 3617 4691 auctori-

1970 4731 2063 4782 tas
2089 4740 2157 4783 ac
2180 4724 2435 4795 dignitas
2455 4728 2574 4781 tam
2598 4724 2779 4781 stanti
2803 4739 2974 4796 quam
2997 4723 3221 4782 sedenti
3247 4722 3494 4795 plurima
3524 4736 3616 4777 ac-

1969 4814 2333 4887 quirebatur.
2379 4814 2715 4885 Quanquam
2761 4813 2913 4870 enim
2942 4812 3143 4869 cervix
3173 4812 3351 4868 obesa
3398 4813 3458 4866 et
3486 4811 3615 4867 bre-

1969 4903 2095 4961 vior
2113 4907 2434 4974 venterque
2455 4902 2757 4960 videretur
2778 4901 3118 4973 projectior,
3153 4904 3346 4955 tamen
3369 4898 3492 4956 haec
3521 4913 3614 4955 ce-

1972 4997 2229 5049 terorum
2282 4992 2671 5049 membrorum
2721 4989 2952 5047 celabat
2996 4987 3323 5060 aequalitas.
3375 4988 3612 5045 Incessu

1967 5084 2093 5138 erat
2124 5080 2310 5151 firmo,
2348 5085 2590 5150 totaque
2608 5078 2875 5151 corporis
2905 5075 3249 5134 habitudine
3268 5074 3444 5146 virili,
3471 5090 3611 5132 voce

1966 5168 2124 5226 clara
2148 5168 2400 5240 quidem,
2444 5167 2547 5224 sed
2581 5182 2707 5240 quae
2745 5165 2935 5223 minus
2958 5163 3225 5238 corporis
3252 5165 3448 5221 forma
3476 5178 3612 5220 cou-

1967 5257 2216 5329 veniret,
2235 5255 2556 5315 valitudine
2579 5268 2883 5330 prospera,
2904 5257 3105 5328 preter
3127 5252 3281 5326 quod
3298 5256 3608 5323 antequam

1968 5346 2283 5406 decederet
2308 5359 2409 5420 per
2431 5349 2686 5417 quatuor
2709 5357 2893 5403 annos
2914 5343 3127 5403 crebro
3150 5341 3412 5400 febribus
3432 5339 3613 5399 corri-

1558 5505 1794 5563 VARIE
1834 5506 2234 5565 LECTIONES.

282 5626 376 5662 ω’
410 5628 649 5690 humare
679 5645 829 5692 corr.
863 5633 1086 5692 humari
1121 5640 1177 5695 l.
1240 5634 1330 5671 ‘1"
1360 5641 1580 5698 tantum
1614 5639 1787 5709 (corr.
1817 5641 2100 5712 tantam?)
2132 5644 2187 5700 t.
2228 5641 2452 5698 tantum
2483 5645 2567 5698 9°.
2608 5639 2700 5700 10.
2736 5639 2850 5701 Et.
2910 5637 3005 5679 ω’
3032 5652 3210 5699 onere
3239 5641 3295 5691 5.
