3992 6034
403 249 517 317 851

1563 268 2045 338 EKKEHARDI
2086 274 2644 348 URAUGIENSIS

3692 283 3806 347 852

404 385 698 491 piebatur,
722 387 792 451 ad
815 397 1137 491 extremum
1165 404 1339 465 etiam
1364 424 1480 468 uno
1500 412 1648 483 pede
1661 414 2047 473 claudicabat.
2084 409 2138 473 A
2168 416 2467 490 ctoritate,
2502 424 2561 477 et
2583 418 2832 478 ecclesia
2868 418 3057 479 sancti
3083 415 3240 477 Petri
3266 413 3561 491 petilium
3584 432 3697 477 non
3721 431 3809 477 so-

405 478 541 579 Erat
573 481 903 581 eloquentia
938 493 1211 563 copiosus
1235 504 1294 554 et
1325 478 1674 575 exuberans,
1701 512 2052 581 poteratque

409 571 681 639 quicquid
715 575 890 633 vellet
928 584 1299 652 apertissime
1330 571 1829 662 exprimet-eanec
1860 571 2053 670 patrio

409 668 678 757 sermone
710 671 1043 739 contentus,
1097 675 1269 731 etiam
1318 683 1643 751 peregrinis
1688 668 1904 756 linguis
1934 691 2054 745 eili-

411 747 645 838 seendis
677 766 912 819 Operam
954 758 1150 832 dabat,
1188 765 1240 821 in
1272 747 1485 837 quibus
1511 747 1875 833 Latinamvita
1909 779 2054 836 didi-

409 835 512 933 cit,
541 837 600 888 ut
620 849 774 933 eaac
801 844 983 933 patria
1029 847 1222 919 lingua
1253 835 1422 912 orare
1444 858 1516 914 sit
1548 859 1778 933 solitus,
1812 835 2051 924 Grecam

408 931 548 1026 vero
583 926 1155 1026 me-liusintellegerc
1187 956 1355 1012 quam
1387 926 1775 1018 pronunciare
1796 959 2047 1026 poterat.

407 1007 581 1115 A‘rtes
616 1011 888 1115 liberales
909 1007 1343 1089 studiosissime
1372 1007 1574 1108 coluit,
1605 1007 2052 1115 earumque

407 1100 603 1195 etores
627 1103 935 1195 plurimum
969 1121 1300 1191 veneratus,
1333 1100 1792 1195 magnis'extulit
1821 1100 2052 1192 bono—rvi-

407 1184 534 1242 bus.
564 1189 621 1244 In
649 1193 922 1253 discenda
955 1184 1332 1269 grammatica
1367 1184 1602 1273 Petrum
1635 1184 2051 1280 Pisanum-dia.-

405 1285 609 1377 concm
634 1294 835 1377 senem,
852 1288 1093 1377 audivit,
1112 1294 1167 1350 in
1182 1300 1398 1358 ceteris
1417 1302 1748 1377 disciplinis
1780 1310 2049 1370 Albinum

404 1373 789 1474 cognomento
812 1373 1156 1453 Alcwinum,
1174 1384 1310 1442 item
1332 1373 1633 1450 diaconum
1658 1395 1729 1452 de
1744 1398 2045 1474 Brittania,

404 1464 593 1557 vir-um
639 1458 1040 1557 undecumque
1069 1471 1489 1550 doctissimum,
1519 1491 1921 1557 preceptorem
1954 1458 2052 1548 ba:

407 1539 737 1650 buit,‘apud
770 1564 939 1650 quem
973 1561 1031 1611 et
1064 1561 1374 1624 rethoricae
1396 1572 1454 1625 et
1476 1539 2051 1650 [dialectica-preci-

403 1642 519 1734 pue
567 1636 772 1734 taman
812 1645 1222 1734 astronomicae
1272 1655 1602 1717 ediscendas
1647 1636 1958 1734 plurimum
1991 1671 2048 1725 et

2169 504 2283 563 lum
2317 512 2443 565 tuta
2474 524 2541 565 ac
2586 509 2845 577 defensa,
2890 510 2991 567 sed
3023 510 3197 566 etiam
3248 509 3369 566 suis
3397 508 3677 580 operibus
3707 521 3807 581 pre

2166 598 2436 655 omnibus
2469 597 2749 656 :ccclesiis
2781 604 2939 656 esset
2969 605 3172 655 ornata
3199 602 3374 669 atque
3398 597 3603 654 ditata.
3628 598 3805 664 Quam

2165 702 2294 743 cum
2318 686 2462 741 tanti
2491 687 2788 759 penderet,
2819 692 3007 743 tamen
3030 687 3178 743 intra
3205 690 3270 741 46
3289 701 3567 743 annorum
3593 687 3805 757 quibus

2166 780 2509 845 regnaverat
2567 777 2824 847 spacium
2858 782 3065 847 quater
3102 780 3322 832 tantum
3376 776 3476 831 illo
3532 779 3800 832 votorum

2166 863 2577 920 solvendorum
2595 878 2657 920 ac
2684 863 3049 935 supplicandi
3072 878 3245 922 causa
3261 866 3566 936 profectus
3586 868 3698 921 est.
3720 863 3803 919 Ul-

2167 952 2287 1009 timi
2312 952 2598 1009 adventus
2615 954 2703 1009 sui
2721 968 2827 1008 non
2851 953 3036 1010 solum
3058 954 3183 1009 bzec
3207 953 3439 1009 fuerunt
3463 967 3680 1022 causae,
3714 966 3804 1009 ve-

2165 1057 2289 1098 rum
2306 1043 2478 1097 etiam
2505 1042 2655 1112 quod
2699 1042 2936 1097 Romani
2970 1043 3213 1099 Leonem
3240 1042 3572 1114 pontificem
3605 1042 3803 1099 multis

2163 1131 2432 1187 affectum
2453 1130 2701 1200 injuriis,
2727 1130 2915 1187 crutis
2941 1130 3186 1197 scilicet,
3221 1135 3284 1187 ut
3313 1131 3544 1201 quidam
3579 1131 3800 1201 dicunt,

2162 1219 2365 1288 oculis,
2402 1219 2715 1289 linguaque
2749 1222 3069 1289 amputata,
3101 1218 3269 1275 fidem
3302 1220 3459 1290 regis
3491 1219 3804 1292 implorare

2160 1305 2589 1377 compulerunt.
2618 1305 2842 1361 Idcirco
2862 1306 3097 1361 Romam
3120 1305 3360 1363 veniens
3381 1311 3629 1378 propter
3654 1322 3810 1379 repa-

2163 1394 2426 1465 randum,
2459 1394 2554 1465 qui
2588 1394 2759 1450 nimis
2782 1395 3170 1451 conturbatus
3203 1401 3350 1466 erat,
3372 1396 3665 1453 aecclesioe
3696 1401 3809 1453 sta-

2164 1487 2306 1553 tum,
2343 1483 2418 1537 ibi
2473 1486 2656 1539 totum
2702 1482 2907 1539 hiemis
2941 1486 3171 1553 tempus
3201 1484 3476 1539 extraxit.
3516 1485 3642 1550 Quo
3670 1488 3812 1540 tem-

2164 1587 2302 1643 pore
2335 1571 2707 1642 imperatoris
2752 1576 2805 1626 et
2844 1571 3079 1641 augusti
3115 1587 3318 1628 nomen
3353 1573 3603 1644 accepit,
3658 1573 3811 1645 quod

2165 1661 2350 1732 primo
2377 1661 2429 1715 in
2453 1663 2681 1717 tantum
2708 1665 3015 1716 aversatus
3040 1664 3153 1730 est,
3190 1666 3253 1716 ut
3278 1661 3613 1731 affirmaret,
3649 1676 3715 1719 se
3745 1678 3813 1719 eo

404 1719 689 1831 temporis
814 1728 1031 1831 laboris
1079 1736 1419 1810 impertivit.
1471 1719 1746 1808 Discebat

2168 1749 2277 1817 die,
2312 1749 2575 1820 quamvis
2622 1748 2898 1819 precipua
2949 1748 3238 1805 festivitas
3270 1754 3451 1819 esset,
3486 1750 3813 1808 :ecclesiam

404 1814 798 1911 computandi,
831 1823 891 1872 et
931 1820 1254 1885 intentione
1284 1835 1476 1902 sagaci
1508 1837 1763 1897 siderum
1812 1814 2049 1903 cursum

404 1907 1163 2004 eui-iOSIssimerimabatur.
1200 1920 1539 1993 Temptabat
1567 1932 1623 1983 et
1658 1931 1934 2004 scribere,
1972 1941 2053 1993 ta-

405 1982 575 2082 bulas
599 1994 658 2082 et
696 1994 1015 2055 codicellos
1038 2004 1109 2059 ad
1135 2005 1244 2067 hoc
1268 1982 1504 2070 in'lecto
1528 1982 1634 2073 sub

403 2080 782 2183 circumferre
806 2084 1053 2161 solebat,
1082 2099 1145 2149 ut
1184 2112 1314 2154 cum
1347 2116 1591 2161 vacuum
1620 2111 1851 2181 tempus
1873 2080 2049 2183 esset,

407 2176 634 2221 manum
656 2168 878 2267 litteris
900 2179 1223 2249 emgiandis
1274 2201 1679 2265 assuesceret;
1721 2168 1823 2256 sed
1851 2168 2050 2272 parum

406 2258 696 2349 successit
718 2263 890 2320 labor
911 2277 1290 2341 preposterus
1308 2292 1372 2335 ac
1405 2296 1537 2339 sero
1552 2258 1877 2345 incboatus.
1896 2258 2056 2349 Assi;

408 2338 944 2447 exercebatur
1003 2362 1318 2431 equitando
1350 2384 1417 2426 ac
1465 2375 1749 2447 venando,
1781 2379 1933 2447 quod
1967 2338 2052 2438 illi

403 2433 765 2526 gentilicium
792 2447 940 2511 erat,
977 2449 1109 2516 quia
1134 2453 1229 2508 vix
1262 2455 1376 2513 ulla
1403 2458 1457 2514 in
1500 2463 1679 2520 terris
1708 2433 2055 2526 natio

407 2522 807 2623 nitur,‘quze'in
826 2530 927 2587 hac
943 2539 1068 2589 arte
1086 2539 1320 2599 Francis
1345 2548 1857 2623 possitcozequari.

408 2608 683 2704 ctabatur
708 2615 882 2704 etiam
916 2627 1230 2694 vaporibus
1260 2608 1538 2704 aquarum
1583 2608 2056 2703 naturaliter'ca-

412 2690 1001 2804 leptiunyfrequeuti
1050 2719 1252 2774 natatu
1280 2690 1494 2795 corpus
1538 2741 1837 2803 exercens,
1889 2690 2055 2804 cujus

407 2781 550 2882 adeo
575 2789 804 2856 peritus
832 2796 956 2867 fuit,
984 2804 1257 2864 utuullus
1281 2810 1332 2865 ei
1352 2781 1513 2882 juste
1538 2815 1726 2873 valeat
1752 2781 2052 2880 anteferri:

406 2870 628 2983 boc
680 2881 851 2983 etiam
904 2890 1251 2963 Aquisgrani
1285 2870 1502 2971 regiam

407 2967 900 3072 extremos-vitm
934 2993 1116 3038 annos
1167 2967 1452 3057 usque‘ad
1494 2994 1714 3052 obitum
1768 2967 2052 3072 perpetim

727 3061 783 3114 In
827 3065 958 3159 cibo
993 3074 1049 3125 et
1097 3049 1396 3143 potu-erat
1458 3049 2052 3159 temperans-:sevdi-ri

404 3143 548 3250 ξξξξιι
594 3149 1032 3250 l‘t’mperantior,
1089 3160 1164 3216 ita
1202 3168 1263 3219 ut
1290 3180 1471 3237 super
1502 3143 1723 3229 coenam
1757 3143 2056 3250 raro—plus

406 3238 574 3338 qpam
610 3236 700 3287 ter
719 3234 972 3307 biberet;
1022 3247 1153 3304 cibo
1176 3265 1285 3306 non
1310 3234 1455 3312 adeo
1479 3259 1772 3319 abstinere
1804 3234 2053 3338 poterat,

407 3318 629 3423 ut‘sepe
666 3335 1035 3423 quereretur,
1064 3338 1232 3393 noxia
1259 3357 1365 3398 suo
1397 3348 1628 3417 corpori
1657 3318 2054 3423 esse

574 3405 584 3416 .
1505 3402 1516 3417 ,
1558 3402 1561 3403 ν
1616 3402 1784 3407 ηη,
1815 3402 2054 3423 ,-,_......

408 3402 840 3510 ginvivabatur
893 3421 1207 3510 rarissime,
1251 3431 1451 3489 ethoc
1504 3438 1799 3510 precipuis
1834 3447 2055 3500 tantum

408 3488 849 3567 festivitatibus,
916 3512 1053 3565 tunc
1085 3508 1275 3571 tamen
1335 3535 1462 3576 eum
1500 3488 1704 3594 magno
1764 3488 2056 3589 hominum

413 3592 677 3679 numero.
708 3590 877 3647 Coena
901 3600 1220 3659 cottidiana
1246 3612 1551 3676 quaternis
1569 3590 1793 3673 tantum
1820 3620 2063 3679 ferculis

408 3670 787 3772 prebebatur,
821 3690 1019 3751 preter
1049 3670 1283 3749 carnem
1307 3709 1518 3771 assam,
1545 3670 2062 3772 quamfv—en'atvo‘r-es

408 3761 648 3868 veribus
698 3765 913 3828 inferre
947 3775 1238 3852 solebant,
1285 3800 1393 3856 qua
1430 3761 1528 3845 ille
1562 3761 2057 3868 llibcntiusquam

409 3857 528 3916 ullo
561 3865 673 3922 alio
692 3869 823 3925 cibo
870 3872 1234 3928 vescebatur.
1264 3876 1421 3934 Inter
1448 3883 1793 3940 cmuandum
1826 3857 1927 3942 aut
1960 3888 2062 3945 ali-

409 3952 562 4042 quod
588 3969 816 4013 acroma
843 3964 939 4015 aut
968 3962 1243 4021 lectorem
1278 3967 1573 4025 audiebat.
1612 3971 1978 4042 Legebantur
2005 3977 2059 4033 ei

406 4037 683 4129 hystoriie
731 4051 790 4101 et
841 4050 1213 4119 antiquorum
1265 4070 1361 4111 res
1391 4062 1592 4129 gestae,
1650 4037 2059 4121 delectabatur

406 4128 577 4224 etiam
604 4132 771 4224 libris
804 4138 987 4193 sancti
1033 4141 1361 4215 Augustini,
1412 4147 1807 4219 precipueque
1839 4150 1928 4208 his
1961 4154 2057 4224 qui

409 4215 481 4271 de
511 4219 749 4312 civitate
792 4225 891 4281 Dei
941 4229 1269 4298 pretitulati
1303 4215 1457 4289 sunt.
1485 4266 1550 4275 —
1574 4215 1737 4292 Circa
1768 4215 2058 4312 pauperes

410 4311 1226 4398 sustentandosetgratuitam
1249 4320 1685 4397 liberalitatem,
1703 4343 1870 4398 quam
1891 4311 2055 4387 Creci

409 4393 779 4489 elemosinam
822 4412 1050 4476 vocant,
1093 4407 1512 4469 devotissimus
1543 4393 1687 4486 erat,
1720 4393 1783 4474 ut
1818 4418 1913 4489 qui
1944 4434 2052 4477 non

2167 1853 2276 1895 non
2303 1838 2678 1905 intraturum,
2701 1837 2745 1893 si
2770 1836 3025 1906 prescire
3050 1837 3336 1908 potuisset
3365 1838 3655 1909 pontificis
3677 1855 3814 1897 con-

2166 1925 2378 1982 silium.
2424 1926 2700 1981 Invidiam
2722 1930 2914 1980 tamen
2945 1930 3200 1997 suscepti
3234 1927 3503 1997 nominis,
3536 1929 3813 1986 Romanis

2168 2015 2620 2087 imperatoribus
2645 2028 2819 2085 super
2837 2014 2946 2071 hoc
2968 2015 3426 2085 indignantibus,
3444 2031 3644 2087 magna
3669 2017 3809 2073 tulit

2168 2103 2466 2175 patientia,
2508 2102 2764 2172 vicitque
2812 2117 3014 2158 eorum
3047 2103 3469 2159 contumaciam
3520 2106 3812 2175 magnani-

2167 2193 2387 2261 mitate,
2412 2206 2522 2262 qua
2547 2191 2632 2247 eis
2657 2191 3058 2263 proculdubio
3081 2191 3250 2261 longe
3275 2193 3633 2263 prestantior
3657 2200 3809 2266 erat,

2168 2281 2453 2337 mittendo
2488 2280 2557 2337 ad
2588 2296 2689 2336 eos
2720 2282 2962 2337 crebras
3014 2280 3338 2350 legationes
3367 2287 3423 2337 et
3457 2283 3511 2337 in
3544 2283 3812 2355 epistolis

2169 2371 2379 2426 fratres
2404 2384 2506 2425 eos
2562 2368 2931 2440 appellando.
2964 2369 3104 2425 Post
3144 2374 3481 2442 susceptum
3510 2370 3813 2442 imperiale

2168 2473 2374 2515 nomen
2407 2472 2537 2514 cum
2587 2456 2917 2513 adverteret
2963 2457 3142 2513 multa
3194 2458 3421 2527 legibus
3473 2460 3671 2531 populi
3723 2463 3810 2518 sui

2168 2548 2371 2603 deesse
2402 2575 2456 2585 -
2486 2561 2613 2601 nam
2660 2546 2858 2600 Franci
2886 2545 3029 2602 duas
3085 2545 3299 2603 habent
3335 2547 3513 2618 leges,
3546 2548 3601 2604 in
3633 2548 3815 2620 pluri-

2168 2637 2276 2693 mis
2298 2635 2440 2692 locis
2476 2634 2643 2691 valde
2674 2634 2940 2690 diversas
2962 2666 3048 2701 —,
3078 2636 3377 2707 cogitavit,
3406 2651 3535 2707 qum
3565 2637 3812 2694 deerant

2169 2728 2403 2795 addere,
2429 2731 2489 2783 et
2511 2726 2902 2796 discrepantia
2929 2726 3112 2796 unire,
3135 2740 3310 2797 prava
3333 2742 3563 2799 quoque
3592 2743 3657 2784 ac
3686 2745 3816 2800 pcr-

2170 2831 2365 2889 pcram
2393 2815 2615 2887 prolata
2648 2815 2977 2884 corrigere;
3011 2815 3112 2872 sed
3136 2816 3206 2871 de
3240 2816 3327 2873 his
3351 2816 3526 2872 nichil
3549 2816 3707 2874 aliud
3742 2820 3815 2875 ab

2168 2920 2238 2961 eo
2282 2905 2495 2960 factum
2533 2908 2644 2969 est,
2681 2903 2792 2958 nisi
2825 2904 2977 2973 quod
3020 2918 3203 2975 pauca
3235 2904 3487 2976 capitula
3521 2910 3575 2962 et
3610 2920 3675 2962 ea
3713 2908 3818 2963 im-

2170 2995 2430 3068 perfecta
2454 2992 2682 3061 legibus
2707 2991 2949 3049 addidit.
2984 2990 3251 3050 Omnium
3272 2998 3463 3049 tamen
3490 2995 3814 3067 nationum,

2173 3100 2298 3155 quae
2328 3083 2436 3139 sub
2486 3082 2613 3151 eius
2655 3080 2953 3137 dominatu
2983 3086 3169 3153 erant,
3223 3083 3375 3153 jura,
3431 3098 3555 3154 qum
3587 3085 3816 3156 scripta

2173 3189 2280 3230 non
2316 3175 2504 3240 erant,
2562 3169 2738 3226 scribi
2784 3184 2851 3226 ac
2881 3170 3099 3227 litteris
3156 3171 3414 3228 mandari
3470 3173 3637 3239 fecit;
3669 3173 3816 3230 item

2172 3263 2419 3319 barbara
2454 3263 2513 3314 et
2556 3257 2961 3329 antiquissima
2993 3258 3271 3329 carmina,
3305 3259 3515 3329 quibus
3545 3266 3819 3318 veterum

2173 3365 2370 3419 regum
2405 3354 2573 3405 actus
2594 3352 2650 3403 et
2675 3346 2824 3403 bella
2848 3348 3230 3417 canebantur,
3256 3348 3493 3419 scripsit
3516 3353 3573 3404 et
3598 3364 3820 3406 memo-

2173 3439 2271 3494 riae
2297 3436 2608 3493 mandavit.
2632 3434 2930 3491 lnchoavit
2959 3440 3018 3491 et
3040 3435 3473 3505 grammaticam
3497 3438 3669 3508 patrii
3695 3453 3824 3496 ser-

2172 3526 2387 3591 monis,
2422 3523 2720 3580 mensibus
2776 3523 2949 3578 etiam
2977 3523 3145 3593 juxta
3205 3525 3497 3597 propriam
3552 3525 3817 3595 linguam

2169 3614 2453 3671 vocabula
2479 3612 2777 3684 imposuit,
2803 3610 2898 3682 qui
2919 3616 3053 3667 ante
3077 3611 3132 3666 id
3156 3613 3439 3684 temporis
3462 3615 3615 3685 apud
3642 3616 3821 3672 Fran-

2171 3718 2271 3761 cos
2296 3702 2504 3775 partim
2530 3701 2767 3769 Latinis,
2796 3700 3004 3772 partim
3029 3701 3294 3758 barbaris
3328 3703 3657 3760 nominibus
3682 3720 3821 3777 pro-

2171 3791 2616 3861 nunciabantur,
2652 3794 2711 3845 et
2750 3789 3082 3846 Ianuarium
3136 3790 3446 3862 appellavit
3480 3791 3822 3849 winterma-

2174 3881 2333 3950 noth,
2353 3878 2727 3935 Februarium
2751 3876 3035 3947 hornung,
3068 3878 3331 3935 Martium
3357 3878 3814 3953 lencinmanotb,

2171 3968 2426 4041 Aprilem
2453 3965 3095 4037 ostermanotb,Maium
3116 3969 3816 4035 vunnemanoth,Junium

2171 4057 2577 4126 brahmauotb,
2624 4054 2838 4111 Iulium
2860 4054 3278 4126 howimanotb,
3324 4058 3649 4125 Augustum
3693 4074 3822 4114 arn-

2170 4145 2426 4215 manotb,
2449 4144 2845 4215 Septembrem
2874 4143 3274 4213 witemauotb,
3315 4144 3627 4201 Octobrem
3670 4147 3821 4203 win-

2169 4234 2500 4303 demanotb,
2520 4232 2902 4289 Novembrem
2922 4231 3407 4303 herbistmanotb,
3434 4234 3816 4291 Decembrem

2168 4322 2748 4381 heilicmanotb.ltem
2762 4321 3301 4393 ventosl2propriis
3317 4321 3821 4393 appellationibus

2170 4414 2493 4487 insignivit,
2516 4428 2647 4470 cum
2680 4411 2840 4484 prius
2854 4424 2964 4467 non
2990 4409 3240 4482 amplius
3257 4410 3537 4481 quamvix
3560 4418 3823 4482 quatuor

411 4483 464 4539 in
490 4489 678 4556 patria
704 4491 888 4548 solum
912 4501 970 4551 et
1002 4495 1057 4551 in
1086 4513 1194 4555 suo
1217 4515 1397 4570 regno
1422 4502 1476 4559 id
1522 4483 1713 4563 facere
1735 4483 2049 4579 curaverit,

2168 4483 2484 4561 ventorum
2501 4483 2783 4559 vocabula
2806 4502 3039 4571 possent
3066 4498 3329 4555 inveniri.
3348 4500 3419 4555 Et
3435 4498 3821 4557 subsolanum

408 4587 609 4668 verum
644 4581 809 4637 trans
866 4584 1045 4642 maria
1080 4586 1135 4643 in
1184 4588 1405 4660 Syriam
1438 4596 1498 4647 et
1542 4595 1849 4666 z‘Egyptum
1879 4600 2055 4668 atque

409 4663 681 4755 Africam,
708 4669 1131 4746 lIierosolimis,
1170 4677 1556 4752 Alexandriae,
1604 4663 1920 4755 Kartagini,
1960 4663 2054 4743 ubi

409 4752 763 4846 christianos
782 4760 836 4815 in
873 4769 1219 4836 paupertate
1244 4767 1439 4826 vivere
1456 4752 1843 4843 compererat,
1879 4752 2057 4846 penu-

411 4844 510 4934 riae
542 4845 776 4907 illorum
801 4856 1185 4928 compatiens,
1220 4859 1518 4930 pecuniam
1545 4861 1780 4918 mittere
1804 4844 2051 4934 solebat,

409 4933 484 4988 ob
507 4934 614 4992 hoc
644 4940 890 5000 maxime
938 4947 1462 5006 transmarinorum
1507 4963 1707 5021 regum
1764 4933 2058 5011 amicicias

409 5029 713 5099 expetens,
734 5035 794 5086 ut
822 5033 1495 5094 cbristianissubeorum
1524 5039 1822 5097 dominatu
1847 5041 2059 5112 degen-

412 5112 570 5170 tibus
603 5119 969 5190 refrigerium
1006 5122 1241 5196 aliquod
1272 5140 1339 5182 ac
1372 5124 1653 5183 relevatio
1684 5129 2046 5199 proveniret.

412 5201 650 5260 Colebat
682 5222 787 5278 pre
818 5211 1034 5268 ceteris
1064 5213 1251 5271 sacris
1279 5213 1426 5272 locis
1455 5216 1606 5288 apud
1638 5216 1875 5273 Romam
1901 5218 2054 5276 beati

408 5292 568 5348 Petri
593 5297 845 5364 apostoli
869 5299 1211 5372 zecclesiam,
1258 5302 1312 5358 in
1338 5303 1503 5375 cujus
1522 5303 1762 5361 donaria
1793 5320 2052 5375 magnam

409 5382 525 5439 vim
562 5385 820 5457 pecuniae
866 5391 1181 5459 congessit.
1233 5392 1429 5465 Neque
1461 5393 1558 5450 ille
1608 5397 1737 5452 toto
1766 5395 1928 5465 regni
1963 5395 2053 5452 sui

412 5478 678 5549 tempore
724 5477 1030 5549 quicquam
1054 5479 1222 5538 duxit
1260 5482 1578 5555 antiquius,
1614 5487 1881 5554 quam‘ut
1913 5485 2054 5541 urbs

412 5562 585 5621 Roma
623 5578 726 5620 sua
757 5581 933 5639 cpera
965 5582 1187 5641 suoque
1210 5567 1411 5629 labore
1438 5575 1643 5630 vetere
1677 5572 1926 5645 polleret
1958 5588 2056 5632 au-

2165 4598 2958 4667 vocavitosterwint,curum
2980 4595 3819 4666 ostsundroni,euroaustrum

2168 4687 2568 4758 sundostroui,
2586 4690 2847 4743 austrum
2862 4684 3620 4755 sundroni,austroafricum
3638 4686 3827 4741 sund-

2165 4776 2466 4847 westroni,
2486 4775 2729 4832 africum
2743 4772 3513 4844 westsundroni,zephirum
3528 4774 3826 4828 \vestroni

2164 4869 2405 4923 cliorum
2419 4862 2870 4933 westnordroui,
2892 4861 3131 4918 circium
3148 4860 3825 4932 nordwestroni,septen

2166 4956 2412 5013 triouem
2454 4951 2753 5021 nordroui,
2791 4950 3119 5022 aquilonem
3161 4949 3553 5019 nordostroni,
3586 4949 3828 5007 vultur-

2166 5059 2297 5101 num
2313 5042 2551 5099 ostnord
2564 5041 2707 5097 roni.
2727 5072 2790 5080 -—
2812 5038 3167 5110 Religionem
3182 5037 3586 5108 Christianam,
3612 5053 3728 5108 qua
3745 5039 3824 5095 ab

2166 5132 2403 5188 infantia
2440 5131 2627 5186 fuerat
2656 5128 2932 5198 imbutus,
2958 5126 3325 5183 sanctissime
3349 5131 3560 5182 etcum
3585 5140 3821 5181 summa

2163 5220 2383 5293 pietate
2402 5216 2679 5286 excoluit,
2707 5231 2772 5273 ac
2803 5219 3045 5288 propter
3069 5215 3176 5272 hoc
3197 5214 3462 5287 plurimae
3487 5211 3827 5285 pulchritu-

2164 5310 2316 5366 dinis
2342 5306 2653 5380 basylicam
2680 5304 3025 5376 Aquisgrani
3051 5302 3343 5360 exstruxit
3370 5306 3717 5379 auroque_et
3736 5317 3829 5359 ar-

2163 5401 2339 5469 gento
2371 5402 2431 5452 et
2456 5394 2842 5451 luminaribus
2866 5397 3044 5463 atque
3065 5407 3139 5449 ex
3168 5406 3283 5449 aere
3318 5388 3508 5446 solido
3530 5389 3826 5447 cancellis

2162 5484 2434 5555 etjanuis
2475 5482 2797 5540 adornavit.
2852 5479 2937 5536 Ad
2960 5480 3129 5550 cujus
3175 5482 3532 5536 structuram
3549 5490 3687 5533 cum
3725 5493 3828 5536 co-

2164 5572 2388 5632 lumnas
2408 5574 2470 5629 et
2491 5583 2777 5627 marmora
2806 5566 3041 5625 aliunde
3063 5567 3280 5625 habere
3314 5578 3428 5623 non
3450 5570 3667 5639 posset,
3704 5567 3826 5623 Ro-
