3992 6062
325 209 438 271 855

1487 214 1970 280 EKKEHARDI
2018 215 2568 284 URAUGIENSIS

3611 221 3738 286 856

326 350 474 407 filios
494 350 844 422 regreditur.
882 385 949 394 —
972 351 1138 420 (σήν.
1177 352 1284 426 W.)
1309 351 1534 426 Corpus
1574 354 1757 412 sancti
1827 353 1966 412 Oth-
1995 351 2051 414 Α
2081 351 2227 411 ciam
2244 354 3492 431 revertitur;captivumducensDesiderium
3511 373 3736 431 regem

326 440 465 496 mari
497 441 550 496 in
588 441 774 498 insula
809 457 918 514 qua
953 442 1266 499 defunctus
1287 447 1381 499 est
1413 458 1516 514 per
1537 447 1733 500 decem
1787 457 1969 502 annos

329 528 732 600 incorruptum
795 531 1108 602 reperitur,
1159 531 1532 602 ablatumque
1590 533 1644 587 in
1707 532 1966 605 basylica

327 618 512 673 sancti
548 619 691 674 Galli
727 619 1028 691 sepelitur.

398 713 482 764 30.
518 713 566 762 3.
597 711 780 774 (Erxn.
808 712 958 766 Ann.
984 709 1150 779 )A.D.
1175 713 1298 765 771.
1318 709 1806 768 Karlomannusin
1831 711 1969 768 villa
1991 769 2006 776 _

326 811 454 866 quae
487 797 704 854 dicitur
733 797 1164 854 Salmonciaeus
1198 798 1510 855 defunctus
1591 803 1685 855 est
1759 805 1793 856 2
1823 803 1966 857 Non.

327 888 617 956 Deeemb.,
651 891 708 944 et
742 886 987 943 Karolus
1022 902 1120 942 rex
1155 887 1223 942 ad
1241 887 1586 960 capiendum
1628 905 1697 945 ex
1741 889 1970 960 integro

327 989 564 1044 regnum
621 975 870 1031 animum
933 975 1260 1039 intendens,
1316 977 1712 1034 Carbonacum
1773 977 1970 1034 villam

325 1064 502 1131 venit,
539 1064 732 1134 ibique
757 1063 1120 1120 Williharius
1169 1064 1487 1136 episcopus
1527 1065 1880 1122 Sedunensis
1911 1072 1968 1122 et

326 1151 914 1223 Folradusprcsbiter
952 1152 1385 1223 aliiqueplures
1403 1155 1762 1224 sacerdotes,
1796 1155 1972 1210 comi-

325 1244 412 1295 tes
435 1241 607 1295 etiam
635 1246 808 1311 atque
834 1242 1113 1312 primates
1156 1241 1357 1298 fratris
1389 1243 1476 1298 sui
1527 1243 1599 1298 ad
1631 1257 1764 1298 eum
1804 1257 1973 1298 vene-

323 1335 478 1399 runt,
506 1345 652 1385 uxor
682 1346 822 1385 vero
847 1330 1217 1387 Karlomanni
1252 1347 1381 1387 eum
1411 1331 1803 1403 filiisetparte
1821 1331 1973 1403 opti-

323 1423 536 1475 matum
554 1419 623 1474 ad
648 1418 1146 1490 ltaliamprofeeta
1178 1425 1286 1476 est.

392 1512 476 1563 31.
511 1510 560 1562 4.
599 1511 661 1563 A.
694 1510 754 1563 D.
781 1512 904 1564 772.
943 1509 1061 1564 Rex
1093 1509 1358 1579 Karelus,
1419 1513 1778 1580 congregato
1810 1511 1972 1565 Wor-

321 1597 522 1652 maciie
545 1596 802 1666 generali
835 1602 1146 1667 conventu,
1183 1597 1487 1654 Saxoniam
1523 1597 1678 1655 bello
1730 1598 1970 1668 aggredi

2081 444 2318 516 Adalgis
2345 461 2503 516 vero,
2539 446 2693 504 filius
2721 447 2866 518 ejus,
2905 448 2959 503 in
2984 448 3244 504 Greciam
3265 448 3337 504 ad
3398 449 3738 507 Constanti-

2080 549 2212 590 num
2248 534 2949 607 imperatorem,dimdens
2982 537 3156 593 rebus
3189 538 3416 609 patriae,
3450 543 3736 596 secentu-

2081 622 2172 692 lit,
2205 623 2401 694 ibique
2434 625 2485 680 in
2541 625 3116 697 patriciatnshonore
3143 627 3321 683 vitam
3357 627 3562 684 finivit.
3609 629 3726 684 “1.

2223 715 2245 736 ‘
2285 717 2304 768 1
2355 719 2412 769 ll
2440 714 2632 770 adiit:
2665 717 2742 770 Eo
2768 715 3144 786 fannollirene
3169 715 3428 786 piissima
3455 731 3563 773 una
3599 731 3734 772 cum

2315 786 2696 859 Constantino
2727 785 2986 859 gloriose
3011 785 3293 843 divinitus
3313 788 3620 859 imperium
3635 803 3736 844 ae-

2309 856 2494 926 cepit.
2540 857 2730 912 Primo
2752 855 2926 925 hujus
2957 855 3184 927 imperii
3229 855 3546 914 anno'cum
3588 861 3735 916 Con-

2317 928 2613 998 stantibus
2637 933 2702 985 10
2727 931 3206 997 essetannornm,
3225 929 3394 985 homo
3409 929 3646 998 quidam
3673 930 3732 985 in

2313 997 2502 1069 leugis
2536 1000 2753 1054 Thrace
2811 999 2993 1069 muris
3019 997 3504 1069 fodiens,invenit
3533 1015 3730 1056 arcam

2323 1067 2636 1139 lapideam.
2668 1067 3460 1140 Quamcui'nexpurgassetet
3477 1070 3734 1127 revelas-

2315 1141 2699 1211 set,repperit
2729 1139 2915 1194 virum
2949 1139 3084 1195 inca
3112 1139 3500 1211 jacentem,et
3522 1141 3732 1198 literas

2312 1211 2907 1280 arteeonglutinatas,
2942 1211 3317 1266 continentes
3337 1212 3458 1268 haec
3495 1213 3732 1268 :«Chri-

2307 1287 2435 1337 stus
2461 1287 2734 1338 nascetur
2763 1297 2834 1336 ex
2893 1282 3064 1336 Maria
3101 1283 3344 1351 virgine,
3364 1288 3421 1337 et
3457 1284 3636 1339 credo
3671 1283 3728 1338 in

2305 1367 2456 1424 eum.
2477 1353 2592 1408 Sub
2617 1351 3000 1410 Constantino
3019 1368 3154 1409 vero
3183 1361 3238 1424 et
3257 1353 3466 1409 Hircnc
3484 1354 3735 1424 impera-

2309 1423 2728 1496 toribns,osel,
2765 1423 3090 1496 iterumgme
3121 1423 3366 1496 videbis.
3393 1423 3726 1496 »jcf.a.7782.

2227 1493 2276 1516 “
2306 1508 2363 1549 π.
2382 1495 2424 1567 ῃ
2439 1535 2465 1567 ._
2481 1493 2832 1567 Eadd/12ml;
2851 1493 3144 1567 Adrianus
3164 1509 3316 1567 papa
3343 1493 3542 1567 (HieD.
3560 1495 3735 1567 )a_d——

2317 1510 2363 1549 it.
2382 1510 2452 1547 υ.
2483 1510 3144 1550 1:..aarmmzAurlanus
3205 1510 3316 1566 apa
3343 1510 3467 1565 (me
3482 1510 3542 1550 υ.
3560 1510 3731 1567 )aa—

2317 1563 2616 1690 iglggavéittc.
2649 1564 2939 1636 emSigeb.
2984 1567 3105 1619 772.
3122 1510 3198 1621 etp
3205 1566 3474 1640 pergunt
3493 1585 3514 1621 .-
3573 1565 3731 1622 ldem

2327 1649 2494 1705 papa,
2519 1649 2622 1692 etc.

325 1689 565 1796 35‘3"}:
594 1691 1970 1796 ῗὲἷἿίΨῘῖ,⁸1Ἷῗ,¹Ἡ9Ϊῖ-1Ἶὲῗῗ⁵.⁵ῗ¹ἶῗ’..ῗῗὲθὲῗίὲξῖθ
2003 1709 2054 1768 Β
2156 1725 2243 1776 33-
2268 1725 2318 1777 6-
2341 1725 2404 1777 Α·
2436 1725 2503 1778 ι).
2533 1725 2656 1779 7⁷4.
2687 1723 2928 1780 Karolus
2960 1723 3734 1796 domumregressus.prius-

324 1774 478 1828 ferro
510 1777 570 1828 et
602 1773 716 1840 igni
751 1773 1476 1844 depopulatus,Eresburg
1506 1779 1763 1832 castrum
1787 1775 1967 1846 cepit,

323 1861 560 1930 idolum,
620 1862 771 1931 quod
825 1877 854 1917 a
913 1863 1238 1918 Saxonibus
1297 1863 1567 1919 Irminsul
1629 1863 1970 1933 vocabatur,

321 1950 555 2006 evertit.
593 1951 651 2004 lu
683 1949 851 2019 cujus
887 1951 1287 2007 destructione
1317 1968 1444 2008 cum
1480 1951 1533 2008 in
1593 1951 1795 2008 eodem
1846 1951 1974 2008 loco

324 2053 426 2109 per
457 2039 716 2095 triduum
744 2045 1090 2110 moraretur,
1123 2041 1393 2110 contigit,
1432 2044 1496 2096 ut
1534 2045 1774 2112 prepter
1793 2040 1976 2097 conti-

322 2141 490 2183 nuam
526 2128 652 2182 caeli
708 2129 1108 2200 serenitatem,
1158 2128 1474 2186 exsiccatis
1514 2129 1786 2186 omnibus
1819 2129 1977 2187 illius

319 2216 431 2271 loci
467 2216 606 2272 rivis
657 2221 716 2271 et
766 2217 1044 2288 fontibus,
1088 2233 1234 2288 aqua
1259 2217 1330 2272 ad
1357 2217 1670 2274 bibendum
1727 2217 1971 2274 inveniri

319 2319 430 2358 non
469 2305 822 2375 posset.Scd
857 2305 1054 2361 subito
1085 2306 1387 2377 divinitus,
1415 2309 1475 2362 ut
1500 2306 1842 2362 erediturin
1877 2322 1975 2362 cu-

319 2393 549 2463 jusdam
587 2394 867 2450 torrentis
899 2410 1155 2450 concavo
1181 2397 1338 2450 tanta
1372 2395 1463 2451 vis
1479 2410 1642 2466 aquae
1667 2398 1968 2467 eruperat,

321 2481 764 2549 quiescentibus
796 2483 1028 2539 cunctis
1063 2489 1327 2555 tempore
1352 2483 1694 2554 meridiano,
1719 2487 1780 2540 ut
1819 2483 1973 2539 omni

316 2571 604 2626 exercitui
641 2573 956 2628 sufﬁceret.
991 2573 1144 2628 Tunc
1180 2587 1304 2642 rex,
1329 2571 1488 2628 idolo
1514 2573 1838 2642 destructo,
1863 2571 1978 2627 Wi-

321 2671 516 2712 sarum
552 2660 786 2716 fluvium
823 2661 1095 2729 accessit,
1141 2661 1336 2732 ibique
1369 2660 1627 2732 acceptis
1676 2675 1704 2716 a
1735 2659 1978 2715 Saxoni'

320 2746 430 2801 bus
463 2746 768 2803 duodecim
833 2748 1160 2816 obsidibus,
1217 2748 1488 2804 recessit.
1565 2748 1855 2804 Adrianus
1885 2736 1976 2779 ⁸³³

321 2849 468 2904 papa
499 2841 626 2891 95‘“
657 2836 963 2892 ordinatus
991 2836 1144 2892 sedit
1177 2851 1360 2892 annos
1387 2837 1481 2891 24.

389 2927 476 2977 3-2.
511 2927 560 2977 5.
599 2926 660 2978 Α.
689 2925 749 2978 Ι).
786 2929 908 2981 773.
944 2926 965 2948 ‘
995 2923 1283 2982 Adrianus
1327 2939 1497 2996 papa,
1531 2940 1661 2980 cum
1731 2923 1976 2980 insolen-

328 3010 462 3066 tiam
481 3011 762 3068 Desiderii
807 3014 964 3082 regis
989 3017 1044 3069 et
1090 3013 1529 3085 oppressionem
1575 3013 1977 3084 longobardo-

327 3115 451 3156 rum
489 3101 638 3156 ferre
663 3115 772 3156 non
813 3107 1028 3172 posset,
1056 3101 1400 3171 legationem
1432 3103 1504 3158 ad
1540 3101 1812 3158 Karolum
1849 3101 1977 3156 mit-

323 3193 474 3258 tens,
501 3204 665 3260 epem
701 3190 825 3258 ejus
859 3190 1210 3262 imploravit.
1262 3191 1369 3256 Qui
1402 3190 1657 3247 collecto
1711 3190 1972 3246 exercitu

325 3278 970 3338 vcniens,Desidcrium
997 3279 1146 3334 intra
1179 3280 1433 3335 Ticinum
1465 3279 1720 3350 obsedit,
1766 3282 1977 3334 totum-

327 3380 440 3433 que
477 3366 779 3422 bibernum
803 3367 1230 3438 tempusmulta
1275 3367 1566 3424 moliendo
1598 3367 1651 3422 in
1682 3367 1786 3422 hac
1833 3367 1981 3422 obsi-

325 3453 497 3507 dionc
555 3455 992 3526 censumpsit.-
1086 3457 1226 3511 Dum
1259 3457 1380 3512 haec
1413 3457 1468 3510 in
1491 3455 1974 3525 ltaliageruntur,

324 3544 603 3611 Saxones,
640 3549 806 3599 nacta
839 3545 1148 3600 Occasione
1176 3560 1278 3616 pro
1302 3545 1572 3601 absentia
1595 3545 1771 3615 regis,
1795 3544 1980 3600 eonfi-

319 3645 464 3698 guos
499 3632 608 3686 sibi
630 3634 946 3688 llassorum
993 3633 1272 3688 terminos
1293 3634 1651 3705 populantur
1686 3651 1700 3699 ;
1745 3633 1980 3691 venien-

323 3723 533 3787 tesque
569 3719 620 3774 in
641 3720 828 3775 locum
852 3721 949 3790 qui
967 3720 1244 3777 Friteslar
1263 3721 1618 3792 nominatur,
1644 3721 1976 3778 aceclesiam

327 3821 356 3861 a
392 3809 561 3862 beato
587 3809 878 3864 Bonifacio
899 3809 1222 3865 dedicatam
1261 3809 1572 3866 incendere
1599 3810 1785 3866 moliti
1840 3820 1978 3868 sunt

336 3898 420 3965 (.l.
442 3897 670 3961 Imm),
693 3912 860 3967 quam
899 3898 1019 3969 ipse
1050 3903 1291 3954 sanctus
1326 3907 1546 3972 martyr
1571 3915 1675 3970 per
1707 3899 1978 3971 spiritum

336 3985 656 4055 prepbctim
675 4000 963 4055 nunquam
983 3987 1247 4043 incendio
1273 3987 1478 4044 violari
1509 3987 1783 4060 prcdixit.
1818 3988 1983 4044 Cum-

331 4086 440 4140 que
466 4073 643 4128 multa
661 4074 854 4130 vieam
872 4074 1182 4132 incendere
1196 4079 1980 4147 conarentur,apparuerunt

329 4161 676 4229 quibusdam
691 4167 747 4218 et
764 4178 794 4219 e
812 4163 879 4219 ch
893 4163 1148 4221 ristianis
1163 4169 1340 4235 atque
1355 4164 1594 4236 paganis
1609 4163 1980 4234 duojuvenes

330 4249 384 4305 in
407 4251 688 4322 albis,qui
723 4265 846 4308 eam
884 4257 1267 4322 protexerunt
1289 4253 1360 4308 ab
1385 4253 1543 4322 igne;
1566 4251 1982 4322 nutuquedivi'

335 4339 609 4395 noimniis
633 4356 680 4395 πο
715 4346 958 4410 terrore,
985 4355 1184 4396 omnes
1209 4341 1263 4395 in
1299 4341 1489 4410 fugam
1524 4340 1793 4396 conversi
1821 4345 1976 4403 sunt.

2085 1823 2254 1879 quam
2276 1810 2533 1867 Saxones
2555 1826 2684 1868 eum
2727 1812 2962 1868 venisse
3022 1813 3328 1882 sentirent,
3362 1813 3730 1884 tripertitum

2083 1897 2138 1952 in
2170 1913 2369 1954 eorum
2406 1899 2677 1970 regiones
2708 1901 2862 1955 misit
2883 1901 3229 1971 exercitum,
3258 1901 3355 1971 qui
3387 1901 3733 1973 direptioni-

2086 1986 2194 2041 bus
2224 1991 2283 2042 et
2313 1987 2598 2044 incendiis
2620 1995 2828 2044 cuncta
2863 1989 3598 2060 vastantes,compluribus
3631 1990 3730 2060 qui

2085 2074 2360 2132 resistere
2381 2076 2572 2132 cenati
2606 2083 2742 2132 sunt
2766 2076 3115 2146 interfectis,
3147 2092 3277 2132 eum
3304 2077 3520 2146 ingenti
3545 2077 3729 2148 preda

2085 2163 2337 2231 regressi
2360 2169 2523 2220 sunt.

2156 2253 2248 2306 54.
2279 2257 2329 2306 7.
2355 2254 2418 2308 A.
2443 2253 2504 2307 D.
2537 2255 2658 2308 775.
2687 2253 2930 2310 Karolus
2981 2268 3084 2308 rex
3104 2252 3356 2309 consilio
3377 2253 3578 2310 habito
3632 2254 3732 2308 de-

2085 2339 2270 2395 crevit
2302 2340 2604 2397 Saxoniam
2630 2340 2858 2410 ingredi
2892 2343 2948 2396 et
2975 2341 3028 2396 in
3059 2355 3125 2397 ea
3153 2345 3266 2397 tam
3311 2341 3406 2397 diu
3460 2356 3730 2412 perseve-

2087 2433 2236 2490 rare,
2271 2420 2405 2476 dum
2430 2425 2531 2476 aut
2597 2420 2938 2477 Christianae
2989 2421 3258 2492 religioni
3335 2421 3729 2478 subderentur

2085 2503 2186 2556 aut
2214 2500 2447 2558 omnino
2480 2499 2849 2558 tollerentur.
2884 2501 3043 2558 Totis
3089 2516 3230 2570 ergo
3290 2501 3452 2570 regni
3501 2501 3730 2558 viribus

2085 2589 2391 2645 Saxoniam
2435 2594 2660 2660 petens,
2721 2589 2906 2660 primo
2947 2589 3166 2661 impetu
3216 2589 3585 2660 Sigiburgum
3636 2605 3731 2645 ca—

2087 2682 2294 2747 strum,
2330 2677 2382 2732 in
2415 2693 2528 2749 quo
2548 2679 2834 2734 Saxonum
2861 2677 3178 2750 presidium
3214 2682 3363 2747 erat,
3387 2677 3566 2748 cepit,
3593 2679 3728 2734 Ere-

2087 2766 2364 2837 sburgum
2389 2770 2646 2822 castrum
2669 2781 2700 2822 a
2718 2766 3046 2822 Saxonibus
3066 2765 3432 2822 destructum
3459 2765 3728 2835 munivit,

2087 2854 2142 2910 in
2175 2856 2735 2926 coqueFrancorum
2781 2855 3106 2926 presidium
3159 2853 3372 2925 posuit,
3428 2855 3730 2924 multaque

2086 2947 2282 3014 strage
2311 2945 2482 3010 facta,
2507 2942 2748 3000 obsides
2770 2944 2842 2999 ab
2871 2942 2957 2999 eis
2979 2948 3035 2999 et
3061 2941 3392 2999 Wcstfalais
3413 2942 3730 3014 accipiens,

2087 3047 2392 3103 regressus
2419 3036 2529 3088 est.
2565 3063 2624 3074 -ο
2655 3033 2910 3104 Corpora
2969 3037 3304 3088 sanctorum
3356 3030 3628 3087 Gordiani
3671 3039 3731 3086 et

2086 3121 2384 3192 Epimachi
2409 3120 2479 3176 de
2513 3121 2688 3178 Roma
2723 3119 2780 3176 in
2799 3118 3194 3176 Alamanniam
3241 3118 3530 3175 translata
3571 3123 3728 3175 sunt.

2085 3209 2179 3277 —(
2195 3209 2336 3266 (ἶνιν.
2368 3208 2448 3264 W.
2469 3239 2529 3248 —
2544 3209 2623 3264 H.
2648 3207 3183 3280 m.)Constantinus
3205 3207 3544 3278 imperator,
3574 3205 3733 3262 ﬁlius

2089 3297 2314 3366 Leonis,
2339 3299 2686 3368 persecutor
2715 3295 3172 3352 Christianorum
3212 3299 3271 3350 et
3328 3293 3731 3352 aacclesiarum

2090 3383 2352 3455 legisque
2374 3383 2732 3454 destructor,
2779 3383 2803 3407 ‘
2826 3383 2996 3440 obiit.

2231 3473 2252 3494 ‘
2290 3471 2625 3528 destructor
2649 3471 2815 3542 plaga
2851 3471 3086 3542 pessimi
3103 3501 3163 3510 —
3185 3469 3603 3526 miserabiliter
3621 3485 3739 3526 mo-

2340 3542 2506 3598 ritur.
2547 3543 2606 3598 D.
2633 3541 2691 3597 E.
2719 3541 2794 3599 ea:
2819 3541 3024 3614 Sigeb.
3057 3556 3098 3599 α
3125 3545 3254 3597 776.

2162 3633 2324 3687 Anno
2346 3629 2650 3686 dominicae
2683 3629 3105 3686 incarnationis
3123 3633 3246 3698 776,
3269 3629 3340 3685 ab
3371 3629 3526 3685 Urbe
3541 3633 3736 3685 autem

2090 3718 2324 3776 condita
2349 3718 2792 3788 millesim0527,
2819 3719 2952 3789 Leo,
2987 3718 3144 3776 ﬁlius
3187 3717 3556 3775 Constantini
3608 3731 3740 3789 pcr-

2091 3807 2403 3876 secutoris,
2435 3811 2534 3862 71Ο
2563 3806 2694 3863 loco
2717 3807 2788 3864 ab
2811 3808 3096 3876 Augusto,
3122 3807 3442 3862 Romanum
3470 3805 3737 3876 suscepit

2092 3895 2417 3968 imperium,
2451 3895 2714 3966 regnavit
2746 3909 2856 3967 que
2889 3895 3056 3952 annis
3085 3899 3135 3951 5.
3173 3895 3274 3950 Hic
3296 3895 3366 3950 ad
3407 3894 3741 3950 brevetem-

2094 4001 2200 4058 pus
2230 3985 2388 4042 visus
2418 3988 2506 4042 est
2537 3985 2672 4056 pius
2693 3998 2822 4042 esse
2841 3988 3174 4055 sanctasque
3191 3983 3289 4039 Dei
3328 3982 3634 4053 genitricis
3672 3996 3740 4036 ae

2093 4076 2506 4132 monachorum
2556 4074 2799 4141 amicus;
2837 4073 2990 4130 unde
3035 4077 3096 4129 et
3146 4071 3626 4144 metrOpolitanos
3665 4085 3740 4126 ex

2094 4163 2391 4220 monachis
2415 4163 2467 4219 in
2494 4162 2696 4234 primis
2748 4162 2987 4220 sedibus
3027 4160 3362 4230 collocavit,
3408 4160 3754 4230 multosque

2092 4251 2397 4309 ordinesin
2411 4251 2556 4309 urbe
2571 4252 2716 4308 bene
2731 4249 3428 4322 ampliavit.Quaproptcr
3442 4248 3741 4320 principes

2091 4355 2427 4399 omnescum
2444 4339 2815 4397 multitudine
2831 4339 3028 4412 popu'i
3051 4339 3288 4410 copiosa
3304 4337 3726 4408 ingredientes,

330 4428 556 4483 nemine
573 4427 1648 4500 extrinsecuspersequente.lnventus
1669 4433 1756 4485 est
1783 4433 1975 4485 autem
2011 4417 2061 4475 Ι)
2093 4429 2386 4502 petierunt
2430 4428 2609 4486 lilium
2645 4427 2772 4498 ejus
2804 4427 3242 4486 Constantinum
3293 4426 3727 4498 imperatorem.

330 4521 530 4586 postea
571 4530 717 4570 unus
765 4531 835 4570 ex
859 4515 1080 4571 eisdem
1115 4516 1440 4574 Saxonibus
1499 4522 1765 4574 mortuus
1804 4517 1975 4588 juxta

327 4602 650 4660 wcclesiam
689 4603 868 4674 ipsam
893 4604 1141 4672 genibus
1199 4604 1455 4672 acclivis,
1490 4604 1642 4675 ligna
1699 4610 1755 4660 et
1783 4604 1972 4676 ignem

329 4691 552 4747 habens
583 4689 637 4744 in
674 4689 957 4760 manibus,
984 4695 1040 4746 et
1078 4693 1241 4763 quasi
1277 4706 1379 4748 ore
1399 4694 1542 4750 flans
1564 4693 1633 4748 ad
1669 4692 1976 4748 incenden-

330 4781 459 4836 dam
492 4779 734 4835 eandem
770 4778 1302 4850 hasylicam.(Emu.
1326 4783 1504 4852 Ann.)
1530 4781 1975 4837 Atrexdimisso

333 4868 403 4924 ad
433 4867 796 4924 obsidionem
829 4873 889 4924 et
938 4871 1433 4938 expugnationem
1455 4869 1634 4926 Ticini
1685 4869 1970 4936 exercitu,

331 4957 534 5014 orandi
569 4957 756 5027 gratia
788 4958 1021 5013 Romam
1047 4957 1464 5030 proficiscitur,
1495 4959 1864 5031 peractisque
1879 4973 1976 5013 vo-

333 5045 508 5113 tis,ad
533 5045 856 5102 exercitum
878 5060 1148 5102 reversus
1163 5046 1460 5117 fatigatam
1486 5047 1657 5118 longa
1671 5047 1974 5104 obsidione

332 5133 628 5188 civitatem
681 5134 748 5190 ad
775 5133 1128 5191 deditionem
1179 5134 1506 5206 compulit;
1561 5149 1730 5206 quam
1761 5139 1975 5191 cetera:

335 5221 610 5278 civitates
639 5226 876 5293 secutae,
904 5223 1060 5292 regis
1082 5237 1144 5278 se
1166 5223 1446 5294 potestati
1473 5222 1879 5280 subdiderunt.
1906 5224 1970 5279 Et

334 5325 436 5365 rex
468 5310 703 5365 subacta
716 5325 781 5366 ac
797 5325 900 5380 pro
927 5315 1186 5384 tempore
1199 5312 1466 5369 ordinata
1491 5312 1678 5384 Italia,
1707 5313 1761 5368 in
1783 5315 1954 5369 Fran-

2091 4518 2198 4585 Qui
2231 4534 2361 4575 cum
2393 4517 2636 4590 diceret,
2668 4516 2832 4573 illum
2861 4517 2972 4574 sibi
3013 4516 3247 4596 unicum
3269 4528 3398 4572 esse
3416 4518 3472 4571 et
3526 4529 3738 4586 parvu-

2088 4607 2232 4678 lum,
2269 4621 2450 4678 seque
2505 4605 2691 4663 vereri
2711 4621 2818 4678 pro
2840 4604 3030 4676 hoc,si
3048 4605 3196 4660 forte
3228 4603 3336 4661 sibi
3368 4602 3741 4673 contingeret

2087 4696 2240 4768 quod
2272 4696 2582 4752 humanum
2605 4699 2718 4764 est,
2753 4693 2914 4751 illum
2938 4695 3010 4750 ab
3041 4693 3128 4751 eis
3160 4691 3409 4749 interfici
3439 4697 3502 4748 et
3546 4689 3722 4748 alium

2084 4783 2442 4856 promoveri,
2463 4781 2877 4853 juraveruntei
2903 4795 3103 4838 omnes
3127 4795 3190 4838 se
3207 4795 3318 4837 non
3345 4779 3737 4846 admissuros,

2086 4872 2232 4928 alios
2255 4872 2640 4943 imperatores
2657 4875 2854 4942 preter
2873 4870 3120 4926 Leonem
3132 4873 3191 4926 et
3222 4867 3664 4926 Constantinum
3677 4870 3740 4923 et

2085 4975 2158 5016 ex
2189 4959 2704 5032 semineipsorum,
2744 4958 2796 5015 ei
2820 4959 2931 5016 hoc
2952 4958 3176 5030 scripto
3217 4956 3731 5014 confirmaverunt.

2085 5048 2155 5102 Et
2178 5045 2262 5103 sic
2295 5045 2350 5102 in
2373 5051 2576 5102 sancto
2605 5045 2698 5102 die
2725 5045 2952 5118 pascha:
3003 5047 3319 5101 coronatus
3363 5046 3456 5098 est
3489 5041 3739 5113 impera-

2087 5139 2196 5192 tor.
2227 5165 2293 5175 —
2325 5135 2436 5190 Leo
2460 5137 2652 5191 autem
2703 5149 2834 5190 cum
2891 5135 3167 5202 regnaret
3215 5145 3396 5187 annos
3456 5128 3738 5201 quinque,

2087 5225 2354 5280 mortuus
2382 5226 2496 5291 est,
2529 5225 2588 5279 et
2643 5225 2909 5292 regnavit
2960 5219 3114 5277 ﬁlius
3155 5218 3281 5290 ejus
3312 5217 3730 5274 Constantinus

2087 5327 2190 5383 pro
2217 5325 2287 5368 eo
2314 5326 2442 5368 cum
2468 5313 2692 5382 Hyrene
2716 5313 2900 5366 matre
2932 5322 3057 5366 sua.

1731 5410 1966 5466 VARIE
2009 5409 2402 5466 LECTIONES.

411 5520 498 5554 ¹ι²³³
533 5520 820 5578 Adrianus
855 5553 912 5564 -
947 5526 1035 5580 24.
1071 5523 1138 5583 in
1157 5526 1669 5611 naarginesorip‘ta
1721 5523 1964 5585 exhibet
1990 5530 2036 5581 1.
2063 5523 2170 5584 hoc
2193 5525 2312 5584 loco
2333 5524 2396 5582 ι).
2430 5523 2516 5595 Ε.,
2550 5523 2834 5596 adﬁnem
2859 5535 2918 5582 ιι.
2952 5525 3076 5580 771-
3111 5524 3160 5578 5ο
3189 5517 3405 5580 ἀθεωιι
3433 5520 3484 5576 4·
3510 5522 3543 5574 9
