3992 6062
203 279 324 347 857

237 416 382 476 Anni
496 419 641 504 Anni

196 503 423 567 Laenis.
470 503 661 568 Karoli
970 592 973 595 ἤ

297 602 347 652 1.
530 603 589 655 8.
744 600 930 673 (ΕῐΝῐῐ.
985 603 1158 677 Ann.)
1209 606 1402 664 Primo
1451 613 1643 667 autem
1694 626 1844 667 anno

196 685 422 755 Leonis,
450 687 544 756 qui
568 692 657 743 est
680 694 922 747 octavus
951 693 1165 763 Karoli,
1198 696 1510 753 nunciatur
1530 699 1715 756 eidem
1740 703 1845 756 Ka-

194 772 341 844 relo,
398 775 804 844 Ruotgaudum
847 777 935 811 “3‘
981 781 1442 853 [.ongobardum,
1496 802 1662 856 quem
1714 789 1841 860 ipse

191 862 694 931 Forojuliensibus
724 865 928 923 ducem
960 868 1224 937 dederat,
1256 887 1435 929 novas
1464 890 1559 929 res
1589 876 1643 931 in
1676 877 1838 933 Italia

189 950 482 1021 meditari,
516 958 573 1009 et
603 956 934 1025 complures
961 959 1235 1015 civitates
1268 963 1337 1017 ad
1369 978 1498 1019 eum
1530 964 1833 1022 defecisse.

186 1037 312 1103 Quo
343 1041 542 1096 statim
566 1043 838 1114 tendens,
863 1047 1267 1117 Ruotgaudum
1296 1051 1607 1122 interfecit,
1636 1054 1839 1109 civita-

185 1130 278 1183 tes
301 1143 428 1198 quaa
451 1145 479 1185 a
507 1146 569 1186 se
592 1130 929 1188 defecerant
954 1138 1198 1208 recepit,
1234 1138 1635 1211 impesitisque
1666 1144 1838 1198 Fran-

181 1228 387 1272 corum
421 1220 718 1290 presidiis,
757 1222 950 1291 rediit,
987 1228 1046 1279 et
1079 1226 1275 1281 statim
1306 1229 1546 1285 audiens
1576 1230 1834 1288 Saxones

181 1304 522 1377 rebellasse,
558 1307 695 1364 illuc
732 1311 1012 1379 tetendit;
1047 1314 1147 1369 sed
1186 1315 1483 1372 inveniens
1512 1334 1610 1374 eos
1643 1320 1831 1375 denuo

180 1392 501 1464 supplices,
522 1396 745 1452 veniam
765 1397 947 1469 dedit,
969 1401 1395 1473 baptizatisque
1416 1406 1510 1475 qui
1535 1407 1827 1477 volebant,

177 1484 236 1534 et
263 1481 567 1540 obsidibus
589 1486 869 1557 acceptis,
896 1487 1104 1545 iterum
1128 1490 1181 1545 in
1204 1492 1501 1547 Franciam
1529 1509 1831 1563 regressus

181 1570 274 1623 est
291 1609 304 1622 .

246 1660 306 1711 2.
344 1663 393 1713 9.
430 1662 493 1714 A.
531 1661 591 1715 Ι).
628 1667 751 1735 777.
801 1663 1044 1719 Karolus
1087 1680 1208 1736 rex,
1254 1668 1451 1723 habito
1493 1669 1741 1725 concilio
1774 1671 1828 1726 in

172 1741 308 1800 loco
332 1746 428 1816 qui
456 1749 873 1806 Paderbrunno
902 1758 1164 1823 vocatur,
1187 1756 1393 1812 iterum
1419 1758 1723 1815 Saxeniam
1751 1760 1832 1815 in-
1861 1793 1914 1854 Β

171 1834 374 1905 travit,
410 1851 727 1909 omnesque
760 1840 1050 1897 fallaciter
1079 1843 1322 1902 devotos
1346 1846 1584 1903 invenit.
1622 1851 1830 1914 Cuncti

169 1921 388 1994 quippe
412 1926 485 1981 ad
507 1942 636 1983 eum
668 1934 949 1985 venerunt
983 1937 1185 2002 preter
1220 1934 1614 2007 \Vitikindum,
1657 1954 1831 1995 unum

167 2022 243 2065 ex
267 2012 622 2081 primoribus
639 2018 1074 2089 Westfalerum,
1100 2023 1195 2091 qui
1216 2023 1531 2080 multorum
1560 2026 1671 2082 sibi
1697 2042 1835 2083 con-

170 2097 334 2154 scius
361 2100 702 2173 facinorum,
730 2120 924 2175 regem
948 2108 1143 2165 timuit
1167 2115 1221 2165 et
1249 2112 1318 2167 ad
1346 2112 1697 2182 Sigefridum
1730 2119 1836 2173 Da'

164 2200 375 2242 norum
401 2204 595 2257 regem
621 2208 750 2248 cum
777 2196 980 2265 paucis
1013 2199 1288 2267 profugit.
1324 2202 1514 2256 Ceteri
1539 2204 1637 2272 qui
1660 2219 1831 2261 vene-

166 2280 303 2329 rant
326 2276 381 2330 in
411 2281 631 2334 tantum
658 2295 720 2337 se
748 2284 900 2352 regis
924 2287 1206 2355 potestati
1236 2288 1639 2361 permiserant,
1668 2297 1729 2348 ut
1755 2310 1820 2350 ea

160 2363 501 2421 conditione
525 2369 749 2425 veniam
771 2376 910 2428 tunc
937 2380 1323 2441 mererentur,
1346 2378 1640 2450 quatinus,
1670 2382 1713 2437 si
1743 2383 1828 2438 ul-

182 2452 369 2508 terius
391 2469 493 2511 sua
520 2458 749 2513 statuta
780 2460 1087 2531 violarent,
1124 2465 1309 2535 patria
1332 2470 1386 2520 et
1411 2466 1682 2525 libertate
1717 2471 1826 2552 pri,

156 2546 459 2598 varentur.
553 2547 850 2617 Baptizata
875 2554 961 2603 est
990 2555 1179 2606 autem
1205 2559 1261 2608 et
1286 2555 1601 2612 multitude
1629 2546 1833 2629 magna

165 2644 299 2699 quae
324 2646 404 2701 se,
432 2631 565 2689 licet
588 2635 753 2705 falso,
782 2637 1159 2695 christianam
1194 2642 1313 2698 fore
1347 2646 1713 2714 promiserat.

235 2720 286 2772 3.
318 2723 402 2773 10.
432 2723 495 2774 Α.
524 2723 583 2776 1).
610 2726 730 2778 778.
770 2725 1019 2783 Karolus
1046 2742 1149 2783 rex
1180 2736 1378 2800 partes
1424 2733 1714 2804 Hispanize
1748 2753 1814 2806 pe

166 2809 320 2875 tens,
357 2809 633 2876 quasdam
666 2813 841 2869 urbes
871 2815 1126 2887 subegit,
1154 2818 1389 2875 obsides
1417 2837 1445 2876 a
1480 2823 1820 2880 Sarracenis

162 2896 429 2966 accepit;
453 2897 553 2953 sed
580 2899 629 2953 in
657 2915 931 2969 regressu
957 2904 1158 2960 fraude
1176 2908 1525 2966 Wasconnm
1551 2911 1816 2983 plerique

157 2982 481 3040 aulicorum
503 2987 861 3056 perinsidias
885 2990 1179 3049 interfecti
1223 3000 1377 3051 sunt.
1406 2999 1629 3056 Interea
1653 2982 1823 3058 Saxo-

158 3085 262 3126 nes
291 3079 595 3143 comperto
626 3078 778 3146 quod
816 3083 930 3133 tam
961 3080 1130 3150 longe
1160 3085 1535 3158 recessisset,
1570 3091 1820 3161 sumptis

158 3157 361 3228 armis,
380 3159 637 3218 Rhenum
660 3179 844 3235 usque
866 3168 1113 3236 profecti
1135 3175 1270 3225 sunt
1292 3173 1422 3237 ;sed
1443 3190 1572 3231 cum
1596 3157 1818 3233 amnem

157 3246 415 3303 transire
448 3264 559 3305 non
596 3258 857 3323 possent,
892 3256 1167 3327 quicquid
1192 3273 1220 3314 a
1246 3260 1439 3318 Tuicio
1463 3264 1702 3322 civitate
1727 3283 1821 3324 us-

167 3346 283 3403 que
309 3336 378 3391 ad
405 3336 641 3396 ﬂuvium
671 3341 962 3399 Mosellam
992 3345 1248 3403 vicorum
1279 3349 1665 3424 villarumque
1690 3357 1814 3414 fuit,

159 3423 325 3479 ferro
349 3429 404 3479 et
431 3427 546 3496 igni
569 3429 835 3500 populati
860 3437 1024 3498 sunt;
1060 3434 1279 3492 nullum
1304 3423 1613 3497 discrimen
1646 3459 1818 3502 sexus

165 3517 269 3568 aut
300 3515 494 3570 aetatis
526 3516 610 3572 ira
642 3519 829 3575 hostis
859 3522 1097 3594 fecerat,
1135 3528 1193 3580 ut
1229 3525 1451 3597 liquido
1480 3538 1813 3604 appareret,

163 3613 267 3656 eos
289 3616 399 3656 non
423 3604 722 3675 predandi,
752 3608 853 3663 sed
878 3610 1201 3667 ulciscendi
1224 3630 1284 3670 se
1306 3618 1495 3685 gratia
1530 3622 1813 3678 terminos

157 3687 508 3747 Francorum
534 3693 825 3751 introisse.
856 3697 1023 3763 Quod
1048 3715 1178 3756 cum
1200 3717 1303 3758 rex
1322 3706 1697 3764 Autisiodero
1718 3726 1817 3781 po-

155 3774 307 3831 situs
338 3779 616 3851 audisset,
649 3783 969 3842 orientales
997 3788 1252 3847 Francos
1277 3796 1336 3846 et
1360 3774 1748 3854 Alamannosa
1779 3798 1812 3853 d

160 3865 596 3936 propulsandos
628 3885 729 3928 eos
759 3875 1037 3932 continue
1076 3878 1250 3934 misit.
1305 3881 1558 3946 Quorum
1604 3886 1815 3942 adven-

156 3956 284 4008 tum
321 3957 576 4015 Saxones
609 3961 933 4033 audientes,
966 3974 1369 4036 recesserunt;
1403 3972 1503 4027 sed
1537 3972 1619 4027 illi
1651 3989 1751 4031 eos
1781 3990 1812 4031 e

154 4042 407 4112 vestigio
439 4047 649 4117 secuti,
696 4048 1042 4107 invenerunt
1077 4069 1179 4110 eos
1214 4056 1267 4111 in
1304 4058 1572 4128 partibus
1603 4063 1811 4119 Hasse-

145 4146 277 4187 rum
300 4148 473 4205 super
496 4136 733 4194 ﬂuvium
765 4140 1087 4211 Adernam;
1122 4146 1443 4218 statimque
1472 4149 1527 4205 in
1552 4151 1677 4222 ipse
1711 4153 1811 4210 ﬂu-

146 4220 324 4277 minis
353 4224 500 4280 vado
533 4224 670 4283 illos
708 4227 923 4295 adorti,
971 4235 1133 4290 tanta
1168 4236 1309 4292 cede
1342 4220 1700 4311 straverunt,
1746 4246 1807 4299 ut

144 4322 217 4365 ex
249 4309 471 4380 ingenti
502 4312 877 4373 multitudine
909 4319 1004 4377 vix
1034 4323 1203 4392 pauci
1246 4323 1549 4381 redierint.

240 4399 292 4454 4.
329 4402 413 4454 tt.
447 4401 511 4456 A.
552 4403 614 4458 D.
648 4408 768 4460 779.
805 4406 976 4463 Venit
1007 4410 1077 4465 ad
1112 4411 1377 4468 Karolum
1410 4414 1810 4474 Hiltibrandus

1087 290 1525 361 CHRONICA.
1560 332 1633 347 —-
1666 296 2144 371 CHRONICON
2187 305 2736 374 UNIVERSALE.

1874 438 1931 501 A

3487 311 3605 379 858

2034 446 2082 497 b’.
2120 447 2203 500 1-2.
2238 446 2300 501 A.
2336 446 2399 503 Ι).
2430 449 2555 504 780.
2598 443 2809 503 Karolo
2849 443 3150 504 Saxoniam
3188 445 3445 507 venienti
3485 462 3604 508 om-

1960 545 2063 587 nes
2087 533 2453 592 orientalium
2479 536 2731 607 partium
2752 537 3010 593 Saxones
3027 542 3434 609 occurrerunt,
3459 539 3603 597 mul-

1959 620 2116 690 tique
2136 624 2207 679 de
2227 624 2441 694 pepulo
2463 625 2743 696 baptizati
2769 631 2935 691 sunt;
2958 626 3311 697 veniensque
3331 627 3387 681 in
3413 626 3600 684 locum

1956 709 2051 763 ubi
2086 712 2235 767 Hora
2266 716 2322 767 et
2355 712 2518 769 Albia
2552 716 2874 785 conﬂuunt,
2910 715 3199 771 ordinavit
3234 730 3329 772 res
3361 721 3473 771 tam
3508 716 3603 772 Sa-

1952 812 2160 853 xonum
2187 815 2355 870 quam
2382 802 2749 871 Sclavorum;
2788 818 3174 874 reversusque
3201 803 3253 859 in
3281 804 3595 861 Franciam.

1951 884 2151 942 habito
2181 889 2448 959 consilio,
2484 893 2719 946 Romam
2752 907 2927 947 causa
2958 893 3240 948 orationis
3263 907 3393 948 cum
3418 908 3601 950 uxore

1950 988 2052 1029 sua
2087 975 2406 1044 lliltigarda
2440 983 2495 1033 et
2531 980 2735 1035 liberis
2770 980 3047 1051 perrexit,
3075 985 3131 1036 et
3160 980 3352 1037 natale
3380 980 3597 1037 domini

1948 1062 2137 1132 Papia)
2169 1065 2517 1121 celebravit.
2558 1100 2624 1106 —
2662 1068 2768 1122 Leo
2808 1068 3125 1138 imperator
3156 1070 3331 1125 obiit.

2018 1151 2118 1219 (H.
2145 1166 2221 1207 φη.
2251 1153 2382 1208 coll.
2412 1156 2573 1210 Emu.
2612 1156 2745 1212 Vita
2767 1171 2817 1210 c.
2850 1156 2957 1226 l9.)
2991 1158 3152 1212 Anno
3180 1157 3483 1213 dominicae
3515 1157 3596 1212 in-

1943 1241 2301 1297 carnationis
2320 1248 2387 1299 78
2402 1246 2415 1299 l
2432 1287 2445 1313 ,
2462 1244 2634 1300 Urbis
2650 1249 2842 1300 autem
2865 1245 3115 1301 condita}
3139 1245 3445 1301 millesimo
3463 1250 3590 1315 532,

1946 1328 2381 1399 Constantinus,
2430 1332 2584 1388 illius
2624 1334 2849 1402 Leonis,
2884 1337 2981 1389 72°
3021 1333 3149 1389 loco
3195 1334 3266 1389 ab
3308 1336 3589 1403 Augusto,

1944 1430 2074 1470 cum
2108 1422 2293 1472 matre
2326 1435 2428 1475 sua
2466 1423 2691 1491 llyrcne
2726 1436 2964 1492 regnum
2999 1421 3279 1493 suscepit,
3315 1425 3371 1477 et
3408 1437 3592 1477 annos

1952 1509 2009 1559 l7
2043 1507 2326 1573 regnavit.
2361 1509 2501 1564 lIuic
2539 1509 2651 1564 filia
2686 1510 2875 1565 Karoli
2912 1515 2971 1565 et
3005 1510 3348 1578 Hiltigardis
3377 1511 3591 1580 reginze

1942 1592 2334 1649 Ruothtrudis
2393 1596 2745 1667 desponsata
2808 1598 3016 1667 fuerat,
3071 1597 3174 1653 sed
3224 1602 3409 1653 mater
3466 1598 3591 1667 ejus

1943 1679 2113 1735 aliam
2146 1682 2195 1735 ei
2226 1683 2407 1739 invite
2430 1686 2837 1755 conjungehat.

2078 1770 2223 1824 Anni
2382 1773 2548 1829 AnnL

1947 1859 2327 1915 Constantini.
2359 1861 2570 1917 Karoli.

2124 1950 2146 1999 1
2428 1952 2491 2003 13
2639 1949 3018 2021 (Emn.A7m.)
3045 1950 3219 2018 Cujus
3238 1964 3386 2005 anno
3408 1950 3590 2021 primo

1946 2033 2187 2091 Karolus
2204 2037 2438 2092 Romam
2458 2037 2717 2106 veniens,
2740 2040 2811 2093 ab
2832 2039 3083 2094 Adriano
3107 2053 3248 2109 papa
3270 2038 3588 2094 honorifice

1944 2124 2291 2194 suscipitur:
2326 2130 2383 2181 et
2416 2142 2543 2182 cum
2577 2126 2653 2181 ibi
2688 2132 2950 2183 sanctum
2990 2126 3200 2198 pascha
3235 2127 3585 2197 celebraret,

1944 2211 2264 2282 baptizavit
2290 2214 2436 2269 idem
2462 2215 2723 2286 pontifex
2750 2214 2927 2271 filium
2946 2216 3072 2286 ejus
3090 2215 3415 2285 Pippinum,
3432 2230 3587 2271 eum-

1943 2316 2053 2369 que
2073 2301 2144 2356 de
2163 2317 2333 2358 sacro
2358 2305 2515 2359 fonte
2539 2304 2819 2374 suscepit,
2836 2308 2892 2358 et
2914 2317 3134 2372 ungens
3156 2316 3282 2358 eum
3308 2302 3363 2356 in
3389 2317 3583 2371 regem

1940 2389 2141 2459 Italiae,
2178 2390 2451 2463 imposuit
2482 2393 2533 2448 ei
2563 2408 2856 2461 coronam,
2893 2392 3128 2447 fratrem
3158 2405 3294 2445 vero
3325 2390 3450 2459 ejus
3484 2391 3588 2445 Lu-

1941 2477 2227 2534 dewieum
2263 2481 2317 2534 in
2350 2496 2545 2550 regem
2580 2481 2903 2551 Aquitaniae
2939 2480 3122 2548 unxit,
3160 2479 3386 2549 ipsique
3418 2493 3586 2534 cero-

1940 2580 2066 2621 uam
2092 2567 2385 2637 imposuit.
2414 2571 2534 2624 Rex
2556 2584 2695 2624 vero
2718 2570 2897 2624 Roma
2927 2568 3281 2638 digrediens,
3315 2566 3583 2623 Mediol:=.-

1938 2668 2070 2709 num
2104 2656 2283 2725 venit,
2318 2656 2513 2727 ibique
2544 2656 2837 2728 baptizata
2867 2661 2952 2713 est
2979 2656 3095 2712 filia
3126 2656 3253 2725 ejus
3287 2653 3477 2710 Gisela
3512 2655 3582 2709 ab

1938 2742 2379 2815 archiepiscopo
2397 2746 2629 2814 Thema,
2646 2746 2794 2800 etab
2815 2745 3015 2801 eodem
3035 2749 3125 2801 est
3148 2745 3218 2800 de
3238 2757 3403 2800 sacro
3426 2744 3582 2798 fonte

1937 2828 2145 2886 levata.
2174 2832 2320 2887 illisit
2347 2835 2537 2888 autem
2567 2833 2853 2891 Adrianus
2878 2849 3023 2905 papa
3047 2836 3381 2890 Formosum
3400 2837 3461 2889 et
3479 2834 3584 2887 Da-

1936 2931 2155 2974 masum
2196 2921 2509 2991 episcopos
2542 2937 2674 2978 cum
2715 2922 2925 2991 legatis
2956 2922 3132 2992 regis,
3169 2920 3431 2977 Richolfo
3461 2920 3581 2976 dia-

1932 3018 2081 3062 cono
2111 3012 2171 3062 et
2202 3009 2539 3066 Eberharde
2572 3010 2976 3081 pincernarum
3007 3010 3308 3079 magistre,
3345 3008 3415 3064 ad
3447 3009 3579 3063 Tas-

1934 3094 2171 3151 silonem
2199 3098 2427 3169 ducem,
2446 3102 2506 3155 ut
2526 3104 2961 3156 commonerent
2981 3115 3110 3156 eum
3135 3100 3206 3155 de
3223 3099 3574 3168 juramento,

1932 3185 2083 3253 quod
2125 3186 2371 3257 Pippino
2405 3192 2463 3244 et
2496 3187 2631 3244 ﬁliis
2663 3188 2787 3256 ejus
2817 3187 2951 3243 olim
2989 3188 3308 3258 juraverat.
3346 3186 3452 3253 Qui
3485 3202 3578 3242 ve-

1929 3273 2173 3345 nientes,
2219 3291 2322 3332 cor
2359 3276 2487 3346 ejus
2526 3276 2920 3346 emollierunt,
2955 3280 3019 3333 ut
3046 3292 3177 3332 cum
3209 3276 3293 3331 eis
3327 3277 3577 3330 Worma-

1928 3361 2073 3416 ciam
2107 3362 2177 3417 ad
2211 3378 2403 3432 regem
2438 3364 2685 3433 veniret,
2728 3364 2997 3435 datisque
3032 3369 3094 3420 12
3124 3363 3431 3420 obsidibus
3460 3360 3570 3431 ωδ,

1929 3450 2049 3519 regi
2076 3450 2415 3508 fidelitatem
2444 3453 2701 3523 juraret;
2737 3453 2834 3510 sed
2859 3453 2955 3510 ubi
2981 3453 3209 3510 domum
3238 3451 3435 3520 rediit,
3463 3466 3571 3507 non

1927 3536 2024 3593 diu
2058 3538 2110 3594 in
2148 3539 2260 3595 ﬁde
2308 3543 2643 3611 permansit.

1996 3630 2046 3680 2.
2085 3632 2167 3683 14.
2204 3630 2268 3684 Α.
2302 3630 2362 3685 D.
2399 3631 2519 3685 782.
2554 3630 2799 3687 Karolus
2824 3631 2881 3686 in
2904 3630 3209 3686 Saxoniam
3239 3630 3489 3685 eundum
3513 3632 3571 3684 et

1928 3713 2005 3769 ibi
2040 3720 2104 3771 ut
2134 3717 2186 3771 in
2220 3718 2456 3775 Francia
2501 3721 2812 3791 quotannis
2850 3720 3183 3790 generalem
3227 3721 3568 3774 conventum

1924 3805 2151 3860 censuit
2170 3805 2500 3863 habendum
2520 3826 2534 3874 ;
2556 3810 2927 3881 trajectoque
2946 3808 3099 3881 apud
3118 3806 3408 3863 Coloniam
3429 3805 3572 3861 Rhe-

1923 3904 2018 3961 no,
2056 3894 2126 3948 ad
2153 3894 2364 3950 fontem
2403 3897 2618 3968 Lippite
2652 3899 2834 3969 venit,
2870 3899 3066 3969 ibique
3098 3896 3309 3968 positis
3337 3894 3567 3963 castris,

1923 3978 2077 4034 inter
2094 3984 2289 4037 cetera
2311 3985 2542 4052 negotia
2564 3985 2789 4054 legatos
2808 3984 3065 4055 Sigifridi
3087 3985 3243 4054 regis
3258 3984 3567 4048 Danorum,

1922 4071 1978 4120 et
2013 4082 2158 4137 quos
2209 4071 2472 4139 Caganus
2500 4076 2559 4127 et
2588 4076 2877 4143 Jugurrus
2925 4072 3247 4151 principes»
3273 4073 3567 4125 Hunorum

1923 4154 2086 4223 quasi
2121 4156 2278 4227 pacis
2310 4172 2486 4215 causa
2518 4160 2802 4216 miserunt
2824 4160 2895 4215 ad
2922 4175 3005 4230 se,
3031 4158 3252 4215 audivit
3284 4162 3345 4213 et
3376 4154 3567 4210 absol-

1921 4242 2023 4299 vit.
2061 4245 2315 4316 Cumque
2344 4248 2542 4304 selute
2571 4253 2864 4306 conventu
2890 4250 2945 4305 in
2970 4248 3265 4304 Franciam
3288 4243 3561 4311 redisset,

1922 4331 2272 4391 Witikindus
2303 4335 2355 4391 in
2393 4336 2638 4407 patriam
2673 4352 2963 4406 reversus,
2990 4338 3246 4392 Saxones
3275 4330 3562 4427 rebellare

1924 4420 2232 4489 persuasit.
2271 4424 2612 4480 Nunciatum
2645 4428 2737 4481 est
2770 4429 2962 4481 autem
2998 4423 3137 4494 regi,
3173 4421 3327 4494 quod
3359 4419 3563 4476 Sorabi

145 4483 264 4541 dux
287 4487 622 4558 Spolitanus
645 4505 775 4548 cum
800 4496 1025 4566 magnis
1060 4499 1397 4559 muneribus
1420 4502 1476 4558 in
1502 4503 1638 4560 villa
1658 4506 1809 4564 Wir-
1838 4501 1893 4562 D
1924 4483 2132 4579 Sclavi,
2169 4511 2263 4580 qui
2294 4527 2531 4580 campos
2561 4514 2714 4570 inter
2743 4514 2966 4570 Albiam
2997 4483 3274 4570 etVS'alam
3297 4510 3562 4581 jacentes

143 4573 591 4647 ciniaco;quem
616 4579 712 4636 ille
740 4583 987 4653 benigne
1012 4588 1295 4659 suscepit,
1323 4590 1723 4663 donatumque
1747 4596 1807 4652 in

141 4676 315 4719 suum
336 4664 613 4746 ducatum
635 4668 855 4725 remisit
878 4688 891 4738 ;
912 4672 1198 4743 ipse.vero
1217 4677 1477 4733 animoin
1499 4680 1804 4740 Saxouiam

142 4750 407 4822 tendens,
440 4753 701 4812 Rhenum
726 4757 782 4812 in
805 4773 874 4814 eo
899 4758 1027 4817 loco
1052 4762 1149 4832 qui
1179 4764 1375 4835 Lippia
1402 4772 1648 4826 vocatur
1672 4785 1803 4828 cum

138 4839 409 4896 exercitu
454 4842 714 4913 trajecit.
767 4847 869 4903 Cui
900 4861 1032 4904 cum
1076 4850 1332 4909 Saxones
1361 4853 1414 4909 in
1446 4870 1514 4911 eo
1545 4856 1672 4914 loco
1706 4848 1802 4929 qui

140 4924 480 4984 Buohcholz
511 4930 728 4989 dicitur
757 4935 1035 4992 resistere
1069 4941 1443 5011 temptarent,
1481 4944 1617 4999 victi
1643 4924 1802 5015 fuga-

142 5014 306 5086 tique
340 5021 507 5086 sunt;
539 5026 595 5076 et
630 5036 732 5077 rex
760 5024 1142 5081 Wesfalorum
1174 5042 1468 5097 regionem
1503 5014 1801 5101 ingressus

138 5117 244 5161 eos
268 5119 472 5162 omnes
494 5108 550 5163 in
575 5109 929 5167 deditionem
958 5115 1215 5186 accepit;
1247 5116 1495 5187 indeque
1522 5120 1591 5175 ad
1618 5122 1795 5179 Wisa~

139 5206 262 5248 ram
296 5194 555 5267 veniens,
590 5202 783 5255 castra
816 5202 1043 5271 posuit;
1077 5203 1153 5258 ibi
1179 5206 1444 5275 Angrarii
1470 5213 1530 5262 et
1554 5208 1794 5267 Ostfalai

139 5278 378 5338 obsides
402 5283 693 5343 dederunt
713 5291 769 5343 et
795 5296 1156 5347 sacramenta
1176 5292 1542 5363 juravcrunt.
1572 5296 1794 5363 Quibus

139 5370 420 5441 peractis,
455 5386 557 5431 rex
587 5376 968 5435 Wormaciam
999 5379 1055 5434 in
1085 5380 1325 5437 hiberna
1350 5398 1409 5439 se
1435 5386 1680 5456 recepit.

1923 4597 2212 4669 incolunt,
2248 4599 2303 4655 in
2337 4600 2479 4657 fines
2530 4602 2950 4674 Thuringorum
3002 4617 3067 4658 ac
3116 4603 3399 4658 Saxonum
3453 4596 3560 4653 sibi

1917 4685 2177 4743 conﬁnes
2221 4687 2578 4760 depredandi
2625 4705 2798 4748 causa
2850 4691 2938 4725 “3°
2988 4692 3230 4749 fuissent
3282 4690 3553 4761 ingressi.

1919 4774 2131 4831 Contra
2163 4792 2307 4847 quos
2337 4793 2467 4834 cum
2500 4784 2621 4837 tres
2648 4781 2949 4838 ministros
2978 4795 3118 4837 suos
3145 4794 3273 4836 cum
3305 4779 3560 4834 orienta-

1918 4861 2071 4919 libus
2115 4866 2352 4922 Francis
2399 4868 2731 4939 direxisset,
2784 4869 2868 4925 illi
2918 4871 3201 4925 Saxonum
3251 4866 3555 4924 audientes

1916 4956 2155 5024 motum,
2182 4954 2253 5009 ad
2276 4954 2408 5012 illos
2432 4957 2829 5025 diverterunt;
2855 4958 2956 5016 sed
2982 4959 3214 5013 incaute
3238 4959 3497 5027 agentes,
3526 4971 3553 5010 a
3600 4980 3605 4987 α

1913 5039 2239 5098 Saxonibus
2284 5043 2666 5102 circumventi
2707 5051 2766 5103 et
2804 5060 2954 5118 pene
3002 5058 3204 5102 omnes
3252 5044 3429 5103 occisi
3466 5043 3554 5077 “37

1911 5131 2067 5183 sunt.
2095 5129 2178 5184 Ad
2204 5144 2371 5199 quam
2397 5146 2517 5187 rem
2538 5133 2975 5190 examinandum
2998 5147 3126 5189 cum
3148 5147 3255 5189 rex
3276 5134 3550 5201 venisset,

1909 5229 2110 5271 omnes
2139 5216 2513 5275 Witikindum
2540 5220 2711 5292 hujus
2734 5222 2979 5279 sceleris
3003 5227 3302 5280 auctorem
3326 5222 3556 5295 procla-

1908 5307 2239 5370 maverunt;
2266 5309 2365 5361 sed
2388 5306 2567 5377 illum,
2592 5310 2689 5379 qui
2708 5312 2951 5381 aufugit,
2974 5311 3210 5368 tradere
3230 5328 3339 5370 non
3358 5311 3548 5370 valen-

1908 5395 2011 5460 tes,
2044 5406 2112 5446 ex
2138 5393 2266 5448 aliis
2289 5395 2417 5465 quia
2445 5396 2494 5450 ci
2519 5406 2945 5456 consenserunt
2978 5417 3160 5472 usque
3194 5402 3263 5458 ad
3299 5408 3550 5473 quatuor

1500 5500 1735 5557 VARle
1777 5503 2176 5562 LECTIONES.
2637 5554 2649 5565 .

207 5577 298 5613 ¹ί⁸⁴
330 5586 717 5655 ruotgaudum
747 5603 894 5648 corr.
929 5592 1318 5663 ruotgaudum
1356 5600 1398 5650 1.
1479 5594 1569 5629 ⁸³³⁸
1596 5599 1996 5660 obsidionibus
2046 5607 2091 5660 l.
2175 5602 2263 5637 ¹¹³⁶
2291 5606 2451 5664 causi
2486 5613 2534 5664 1.
2614 5607 2707 5642 ί¹³⁷
2736 5610 3030 5672 interfecti
3065 5616 3125 5671 D.
3164 5617 3222 5672 Ε.
