3992 6034
432 261 554 333 859

1593 277 2076 346 EKKEHARDI
2118 272 2676 358 URAUGIENSIS

3707 299 3814 367 860

437 401 594 510 milia
625 406 683 462 et
728 403 1519 510 quingentos__tradiderunt,
1570 416 1668 491 qui
1717 432 1919 477 omnes
1964 430 2076 476 una
2109 415 2165 480 A
2195 434 2324 477 cum
2365 419 2650 501 detinens,
2698 430 2944 505 Capuam
2982 430 3172 505 venit;
3211 433 3459 510 indeque
3493 436 3701 496 bellum
3728 452 3817 510 ge-

438 492 532 551 die
556 495 726 568 jussu
757 500 915 570 regis
944 501 1214 561 decollati
1247 512 1400 564 sunt.
1426 510 1449 531 ⁶

616 586 783 669 ηιξ).
818 591 1097 648 addunt:
1131 595 1688 669 Constantinopolim
1732 597 1963 669 quidam
2001 595 2079 652 la-

650 659 875 737 pideam
920 677 1108 737 arcam
1153 666 1371 722 invenit
1403 673 1460 723 et
1495 659 1547 723 in
1579 684 1641 725 ea
1679 659 1860 724 virum
1885 668 2080 737 jacen-

651 736 925 808 temﬂcum
958 734 1064 808 hac
1092 738 1385 808 scriptura
1416 758 1426 793 :
1455 740 1775 796 «Christus
1808 734 2079 794 nascetur

651 813 722 856 ex
754 802 925 875 maria
961 806 1182 875 virgine
1212 802 1271 864 et
1304 811 1480 865 credo
1512 811 1568 865 in
1598 825 1761 875 eum;
1800 811 1909 866 sub
1938 811 2082 864 Con-

652 874 911 929 stantino
932 874 1237 951 etilyrene
1271 874 1754 951 imperatoribus,
1781 896 1812 936 ο
1834 881 1941 951 sol,
1978 881 2082 935 itc-

651 956 775 997 rum
808 959 894 999 mc
925 946 1165 1004 videbis.
1195 971 1222 1002 »
1251 964 1326 1006 ea:
1346 946 1545 1021 Sigcb.

511 1030 560 1080 3.
600 1032 683 1083 15.
722 1032 783 1086 Α.
820 1033 880 1088 Ι).
915 1038 1038 1090 783.
1086 1039 1220 1093 Cum
1264 1041 1330 1095 ad
1376 1040 1805 1110 expeditionem
1850 1038 2082 1094 Saxoni-

441 1127 565 1170 cam
592 1131 694 1172 rex
718 1133 778 1174 se
804 1130 1195 1197 preparasset,
1231 1132 1542 1198 antequam
1574 1134 1833 1184 moveret
1865 1126 2082 1183 exerci-

440 1206 583 1274 tum,
618 1207 957 1277 lliltigardis
991 1215 1208 1285 regina,
1241 1232 1386 1272 uxor
1416 1219 1561 1288 ejus,
1599 1218 1741 1273 obiit
1774 1223 1806 1272 2
1838 1218 2076 1273 Kalend.

439 1291 571 1363 Mai,
600 1293 653 1349 in
680 1297 889 1365 quibus
911 1304 1048 1355 tunc
1072 1308 1236 1357 erant
1263 1304 1474 1373 vigiliae
1498 1305 1879 1361 ascensionis.
1909 1307 2081 1375 Cujus

440 1378 625 1437 funeri
651 1399 776 1439 cum
804 1387 1082 1459 solempni
1118 1407 1273 1447 more
1299 1392 1455 1461 justa
1493 1394 1876 1464 persolveret,
1912 1394 2085 1450 Saxo-

440 1468 589 1525 niam
642 1475 911 1543 tetendit,
962 1493 1339 1550 pugnansque
1390 1497 1517 1537 cum
1571 1483 1656 1537 eis
1703 1483 1757 1536 in
1811 1483 1937 1538 loco
1985 1482 2081 1553 qui

439 1557 779 1617 Theotmelli
826 1570 1089 1635 vocatur,
1128 1570 1260 1623 vicit
1295 1586 1429 1636 eos;
1483 1570 1729 1640 indeque
1771 1570 1837 1625 ad
1872 1572 2083 1626 Pader-

446 1646 705 1704 brunncn
727 1653 980 1725 veniens,
1000 1656 1219 1711 audivit
1238 1672 1340 1714 eos
1361 1658 1412 1713 in
1439 1658 1648 1715 ﬁnibus
1667 1660 2080 1715 Westl'alorum

2193 520 2417 584 sturus,
2452 520 2642 573 castra
2668 518 2746 575 ibi
2770 523 2986 592 posuit.
3022 524 3299 595 Aragisus
3320 542 3477 597 vero,
3504 526 3704 584 relicta
3726 528 3816 585 Be-

2192 604 2462 673 nevento,
2508 620 2633 676 quae
2674 615 2850 681 caput
2889 618 2977 667 est
3023 613 3180 671 illius
3217 620 3408 685 terra),
3444 617 3729 673 Salernum
3761 634 3816 676 se

2194 690 2357 757 quasi
2418 694 2785 752 munitiorem
2838 702 3118 769 contulit;
3175 702 3470 775 missaque
3519 705 3813 777 legatione,

2195 780 2476 849 utrosque
2502 782 2652 840 ﬁlios
2675 800 2812 843 suos
2836 789 2956 858 regi
2987 791 3220 861 obtulit,
3258 792 3607 864 promittens
3636 810 3695 851 se
3723 810 3817 867 per

2193 867 2380 921 omnia
2410 870 2798 944 obediturnm,
2844 880 3066 933 tantum
3098 895 3168 934 ne
3198 880 3268 935 ad
3301 889 3672 953 conspectum
3701 884 3818 953 ejus

2193 956 2392 1012 venire
2434 968 2763 1029 cogeretur.
2812 967 2991 1034 (Eixzi.
3031 968 3161 1024 Vita
3184 970 3335 1026 Καν.
3360 972 3628 1041 —Amz-.)
3660 974 3822 1042 Cujus

2197 1047 2468 1114 precibus
2493 1064 2596 1105 rex
2618 1064 2897 1118 annuens,
2930 1056 3209 1112 minorem
3242 1052 3425 1114 ﬁlium.
3455 1060 3679 1115 nomine
3710 1061 3821 1116 Gri-

2196 1133 2448 1191 moldum
2499 1152 2692 1195 secum
2749 1144 3010 1212 retinuit,
3061 1147 3334 1215 majorem
3387 1148 3537 1219 patri
3589 1150 3817 1205 remisit.

2196 1222 2436 1294 Accepit
2478 1226 2715 1298 insuper
2745 1244 2775 1285 a
2810 1232 3023 1303 populo
3060 1235 3297 1290 obsides
3334 1240 3417 1304 11,
3452 1236 3722 1306 misitque
3750 1236 3823 1293 le-

2194 1314 2381 1381 gatos,
2419 1315 2514 1383 qui
2546 1323 2604 1371 et
2633 1318 2820 1389 ipsum
2845 1321 3049 1378 ducem
3082 1330 3137 1379 et
3172 1339 3395 1380 omnem
3431 1326 3702 1396 populum
3734 1327 3826 1381 Be-

2198 1406 2581 1459 neventanum
2627 1414 2997 1466 sacramento
3046 1411 3477 1467 continuarent.
3529 1415 3659 1484 ipse
3704 1420 3825 1484 post

2194 1484 2317 1543 haec
2335 1507 2462 1546 cum
2482 1491 2691 1561 legatis
2717 1499 2956 1567 llyrenae
2974 1504 3030 1555 et
3055 1501 3419 1556 Constantini
3447 1501 3546 1557 ﬁlii
3571 1502 3709 1571 ejus,
3736 1518 3827 1573 qui

2195 1582 2437 1648 propter
2472 1584 2777 1651 petendam
2811 1586 2981 1643 ﬁliam
3011 1603 3170 1644 suam
3203 1590 3363 1645 missi
3399 1590 3645 1657 fuerant,
3680 1591 3830 1648 locu-

2197 1667 2292 1721 tus
2311 1672 2421 1738 est,
2446 1668 2677 1742 illisque
2703 1675 2983 1746 dimissis,
3005 1678 3239 1733 Romam
3257 1693 3551 1749 reversus,
3574 1685 3828 1735 sanctum

442 1732 658 1835 iterum.
681 1743 1305 1835 para‘tosadpugnmu;
1332 1747 1402 1801 ad
1428 1748 1858 1817 quostcndcnS,
1881 1748 2080 1803 eadem
2111 1771 2166 1832 Β
2199 1756 2409 1825 pascha
2443 1758 2519 1814 ibi
2548 1776 2678 1816 cum
2710 1778 2912 1833 magna
2952 1732 3263 1835 bylaritate
3302 1732 3649 1823 celebravit.
3683 1769 3830 1824 Tunc

442 1835 550 1890 qua
575 1825 735 1892 prius
759 1827 1033 1885 felicitate
1055 1848 1180 1887 cum
1203 1834 1288 1889 eis
1309 1835 1619 1891 dimicavit.
1649 1836 1784 1890 Inde
1810 1851 2081 1892 reversus

443 1908 497 1964 in
524 1912 839 1985 Franciam,
877 1918 1039 1973 duxit
1066 1936 1301 1977 uxorem
1329 1923 1501 1979 ﬁliam
1524 1924 1733 1979 Ratolﬁ
1758 1925 1988 1979 comitis
2013 1925 2082 1979 de

442 2000 714 2057 orientali
742 2005 979 2062 Francia
1007 2009 1236 2065 nomine
1260 2011 1616 2079 Fastradam,
1653 2012 1721 2067 de
1748 2027 1856 2083 qua
1880 2012 2083 2068 habuit

447 2088 593 2144 ﬁlias
627 2091 789 2147 duas.
838 2125 887 2132 ο
926 2096 1137 2151 Eodem
1172 2112 1319 2153 anno
1351 2098 1620 2155 defuncta
1653 2104 1740 2155 est
1779 2101 1941 2157 bonae
1971 2116 2085 2157 me-

448 2178 644 2234 morize
679 2180 997 2238 Berhtrada
1032 2186 1248 2257 regina,
1287 2192 1469 2243 mater
1500 2189 1677 2258 regis,
1713 2194 1745 2246 4
1772 2189 2079 2247 ldusJulii.

512 2269 560 2321 4.
601 2272 684 2324 16.
724 2272 786 2325 Α.
821 2272 880 2326 D.
916 2277 1038 2329 784.
1093 2276 1355 2348 Karolus,
1406 2279 1728 2349 transjecto
1778 2279 1975 2335 Rheno
2028 2281 2084 2336 in

440 2353 570 2410 loco
595 2354 685 2390 ¹¹³³
706 2359 802 2428 qui
830 2360 1157 2433 Lippeheim
1185 2370 1448 2436 vocatur,
1475 2381 1650 2437 pagos
1672 2367 2083 2424 Wcstfalorum

444 2446 725 2511 vastavit;
769 2450 1125 2521 veniensque
1157 2454 1224 2509 ad
1264 2454 1567 2525 Wisaram,
1610 2470 1739 2511 cum
1783 2455 2083 2513 inundatio

445 2544 723 2600 aquarum
770 2537 1082 2593 transitum
1125 2545 1385 2611 negaret,
1429 2542 1648 2597 dimisit
1695 2542 1873 2599 ﬁlium
1917 2558 2083 2600 suum

442 2619 713 2676 Karolum
742 2623 793 2677 in
822 2624 1033 2680 ﬁnibus
1053 2627 1521 2699 Westfalaorum,
1558 2630 1794 2701 ipseque
1818 2647 1921 2702 per
1942 2633 2085 2689 Thu-

442 2706 685 2776 ringiam
713 2710 1027 2783 divertens,
1053 2715 1441 2786 depopulatus
1464 2722 1557 2773 est
1585 2726 1778 2791 partes
1803 2736 1927 2790 qua)
1951 2727 2084 2778 sunt

443 2794 595 2851 circa
628 2796 872 2869 Albiam,
895 2816 1282 2874 reversusque
1301 2811 1389 2861 est
1412 2805 1464 2860 in
1484 2806 1800 2863 Franciam.
1831 2810 2086 2865 Saxones

445 2898 585 2939 vero
617 2889 954 2960 congregati
999 2893 1329 2962 pugnabant
1370 2908 1499 2949 cum
1536 2894 1651 2951 ﬁlio
1686 2897 1811 2967 ejus
1843 2897 2082 2966 Karolo;

440 2972 540 3028 sed
575 2973 691 3045 ille,
731 2992 929 3048 magna
972 2980 1113 3036 cede
1158 2981 1328 3051 facta,
1364 2998 1493 3039 cum
1528 2984 1580 3039 vi
1622 2985 1769 3041 toria
1806 2985 1980 3041 rediit
2012 2987 2081 3042 ad

442 3067 663 3132 patrem
688 3066 1088 3124 Wormaciam.

510 3156 559 3206 5.
599 3157 680 3209 17.
721 3156 784 3211 Α.
820 3158 881 3211 D.
916 3162 1036 3216 735.
1083 3161 1346 3216 Witikint
1389 3168 1447 3217 et
1489 3161 1673 3217 Abbio
1711 3176 1782 3216 cx
1821 3163 2085 3219 Transal-

443 3238 610 3295 biana
665 3245 898 3313 regione
949 3255 1231 3305 venerunt
1262 3249 1331 3305 ad
1365 3250 1632 3305 Karolum
1686 3265 1877 3320 regem
1931 3251 2082 3322 apud

444 3327 820 3399 Attiniaeum,
876 3336 1201 3392 addueente
1256 3337 1575 3393 Amalwino
1623 3336 1714 3371 ¹¹³⁹
1763 3338 2081 3395 aulicorum

442 3428 574 3486 nuo,
631 3419 828 3490 ibique
878 3422 931 3478 in
983 3425 1229 3494 gratiam
1286 3426 1525 3497 recepti,
1582 3426 1859 3498 baptizati
1914 3433 2080 3495 sunt;

438 3504 776 3578 quievitque
810 3513 1107 3569 Saxonica)
1142 3514 1400 3585 perﬁdiae
1432 3514 1819 3586 pervicacitas
1849 3530 1954 3587 per
1983 3515 2083 3571 ali-

438 3599 800 3662 quotannos

506 3685 556 3739 6.
600 3690 681 3741 18.
721 3690 782 3744 Α.
816 3690 876 3743 D.
911 3694 1033 3747 786.
1068 3692 1324 3748 Audiens
1350 3707 1472 3762 rex,
1505 3691 1719 3761 Anglos
1742 3696 1799 3748 et
1826 3692 2082 3750 Saxones

442 3772 795 3832 Britanniam
823 3777 1101 3835 invasisse
1126 3781 1390 3854 (229-30),
1424 3781 1582 3836 misit
1606 3780 1744 3837 illuc
1767 3797 1895 3836 eum
1920 3794 2084 3837 exer-

438 3862 559 3918 citu
595 3864 921 3937 Audolfum,
960 3869 1317 3940 propositum
1362 3885 1571 3926 mensae
1614 3869 1806 3939 regite.
1852 3869 1956 3936 Qui
1992 3884 2083 3926 ve-

436 3950 621 4021 niens,
655 3954 891 4024 perﬁda)
922 3958 1113 4026 gentis
1146 3959 1565 4014 contumaciam
1610 3958 1728 4014 cito
1772 3959 2079 4029 repressit,

436 4046 826 4113 acceptosque
859 4046 1094 4102 obsides
1128 4063 1254 4103 cum
1289 4047 1554 4113 plurimis
1584 4047 1781 4119 populi
1815 4046 2085 4119 primori-

437 4127 544 4186 bus
562 4132 939 4189 Wormac‘am
963 4135 1030 4190 ad
1055 4152 1244 4203 regem
1267 4136 1527 4192 adduxit.
1555 4138 1673 4192 Rex
1697 4141 1908 4206 autem,
1938 4150 2078 4207 pace

438 4217 693 4289 undique
716 4225 905 4291 parta,
931 4224 1137 4280 statuit.
1161 4226 1393 4279 Romam
1417 4225 1520 4293 ire,
1543 4236 1602 4279 et
1627 4229 1848 4295 partem
1876 4224 2079 4293 Italia),

440 4319 568 4375 quae
588 4314 677 4362 est
701 4308 854 4363 eirea
882 4312 1292 4381 Beneventum,
1322 4327 1440 4368 sua:
1464 4314 1743 4383 potestati
1770 4312 2079 4382 subjicere,

442 4392 611 4463 cujus
654 4395 924 4465 majorem
971 4404 1213 4469 partem,
1258 4405 1429 4471 capto
1469 4400 1782 4468 Desiderio,
1822 4401 1937 4471 jam
1971 4400 2082 4456 sibi

2198 1853 2475 1902 venerunt
2516 1849 2584 1903 ad
2641 1866 2843 1922 papam
2895 1853 3070 1924 legati
3120 1853 3435 1911 Tassilonis
3484 1855 3666 1926 ducis,
3723 1860 3831 1912 Arn

2196 1933 2511 2006 cpiscOpus
2539 1943 2598 1993 et
2630 1940 2920 1997 Ilunricus
2954 1943 3156 2013 abbas,
3188 1948 3482 2014 rogantes,
3517 1949 3577 1999 ut
3604 1945 3750 2001 inter
3772 1961 3832 2000 se

2195 2026 2255 2075 et
2280 2037 2470 2092 regem
2497 2026 2783 2084 mediator
2806 2030 2967 2100 pacis
2990 2031 3113 2086 ﬁeri
3138 2032 3498 2100 dignaretur.
3528 2033 3687 2099 Quod
3707 2048 3833 2089 cum

2198 2108 2293 2165 ille
2325 2113 2534 2169 obnixe
2567 2116 2783 2171 faceret
2815 2123 2871 2173 et
2908 2134 3010 2174 rex
3034 2134 3096 2175 se
3122 2119 3176 2175 id
3201 2120 3351 2176 velle
3384 2121 3627 2189 diceret,
3664 2122 3834 2177 inter-

2195 2201 2381 2269 rogati
2414 2203 2594 2273 missi,
2641 2219 2753 2275 quo
2782 2211 2957 2277 pacto
2992 2222 3186 2279 pacem
3222 2208 3450 2264 ﬁrmare
3479 2208 3716 2279 vellent,
3750 2225 3835 2265 re-

2197 2290 2578 2361 sponderunt,
2631 2293 2739 2349 sibi
2789 2309 2967 2366 super
3016 2296 3121 2352 hac
3164 2312 3225 2351 re
3267 2296 3445 2353 nichil
3494 2298 3833 2367 imperatum

2197 2375 2397 2433 fuisse.
2432 2380 2591 2436 Unde
2616 2396 2761 2452 papa
2785 2389 3125 2448 commotus,
3154 2384 3315 2453 quasi
3341 2384 3576 2441 fallaces
3598 2401 3663 2441 ac
3689 2387 3836 2442 frau-

2197 2464 2470 2523 dulentos
2492 2468 2859 2526 anathemate
2883 2472 3090 2529 statuit
3117 2472 3429 2542 feriendos,
3453 2475 3548 2528 sia
3571 2474 3680 2528 ﬁde
3700 2475 3834 2529 olim

2197 2554 2317 2622 regi
2339 2556 2626 2625 promissa
2647 2557 3049 2625 discederent;
3075 2560 3299 2630 hocque
3317 2562 3448 2617 duci
3473 2563 3833 2631 remandans,

2198 2642 2304 2698 hos
2336 2643 2546 2700 infecta
2582 2660 2719 2715 pace
2750 2646 2994 2703 remisit.
3029 2648 3401 2719 Apostolieus
3431 2654 3618 2705 autem
3650 2654 3703 2704 ιι
3738 2666 3839 2707 rex

2198 2730 2441 2787 invicem
2467 2732 2579 2788 sibi
2603 2733 2998 2791 valedicentes
3028 2736 3451 2805 discesserunt,
3484 2745 3839 2809 acceptaque

2198 2820 2628 2890 benedictione,
2681 2838 2783 2878 rex
2824 2824 2877 2879 in
2919 2826 3215 2881 Franciam
3267 2825 3460 2895 rediit,
3497 2830 3553 2880 et
3596 2826 3745 2882 ﬁlios
3776 2842 3843 2883 ac

2199 2906 2345 2963 ﬁlias
2375 2924 2503 2964 eum
2541 2925 2718 2966 uxore
2762 2925 2868 2966 sua
2905 2911 3183 2968 Fastrada
3220 2914 3558 2968 Wormaciae
3597 2912 3839 2969 invenit.

2195 2996 2278 3051 lbi
2303 3012 2441 3066 ergo
2466 2998 2663 3055 habito
2690 2999 2948 3069 generali
2978 3005 3288 3067 conventu,
3323 3016 3514 3057 coram
3547 3002 3849 3072 eptimati-

2124 3124 2161 3158 πη
2198 3085 2306 3141 bus
2336 3086 2459 3142 suis
2491 3088 2679 3142 omnia
2724 3103 2850 3158 quze
2893 3090 3040 3144 facta
3075 3096 3211 3145 sunt
3243 3089 3299 3144 in
3330 3090 3538 3145 itinere
3572 3104 3679 3145 suo
3714 3104 3850 3146 nar-

2116 3139 2164 3186 (ὲ

2198 3174 2364 3243 ravit,
2397 3190 2713 3251 eorumque
2752 3177 2997 3233 consilio
3036 3176 3265 3247 legatos
3298 3178 3455 3234 misit
3490 3178 3559 3234 ad
3591 3179 3850 3236 Tassilo-

2194 3277 2324 3318 nem
2374 3264 2462 3335 (Α.
2515 3266 2744 3338 Zama),
2799 3266 2894 3336 qui
2946 3267 3375 3337 experirentur,
3429 3267 3477 3323 si
3527 3267 3846 3338 apostolici

2189 3350 2367 3420 jussis
2416 3352 2677 3409 obmdire
2729 3354 2959 3425 sibique
2995 3354 3162 3409 ﬁdem
3192 3368 3430 3410 servare
3479 3355 3845 3425 disponeret.

2196 3439 2383 3508 (Emi.
2417 3442 2589 3512 Ann.)
2631 3441 2753 3507 Quo
2785 3442 2947 3511 jussa
2988 3447 3459 3514 contempnente,
3500 3444 3707 3499 statuit
3743 3458 3851 3498 rex

2195 3527 2495 3598 tripertito
2543 3530 2809 3586 exercitu
2860 3530 3181 3600 Bajoariam
3230 3535 3452 3600 petere,
3485 3534 3541 3586 et
3578 3529 3697 3585 ﬁlio
3739 3545 3851 3586 suo

2193 3615 2438 3687 Pippino
2472 3632 2601 3673 cum
2635 3617 2855 3674 Italicis
2896 3618 3083 3689 copiis
3115 3619 3170 3673 in
3203 3617 3595 3673 Tridentinam
3634 3616 3851 3673 vallem

2195 3704 2543 3775 confluente,
2571 3706 2856 3762 Saxonum
2891 3721 3028 3763 vero
3062 3710 3236 3777 atque
3267 3704 3639 3761 orientalium
3671 3708 3853 3761 Fran-

2194 3807 2395 3849 corum
2437 3794 2699 3850 exercitu
2738 3810 2916 3865 super
2954 3795 3275 3850 Danubium
3316 3794 3371 3848 in
3410 3792 3539 3849 loco
3573 3794 3668 3864 qui
3703 3794 3855 3849 Phe-

2196 3879 2358 3950 ringa
2393 3881 2610 3938 dicitur
2642 3883 3047 3951 conveniente,
3076 3882 3197 3953 ipse
3220 3896 3349 3938 cum
3374 3882 3637 3937 exercitu
3671 3896 3851 3951 quem

2195 3969 2518 4025 adduxerat
2541 3983 2718 4041 super
2742 3970 2933 4025 Licum
2959 3969 3195 4027 fluvium
3215 3968 3270 4023 in
3287 3968 3546 4024 civitatis
3573 3970 3855 4037 Augustae

2196 4058 2478 4114 suburbio
2508 4058 2869 4114 considebat.
2904 4057 3118 4113 Videns
3141 4062 3332 4112 autem
3356 4055 3574 4111 Tassilo
3596 4071 3658 4112 se
3683 4057 3860 4111 nudi-

2197 4162 2307 4218 que
2331 4145 2766 4213 circumfusum,
2796 4146 2864 4201 ad
2892 4160 3083 4216 regem
3107 4150 3353 4216 supplex
3381 4145 3559 4211 venit,
3592 4146 3860 4200 veniam-

2196 4251 2308 4307 que
2338 4236 2407 4291 de
2441 4240 2574 4293 ante
2602 4235 2789 4305 gestis
2815 4234 2925 4291 sibi
2950 4234 3073 4289 dari
3098 4233 3346 4302 rogavit.
3384 4233 3503 4288 Rex
3537 4239 3761 4301 autem,
3795 4239 3859 4288 ut

2198 4340 2430 4396 semper
2454 4328 2581 4379 erat
2607 4323 2779 4393 mitis,
2806 4321 3144 4393 deprecanti
3171 4321 3454 4391 pepercit,
3485 4326 3863 4392 acceptoque

2201 4415 2361 4469 abeo
2386 4412 2503 4468 ﬁlio
2526 4410 2652 4481 ejus
2679 4410 2986 4466 Theodone
3013 4425 3143 4465 cum
3172 4408 3305 4464 aliis
3340 4412 3405 4464 12
3428 4408 3766 4479 obsidibus,
3802 4409 3863 4463 in

445 4481 810 4538 subdiderat.
837 4486 1085 4541 Veniens
1108 4487 1361 4557 igiturin
1384 4487 1627 4559 Italiam,
1649 4488 1839 4545 natale
1863 4488 2080 4545 Domini
2114 4481 2166 4541 D
2199 4502 2494 4559 Manciam
2526 4499 2719 4556 rediit,

444 4568 763 4626 celebravit
789 4574 937 4643 apud
961 4576 1182 4632 Tusciae
1206 4576 1502 4631 civitatem
1530 4577 1896 4633 Florentiam.

510 4664 560 4713 7.
602 4663 684 4715 19.
723 4662 785 4716 A.
821 4663 883 4716 D.
919 4666 1040 4718 787.
1093 4664 1340 4721 Karolus
1390 4680 1488 4721 rex
1539 4667 1774 4722 Romam
1828 4667 2083 4737 veniens,

445 4746 764 4804 honoriﬁce
788 4758 1102 4823 susceptus
1120 4758 1212 4808 est
1232 4755 1301 4809 ab
1322 4753 1647 4824 apostolico
1669 4754 1951 4820 Adriano;
1976 4770 2091 4811 mo-

443 4839 722 4907 ratusque
755 4839 833 4895 ibi
869 4856 970 4911 per
1003 4841 1223 4912 aliquot
1254 4843 1400 4912 dies,
1427 4858 1555 4898 cum
1581 4843 1783 4899 eodem
1816 4843 2090 4914 pontiﬁce

444 4924 839 4983 Beneventum
868 4931 1186 4985 contendit.
1217 4931 1380 4996 Quod
1404 4932 1645 4987 audiens
1672 4932 1950 5001 Aragisus
1975 4932 2092 4987 dux

445 5013 926 5088 Reneventorum,
980 5020 1133 5077 misit
1176 5020 1245 5075 ad
1291 5035 1482 5089 regem
1533 5020 1711 5074 ﬁlium
1764 5035 1930 5076 suum
1983 5021 2093 5076 Ru-

446 5103 699 5160 moldum
724 5122 853 5163 cum
881 5109 1102 5178 magnis
1132 5109 1484 5179 muneribus,
1522 5097 1758 5179 rogans,
1787 5124 1855 5164 nc
1882 5114 2092 5164 terram

438 5189 597 5248 illam
630 5193 906 5252 intraret.
941 5197 1106 5263 Quod
1138 5197 1234 5253 ille
1268 5198 1529 5254 abnuens
1550 5203 1606 5253 et
1631 5196 1975 5253 Rumoldum
2009 5212 2095 5254 se-

2270 4668 2319 4720 8.
2355 4667 2441 4719 20.
2479 4663 2568 4731 (A.
2597 4662 2772 4718 Laur.
2800 4665 2855 4714 et
2882 4661 3070 4731 Etxn.)
3106 4661 3165 4715 Α.
3198 4659 3258 4713 D.
3296 4660 3418 4715 788.
3452 4657 3660 4720 Karolo
3690 4659 3871 4730 apud

2199 4751 2561 4823 Ingilinheim
2583 4749 2791 4821 pascha
2813 4747 3148 4804 celebrante
3167 4751 3223 4803 et
3242 4745 3515 4816 generale
3531 4745 3873 4803 concilium

2200 4844 2327 4900 hab.
2356 4847 2471 4910 nte,
2495 4838 2717 4895 Tassilo
2738 4837 2874 4907 dux,
2903 4836 3051 4893 sicut
3072 4841 3129 4892 et
3149 4835 3329 4892 ceteri
3355 4833 3512 4905 regni
3541 4833 3875 4906 primates,

2203 4930 2457 5000 advenit,
2495 4927 2595 4984 sed
2620 4943 2646 4983 a
2676 4926 2954 4985 Bawariis
2983 4928 3312 4994 accusatus,
3342 4922 3494 4995 quod
3522 4927 3649 4995 post
3673 4923 3882 4982 datos

2203 5020 2463 5093 proxime
2487 5015 2726 5074 obsides
2752 5015 2916 5072 ﬁdem
2940 5030 3047 5072 non
3070 5013 3412 5083 servaverit,
3439 5011 3537 5068 sed
3560 5010 3883 5068 suadente.

2206 5122 2385 5165 uxore
2407 5119 2508 5163 sua
2532 5105 2868 5174 Liutburga,
2905 5101 3183 5159 Desiderii
3216 5098 3733 5170 Longobardorum
3773 5115 3885 5154 re-

2203 5197 2294 5268 gis
2336 5194 2468 5261 ﬁlia,
2514 5194 2729 5249 Avares
2771 5192 2825 5247 in
2858 5190 3300 5263 dissipat-ionem
3342 5186 3501 5258 regni
3544 5188 3877 5243 vocaverit

1813 5323 1904 5377 VA
1915 5320 2049 5375 ΡιῐᾹσὶ
2094 5319 2494 5376 LECTION

508 5404 600 5440 ⁸⁸³³
630 5404 685 5460 in
718 5403 755 5461 l.
788 5409 1195 5481 superscripta
1220 5408 1363 5467 sunt
1393 5411 1441 5465 1.
1520 5407 1612 5441 ω’
1653 5408 1956 5465 amalwico
1991 5409 2064 5465 1b.

509 5592 757 5668 (229-30)
791 5592 968 5649 Valde
1000 5593 1376 5650 Ekkehardus
1408 5595 1517 5653 hoc
1549 5594 1679 5650 loco
1711 5592 1985 5650 Eiuhardi
2012 5503 2404 5650 gerﬁonem
2433 5588 2713 5648 turbavit.
