3992 6062
211 359 329 429 861

1079 362 1518 431 CHRONICA.
1562 396 1631 411 —
1662 354 2142 427 CHRONICON
2183 356 2734 424 UNIVERSALE.

3499 349 3616 421 862

207 497 511 575 multaque
543 497 654 558 alia
678 495 978 559 hostiliter
1007 504 1065 558 et
1118 501 1336 560 dixisse
1357 504 1413 558 et
1466 496 1696 567 fecisse,
1727 510 1857 554 cum
1888 494 1943 556 A
1975 493 2307 554 Fardulfum
2353 496 2794 567 Longobardum
2842 491 3075 552 detecta
3122 488 3347 564 fuisset,
3384 487 3508 565 ipse
3536 489 3615 547 ’ob

201 591 329 650 haec
353 606 565 663 negare
587 591 881 663 nequiret,
909 592 1233 662 majestatis
1269 590 1718 660 reusjudicatus
1742 589 1852 643 est.

199 680 272 737 Et
292 681 426 739 dum
446 683 699 738 omnium
722 697 823 738 ore
865 681 1101 754 capitali
1138 683 1513 737 damnaretur
1538 676 1855 744 sententia,

202 783 309 825 rex
339 772 414 827 ob
472 786 723 829 amorem
762 771 879 842 Dei,
941 777 1000 827 ct
1035 771 1166 843 quia
1228 770 1701 839 consanguineus
1732 765 1859 833 ejus

199 863 349 930 erat,
394 859 646 917 liberare
686 876 816 918 eum
842 862 1104 933 cupiens,
1134 859 1543 929 interrogavit,
1578 854 1714 927 quid
1745 853 1861 922 jam

200 960 378 1018 agere
417 948 615 1006 vellet.
653 949 755 1006 Ille
785 954 978 1007 autem
1008 964 1223 1019 rogans
1255 948 1549 1005 licentiam
1587 944 1698 1001 sibi
1737 942 1859 1011 dari

203 1050 313 1107 pro
331 1039 592 1109 peccatis
626 1038 965 1110 paenitendi,
991 1042 1359 1108 tonsuratur,
1393 1040 1452 1091 et
1486 1036 1538 1090 in
1572 1035 1862 1089 monaste-

199 1125 356 1182 rium
390 1126 607 1183 missus
649 1132 756 1182 est.
813 1127 1092 1183 Similiter
1126 1134 1180 1181 et
1225 1126 1376 1182 ﬁlius
1431 1126 1559 1194 ejus
1589 1122 1855 1199 Theodo;

202 1216 392 1271 ceteri
426 1230 565 1271 vero
614 1216 786 1287 hujus
831 1216 1090 1287 perﬁdia)
1144 1220 1455 1272 consortes
1490 1228 1592 1286 per
1626 1213 1856 1268 diversa

205 1303 382 1361 exilia
421 1304 717 1376 dampnati
751 1310 907 1362 sunt.
946 1308 969 1329 *

348 1394 371 1416 ‘
404 1394 464 1449 D.
501 1396 568 1448 E.
609 1394 887 1450 addunt:
926 1393 1211 1450 lnstantia
1240 1392 1498 1448 Tharasii
1529 1423 1599 1432 —
1629 1390 1860 1445 abdica-

428 1469 612 1521 catur.
649 1480 724 1521 ex
747 1464 959 1536 Sigei).

276 1556 333 1609 9.
364 1556 451 1609 21.
491 1556 553 1610 Α.
592 1556 655 1609 D.
688 1558 812 1611 789.
861 1553 1109 1609 Karolus
1141 1556 1341 1608 contra
1371 1556 1602 1621 gentem
1637 1550 1862 1605 Selave~

200 1655 411 1699 norum
446 1644 541 1713 qui
588 1643 757 1698 Wilzi
804 1642 1082 1698 dicuntur
1123 1642 1447 1697 exercitum
1474 1640 1711 1709 ducens,
1749 1652 1862 1693 am'

201 1743 332 1786 nem
374 1732 557 1789 Albia:
608 1732 840 1788 duobus
899 1731 1176 1803 pontibus
1232 1731 1555 1800 conjunxit,
1617 1743 1860 1800 quorum

1975 585 2245 641 meritum
2282 585 2411 641 ﬁdei
2474 590 2721 641 servatae
2756 581 3106 639 monasterio
3157 579 3342 638 sancti
3375 578 3613 636 Dionisii

1974 672 2226 730 donatus
2243 680 2351 743 est,
2370 679 2644 731 auctores
2666 690 2805 729 vero
2830 670 3250 741 eonjurationis
3273 668 3481 740 partim
3503 666 3617 735 gla-

1974 760 2220 832 diocesi,
2258 764 2467 834 partim
2499 763 2761 835 patibulo
2786 761 3055 832 suspensi
3080 762 3235 815 sunt.
3268 759 3388 813 Rex
3420 759 3613 813 autem

1979 854 2215 922 propter
2239 851 2452 907 bellum
2477 868 2604 907 cum
2633 851 2811 906 Hunis
2843 855 3178 920 susceptum
3202 845 3616 915 Regenesburg

1974 939 2214 996 sedente
2238 939 2347 1010 ωε,
2384 954 2721 1012 persuasum
2754 945 2845 994 est
2886 938 2935 993 ei
2976 953 3005 993 a
3039 934 3407 1007 quibusdam,
3445 946 3616 1003 posse

1976 1030 2376 1099 percommode
2400 1044 2430 1085 a
2472 1029 2729 1085 Danubio
2754 1029 2808 1082 in
2858 1027 3115 1081 Rhenum
3148 1021 3427 1091 navigari,
3456 1020 3502 1075 si
3537 1020 3616 1074 in-

1976 1122 2064 1173 ter
2110 1120 2455 1177 Radanciam
2479 1127 2537 1175 et
2566 1118 2890 1173 Altmonam
2916 1113 3125 1170 ﬂuvios
3146 1110 3426 1182 ejusmodi
3461 1109 3613 1164 fossa

1972 1210 2310 1279 duceretur,
2360 1225 2486 1280 quae
2519 1214 2672 1265 esset
2726 1206 2954 1263 navium
3005 1218 3206 1274 capax,
3243 1200 3374 1271 quia
3408 1198 3612 1254 horum

1973 1298 2278 1353 ﬂuviorum
2332 1298 2481 1353 alter
2514 1297 2771 1353 Danubio
2822 1295 2972 1351 alter
3000 1293 3197 1346 Rheno
3232 1289 3604 1344 misceretur.

1974 1386 2288 1441 Confestim
2324 1402 2424 1441 rex
2471 1401 2600 1441 cum
2634 1385 2785 1440 omni
2833 1382 3112 1439 comitatu
3146 1394 3251 1435 suo
3300 1377 3371 1433 ad
3422 1375 3611 1431 locum

1972 1475 2103 1531 huic
2125 1475 2284 1546 Operi
2324 1479 2520 1546 aptum
2564 1473 2742 1541 venit,
2777 1487 2842 1527 ac
2871 1485 3073 1538 magna
3098 1467 3403 1533 hominum
3424 1462 3614 1520 multi-

1973 1566 2177 1623 tudine
2207 1569 2580 1634 congregata,
2632 1566 2819 1617 totum
2854 1558 3114 1615 autumni
3156 1560 3387 1626 tempus
3416 1554 3471 1607 in
3506 1552 3614 1607 lioc

1973 1653 2362 1725 consumpsit.
2402 1655 2582 1709 Ducta
2617 1656 2705 1707 est
2732 1650 2927 1719 itaque
2958 1649 3110 1703 fossa
3136 1646 3286 1699 inter
3318 1641 3614 1713 predictos

1979 1744 2183 1799 ﬂuvios
2216 1743 2389 1798 duum
2427 1741 2643 1797 milium
2670 1752 2943 1811 passuum
2978 1732 3361 1803 longitudine,
3388 1735 3616 1784 trecen-

199 1832 380 1876 unum
409 1835 482 1877 ex
528 1828 778 1893 utroque
833 1821 1024 1892 capite
1064 1820 1218 1875 vallo
1274 1820 1538 1887 munivit,
1590 1817 1862 1888 imposita

1980 1838 2163 1888 terum
2201 1830 2406 1902 pedum
2435 1829 2762 1897 latitudine,
2800 1825 2899 1882 sed
2934 1825 3181 1887 frustra;
3211 1836 3338 1876 nam
3373 1820 3615 1889 propter

203 1910 353 1966 turri
386 1924 457 1965 ex
488 1910 660 1980 lignis
694 1914 753 1965 et
806 1916 986 1979 terra,
1024 1910 1443 1980 ingressusque
1480 1914 1693 1963 terram
1728 1907 1862 1961 κνη-

203 2014 430 2070 zorum,
455 2000 575 2057 fero
597 2005 652 2056 et
690 2000 803 2067 igni
844 2003 1057 2055 cuncta
1080 1999 1351 2065 vastavit,
1379 2000 1564 2054 donec
1594 2012 1695 2052 eos
1728 1996 1862 2049 sub-

196 2088 527 2159 jugavit.—
555 2089 656 2158 (Η.
686 2092 790 2161 m.)
814 2090 935 2144 Hoc
958 2103 1109 2144 anno
1134 2091 1358 2157 Hyrene
1394 2085 1736 2157 imperatrix
1771 2100 1864 2139 so-

203 2176 327 2235 luta
360 2192 499 2249 pace
535 2177 813 2249 nuptialis
868 2176 1101 2234 fcederis
1134 2192 1263 2232 cum
1299 2176 1556 2243 Francis,
1589 2174 1745 2229 misit
1800 2176 1857 2228 et

211 2265 451 2322 adduxit
479 2266 730 2337 puellam
772 2266 843 2321 de
869 2265 1225 2321 Armeniacis
1250 2264 1476 2319 nomine
1511 2262 1765 2331 Mariam,
1801 2265 1858 2315 et

206 2353 399 2424 junxit
424 2368 549 2410 eam
573 2354 692 2411 ﬁlio
713 2370 817 2410 suo
834 2354 1210 2411 Constantino
1234 2352 1595 2424 imperatori,
1617 2350 1858 2406 multum

209 2442 567 2499 contristato
600 2448 840 2514 propter
868 2443 1159 2509 aﬂ‘ectum,
1188 2457 1301 2512 quo
1316 2456 1450 2509 erga
1470 2439 1640 2494 ﬁliam
1669 2438 1857 2494 Karoli

217 2529 525 2601 ﬂagrabat,
561 2546 729 2602 quam
762 2535 930 2587 antea
953 2531 1429 2600 desponsaverat.

282 2623 364 2675 10.
399 2623 494 2676 22.
536 2622 728 2691 (Eme.
769 2622 948 2689 Ama.)
981 2622 1051 2674 A.
1093 2621 1162 2674 D.
1203 2623 1331 2673 790.
1371 2618 1615 2673 Karolus
1646 2616 1858 2671 nullam

210 2709 642 2780 expeditionem
695 2710 933 2775 fecerat,
965 2709 1067 2763 sed
1117 2707 1380 2762 residens
1414 2707 1468 2760 in
1517 2705 1858 2767 Wormaria,

213 2796 441 2867 legatos
485 2799 779 2853 Hunorum
814 2796 1035 2852 audivit
1084 2786 1340 2864 suosque
1373 2794 1440 2849 ad
1476 2809 1674 2848 eorum
1710 2794 1863 2863 priu—

212 2886 379 2959 cipes
412 2885 586 2942 misit.
624 2886 919 2955 Agebatur
949 2888 1140 2939 autem
1172 2884 1324 2939 inter
1356 2898 1459 2939 eos
1490 2882 1560 2938 de
1592 2881 1859 2938 conﬁniis

212 2989 522 3045 regnorum
554 2987 827 3040 suorum;
863 2986 990 3043 qua:
1024 2971 1330 3041 resvfuturi
1365 2970 1499 3027 belli
1537 2970 1642 3027 fuit
1694 2970 1862 3026 semi-

215 3063 464 3120 narium.

283 3157 347 3208 11
412 3155 501 3207 23.
528 3150 697 3219 (0hr.
747 3150 833 3205 W.
867 3149 954 3205 Cf.
987 3150 1070 3205 Η.
1100 3150 1308 3221 m.)A.
1345 3150 1413 3204 D.
1445 3152 1575 3204 791.
1613 3148 1859 3205 Sanctus

218 3211 590 3298 Burcbardus
612 3238 1100 3307 Wirciburgensis
1123 3211 1433 3310 episcopus
1454 3238 1597 3293 obiit
1616 3240 1648 3291 4
1669 3239 1861 3292 Nonas
1893 3211 1941 3272 Ο

214 3330 380 3387 Febr.
407 3359 477 3370 ---
498 3329 710 3385 Eodem
735 3341 884 3383 anno
932 3327 1219 3383 dissensio
1242 3328 1392 3383 facta
1414 3330 1505 3383 est
1537 3326 1687 3381 inter
1722 3327 1862 3381 Con-

213 3418 535 3478 stantinum
559 3422 616 3474 et
642 3420 883 3471 matrem
916 3415 1039 3483 ejus
1070 3417 1334 3486 llyrenen
1367 3415 1649 3471 malorum
1682 3415 1862 3469 homi-

214 3523 350 3564 num
379 3505 779 3575 instigatione,
803 3506 856 3559 in
878 3509 1099 3559 tantum
1116 3509 1176 3560 ut
1201 3504 1323 3575 ipsa
1345 3502 1668 3559 velleteum
1685 3518 1861 3572 regno

218 3597 469 3668 privare.
493 3627 562 3635 —
587 3594 771 3663 (EINH.
812 3594 989 3664 Ann.)
1014 3592 1259 3649 Karolus
1288 3597 1479 3649 autem
1507 3592 1577 3648 de
1612 3595 1862 3648 Worma-

214 3685 301 3743 cia
338 3698 595 3753 movens,
656 3681 975 3752 Bajoariam
1013 3680 1286 3752 tetendit,
1343 3696 1407 3736 ea
1443 3682 1766 3737 intentione
1800 3687 1863 3738 ut

215 3773 397 3829 Hunis
429 3770 641 3827 bellum
666 3771 929 3840 inferret,
965 3769 1268 3840 divisoque
1300 3770 1585 3840 exercitu,
1612 3770 1865 3826 Theode-

217 3861 401 3917 ricum
428 3858 698 3915 comitem
747 3862 803 3913 et
841 3857 1245 3926 Mcginfridum
1279 3857 1664 3915 camerarium
1697 3873 1862 3913 suum

216 3964 343 4006 eum
368 3962 476 4004 una
502 3950 671 4018 parte
705 3959 807 4017 per
839 3945 1167 4016 aquilonale
1190 3946 1432 4002 Danubii
1468 3945 1623 4002 latus
1645 3946 1726 4001 ire
1745 3946 1865 4016 jus-

217 4037 313 4106 sit,
356 4036 478 4108 ipse
500 4050 631 4092 cum
657 4034 837 4090 altera
874 4050 975 4106 per
997 4034 1252 4091 australe
1285 4034 1609 4105 descendit,
1637 4035 1868 4091 venien-

214 4130 421 4196 tesque
446 4125 514 4180 ad
538 4128 789 4180 Anesum
817 4124 1071 4193 ﬂuvium,
1108 4124 1205 4194 qui
1235 4128 1328 4179 est
1352 4123 1520 4181 limes
1553 4125 1866 4180 Pannonia)

216 4219 394 4284 atque
427 4212 717 4283 Bawariae,
748 4216 941 4269 castra
991 4216 1335 4284 posuerunt.
1384 4216 1443 4267 et
1476 4228 1580 4284 per
1606 4213 1865 4269 triduum

215 4301 466 4359 letanias
489 4302 564 4358 ibi
584 4304 868 4359 fecerunt.
889 4304 977 4372 (A.
997 4304 1203 4373 Laur.)
1224 4301 1369 4356 Huni
1387 4305 1579 4357 autem
1605 4302 1871 4359 videntes

214 4390 541 4448 exercitum
575 4389 684 4460 “‘0,
740 4395 1019 4463 utrasque
1053 4391 1212 4462 ripas
1243 4394 1532 4459 tenentes,
1586 4390 1871 4447 divinitus

216 4481 479 4538 immisso
506 4484 761 4551 terrore,
792 4481 1145 4537 munitiones
1169 4494 1302 4537 suas
1324 4480 1689 4536 dimittentes
1716 4482 1873 4551 fuge-

1970 1922 2141 1989 juges
2164 1920 2389 1991 pluvias
2439 1922 2494 1975 et
2520 1925 2756 1985 terram,
2786 1930 2911 1986 qua:
2942 1912 3226 1984 palustris
3257 1914 3346 1964 est
3382 1911 3615 1962 natura-

1978 2009 2129 2077 liter,
2167 2025 2313 2080 opus
2337 2008 2489 2079 quod
2543 2007 2714 2061 ﬁebat
2741 2010 2899 2059 stare
2932 2017 3040 2057 non
3072 1998 3279 2071 potuit,
3307 1996 3407 2052 sed
3442 2009 3617 2066 quan-

1974 2104 2095 2154 tum
2126 2103 2303 2153 terra}
2352 2113 2379 2151 a
2417 2096 2742 2151 fossoribus
2799 2091 3052 2147 interdiu
3108 2090 3369 2158 egestum
3405 2085 3614 2153 fuerat,

1971 2191 2197 2243 tantum
2225 2186 2494 2242 noctibus
2510 2185 2680 2239 humo
2704 2183 2913 2237 iterum
2932 2179 3230 2234 relabente
3254 2173 3612 2229 subsidebat.

1976 2279 2033 2331 In
2067 2278 2173 2331 hoc
2207 2290 2383 2345 opere
2433 2276 2716 2342 occupato
2758 2269 3028 2325 nunciata
3059 2271 3150 2323 est
3182 2267 3468 2320 Saxonum
3502 2276 3619 2316 om-

1976 2364 2202 2419 nimoda
2226 2362 2477 2419 defectio
2500 2365 2556 2416 ct
2586 2363 2931 2415 Francorum
2959 2355 3204 2427 plurima
3226 2368 3254 2407 a
3280 2348 3616 2406 Sarracenis

1976 2453 2328 2510 interfectio.
2374 2452 2596 2518 Quibus
2628 2452 2805 2506 rebus
2850 2449 3197 2512 commotus,
3232 2443 3284 2496 in
3319 2438 3615 2496 Franciam

1976 2545 2298 2609 revertens,
2336 2541 2527 2596 natale
2556 2537 2778 2595 Domini
2808 2533 3128 2591 celebravit
3157 2530 3308 2601 apud
3343 2528 3616 2582 Sanctum

1978 2632 2073 2703 Kyl
2087 2633 2296 2699 ianum,
2314 2630 2645 2697 Wirciburg
2659 2627 2904 2693 scilicet,
2918 2624 2935 2693 j
2949 2627 3082 2678 uxta
3100 2622 3340 2675 Moenum
3359 2615 3614 2683 ﬂuvium,

1975 2722 2187 2790 pascha
2224 2734 2360 2775 vero
2392 2733 2569 2789 super
2614 2716 2859 2773 eundem
2894 2714 2948 2767 in
2990 2710 3126 2767 villa
3158 2708 3613 2771 Franconovurt,

1976 2810 2072 2865 ubi
2106 2814 2164 2864 et
2194 2810 2574 2864 hiemaverat.
3459 2833 3474 2853 ι

2048 2903 2138 2954 13.
2164 2902 2257 2954 25.
2291 2898 2353 2952 Α.
2382 2898 2449 2951 D.
2472 2899 2600 2951 793.
2623 2891 2907 2948 Karoloin
2940 2887 3378 2945 Franconovurt
3405 2880 3619 2953 pascha

1972 2988 2330 3055 celebrante,
2364 2982 2620 3055 synodus
2668 2980 3081 3053 episcoporum
3134 2986 3335 3043 magna
3366 2970 3617 3027 collecta

1972 3084 2062 3135 est
2096 3092 2167 3134 ex
2211 3076 2481 3133 omnibus
2530 3071 2690 3142 regni
2751 3066 3084 3141 provinciis,
3148 3062 3325 3132 legati
3387 3072 3617 3131 quoque

1974 3166 2209 3223 Adriani
2234 3179 2398 3236 papa
2424 3163 2479 3218 in
2521 3164 2646 3232 ejus
2677 3160 2800 3215 vice
2825 3156 3133 3213 affuerunt.
3168 3155 3230 3207 In
3261 3151 3368 3205 hac
3401 3147 3618 3218 synodo

1973 3255 2197 3312 heresis
2218 3251 2520 3323 cujusdam
2546 3246 2805 3320 episcopi
2830 3244 3033 3301 Felicis
3055 3240 3283 3298 nomine
3308 3237 3617 3307 dampnata

1972 3350 2081 3413 est,
2119 3342 2215 3414 qui
2268 3341 2559 3397 Christum
2611 3335 2925 3393 secundum
2977 3332 3088 3387 hoc
3120 3327 3273 3401 quod
3324 3328 3496 3382 homo
3526 3328 3619 3380 est

1974 3431 2313 3504 adoptivum
2350 3429 2443 3483 Dei
2488 3426 2668 3481 ﬁlium
2701 3424 2951 3489 diccbat,
2985 3425 3042 3476 et
3077 3419 3223 3473 liber
3254 3420 3461 3472 contra
3492 3427 3617 3469 eam

1973 3520 2260 3579 communi
2284 3518 2695 3591 episcoporum
2729 3511 3084 3570 auctoritate
3117 3505 3477 3578 compositus
3507 3506 3620 3572 est,

1976 3612 2029 3667 in
2063 3626 2176 3682 quo
2198 3623 2397 3665 omnes
2428 3604 2930 3675 subscripserunt,
2966 3597 3230 3669 Synodus
3260 3595 3455 3664 etiam,
3492 3605 3620 3662 quae

1975 3705 2107 3757 ante
2142 3713 2357 3771 paucos
2406 3709 2589 3752 annos
2623 3694 2675 3748 in
2712 3685 3215 3759 Constantinopoli
3267 3685 3618 3753 congregata

1974 3791 2084 3848 sub
2118 3792 2339 3859 Hyrene
2386 3790 2442 3842 et
2496 3782 2896 3849 Constantino,
2932 3778 3049 3834 ﬁlio
3099 3776 3247 3847 ejus,
3284 3772 3526 3844 septima
3560 3773 3617 3827 et

1977 3874 2326 3935 universalis
2362 3874 2433 3930 ab
2484 3872 2627 3943 ipsis
2657 3867 2947 3941 appellata
2981 3870 3089 3935 est,
3140 3867 3204 3920 ut
3238 3876 3341 3917 nec
3373 3859 3619 3931 septima

1978 3981 2082 4022 nec
2106 3963 2326 4034 aliquid
2378 3961 2696 4027 diceretur,
2725 3955 2887 4027 quasi
2920 3966 3303 4025 supervacua,
3340 3952 3411 4007 ab
3442 3947 3623 4003 omni-

1979 4058 2087 4111 bus
2120 4052 2390 4107 abdicata
2422 4052 2531 4104 est.
2570 4048 2786 4102 Mortua
2812 4046 2896 4099 est
2932 4046 3124 4098 autem
3150 4040 3224 4093 ibi
3250 4043 3306 4095 et
3342 4038 3619 4093 Fastrada

1979 4142 2199 4213 regina,
2233 4143 2288 4195 et
2348 4135 2653 4206 Mogontize
2682 4132 2834 4205 apud
2894 4131 3165 4186 Sanctum
3221 4126 3502 4183 Albanum
3537 4140 3624 4181 se-

1982 4233 2141 4305 pulta
2175 4234 2286 4285 est.

2058 4324 2144 4376 14.
2181 4322 2275 4374 26.
2317 4318 2381 4372 Α.
2413 4317 2473 4370 D.
2508 4315 2639 4370 794.
2687 4313 2830 4380 Rex,
2863 4308 3047 4365 diviso
3079 4306 3231 4362 inter
3262 4319 3322 4361 se
3352 4307 3412 4359 et
3446 4300 3625 4358 ﬁlium

1983 4412 2108 4481 ejus
2136 4405 2409 4465 Karolum
2460 4402 2746 4469 exercitu,
2800 4396 3105 4454 Saxoniam
3138 4409 3266 4451 cum
3309 4406 3513 4463 magno
3544 4391 3628 4446 in-

1985 4479 2160 4555 travit
2184 4497 2497 4568 apparatu;
2523 4491 2624 4549 sed
2650 4489 2760 4562 ipsi
2787 4488 2990 4544 faciem
3013 4500 3139 4555 ejus
3162 4483 3337 4541 solito
3361 4479 3621 4550 reveriti,

220 4574 455 4638 ιύηίνθι
476 4575 723 4641 υιθιταιιθ
747 4569 1044 4626 exemit“
1068 4568 1587 4639 “bereingl‘essus,
1608 4584 1868 4639 magnam
1900 4569 1952 4629 D
1985 4589 2136 4645 datis
2167 4584 2494 4653 obsidibus,
2531 4596 2592 4637 se
2625 4595 2726 4652 per
2757 4577 2947 4635 omnia
2984 4577 3378 4632 obsecuturos
3399 4570 3629 4641 jurave-

218 4661 447 4729 partem
477 4658 787 4714 Pannonia:
804 4672 992 4728 usque
1012 4657 1079 4712 ad
1107 4658 1342 4714 ﬂuvium
1359 4658 1453 4729 qui
1479 4659 1869 4714 diciturRaba

217 4746 582 4810 devastavit;
618 4747 810 4817 (EINII.
846 4747 1038 4816 Amt.)
1070 4746 1272 4817 sicque
1304 4763 1404 4803 rex
1436 4763 1539 4819 per
1573 4749 1868 4805 Sabariam

218 4834 717 4898 reverti.statuit;
745 4834 931 4889 altera
955 4837 1124 4905 parte
1141 4835 1436 4892 exercitus
1462 4851 1564 4907 per
1586 4835 1733 4892 viam
1758 4852 1871 4908 qua

219 4924 464 4980 venerat
493 4921 697 4978 rediit.

295 5015 386 5065 12.
425 5013 522 5067 24.
563 5014 631 5065 Α.
675 5012 741 5064 D.
782 5014 910 5065 792.
953 5010 1164 5065 Karolo
1194 5025 1223 5064 a
1274 5011 1450 5067 natali
1512 5014 1733 5069 Domini
1768 5029 1869 5085 per

220 5104 486 5155 aestatem
545 5098 880 5170 Ratisponae
922 5097 1012 5130 ‘1“
1056 5105 1471 5169 eommorante,
1520 5101 1868 5169 quibusdam

222 5187 459 5243 Francis
476 5187 804 5255 agentibus,
821 5185 1184 5256 conspiravit
1204 5192 1410 5243 contra
1425 5202 1553 5242 eum
1575 5188 1728 5243 ﬁlius
1743 5188 1871 5257 ejus

219 5273 501 5347 Pippinus
530 5290 603 5330 ex
657 5273 981 5330 concubina
1026 5275 1279 5345 itemque
1321 5275 1439 5344 alii,
1498 5282 1741 5347 propter
1776 5280 1873 5331 Fa-

225 5362 483 5420 stradam
514 5364 791 5433 reginam,
841 5362 1011 5432 cujus
1043 5364 1449 5419 crudelitatem
1485 5378 1546 5419 se
1581 5364 1731 5420 ferre
1763 5380 1871 5421 non

224 5465 396 5524 posse
425 5446 624 5507 Franci
672 5449 969 5509 dicebant.
1008 5451 1145 5517 Qua;
1195 5451 1555 5522 conspiratio
1606 5467 1735 5507 cum
1770 5468 1872 5523 per

2700 4686 2709 4694 ο

1984 4684 2145 4803 mild.
2183 4748 2268 4801 27.
2307 4746 2375 4799 Α.
2412 4745 2483 4799 D.
2521 4745 2651 4798 795.
2689 4742 2811 4795 Rex
2870 4735 3129 4810 perﬁdia}
3179 4736 3469 4790 Saxonum
3518 4742 3629 4784 non

1981 4838 2301 4903 immemor,
2356 4836 2704 4890 conventum
2757 4826 3087 4898 generalem
3147 4823 3351 4879 habuit
3400 4821 3457 4875 in
3488 4815 3625 4874 villa

1982 4942 2109 4997 quze
2141 4923 2356 4981 dicitur
2410 4919 2753 4978 Cuﬂ‘csstein
2786 4915 2876 4950 ωδ
2904 4916 3058 4971 ultra
3108 4913 3370 4967 Rhenum
3424 4911 3627 4965 contra

1980 5012 2324 5083 Magontiam
2363 5009 2528 5079 juxta
2560 5011 2805 5063 Moenum
2841 5003 3096 5065 ﬂuvium,
3135 5004 3311 5069 atque
3334 4997 3467 5053 inde
3498 5010 3628 5053 cum

1981 5102 2246 5159 exercitu
2273 5099 2576 5155 Saxoniam
2594 5097 2914 5164 ingressus,
2937 5105 3085 5163 pene
3100 5092 3280 5146 totam
3296 5084 3629 5160 populando

1982 5187 2336 5261 peragravit,
2371 5187 2625 5256 itemque
2657 5199 2758 5239 acc
2782 5181 2916 5255 'ptis
2940 5178 3269 5249 obsidibus,
3297 5176 3353 5233 in
3385 5173 3624 5232 Galliam

1984 5278 2298 5334 remeavit.

2056 5371 2147 5421 16.
2187 5368 2280 5421 28.
2321 5365 2391 5419 Α.
2425 5364 2491 5417 D.
2523 5364 2644 5417 796.
2675 5360 2784 5416 Leo
2817 5373 2961 5429 papa
2985 5361 3112 5413 96η
3142 5356 3449 5413 ordinatus
3480 5352 3630 5409 sedit

1984 5468 2166 5509 annos
2195 5455 2293 5518 20;
2329 5450 2425 5505 alii
2456 5449 2640 5519 (Emi.
2668 5448 2845 5519 Ann.)
2878 5447 3080 5503 dicunt
3106 5449 3194 5502 25.
3232 5445 3332 5501 llic
3364 5440 3630 5501 Karolum

1576 5575 1813 5631 VARLE
1855 5574 2252 5632 LECTIONES.

296 5668 387 5704 “‘°
414 5671 714 5731 exercitus
748 5670 833 5729 1b.
899 5669 987 5705 ‘1“
1016 5671 1084 5731 in
1113 5671 1233 5731 loco
1259 5683 1397 5731 raso
1429 5675 1483 5728 1.
1524 5670 1613 5706 ω’
1641 5672 1811 5732 ttat.
1854 5677 1910 5731 4.
1948 5676 2006 5731 5.
2045 5678 2131 5730 9°.
2167 5675 2259 5730 10.
2298 5669 2508 5760 sedens
2534 5671 2604 5727 D.
2646 5671 2714 5726 E.
2768 5668 2857 5703 ““
2886 5668 3184 5728 cusfestun
3218 5668 3299 5726 ιδ.
