3992 6062
357 241 474 310 868

1511 243 1993 310 EKKEHARDI
2033 241 2588 310 URAUGIENSIS

3654 240 3784 308 864

361 379 498 439 fecit
551 377 961 454 imperatorem
1003 379 1112 437 ‘1“.
1147 379 1254 450 Qui
1287 396 1420 440 mox
1454 387 1516 440 ut
1559 382 1865 440 ordinatus
1891 387 2004 454 est,
2040 380 2096 441 A
2126 381 2314 456 ipsius
2348 381 2554 440 matris
2588 396 2708 441 suae
2741 379 2986 440 consilio
3007 379 3118 439 hoc
3144 379 3358 438 factum
3386 380 3498 449 est,
3525 375 3780 452 ipsaque

363 471 560 529 claves
583 471 968 528 confessionis
989 471 1174 528 sancti
1197 473 1356 529 Petri
1375 476 1436 529 et
1451 472 1725 530 vexillum
1743 473 2011 531 Romanas

365 557 532 615 urbis
556 559 628 615 ad
651 574 844 630 regem
869 560 1140 616 Karolum
1164 575 1294 618 cum
1318 560 1450 618 aliis
1471 561 1811 618 muneribus
1832 561 2010 632 misit,

364 651 513 704 etut
564 648 816 719 aliquem
872 650 943 706 de
995 649 1382 719 optimatibus
1411 649 1500 684 ωδ
1529 651 1650 708 suis
1681 651 1750 707 ad
1810 651 2018 708 conﬁr-

369 735 639 792 mandum
665 737 775 793 sibi
801 753 902 809 per
943 744 1367 796 sacramentum
1395 741 1668 812 populum
1701 742 2016 797 Romanum

370 825 654 895 mitteret,
706 827 954 896 rogavit.
1004 827 1210 884 Missus
1249 832 1336 884 est
1371 831 1440 886 ad
1475 829 1620 886 hanc
1677 844 1796 886 rem
1828 828 2020 899 Angil-

373 911 600 981 bertus,
628 912 812 968 abbas
842 914 1182 970 monasterii
1217 915 1403 971 sancti
1429 915 1702 983 Richarii,
1728 930 1833 986 per
1851 929 2018 985 quem

374 999 549 1054 etiam
577 1014 838 1069 magnam
889 1007 1113 1072 partem
1141 1003 1422 1073 thesauri,
1459 1019 1626 1074 quem
1659 1004 1904 1060 Hericus
1929 1001 2022 1036 1‘“

375 1085 494 1142 dux
517 1088 954 1160 Forojuhensis,
983 1090 1234 1162 spoliata
1257 1093 1548 1148 Hunorum
1571 1093 1728 1162 regia
1749 1107 1876 1163 quae
1909 1091 2022 1146 rin-

374 1189 481 1243 gus
511 1177 852 1248 vocabatur,
879 1179 1084 1235 eodem
1111 1194 1259 1236 anno
1291 1181 1413 1249 regi
1443 1182 1512 1237 de
1542 1181 1834 1238 Pannonia
1861 1181 2024 1236 detu-

371 1263 544 1332 lerat,
563 1267 752 1334 misit;
782 1267 1003 1339 reliqua
1031 1269 1511 1340 interoptimates
1530 1275 1580 1325 et
1598 1271 1824 1326 aulicos
1846 1274 1905 1326 et
1926 1285 2023 1340 pa-

370 1352 516 1410 latio
550 1355 954 1413 deservientes
984 1356 1309 1414 liberaliter
1331 1359 1650 1415 distribuit.
1685 1361 1807 1415 Rex
1830 1362 2020 1415 autem

359 1448 510 1512 post
532 1443 654 1500 haec
689 1445 991 1501 Saxoniam
1030 1451 1252 1517 petens,
1307 1447 1484 1503 ﬁlium
1518 1463 1683 1504 suum
1715 1447 2021 1519 Pippinum

377 1530 561 1587 Italiae
587 1545 780 1602 regem
806 1533 858 1589 in
885 1535 1234 1590 Pannoniam
1261 1536 1436 1606 misit,
1472 1537 1730 1608 ipseque,
1767 1537 2024 1608 depopU'

371 1618 488 1676 lata
513 1621 780 1692 Saxonia,
811 1624 1169 1692 Aquasgrani
1203 1626 1543 1695 revertitur,
1569 1625 2018 1698 Pippinusvero,

2126 487 2367 543 regnum
2402 471 2525 530 sola
2548 477 2750 529 tenere
2778 470 3100 528 contendit.
3125 471 3214 540 (A.
3255 471 3423 526 Emu.
3458 473 3518 526 et
3551 463 3783 538 Laur}

2126 561 2246 618 Hos
2276 576 2416 632 ergo
2448 561 2674 632 legatos
2716 561 2813 618 ubi
2837 575 2940 617 rex
2968 558 3233 616 absolvit.
3273 561 3560 616 venerunt
3585 557 3659 614 de
3683 557 3778 614 Hi-

2127 650 2326 722 spania
2351 649 2530 720 legati
2545 649 2857 706 Hadefonsi
2876 649 3032 719 regis
3045 647 3276 704 Galiciaa
3297 651 3355 703 et
3383 645 3654 717 Asturize,
3673 646 3777 701 Ba-

2129 738 2382 810 syliscus
2413 745 2473 795 et
2503 739 2691 810 Froia,
2745 738 3077 796 deferentes
3110 751 3368 807 munera,
3412 750 3542 806 quae
3571 733 3671 790 ille
3701 734 3774 792 de

2129 828 2436 898 manubiis,
2475 843 2619 899 quas
2650 827 2838 884 victor
2880 827 3033 899 apud
3065 825 3468 897 Olisiponiam,
3510 823 3770 880 ultimam

2130 915 2417 987 Hispania;
2441 915 2760 984 civitatem,
2787 929 2814 970 a
2842 929 2902 970 se
2925 919 3336 985 expugnatam,
3363 918 3621 985 ceperat,
3645 912 3773 968 mit-

2133 1009 2257 1060 tere
2279 1005 2404 1074 regi
2429 1004 2678 1072 curavit,
2699 1004 2927 1058 Mauros
2945 1002 3223 1059 videlicet
3235 1007 3459 1074 septem
3485 1017 3614 1058 cum
3643 1001 3774 1058 toti-

2134 1093 2261 1148 dem
2279 1092 2452 1149 mulis
2466 1096 2640 1163 atque
2653 1091 2876 1148 loricis.
2904 1091 3060 1158 Quos
3073 1095 3132 1146 et
3153 1091 3398 1161 benigne
3414 1090 3702 1162 suscepit,
3716 1093 3776 1148 et

2133 1181 2455 1237 honoriﬁce
2512 1185 2916 1237 remuneratos
2971 1179 3208 1236 dimisit.
3242 1211 3310 1220 —-
3341 1179 3442 1248 (Η.
3475 1179 3580 1250 m.)
3631 1179 3777 1233 Con-

2135 1269 2429 1327 stantinus
2459 1268 2551 1303 “5°
2601 1269 2940 1341 imperator,
2985 1268 3138 1326 ﬁlius
3182 1268 3386 1325 Leonis
3415 1271 3473 1324 et
3524 1269 3776 1338 Hyrene,

2135 1363 2441 1430 postquam
2491 1362 2750 1416 coecatus
2793 1361 2879 1414 est
2913 1357 3158 1414 consilio
3208 1357 3412 1413 matris
3443 1371 3586 1425 suze,
3641 1357 3777 1428 post

2135 1448 2310 1504 breve
2335 1453 2566 1520 tempus
2583 1447 2750 1518 obiit,
2777 1447 2980 1518 sicque
2997 1450 3182 1502 mater
3193 1445 3265 1501 de
3279 1451 3480 1502 cetero
3495 1459 3602 1517 per
3615 1443 3769 1516 quin-

2135 1551 2244 1606 que
2277 1551 2457 1593 annos
2488 1536 2817 1608 imperavit.
2853 1536 3215 1592 Obscuratus
3243 1540 3334 1591 est
3361 1537 3552 1590 autem
3587 1533 3674 1591 sol
3708 1546 3777 1588 eo

2137 1629 2399 1698 tempore
2433 1639 2536 1698 per
2584 1625 2710 1682 dies
2738 1630 2826 1694 17,
2881 1625 2960 1680 ita
3008 1628 3068 1680 ut
3126 1624 3474 1680 oberrarent
3511 1635 3692 1679 naves
3723 1621 3775 1676 in

373 1707 588 1798 fugatis
619 1709 771 1766 ultra
830 1711 1065 1768 ﬂuvium
1116 1713 1324 1770 Tizaha
1359 1715 1558 1783 l-lunis,
1595 1707 1726 1771 cum
1788 1713 2024 1772 residuo
2051 1737 2106 1798 Β
2137 1715 2301 1786 mari,
2337 1718 2392 1770 et
2415 1729 2616 1772 omnes
2640 1713 2920 1784 dicerent,
2951 1711 3107 1784 quod
3140 1715 3380 1784 propter
3403 1711 3778 1783 imperatoris

372 1797 672 1940 gunorum
733 1799 1014 1858 thesauro
1045 1802 1115 1857 ad
1175 1806 1398 1874 patrem
1431 1803 1767 1873 regreditur
1797 1803 1898 1874 (cf.
1937 1805 2014 1862 Α.

422 1887 626 1940 ama).

422 1900 626 1944 (ΗΜΛ.

444 1900 563 1944 mr.
611 1928 626 1942 .

444 1979 528 2032 17.
563 1887 652 2033 ἐς).
689 1976 884 2048 (Erue.
921 1979 1101 2054 Ann.)
1138 1983 1206 2036 A.
1247 1982 1312 2036 Ι).
1347 1985 1468 2038 797.
1509 1980 1820 2053 Expeditio
1872 1983 2025 2038 facta

379 2069 470 2120 est
493 2064 547 2120 in
597 2067 923 2140 Saxoniam,
950 2073 1010 2124 et
1040 2083 1220 2140 usque
1247 2071 1313 2126 ad
1340 2084 1620 2126 oceanum
1645 2070 1798 2127 ultra
1831 2085 2030 2129 omnes

373 2153 620 2222 paludes
654 2159 714 2212 et
736 2155 886 2213 invia
913 2157 1036 2214 loca
1061 2159 1371 2216 transitum
1397 2162 1508 2230 est,
1534 2165 1589 2216 et
1629 2173 1728 2214 rex
1753 2160 1823 2216 de
1847 2160 2032 2216 llado-

374 2241 506 2299 loha
529 2257 840 2313 regressus
868 2278 912 2286 —
947 2260 1076 2302 nam
1111 2247 1165 2304 id
1197 2263 1402 2305 nomen
1436 2253 1526 2304 est
1559 2249 1689 2306 loco
1723 2250 1821 2305 ubi
1866 2264 2033 2306 ocea-

377 2345 486 2388 nus
522 2331 824 2390 Saxoniam
875 2334 1338 2394 alluit—totam
1373 2341 1656 2394 Saxonum
1709 2343 1938 2408 gentem
1976 2338 2030 2394 in

379 2417 732 2477 deditionem
751 2423 1104 2494 perobsides
1119 2426 1431 2498 accepit,et
1447 2427 1517 2482 ad
1534 2425 1812 2498 palatium
1831 2427 2033 2496 AquiS'

371 2508 535 2576 grani
569 2523 900 2579 regressus,
939 2512 1240 2568 Abdellam
1277 2515 1678 2585 Sarraeenum,
1717 2515 1896 2571 ﬁlium
1922 2514 2030 2580 Ihi_

372 2609 595 2666 maugaa
623 2597 796 2666 regis,
823 2612 852 2652 a
880 2599 1061 2655 fratre
1085 2599 1388 2671 depulsum
1416 2602 1645 2672 sibique
1666 2617 1728 2658 sc
1747 2617 2032 2658 commen-

373 2681 607 2738 dantem
643 2686 925 2757 suscepit.
972 2687 1116 2744 llluc
1145 2691 1202 2743 et
1240 2689 1470 2758 legatus
1497 2691 1730 2761 Nieetaa,
1765 2691 1858 2761 qui
1889 2695 2029 2748 tunc

373 2771 627 2828 Siciliam
661 2774 924 2844 regebat,
959 2775 1142 2847 venit,
1182 2782 1421 2848 portans
1449 2778 1756 2850 epistolam
1787 2779 2032 2851 impera-

372 2859 522 2916 toris
548 2861 935 2918 Constantini.
965 2864 1144 2930 Quem
1178 2866 1482 2934 magniﬁce
1523 2867 1872 2940 suscipiens,
1899 2872 2028 2940 post

369 2961 588 3020 paucos
622 2949 750 3007 dies
813 2953 1094 3010 absolvit.
1137 2955 1420 3012 Mediante
1450 2961 1642 3013 autem
1699 2972 1896 3014 mense
1925 2959 2032 3014 Νο-

370 3039 630 3108 vembre,
672 3041 740 3097 ad
792 3041 1212 3100 hibernandum
1247 3059 1376 3100 eum
1410 3046 1675 3101 exercitu
1725 3046 2027 3104 Saxoniam

370 3125 635 3200 intravit,
671 3131 1003 3202 posrtisque
1049 3132 1265 3188 castris
1296 3132 1448 3204 apud
1493 3133 1802 3204 Wisaram,
1840 3133 2026 3191 locum

367 3219 698 3272 castrorum
733 3219 1428 3289 Heristal‘vocarijussit.
1455 3220 1598 3276 Illuc
1631 3221 1805 3290 legati
1839 3223 2028 3280 Huno-

371 3316 499 3356 rum
528 3318 656 3359 cum
682 3306 902 3375 magnis
937 3307 1274 3364 muneribus
1303 3314 1607 3379 venerunt,
1637 3309 1884 3380 indeque
1919 3311 2028 3367 Ah-

373 3388 585 3446 dellam
619 3393 997 3450 Sarracenum
1029 3409 1156 3450 cum
1207 3395 1326 3450 ﬁlio
1366 3410 1472 3452 suo
1502 3397 1814 3453 Ludewico
1848 3397 1902 3454 in
1935 3400 2026 3454 lli-

371 3479 606 3548 spanias
643 3482 861 3537 reverti
899 3482 1055 3553 fecit,
1099 3482 1405 3555 Pippinum
1438 3484 1493 3539 in
1525 3484 1746 3540 Italiam
1784 3487 2022 3557 remisit,

372 3565 494 3636 ipse
527 3582 664 3624 vero
697 3568 768 3624 ad
799 3569 1222 3642 disponendam
1254 3571 1556 3628 Saxoniam
1603 3578 1786 3630 totum
1820 3575 2026 3634 hiemis

373 3659 602 3726 tempus
628 3656 988 3730 impendens,
1005 3659 1198 3714 natale
1221 3659 1442 3716 Domini
1468 3667 1524 3717 et
1549 3663 1758 3734 pascha
1781 3677 2028 3735 sequen-

369 3741 450 3796 tis
483 3744 615 3799 anni
647 3745 725 3800 ibi
761 3745 1100 3818 celebravit.

440 3835 524 3888 30.
561 3833 649 3895 (A.
677 3835 841 3891 Emn.
862 3840 920 3891 et
944 3838 1152 3910 Laur.)
1187 3839 1251 3894 A.
1277 3839 1338 3893 D.
1371 3841 1493 3894 798.
1529 3839 1790 3896 Saxones
1821 3843 2024 3898 Trans-

370 3918 606 3991 albiani,
639 3923 926 3982 seditione
957 3931 1268 3996 commota,
1293 3927 1518 3997 legatos
1551 3927 1722 3999 regis,
1759 3929 1855 3999 qul
1881 3934 2023 3986 tunc

375 4007 446 4064 ad
477 4010 770 4068 faciendas
788 4013 1060 4083 justicias
1077 4015 1236 4072 ιιιὶέεὶ
1253 4021 1410 4086 sunt,
1433 4017 2020 4089 comprehendentes,

371 4096 521 4154 alios
556 4100 880 4173 trucidant,
929 4103 1076 4160 alios
1104 4104 1173 4159 ad
1209 4104 1605 4160 redimendum
1637 4111 2014 4162 conservant.

379 4187 538 4242 Unde
589 4203 711 4257 rex,
747 4189 994 4247 collecto
1025 4192 1289 4249 exercitu
1333 4191 1443 4262 “‘7,
1477 4191 1549 4248 ad
1581 4191 1770 4250 locum
1803 4195 1899 4265 qui
1933 4195 2028 4251 Mi-

371 4273 506 4330 nida
562 4275 779 4334 dicitur
838 4281 1119 4350 perrexit,
1179 4280 1494 4350 habitoque
1524 4281 1786 4352 consilio,
1845 4287 2024 4340 totam

379 4362 684 4420 Saxoniam
719 4365 872 4422 inter
903 4367 1125 4424 Albiam
1150 4371 1206 4424 et
1228 4369 1510 4424 Wisaram
1544 4371 1874 4442 populando
1899 4388 2030 4444 per-

2060 3093 2108 3155 C

2137 1803 2595 1860 obcoecationem
2627 1803 2714 1861 sol
2741 1804 3095 1860 obseuratus
3127 1801 3222 1860 sit.

2211 1897 2296 1949 31.
2351 1893 2536 1963 (Emu.
2569 1893 2666 1964 Α.)
2701 1895 2764 1948 Α.
2796 1893 2857 1947 D.
2911 1894 3033 1948 799.
3071 1892 3181 1947 Leo
3237 1903 3382 1962 papa
3415 1903 3446 1944 a
3504 1887 3794 1964 Romanis

2139 1987 2473 2039 excaecatus
2490 1987 2602 2038 est.
2626 1981 2897 2037 Romanis
2925 1981 3076 2037 enim
3103 1980 3156 2036 in
3189 1993 3291 2036 sua
3316 1977 3638 2036 securitate
3658 1977 3784 2048 glo-

2141 2071 2446 2138 riantibus,
2465 2071 2718 2128 levatum
2742 2075 2832 2128 est
2855 2086 2956 2128 cor
2973 2085 3176 2126 eorum
3199 2068 3521 2126 secundum
3536 2083 3779 2125 consue-

2141 2161 2400 2217 tudinem
2433 2159 2684 2227 illorum,
2739 2159 3170 2230 volueruntque
3200 2172 3266 2215 ea
3299 2171 3427 2228 qua:
3460 2155 3780 2228 imperialis

2141 2253 2306 2304 erant
2343 2248 2656 2320 potestatis
2690 2248 2798 2304 sibi
2830 2247 3160 2304 vendicare.
3189 2245 3289 2318 (Η.
3313 2247 3415 2318 m).
3447 2245 3780 2302 Resistente

2141 2341 2335 2394 autem
2373 2337 2558 2392 Leone
2591 2350 2758 2407 papa,
2794 2335 3025 2406 quidam
3054 2349 3124 2390 ex
3153 2334 3417 2404 cognatis
3447 2333 3635 2389 beatas
3668 2347 3781 2388 me-

2142 2425 2340 2482 moriae
2356 2424 2591 2481 Adriani
2610 2439 2770 2496 papae
2786 2422 3139 2480 sedicionem
3155 2425 3458 2478 moventes
3473 2421 3526 2476 in
3545 2419 3777 2492 populo,

2139 2514 2587 2570 concitaverunt
2613 2527 2744 2568 eum
2777 2511 3062 2568 adversus
3107 2525 3340 2582 papam.
3369 2510 3465 2580 (Α.
3505 2510 3686 2564 Laur.
3723 2513 3784 2564 et

2141 2604 2330 2672 EINR.)
2368 2602 2523 2658 Unde
2551 2602 2764 2658 factum
2796 2603 2906 2669 est,
2941 2603 3003 2656 ut
3035 2599 3090 2654 in
3129 2599 3342 2656 letania
3373 2599 3609 2668 majore,
3653 2611 3784 2654 eum

2143 2705 2529 2763 processurus
2551 2689 2622 2746 de
2643 2690 2712 2746 La
2723 2689 2963 2757 teranis,
2989 2688 3060 2744 ad
3081 2685 3408 2744 {ecclesiam
3431 2684 3618 2740 sancti
3647 2684 3788 2740 Lau-

2142 2779 2311 2835 rentii
2337 2795 2465 2850 quae
2488 2778 2560 2834 ad
2591 2775 2940 2834 Craticulam
2973 2781 3215 2832 vocatur
3237 2789 3387 2845 equo
3417 2773 3630 2829 sedens
3655 2787 3789 2844 per-

2138 2872 2324 2938 geret,
2359 2866 2602 2923 insidias
2635 2881 2664 2922 a
2703 2865 2976 2922 Romanis
3007 2863 3324 2936 dispositas
3346 2863 3512 2932 juxta
3541 2861 3789 2919 eandem

2139 2955 2464 3012 aecelesiam
2498 2954 2696 3010 incidit
2727 2953 3154 3024 ;.dejectusque
3186 2951 3256 3008 de
3287 2965 3460 3023 equo,
3502 2955 3562 3006 et
3591 2950 3790 3008 erutis

2139 3044 2327 3102 oculis
2349 3045 2503 3114 ejus,
2539 3046 2598 3100 ut
2624 3043 2732 3100 sibi
2765 3042 2950 3099 visum
2975 3046 3090 3112 est,
3115 3041 3429 3112 linguaque
3461 3043 3786 3112 amputata,

2140 3133 2330 3190 nudus
2365 3131 2432 3187 ad
2467 3131 2782 3188 semivivus
2813 3130 2868 3185 in
2906 3128 3090 3185 media
3123 3127 3316 3200 platea
3349 3127 3628 3184 dimissus
3657 3131 3778 3182 est.

2139 3220 2317 3290 (Man.
2351 3222 2544 3292 Sang.
2586 3220 2772 3289 1,26.)
2818 3216 3058 3285 Quidam
3110 3221 3302 3274 autem
3354 3215 3575 3285 dicunt,
3624 3214 3783 3286 quod

2140 3325 2312 3366 unum
2366 3293 2860 3365 tantum'oculum
2881 3306 2990 3363 sibi
3020 3308 3316 3376 eruerent,
3347 3303 3443 3362 alii
3471 3317 3616 3378 vero
3643 3317 3786 3360 neu-

2137 3404 2312 3467 trum,
2338 3397 2438 3453 sed
2465 3395 2820 3467 rasoriisper
2843 3394 3068 3450 medios
3085 3392 3291 3450 oculos
3312 3392 3656 3460 inciderent,
3673 3404 3784 3447 nec

2135 3492 2326 3543 tamen
2355 3486 2546 3542 visum
2595 3485 2918 3542 auferrent.
2960 3481 3144 3554 (Emu.
3197 3482 3292 3554 Α.)
3341 3479 3560 3536 Deinde
3603 3479 3781 3548 jussu

2135 3589 2358 3643 eorum,
2391 3573 2488 3643 qui
2531 3571 2703 3641 hujus
2741 3569 3018 3627 facinoris
3049 3573 3323 3626 auctores
3353 3570 3540 3635 erant,
3577 3565 3632 3621 in
3663 3580 3784 3622 mo-

2134 3663 2454 3720 nasterium
2483 3659 2668 3719 sancti
2720 3659 2979 3715 Herasmi
3027 3657 3300 3728 martyris
3353 3655 3590 3726 missus,
3623 3652 3784 3710 Albi-

2135 3749 2310 3808 ni‘m
2342 3749 2644 3822 cujusdam
2701 3745 3049 3805 cubicularii
3101 3745 3191 3802 sui
3247 3759 3384 3800 cura
3439 3745 3617 3812 noctu
3675 3755 3783 3814 per

2135 3855 2359 3898 murum
2393 3838 2702 3908 demissus,
2739 3850 2769 3892 a
2811 3834 3090 3906 Winigiso
3127 3835 3274 3890 duce
3321 3830 3646 3904 Spolitano,
3679 3830 3778 3901 qui

2135 3929 2336 3986 audito
2363 3925 2692 3999 hujusmodi
2715 3924 2972 3981 facinore
2995 3925 3228 3978 Romam
3255 3921 3504 3978 festinus
3531 3919 3782 3976 advene-

2136 4022 2246 4088 rat,
2281 4019 2591 4088 susceptus
2623 4029 2689 4071 ac
2711 4011 3006 4084 Spoletum
3032 4011 3320 4068 deductus
3348 4013 3457 4066 est.
3496 4007 3673 4078 Cujus
3693 4007 3808 4064 rei:

2135 4106 2406 4164 nuncium
2441 4105 2574 4160 dum
2607 4117 2710 4158 rex
2740 4101 3091 4172 accepisset,
3125 4099 3315 4172 ipsum
3348 4096 3580 4169 quidem
3614 4099 3681 4153 ut
3701 4095 3779 4152 vi-

2135 4196 2354 4253 carium
2386 4191 2570 4250 sancti
2593 4191 2748 4246 Petri
2793 4203 2922 4246 cum
2957 4201 3180 4244 summo
3211 4187 3430 4242 honore
3455 4183 3526 4240 ad
3557 4198 3623 4241 se
3651 4197 3782 4256 pre-

2135 4283 2292 4356 cepit
2322 4279 2552 4350 adduci,
2595 4279 2708 4334 iter
2739 4283 2928 4334 tamen
2974 4290 3162 4346 suum,
3196 4274 3351 4346 quod
3380 4274 3437 4330 in
3470 4273 3779 4330 Saxoniam

2139 4371 2533 4444 diSposucrat,
2550 4381 2664 4422 non
2686 4364 3018 4421 intermisit.
3037 4363 3246 4421 Habito
3268 4362 3466 4434 itaque
3487 4365 3780 4418 conventu

381 4443 629 4519 agravit.
655 4454 1051 4510 Transalbiani
1077 4455 1166 4489 “‘3
1183 4471 1321 4514 vero
1343 4458 1620 4529 superbia
1637 4458 1796 4530 elati,
1822 4443 2026 4518 contra
2057 4449 2110 4508 D
2141 4443 2314 4531 super
2330 4458 2590 4513 Rhenum
2624 4454 2677 4508 in
2712 4453 2839 4510 loco
2859 4453 2954 4524 qui
2979 4451 3198 4508 dicitur
3221 4449 3556 4522 Lippehein,
3586 4453 3782 4505 trans-

389 4537 710 4596 Abodritos
738 4543 860 4611 regi
887 4557 1116 4614 semper
1140 4543 1342 4601 ﬁdeles
1364 4561 1518 4602 arma
1543 4547 1897 4618 corripiunt;
1923 4551 2026 4606 sed

387 4626 505 4683 dux
535 4641 735 4684 eorum
785 4629 1081 4703 Thrasico,
1140 4633 1448 4691 commisso
1509 4650 1638 4691 cum
1669 4636 1755 4692 eis
1805 4637 2024 4709 przelio,

373 4717 526 4772 6000
556 4731 627 4772 ex
659 4719 744 4774 eis
769 4720 984 4776 occidit
1004 4720 1114 4792 ων,
1142 4721 1398 4794 reliquos
1418 4724 1674 4796 turpiter
1699 4727 1930 4796 fugatos
1963 4719 2027 4784 ιιι

379 4805 505 4875 regi
542 4820 606 4862 se
639 4807 1152 4880 dederenteoegit.
1189 4813 1261 4866 At
1290 4827 1388 4867 rex
1420 4813 1472 4868 in
1507 4814 1802 4870 Franciam
1835 4828 2028 4871 rever-

385 4908 509 4965 sus,
535 4896 633 4953 ubi
664 4897 731 4952 ad
761 4901 1120 4970 Aquasgrani
1145 4901 1324 4971 venit,
1351 4902 1556 4959 missos
1580 4906 1821 4974 Hyrena:
1850 4904 2027 4976 impe-

384 4985 624 5042 ratrieis
654 4986 725 5042 de
755 5001 896 5054 pace
924 4993 1164 5059 agentes
1193 4990 1451 5057 audivit;
1500 4991 1667 5060 cujus
1701 4991 1852 5049 ﬁlius
1883 4995 2025 5049 Con-

383 5073 684 5131 stantinus
711 5076 1418 5135 obinsolentianrmorum
1452 5092 1482 5134 a
1517 5080 1640 5136 suis
1667 5085 1895 5152 captus,
1929 5096 2026 5138 ex-

373 5165 648 5218 ccecatus
669 5167 782 5235 est,
803 5165 918 5236 vel,
934 5170 996 5222 ut
1019 5165 1252 5238 quidam
1275 5165 1474 5224 verius
1499 5167 1754 5224 fatentur
1771 5167 1870 5238 (H.
1893 5170 2020 5242 m.),

2141 4546 2394 4616 fretavit,
2421 4549 2481 4601 et
2503 4543 2571 4598 ad
2599 4542 3068 4598 Paderbrunnem
3093 4538 3181 4572 “5’
3202 4538 3463 4608 veniens,
3483 4536 3780 4609 pontiﬁcis

2138 4631 2540 4693 adventumibi
2565 4628 2946 4702 eXSpectavit.
2965 4627 3119 4684 Misit
3137 4631 3328 4683 autem
3354 4625 3579 4682 interea
3603 4627 3781 4681 Raro-

2135 4725 2250 4782 lum
2283 4721 2463 4778 ﬁlium
2507 4734 2675 4776 suum
2706 4717 2774 4774 ad
2810 4717 2998 4774 Albim
3029 4731 3158 4773 cum
3208 4713 3497 4781 exercitu,
3533 4719 3780 4786 propter

2137 4807 2786 4884 quaedamnegotiacum
2807 4803 3082 4860 Wilziset
3123 4802 3427 4860 Abodritis
3469 4801 3780 4874 disponen-

2135 4901 2290 4971 da,et
2305 4914 2434 4955 cum
2449 4897 2575 4967 ejus
2590 4894 2840 4951 reditum
2855 4889 3781 4964 expectavit,pontifexvenit,su-

2135 4991 2492 5060 sceptusquc
2515 4985 2587 5040 ab
2609 4999 2676 5040 eo
2699 4980 3039 5052 honoriﬁce,
3065 4979 3272 5035 mansit
3311 4979 3466 5052 apud
3486 4993 3618 5036 eum
3651 4977 3780 5034 dies

2133 5078 2378 5148 aliquot,
2395 5072 2794 5143 intimatisque
2818 5071 2938 5140 regi
2963 5069 3234 5126 omnibus
3252 5073 3497 5140 propter
3519 5081 3648 5138 quae
3678 5080 3782 5122 ve-

2133 5171 2320 5235 nerat,
2347 5179 2450 5237 per
2470 5162 2699 5234 legatos
2723 5159 2878 5229 regis
2897 5172 3028 5215 cum
3051 5156 3270 5214 honore
3293 5155 3576 5212 reductus
3598 5158 3780 5224 atque

1725 5299 1963 5356 VARIE
2005 5297 2405 5356 LECTIONES.

440 5395 684 5478 ⁸⁸⁸1,ῳο
717 5431 792 5478 -—_
805 5401 1224 5478 imperatorem
1251 5404 1324 5478 in
1346 5405 1466 5478 loco
1489 5411 1710 5478 rasopt.
1759 5404 1849 5478 ωε
1879 5405 2213 5478 optimabus
2243 5409 2301 5460 1.
2344 5401 2440 5478 ξω
2468 5399 2763 5478 ὴθῇῐιτίᾳιιξξ
2787 5397 2872 5478 1).
2893 5399 2960 5478 ﬁ.
2979 5399 3073 5478 ρο.
3115 5398 3208 5478 11.
3258 5391 3678 5478 “"exercitum
3694 5395 3770 5478 Δ1..

364 5467 716 5562 εξ-ηἱάειτξτ.
765 5471 870 5555 ,ωδ
894 5461 2193 5562 transalbapiani'tllgj';1t"occisitr,_li’ttem
2221 5489 2251 5532 s
2279 5473 2510 5532 adrasa
2539 5476 2596 5528 1.
2661 5469 2753 5504 ίίιο
2784 5471 2849 5526 C.
2890 5467 2930 5524 i.
2975 5466 3010 5523 1‘.
3041 5467 3110 5526 in
3142 5465 3262 5562 loco
3288 5478 3429 5524 raso
3457 5469 3515 5524 1.
3560 5461 3650 5499 ³³³³
3681 5463 3781 5520 Αι-

371 5540 492 5598 bini
525 5571 596 5584 --
627 5541 914 5602 demissus
945 5545 1162 5604 desunt
1187 5548 1258 5602 D.
1297 5549 1365 5604 E.
1415 5547 1506 5582 ¹¹⁸²
1535 5549 1601 5606 in
1633 5549 1752 5606 loco
1778 5560 1919 5606 raso
1938 5540 1974 5605 ’1
1995 5589 2008 5604 .
