3992 6062
137 136 256 201 865

1006 137 1448 201 CHRONICA.
1483 174 1559 185 -
1589 134 2067 200 CHRONICON
2115 138 2657 205 UNIVEHSALE.

3429 154 3548 215 866

138 274 197 329 in
225 271 417 347 locum
440 286 610 332 suum
640 278 731 331 est
761 272 1096 330 restitutus.
1119 304 1190 313 —
1212 272 1303 344 (A.
1326 274 1532 345 Law.)
1564 271 1777 329 Eodem
1809 271 1866 333 A
1896 277 2060 329 rator
2095 279 2154 330 et
2204 280 2491 346 angustus
2523 278 2850 350 appellatus
2878 284 3141 340 est.Post
3175 299 3393 356 paucos
3422 287 3546 345 dies

137 373 292 418 anno
307 363 547 433 Avares,
583 361 678 434 qui
708 367 766 418 et
799 362 968 432 Huni,
995 378 1024 418 a
1056 360 1166 418 ﬁde
1186 378 1356 433 quam
1390 362 1783 434 promiserant

139 449 502 521 defecerunt,
536 457 597 507 et
620 450 903 508 Geroldus
946 452 1338 507 Bawariorum
1366 452 1661 523 prefectus
1690 466 1791 523 pu-

137 551 325 609 gnans
352 540 488 595 cont
505 553 567 594 ra
598 553 717 608 eos,
750 538 805 593 in
839 537 1404 609 prmliointerl‘ectus
1426 543 1536 595 est.
1575 541 1596 562 '

285 629 309 651 '
351 627 414 681 Ι).
451 626 869 683 Ε.αιίτίπηιεόο
901 626 1314 696 quoinvisione
1346 660 1412 668 —
1468 628 1562 683 sit.
1616 640 1691 683 ea:
1719 627 1801 684 Si-

377 697 508 767 geb.
542 712 599 753 a.
625 701 755 752 800.

217 788 304 840 32.
342 786 748 857 (ΕΙΝΗ.Α.)Α.
806 786 875 841 D.
925 790 1048 842 800.
1098 786 1341 842 Karolus
1364 801 1463 843 rex
1508 789 1796 843 Turonum

143 886 591 945 pergenscausa
643 874 951 943 orationis,
1005 880 1269 931 moratus
1322 880 1416 931 est
1445 875 1522 930 ibi
1574 875 1795 946 aliquot

145 960 355 1017 diebus
390 966 629 1034 propter
645 962 953 1018 adversam
986 964 1366 1020 valitudinem
1400 964 1645 1020 dominae
1672 964 1797 1021 Lui-

147 1050 371 1120 tgarda:
392 1049 659 1120 conjugis
683 1065 824 1120 suae,
852 1056 1027 1121 quae?
1050 1052 1241 1108 Nonas
1268 1052 1423 1108 Junii
1455 1052 1669 1108 ibidem
1702 1051 1797 1107 de-

148 1138 349 1196 functa
377 1142 439 1193 et
461 1140 693 1195 humata
730 1144 843 1195 est.
864 1141 1058 1197 Mense
1080 1145 1272 1197 autem
1300 1143 1563 1210 Augusto
1603 1140 1797 1197 incho-

148 1230 307 1297 ante,
339 1226 768 1296 Mogontiacum
803 1228 1065 1298 veniens,
1124 1229 1237 1285 iter
1277 1229 1330 1284 in
1385 1230 1607 1285 Italiam
1662 1245 1798 1285 con-

146 1313 428 1384 dixit.(A.
453 1316 660 1388 laar.)
689 1318 790 1373 Cui
824 1318 1063 1374 Romam
1087 1318 1371 1388 tendenti,
1404 1318 1593 1389 pridie
1625 1333 1794 1389 quam

146 1403 358 1459 Urbem
393 1404 642 1461 intraret
664 1406 924 1462 occurrit
955 1406 1008 1462 ei
1042 1407 1152 1462 Leo
1182 1421 1329 1477 papa
1371 1407 1522 1478 apud
1554 1408 1796 1463 Nomen-

148 1497 273 1548 tum
304 1496 398 1547 120
429 1492 623 1565 lapide
654 1496 726 1550 ab
760 1496 933 1566 Urbe,
968 1496 1381 1568 prandensque
1412 1511 1542 1553 cum
1597 1511 1684 1567 eo,
1714 1496 1795 1552 di-

148 1581 308 1637 misit
340 1583 765 1640 eumibinocte
824 1584 944 1655 illa,
979 1590 1039 1641 et
1084 1586 1371 1657 precessit
1400 1600 1531 1641 eum
1581 1585 1651 1642 ad
1695 1588 1795 1642 Ur-

146 1667 398 1741 bem.(A.
424 1672 586 1727 Euan.
612 1678 670 1727 et
694 1673 853 1729 Laur
892 1675 910 1745 )
945 1675 1005 1729 In
1029 1673 1350 1730 crastinum
1391 1688 1531 1730 vero
1564 1674 1795 1729 ordina-

146 1758 227 1815 tis
256 1774 361 1830 per
391 1759 518 1817 loca
541 1774 800 1832 congrua
827 1762 1036 1834 turbis,
1072 1762 1193 1834 ipse
1224 1769 1389 1819 stans
1436 1763 1489 1818 in
1511 1763 1793 1832 gradibus

144 1863 278 1905 cum
301 1849 596 1922 episcopis
626 1856 685 1907 et
710 1850 891 1922 clero,
924 1852 1243 1909 honoriﬁce
1297 1850 1458 1908 illum
1510 1853 1791 1923 suscepit,

142 1937 496 2008 cunctisque
530 1938 939 2010 psallentibus,
964 1940 1020 1994 in
1054 1939 1367 2011 basylicam
1415 1940 1603 1997 sancti
1637 1940 1795 1996 Petri

144 2038 280 2081 eum
314 2026 667 2083 introduxit.
709 2030 881 2085 Facta
915 2034 1046 2086 sunt
1100 2036 1292 2107 autem
1316 2030 1440 2086 haec
1470 2028 1508 2083 8
1556 2028 1792 2085 Kalend.

144 2113 416 2169 Decemb.
439 2116 579 2171 Post
603 2122 827 2188 septem
846 2132 987 2174 vero
1011 2117 1137 2174 dies
1160 2132 1263 2173 rex
1278 2117 1551 2173 contione
1568 2122 1795 2187 vocata,

148 2201 421 2259 omnibus
449 2218 554 2260 cur
585 2205 839 2262 venisset
882 2206 1182 2277 patefemt,
1221 2206 1375 2261 inter
1409 2220 1537 2277 quas
1568 2206 1802 2277 potissi-

150 2303 307 2348 mum
320 2292 534 2348 eratde
557 2291 950 2351 discutiendis
974 2309 1102 2366 quae
1131 2294 1360 2364 objecta
1377 2301 1514 2351 sunt
1536 2293 1801 2366 pontiﬁci

147 2376 516 2436 criminibus.
553 2382 623 2436 Ut
645 2382 795 2437 enim
820 2397 881 2439 se
945 2383 1108 2454 quasi
1150 2382 1549 2439 absolutiores
1601 2382 1803 2439 redde-

149 2471 285 2522 rent
315 2467 441 2536 ejus
473 2469 947 2542 calumniatores,
1009 2471 1373 2528 mortiferum
1389 2472 1440 2527 ei
1463 2471 1683 2528 crimen
1704 2471 1804 2526 im-

149 2564 493 2627 posuerunt.
522 2558 677 2628 Rege
712 2567 904 2616 autem
953 2560 1023 2616 de
1084 2560 1193 2617 hoc
1263 2560 1615 2631 inquirente,
1670 2575 1801 2617 cum

149 2643 350 2700 nullus
376 2648 535 2701 esset
556 2647 818 2704 criminis
847 2649 1150 2719 probator,
1180 2648 1464 2720 pontifex,
1500 2652 1802 2719 assumpto

150 2732 638 2806 evangeliitextu,
674 2751 869 2793 coram
904 2750 1041 2807 rege
1072 2741 1130 2793 et
1163 2737 1315 2793 omni
1356 2736 1571 2809 populo
1612 2738 1806 2793 ambo-

152 2835 285 2877 nem
315 2824 677 2895 conscendit,
706 2826 1189 2897 asstantibusque
1220 2826 1678 2896 incusatoribus,
1725 2826 1807 2881 in-

151 2916 363 2967 vocato
385 2916 602 2969 sanctae
624 2914 925 2971 Trinitatis
960 2914 1211 2985 nomine,
1249 2914 1320 2972 ab
1348 2914 1600 2986 objectis
1624 2930 1687 2971 se
1710 2930 1807 2971 ex-

155 3000 451 3072 purgavit.

233 3089 544 3160 Hueusque
596 3090 916 3148 Romanum
968 3092 1275 3164 imperium
1335 3107 1364 3149 a
1446 3094 1833 3165 temporibus.

160 3176 527 3233 Constantini
551 3179 758 3249 Magni,
801 3179 1037 3237 Helenae
1071 3180 1196 3252 ﬁlii,
1223 3181 1376 3252 apud
1402 3181 1811 3238 Constantino-

159 3263 337 3335 polim
370 3264 426 3320 in
461 3266 771 3323 Grecorum
804 3267 1258 3341 imperatoribus
1293 3270 1527 3339 mansit,
1580 3284 1649 3326 ex
1700 3270 1809 3325 hoc

154 3366 283 3409 eam
306 3353 378 3408 ad
412 3367 579 3424 reges
613 3355 784 3412 immo
815 3356 887 3412 ad
910 3357 1301 3430 imperatores
1325 3359 1674 3416 Francorum
1707 3372 1811 3431 per

154 3440 429 3497 Karolum
464 3444 717 3500 transiit.
754 3443 845 3477 “‘3

230 3529 377 3585 Anni
490 3531 635 3586 Anni

156 3600 388 3672 imperii
500 3602 662 3672 regni

157 3671 376 3727 Karoli.
489 3671 639 3742 ejus.

238 3766 261 3814 1
482 3764 566 3816 33.
718 3765 881 3819 Anno
905 3762 1206 3819 dominica:
1240 3762 1657 3819 incarnationis
1685 3766 1809 3835 801,

160 3849 235 3904 ab
269 3848 420 3905 Urbe
442 3864 581 3907 vero
601 3852 838 3907 condita
864 3851 1170 3908 millesimo
1186 3851 1562 3919 552,!(arolus
1577 3853 1812 3922 Magnus

161 3952 265 3995 rex
295 3939 916 4012 Francorum,Pippini
950 3940 1103 4010 regis
1138 3939 1313 4009 ﬁlius,
1332 3942 1429 3995 73°
1460 3938 1549 3977 “5‘
1581 3940 1709 3997 loco
1741 3942 1812 3997 ab

159 4029 445 4098 Augusto,
477 4028 863 4085 Romanorum
897 4030 1218 4100 imperator
1266 4034 1650 4086 consecratus
1700 4035 1809 4101 est,

160 4130 315 4172 anno
339 4117 499 4186 regni
522 4117 608 4173 sui
634 4121 750 4188 33°,
774 4117 977 4187 sicque
1001 4117 1310 4188 imperavit
1334 4119 1503 4173 annis
1530 4118 1808 4187 14.(Emu.

163 4206 237 4262 Α.
262 4208 415 4262 -Λ.
443 4206 623 4263 Law.
655 4206 746 4277 —)
772 4208 910 4262 Cum
943 4206 1095 4261 enim
1147 4220 1252 4277 pro
1300 4206 1588 4262 calumnia
1639 4204 1811 4263 Leoni

168 4307 336 4366 papae
366 4294 590 4364 ingesta
614 4296 851 4350 Romam
876 4294 1102 4352 veniret
1142 4300 1202 4350 et
1232 4295 1426 4351 natale
1484 4295 1710 4352 Domini
1734 4295 1809 4350 ibi

162 4381 515 4451 celebraret,
541 4382 741 4455 inipsa
788 4383 880 4438 die
933 4382 1333 4440 sacratissima
1366 4384 1439 4439 ad
1497 4384 1808 4442 missarum

158 4469 441 4527 solemnia
475 4470 733 4541 veniens,
793 4471 927 4528 dum
975 4476 1109 4528 ante
1167 4472 1596 4530 confessionem
1650 4475 1808 4531 beati

158 4557 320 4614 Petri
368 4559 618 4630 apostoli
650 4560 722 4615 ab
771 4558 1036 4617 oratione
1059 4565 1353 4631 surgeret,
1396 4561 1573 4617 nichil
1620 4563 1812 4621 minus

160 4647 425 4719 speranti
474 4649 584 4704 Leo
617 4664 760 4720 papa
832 4663 1107 4705 coronam
1148 4649 1446 4720 imposuit,
1470 4655 1527 4706 et
1565 4651 1813 4723 impera-

158 4741 349 4791 torem
381 4737 697 4793 Romanum
724 4738 1149 4809 pronunciavit,
1185 4743 1246 4794 et
1271 4744 1525 4796 acuncto
1556 4742 1812 4797 Romano

162 4824 380 4897 populo
413 4825 791 4882 acclamatum
813 4831 904 4882 est
931 4846 943 4881 :
968 4828 1196 4884 Karolo
1223 4829 1477 4899 augusto
1499 4843 1539 4885 a
1575 4831 1696 4886 Deo
1725 4844 1814 4887 co-

157 4916 392 4985 ronato,
421 4928 637 4986 magno
658 4916 718 4971 ct
736 4914 988 4987 paciﬁca
1004 4916 1355 4987 imperatori
1387 4919 1808 4989 Romanorum,

157 5001 373 5061 vitaet
395 5002 668 5061 victoria.
707 5004 892 5075 (Eme.
926 5006 1033 5077 Α.)
1084 5006 1224 5060 Post
1255 5017 1400 5076 quas
1458 5004 1662 5062 laudes
1717 5022 1817 5063 uu-

159 5094 297 5148 ctus
346 5091 417 5147 ab
465 5091 809 5165 apostolico,
878 5097 934 5149 et
980 5093 1353 5164 antiquorum
1398 5108 1555 5151 more
1606 5095 1818 5167 princi-

161 5194 298 5251 pum
324 5180 395 5235 ab
424 5194 493 5237 co
524 5181 829 5254 adoratus,
862 5181 1058 5239 ablato
1088 5182 1321 5255 patricii
1353 5184 1602 5255 nomine,
1639 5184 1817 5257 impe-

1840 4339 1896 4401 D

1899 363 2096 418 habita
2123 366 2429 434 questione
2472 368 2543 424 de
2598 369 2951 428 adversariis
2985 386 3168 443 papae,
3226 376 3545 433 secundum

1902 451 2088 522 legem
2108 454 2418 510 Romanam
2452 462 2516 511 ut
2546 459 2868 528 majestatis
2892 460 2972 515 rei
3030 459 3404 518 decollationi
3453 465 3554 520 ad-

1899 540 2145 610 judicati
2179 547 2333 599 sunt.
2370 543 2482 599 Pro
2514 545 2727 616 quibus
2761 552 2949 603 tamen
2985 562 3132 620 papa
3191 550 3284 622 pio
3334 552 3545 609 affectu

1909 630 2267 697 intercessit;
2292 646 2421 687 nam
2454 637 2510 688 et
2552 634 2669 691 vita
2699 640 2754 691 et
2806 638 3195 695 membrorum
3237 639 3547 709 integritas

1907 719 2283 777 eisconcessa
2298 727 2410 791 est,
2436 728 2696 780 ceterum
2723 741 2826 795 pro
2844 726 3118 783 facinoris
3149 728 3548 798 magnitudine

1906 809 2081 865 exilio
2112 810 2404 882 deportati
2431 817 2585 868 sunt.
2610 813 2851 879 Quidam
2883 820 3077 871 autem
3112 816 3312 873 dicunt
3362 816 3542 887 (Man.
3612 847 3616 851 ι

1906 898 2095 969 Sang.
2135 915 2170 969 ι,
2200 902 2314 973 26,)
2339 901 2492 971 quod
2524 902 2595 957 de
2643 903 2963 972 majoribus
2990 919 3189 961 eorum
3232 920 3344 961 uno
3376 905 3469 963 die
3492 906 3546 961 iu

1910 986 2285 1044 Lateranensi
2317 987 2624 1061 ul“campo
2646 992 2895 1047 trecenti
2920 991 3192 1049 decollati
3218 995 3547 1051 sunt.lnno-

1908 1076 2156 1131 centiam
2180 1091 2319 1133 vero
2346 1078 2499 1133 beati
2521 1079 2728 1135 Leonis
2744 1094 2906 1151 papze
2931 1080 3006 1135 ita
3049 1082 3321 1139 Dominus
3343 1097 3550 1155 appro-

1908 1163 2086 1235 bavit,
2120 1169 2182 1220 ut
2203 1165 2487 1222 clariores
2531 1172 2726 1239 postea
2759 1169 2959 1225 oculos
2979 1169 3030 1225 ei
3055 1171 3355 1227 donaverit
3395 1189 3409 1238 ;
3442 1171 3541 1226 sed

1908 1252 1962 1306 in
1994 1253 2218 1322 signum
2250 1254 2488 1311 virtutis
2542 1254 2701 1312 illius
2749 1256 3142 1328 pulcherrima
3183 1259 3429 1316 cicatrix
3489 1258 3546 1316 in

1906 1342 2138 1397 modum
2173 1344 2500 1400 tenuissimi
2533 1344 2611 1399 ﬁli
2654 1347 2979 1403 turturinas
3010 1348 3165 1404 acies
3214 1349 3382 1404 niveo
3418 1364 3551 1405 can-

1907 1429 2048 1486 dore
2078 1429 2396 1488 decoravit.
2418 1432 2603 1501 (Emn.
2622 1436 2719 1505 Α.)
2742 1435 3039 1492 Ordinatis
3062 1436 3267 1493 deinde
3284 1438 3550 1495 Romana;

1909 1519 2073 1575 urbis
2104 1523 2163 1574 et
2192 1520 2502 1590 apostolici
2522 1523 2818 1594 totiusque
2847 1523 3029 1580 Italiae
3054 1540 3163 1580 non
3201 1530 3424 1581 tantum
3447 1540 3549 1596 pu-

1821 1628 1876 1688 B
1910 1606 2099 1678 blicis,
2128 1608 2231 1664 sed
2253 1610 2428 1665 etiam
2460 1611 2896 1669 aecclesiasticis
2934 1617 2990 1668 et
3040 1613 3288 1685 privatis
3346 1614 3544 1683 rebus,

1909 1696 2230 1768 imperator
2261 1702 2293 1753 8
2324 1698 2560 1755 Kalend.
2589 1701 2695 1756 Mai
2717 1703 2949 1757 Remam
2981 1716 3252 1770 egressus
3301 1707 3415 1757 est.
3452 1701 3553 1757 llic

1906 1790 1994 1842 est
2080 1802 2266 1844 annus
2349 1789 2511 1859 regni
2591 1790 2718 1861 ejus
2783 1794 2928 1861 33‘",
2982 1790 3211 1861 imperii
3256 1805 3395 1847 vero
3436 1790 3552 1861 pri-

1908 1892 2055 1934 mus.

1976 1987 2027 2038 2.
2062 1985 2147 2039 34.
2219 1984 2308 2054 (A.
2344 1986 2506 2042 Emu.
2572 1992 2629 2041 et
2679 1988 2885 2056 Law.)
2917 1989 2986 2042 A.
3030 1989 3088 2041 Ι).
3154 1989 3276 2055 802,
3328 1989 3555 2057 Hyrene

1910 2072 2252 2143 imperatrix
2274 2074 2345 2129 de
2369 2075 2873 2145 Constantinopoli
2901 2075 3059 2129 misit
3108 2074 3361 2145 legatum
3386 2091 3553 2134 suum

1912 2161 2143 2217 nomine
2176 2162 2417 2217 Leonem
2441 2164 2513 2218 ad
2544 2164 2955 2233 imperatorem
2982 2161 3253 2219 Karolum
3309 2163 3380 2220 de
3414 2178 3554 2237 pace

1914 2248 2190 2305 ﬁrmanda
2216 2250 2368 2306 inter
2396 2252 2646 2306 Francos
2676 2255 2733 2306 et
2764 2252 2997 2321 Grecos,
3023 2255 3080 2305 et
3115 2251 3435 2322 imperator
3475 2252 3557 2309 vi-

1912 2337 2108 2393 cissim
2125 2338 2453 2394 misitJesse
2467 2339 2805 2409 episcopum
2824 2338 3261 2394 Ambianensem
3280 2345 3336 2395 et
3367 2339 3555 2396 Helm-

1911 2425 2165 2493 gaudum
2225 2425 2498 2481 comitem
2558 2423 3119 2496 ConstantinOpolim
3191 2440 3294 2496 pro
3348 2426 3549 2482 eadem

1914 2528 2108 2584 causa,
2185 2519 2244 2569 et
2324 2519 2387 2570 ut
2459 2513 2822 2585 postularent
2908 2516 3172 2584 Myrenen
3229 2514 3557 2585 imperatri-

1914 2616 2040 2659 cem
2068 2602 2307 2674 (H.m.),
2331 2602 2863 2672 utillijungeretur
2899 2602 2953 2657 in
2984 2603 3271 2671 conjugio.
3329 2602 3464 2668 Quae
3501 2604 3557 2659 in

1916 2691 2026 2747 hoc
2085 2692 2507 2750 consensisset.
2561 2691 2610 2745 si
2660 2705 2770 2745 non
2823 2690 3031 2747 Accius
3082 2691 3366 2762 patricius
3415 2691 3565 2747 inbi-

1919 2780 2169 2851 buisset,
2197 2780 2503 2851 prevalens
2534 2785 2593 2834 et
2625 2779 2930 2851 imperium
2980 2784 3035 2834 in
3097 2780 3334 2835 fratrem
3392 2794 3561 2836 suum

1919 2869 2651 2941 Nicephorumtransferre
2680 2872 2977 2937 satagens.
3026 2870 3165 2924 Nam
3205 2883 3334 2925 cum
3376 2868 3564 2926 adhuc

1841 2982 1893 3046 α
1921 2960 1977 3013 in
2012 2958 2156 3013 urbe
2184 2961 2375 3014 essent
2412 2956 2585 3026 legati
2612 2954 2824 3046 Karoli,
2849 2955 3214 3046 Nicephorus
3258 2957 3562 3046 imperium

1923 3047 2154 3116 invasit,
2209 3050 2267 3101 et
2333 3047 2598 3115 llyrenen
2648 3045 2701 3099 in
2731 3044 3162 3115 monasterium,
3216 3046 3371 3116 quod
3438 3045 3565 3116 ipsa

1921 3133 2249 3191 construxit
2279 3133 2335 3188 in
2367 3133 2556 3188 insula
2582 3133 2848 3203 quadam,
2885 3131 3190 3202 relegavit.

1995 3228 2052 3279 3.
2087 3227 2179 3278 3:5.
2204 3224 2389 3294 (Emit.
2426 3223 2520 3295 A.)
2556 3224 2617 3277 A.
2654 3223 2716 3277 D.
2756 3225 2878 3277 803.
2934 3222 3311 3293 Imperatoris
3370 3222 3568 3279 Karoli

1923 3313 2098 3383 legati
2132 3312 2203 3367 de
2236 3311 2735 3382 Constantinopoti
2769 3311 2987 3367 reversi
3021 3316 3176 3380 sunt,
3200 3314 3259 3367 et
3281 3318 3570 3370 venerunt

1920 3417 2052 3458 cum
2085 3402 2171 3457 eis
2200 3400 2563 3472 apocrisiarii
2613 3400 2939 3472 Nicephori,
2989 3401 3085 3470 qui
3120 3404 3257 3456 tunc
3314 3414 3435 3456 rem
3466 3416 3571 3473 pu-

1927 3489 2135 3546 blicam
2170 3489 2323 3561 apud
2376 3503 2479 3544 eos
2540 3491 2803 3559 regebat,
2840 3488 3117 3544 Michahci
3166 3489 3480 3561 episcopus
3508 3496 3569 3547 et

1927 3580 2140 3635 Petrus
2156 3580 2337 3635 abbas
2359 3583 2419 3633 et
2443 3577 2697 3634 Calistus
2712 3577 3191 3648 candidatus,qui
3218 3578 3571 3635 invenerunt

1927 3669 2341 3740 imperatorem
2374 3667 2428 3722 in
2482 3667 2785 3724 Germania
2831 3682 3006 3739 super
3062 3666 3298 3723 ﬂuvium
3353 3666 3482 3724 Sala
3512 3668 3568 3724 in

1926 3755 2055 3813 loco
2086 3757 2183 3827 qui
2218 3756 2433 3812 dicitur
2455 3756 2605 3825 Salz,
2643 3761 2701 3811 et
2725 3760 2959 3827 pactum
2986 3756 3263 3813 faciendae
3328 3756 3489 3828 pacis
3511 3757 3570 3815 in

1926 3846 2148 3917 scripto
2181 3849 2588 3917 susceperunt,
2615 3845 2865 3916 indeque
2888 3859 3017 3901 cum
3040 3844 3294 3915 epistola
3322 3846 3571 3918 impera-

1928 3935 2075 3990 toris
2099 3936 2336 3989 Romam
2368 3932 2635 4003 ingressi,
2671 3932 2898 3989 domum
2930 3937 3064 3991 sunt
3101 3934 3349 3991 reversi.

1996 4025 2046 4077 4.
2083 4026 2167 4077 36.
2196 4025 2258 4076 Α.
2294 4022 2354 4075 Ι).
2391 4023 2513 4076 804.
2550 4025 2564 4039 '
2590 4022 2913 4092 Imperator
2961 4022 3305 4092 Aquisgrani
3353 4022 3566 4080 hiema—

1925 4112 2029 4181 vit,
2055 4114 2261 4168 o'estate
2288 4113 2478 4166 autem
2504 4108 2678 4166 ducto
2704 4110 2968 4166 exercitu
2993 4111 3049 4165 in
3082 4110 3410 4183 Saxoniam,
3445 4126 3563 4169 om-

1927 4214 2027 4256 nes
2058 4199 2341 4271 quitrans
2358 4196 2580 4253 Albiam
2603 4198 2945 4254 habitabant
2979 4201 3235 4256 Saxones
3277 4215 3408 4257 cum
3447 4215 3568 4258 mu-

1927 4287 2169 4345 lieribus
2200 4293 2260 4343 et
2292 4286 2611 4343 infantibus
2644 4286 2943 4343 transtulit
2976 4288 3033 4345 in
3048 4288 3365 4362 Franciam,
3383 4294 3443 4348 et
3466 4304 3564 4364 pa-

1926 4392 2033 4448 gos
2054 4374 2501 4433 Transalbianos
2529 4374 2828 4434 Abodritis
2853 4376 3033 4436 dedit.
3067 4410 3136 4420 —
3186 4380 3401 4437 Eodem
3429 4385 3567 4437 tem-

1928 4481 2069 4541 pore
2094 4466 2427 4524 Gotet‘ridus
2458 4482 2558 4523 rex
2581 4468 2870 4526 Danorum
2922 4468 3079 4527 venit
3108 4484 3240 4527 cum
3290 4465 3478 4527 classe
3507 4474 3569 4526 et

1926 4557 2079 4614 omni
2119 4557 2386 4628 equitatu
2436 4571 2540 4613 suo
2594 4557 2666 4613 ad
2718 4558 2909 4615 locum
2960 4558 3058 4629 qui
3116 4556 3333 4615 dicitur
3392 4558 3571 4615 Sclie-

1927 4648 2143 4719 sdorph
2175 4645 2265 4679 “5°
2288 4646 2343 4701 in
2374 4646 2626 4703 conﬁnio
2650 4648 2810 4718 regni
2842 4649 2932 4705 sui
2958 4654 3014 4704 et
3039 4648 3305 4705 Saxoniaa
3328 4665 3342 4714 ;
3360 4648 3570 4719 promi-

1927 4736 2169 4793 sitenim
2194 4750 2256 4791 se
2278 4736 2347 4791 ad
2403 4735 2757 4807 colloquium
2812 4736 3187 4807 imperatoris
3233 4740 3573 4806 venturum,

1928 4826 2028 4883 sed
2056 4824 2302 4883 consilio
2326 4840 2559 4881 suorum
2584 4826 2849 4896 territus,
2884 4824 3127 4896 propius
3151 4838 3262 4880 non
3292 4824 3568 4895 accessit,

1928 4915 2033 4971 sed
2065 4915 2341 4986 quicquid
2372 4913 2675 4986 voluitper
2698 4914 2924 4983 legatos
2951 4912 3286 4978 mandavit;
3318 4927 3447 4967 nam
3472 4913 3547 4969 im

1928 5009 2167 5076 perator
2199 5019 2377 5075 super
2411 5003 2597 5060 Albim
2627 5003 2863 5059 ﬂuvium
2886 5001 3126 5059 sedebat
3156 5002 3212 5058 in
3259 5000 3389 5058 loco
3438 4999 3574 5058 Hol-

1930 5093 2188 5151 dunsteti
2220 5092 2377 5150 dicto
2408 5094 2503 5164 (cf.
2537 5096 2606 5152 Α.
2646 5094 2828 5149 Law.
2853 5094 2911 5147 et
2933 5091 3097 5147 Eme.
3131 5094 3228 5163 Λ.)
3256 5122 3327 5133 --
3357 5089 3570 5149 Eadem

1931 5197 2164 5257 quoque
2193 5185 2402 5242 estate
2431 5181 2719 5254 perlatum
2750 5184 2840 5237 est
2870 5179 2941 5236 ad
2981 5180 3418 5251 imperatorem,
3451 5195 3563 5240 san

1518 5301 1764 5360 VARUE
1804 5304 2208 5365 LECTIONES.

230 5389 326 5427 “"
351 5394 453 5472 Et.
508 5394 1411 5472 agditfabramglncipitliber
1443 5407 1709 5472 quartus.
1733 5402 1823 5440 ³³⁸⁸
1881 5404 2087 5465 LXVII.
2141 5402 2212 5457 Ι).
2243 5401 2311 5458 Ε.
2370 5394 2459 5431 ί¹³⁸
2515 5393 2793 5453 lateransi
2854 5400 2902 5452 l.
2956 5393 3047 5428 1‘“
3095 5392 3189 5453 vel
3241 5393 3571 5454 Slieswich-

156 5466 227 5524 in
250 5465 530 5541 margine
548 5466 645 5523 Et.
680 5466 1018 5527 Sclieswich
1056 5470 1124 5527 in
1151 5465 1320 5531 leam
1347 5471 1445 5530 ΕΩ.
