3992 6034
382 78 499 140 86Ἷ

1540 55 2020 117 EKKEHARDI
2068 54 2623 118 URAUGITNSIS

3677 63 3801 123 868

387 210 621 282 guinem
652 203 877 262 Domini
907 202 959 257 in
976 200 1204 255 Mantua
1234 192 1475 251 civitale
1499 193 1680 247 fuisse
1704 194 2025 261 repertum,
2065 191 2113 248 Α
2148 190 2443 246 civitatem
2476 191 2728 261 obsedit,
2764 190 2867 246 sed
2902 206 3012 246 non
3047 191 3244 248 valens
3274 207 3400 249 eam
3457 208 3690 266 capere,
3712 195 3800 250 di-

388 278 665 368 misitque
696 293 767 350 ad
797 305 1021 364 papam,
1057 287 1313 356 uthujus
1348 284 1508 337 famae
1555 280 1860 335 veritatem
1907 278 2032 368 per-

391 366 668 460 quireret.
704 382 810 449 Qui
840 383 1010 435 nacta
1040 376 1347 432 occasione
1405 369 1679 438 exeundi,
1733 368 1918 460 primo
1976 366 2029 420 in

391 454 865 545 Longobardiam,
891 466 1055 537 quasi
1088 459 1592 536 preinquisitiene
1613 454 1872 545 prcdicta
1904 470 2033 545 pre-

393 544 601 633 fectus,
633 557 1004 629 est,indeqae
1042 552 1238 609 subito
1272 552 1510 633 arrepto
1560 545 1769 600 itinere
1802 544 1871 597 ad
1935 544 2035 633 iui-

394 628 743 727 peraterem,
779 643 1073 701 mandavit
1106 641 1156 695 ei
1189 638 1376 693 medio
1404 628 1753 699 Novembre,
1798 648 1861 688 se
1885 632 2033 688 velle

392 722 586 799 natale
618 736 840 794 Domini
874 747 1001 790 cum
1036 745 1103 786 eo
1131 727 1457 783 celebrare.
1483 723 1587 790 Qui
1623 722 1816 778 statim
1855 722 2034 777 misso

394 830 512 887 ﬁlio
545 844 651 886 suo
685 825 889 881 Karele
922 820 991 876 ad
1017 821 1293 873 Sanctum
1322 813 1676 881 Mani-icium,
1713 812 2034 867 honoriﬁce

392 935 520 976 eum
551 916 852 984 suscipere
895 909 1090 981 jussit,
1156 906 1392 975 ipseque
1426 902 1652 958 obviam
1714 900 1793 954 illi
1826 902 2035 954 Remos

393 1021 662 1081 pergens,
693 1002 844 1074 apud
901 996 1257 1053 Carisiacum
1303 993 1495 1047 villam
1568 990 1759 1046 natale
1810 988 2034 1043 Domini

392 1078 737 1160 celebravit,
774 1088 982 1146 deinde
1009 1081 1370 1155 Aquasgrani
1394 1080 1687 1151 perduxit,
1734 1078 2036 1133 donatum-

392 1200 503 1258 que
536 1181 758 1252 magnis
807 1175 1146 1232 muneribus
1200 1187 1301 1243 per
1360 1169 1675 1239 ltajeariam
1722 1167 2034 1257 irevelcn-

389 1279 528 1344 tem,
556 1269 764 1329 deduci
799 1267 931 1322 fecit
968 1278 1149 1334 usque
1182 1263 1531 1317 Ravennam.

532 1384 552 1403 '
587 1380 643 1435 C.
669 1374 884 1433 addit:
920 1370 1163 1427 Karolus
1196 1384 1301 1439 per
1330 1382 1496 1439 omne
1535 1364 1834 1439 imperium
1862 1363 2037 1439 justi-

602 1450 725 1504 cias
760 1445 896 1501 facit
927 1448 984 1498 ct
1043 1436 1209 1509 legis‘
1245 1437 1502 1510 capitula
1548 1438 1619 1493 29
1656 1436 1935 1505 instituit,
1960 1449 2035 1490 ea;

600 1516 800 1590 Sigeb.
832 1530 887 1572 α.
920 1517 1048 1571 802.

460 1617 509 1668 δ.
544 1614 631 1665 37.
665 1608 849 1678 (Εικη.
878 1605 941 1659 Α.
974 1636 1013 1643 υ
1051 1601 1122 1655 cf.
1154 1602 1222 1653 A.
1268 1598 1467 1668 law.)
1499 1597 1563 1652 A.
1622 1597 1681 1649 D.
1740 1600 1862 1651 805.
1926 1597 2031 1649 Im-

388 1702 626 1773 perator
658 1694 813 1750 misit
848 1691 1022 1746 ﬁlium
1055 1704 1219 1744 suum
1267 1686 1534 1741 Karelum
1558 1700 1709 1753 lcum
1763 1685 2027 1739 exercitu

383 1792 441 1845 in
465 1786 775 1851 Poemiam,
802 1781 919 1851 qui,
948 1776 1323 1849 dcpepulatis
1354 1775 1641 1843 omnibus,
1675 1774 1878 1829 ducem
1916 1780 2029 1827 ter-

386 1893 463 1935 rae
488 1875 647 1931 illius
687 1871 917 1927 nomine
970 1868 1284 1922 Leebenem
1345 1863 1579 1931 occidit,
1631 1863 1878 1932 indeque
1942 1878 2028 1916 re-

384 1978 624 2037 gressus
656 1960 725 2016 ad
760 1963 1007 2031 patrem,
1028 1956 1081 2009 in
1109 1956 1335 2022 Vosego
1359 1953 1502 2008 silva
1528 1953 1759 2007 venatui
1796 1950 2030 2008 studen-

385 2058 501 2109 tem
535 2048 773 2108 invenit.

453 2142 505 2197 6.
542 2142 626 2195 38.
664 2133 1060 2209 (EINH.A.)A.
1118 2132 1187 2185 D.
1245 2134 1366 2184 800.
1427 2130 1769 2198 Imperator,
1829 2127 2027 2183 habite

385 2233 693 2293 conventu,
731 2224 856 2279 iniit
883 2220 1188 2277 consilium
1215 2234 1344 2274 cum
1382 2216 1733 2287 primoribus
1789 2218 2029 2271 France-

382 2333 506 2375 rum
534 2316 604 2372 de
634 2327 777 2386 pace
846 2307 1256 2366 constituenda
1288 2311 1342 2361 et
1376 2304 1791 2371 conservanda,
1853 2308 1912 2358 ct
1956 2304 2025 2358 dc

383 2405 666 2464 divisione
712 2400 875 2470 regni
909 2397 1166 2453 facienda
1202 2395 1353 2449 inter
1411 2394 1561 2449 ﬁlios
1622 2409 1758 2449 suos
1808 2394 1860 2447 in
1905 2398 2026 2447 tres

384 2499 602 2571 partes,
624 2490 880 2549 utsciret
907 2486 1307 2555 unusquisque
1325 2483 1573 2553 illorum,
1603 2497 1769 2553 quam
1795 2487 2022 2552 partem

380 2584 534 2643 tueri
558 2587 616 2638 et
648 2594 849 2649 regere
880 2574 1195 2643 deberet,si
1230 2573 1331 2626 tibi
1376 2581 1676 2642 supers‘es
1700 2570 2019 2626 devcniret.

379 2674 458 2731 De
488 2667 924 2740 hacpartitione
951 2666 1364 2719 testamentum
1396 2665 1485 2715 est
1521 2662 1736 2715 factum
1788 2664 1845 2714 et
1868 2659 2023 2728 jure-

373 2759 625 2832 jurando
645 2758 716 2812 ab
748 2752 1127 2826 optimatibus
1152 2749 1575 2805 conﬁrmatum.

448 2855 507 2905 7.
542 2850 628 2902 39.
659 2845 810 2900 A.D.
844 2846 971 2900 807.
1038 2839 1233 2907 Legati
1292 2838 1447 2907 regis
1504 2839 1809 2892 Persarum
1853 2852 2023 2891 vene-

381 2942 518 2995 runt
539 2936 611 2993 ad
644 2936 1075 3006 imperatorem,
1112 2928 1444 2983 dcferentes
1476 2926 1527 2981 ci
1571 2941 1826 3006 munera,
1863 2926 2022 2997 pani-

377 3027 588 3085 lionem
619 3028 676 3081 et
708 3024 821 3077 tria
850 3019 1126 3083 tentoria,
1153 3017 1314 3073 varie
1376 3014 1571 3070 colore
1632 3017 1797 3083 facta,
1859 3016 2019 3071 mine

376 3114 794 3189 magnitudinis
817 3117 873 3166 et
907 3106 1380 3182 pulchritudinis,
1416 3105 1602 3161 omnia
1639 3105 1873 3171 bissina,
1905 3111 2017 3160 tam

376 3205 633 3264 tentoria
666 3216 834 3273 quam
871 3201 1037 3255 funes
1060 3211 1281 3252 eorum.
1316 3196 1589 3249 I’reterea
1614 3193 1783 3264 pallia
1833 3195 2016 3250 serica

377 3295 559 3353 multa
587 3298 646 3349 et
678 3289 941 3362 prceiosa
992 3290 1166 3355 atque
1228 3286 1519 3350 unguenta
1563 3286 1619 3337 ct
1673 3282 2013 3353 balsamum,

377 3398 482 3442 nec
516 3394 628 3438 non
652 3384 709 3436 et
740 3375 1184 3443 horologiumex
1211 3370 1502 3427 auricalco
1535 3374 1660 3425 arte
1684 3371 2015 3427 mechanica

377 3472 622 3530 miriﬁce
655 3466 1060 3538 compositum,
1098 3463 1149 3516 in
1177 3475 1289 3531 quo
1314 3464 1377 3514 1‘2
1409 3461 1680 3515 horarum
1723 3461 2017 3517 cursusad

374 3560 726 3635 clepsidram
752 3555 1113 3621 vertebatur,
1137 3566 1264 3606 cum
1296 3548 1538 3605 totidem
1564 3552 1735 3606 aereis
1776 3550 2014 3621 pillulis,

378 3664 506 3723 quae
543 3648 613 3704 ad
646 3641 1091 3714 completienem
1114 3638 1390 3692 horarum
1425 3635 1771 3691 decidebant
1796 3642 1852 3692 et
1878 3652 2016 3694 casu

375 3755 483 3797 suo
526 3735 853 3805 subjectum
899 3729 1007 3785 sibi
1041 3726 1363 3797 cymbalum
1425 3724 1640 3780 tinnire
1705 3726 2013 3796 faciebant,

377 3826 596 3887 additis
629 3825 682 3879 in
699 3821 902 3877 eodem
918 3816 1178 3886 ejusdem
1203 3814 1756 3884 nnim-ricquitibus,
1796 3816 1888 3884 qui
1916 3830 2018 3886 per

375 3923 443 3976 12
474 3917 759 3972 fenestras
790 3904 1100 3978 completis
1133 3903 1293 3959 heris
1345 3903 1604 3973 exibant,
1648 3909 1705 3958 et
1762 3904 2012 3975 impulsu

374 4001 727 4078 egressionis
748 4012 867 4055 suae
898 3994 1141 4051 totidem
1179 3994 1483 4061 fenestras,
1508 4006 1634 4061 quin
1673 3995 1836 4062 prius
1851 3998 2018 4048 erant

377 4088 997 4169 apertaa,claudebant.
1024 4083 1147 4138 Alia
1174 4096 1405 4152 quoque
1421 4080 1598 4135 multa
1613 4087 1780 4135 erant
1814 4081 1864 4135 in
1892 4082 2017 4153 ipse

371 4182 698 4252 horologio,
735 4192 861 4248 quae
892 4186 1234 4231 enumerare
1265 4170 1499 4238 longum
1523 4174 1630 4225 est.

2149 279 2323 334 missa
2358 279 2681 350 obsidione,
2719 280 2773 334 in
2805 279 3174 350 Aquitaniam
3206 296 3268 337 se
3301 282 3545 353 recepit.

2222 372 2301 422 10.
2338 371 2513 423 4211,
2574 370 2632 421 D.
2695 372 2819 423 810.
2884 367 3164 438 Pippinus
3222 384 3324 425 rex
3383 370 3588 440 Italiae,
3643 370 3802 427 ﬁlius

2147 455 2538 526 imperatoris,
2566 456 2805 525 perﬁdia
2823 456 3032 511 ducum
3054 458 3464 513 Veneticorum
3481 458 3786 529 incitatus,

2147 547 2260 599 Ven
2304 545 2440 599 tiam
2474 544 2629 600 bello
2654 550 2809 600 terra
2829 546 3088 614 marique
3113 546 3294 614 jussit
3318 553 3617 617 appetere,
3661 548 3800 603 sub-

2142 633 2412 702 jectaquc
2444 634 2705 694 Venetia.
2740 634 2921 689 duces
2942 633 3141 702 ejusin
3171 633 3525 689 deditionem
3541 634 3793 705 accepit.

2147 724 2468 792 imperator
2493 726 2684 778 autem
2710 723 2897 778 adhuc
2932 723 3278 792 Aquisgrani
3307 737 3486 791 agens
3505 728 3792 778 etcontra

2148 811 2505 865 Cetel‘ridum
2524 826 2715 879 regem
2739 810 3170 881 expeditionem
3190 810 3497 877 meditans,
3516 812 3793 867 nuncium

2148 900 2393 969 accepit,
2414 898 2661 954 classem
2687 899 3070 955 ducentarum
3088 899 3316 954 navium
3351 900 3421 955 de
3442 899 3793 955 Normannia

2148 987 2401 1043 Fresiam
2434 988 3020 1060 appulissetetasquc
3045 988 3314 1043 Fresiaco
3341 987 3496 1042 litori
3531 987 3798 1057 adjacen-

2149 1079 2237 1130 tes
2268 1076 2491 1132 insulas
2546 1081 2827 1145 vastasse,
2876 1076 3110 1145 jamque
3165 1076 3488 1131 exercitum
3550 1075 3793 1131 illumin

2147 1165 2644 1220 centinenliterra
2664 1180 2814 1221 esse.
2844 1164 3565 1234 Quicongregatisquanta
3600 1164 3794 1235 potuit

2147 1254 2453 1309 celeritate
2502 1254 2704 1324 copiis,
2740 1253 3034 1321 ercgione
3081 1253 3406 1321 contendit,
3465 1252 3796 1324 positisque

2141 1342 2305 1410 juxta
2344 1342 2619 1397 Wisaram
2671 1342 2902 1411 castris,
2948 1341 3228 1396 minarum
3259 1340 3795 1412 Gotefridipresto-

2146 1428 2300 1485 latur
2328 1435 2616 1487 eventum.
2637 1432 2771 1485 Nam
2793 1445 2897 1485 rex
2920 1429 3017 1485 illc
3032 1431 3325 1501 superbus
3362 1428 3673 1485 vanissma
3688 1442 3795 1500 spe

2145 1518 2407 1575 victoria:
2443 1518 2832 1589 inﬁatus,cum
2858 1519 3213 1588 imperatore
3234 1534 3295 1573 se
3323 1517 3597 1587 congredi
3640 1515 3797 1573 velle

2110 1603 2541 1675 ‘jactabat.Scd
2574 1609 2709 1664 dum
2733 1609 3051 1678 imperator
3074 1608 3290 1663 stativa
3306 1612 3500 1665 castra
3524 1606 3792 1677 haberet,

2142 1696 2505 1752 diversarum
2525 1712 2716 1752 rerum
2733 1697 2925 1752 nuncii
2953 1696 3023 1752 ad
3053 1711 3181 1752 cum
3206 1702 3517 1765 venerunt,
3539 1696 3793 1753 classem

2142 1785 2371 1841 scilicet
2427 1786 2747 1857 predictam
2808 1786 2986 1841 fuisse
3047 1800 3394 1855 regressam,
3430 1785 3793 1842 Getefridum

2141 1892 2333 1944 regem
2358 1892 2385 1931 a
2422 1877 2668 1945 quodam
2695 1875 2955 1932 satellite
3005 1890 3131 1945 suo,
3169 1876 3314 1946 sive,
3342 1881 3404 1932 ut
3440 1874 3673 1944 quidam
3707 1875 3795 1931 di-

2138 1970 2275 2021 cunt
2303 1965 2769 2035 (Man.6'a7zg.rl,
2812 1970 2916 2035 l3),
2951 1980 2980 2019 a
3016 1965 3133 2020 ﬁlio
3157 1965 3417 2035 proprie,
3473 1963 3642 2032 cujus
3675 1978 3796 2020 ma-

2138 2059 2308 2123 trem,
2337 2068 2522 2125 nuper
2552 2054 2663 2109 alia
2693 2053 2937 2123 conjuge
2970 2052 3169 2123 ducta,
3229 2053 3553 2119 dimiserat,
3611 2053 3794 2107 inter-

2142 2144 2373 2213 fectum,
2409 2142 2712 2199 castellum
2738 2143 3051 2211 Hehcburi,
3091 2141 3273 2198 Albia:
3309 2141 3530 2197 ﬂumini
3561 2142 3793 2213 apposi-

2141 2237 2281 2301 tum,
2319 2233 2374 2286 in
2410 2248 2524 2302 quo
2550 2232 2701 2287 Oute
2733 2231 2963 2300 legatus
2988 2231 3365 2302 imperatoris
3418 2236 3476 2286 et
3534 2230 3792 2285 orienta-

2139 2321 2277 2377 lium
2304 2323 2591 2377 Saxonum
2612 2330 2740 2376 erat
2761 2320 3055 2391 presidiis,
3079 2337 3108 2376 a
3132 2320 3334 2375 \Vilcis
3364 2325 3595 2390 captum
3619 2319 3788 2388 (Eme

2137 2412 2254 2481 Δ),
2289 2419 2345 2464 et
2398 2410 2702 2481 Pippinum
2730 2409 2906 2465 ﬁlium
2943 2410 3070 2479 ejus
3104 2423 3299 2479 regem
3357 2408 3537 2464 Italia:
3567 2412 3599 2463 8
3651 2409 3790 2466 ldus

2136 2500 2269 2555 Julii
2306 2500 2662 2555 defunctum.
2699 2498 3179 2568 Quibusauditis,
3209 2498 3492 2569 disposita
3519 2512 3621 2570 pro
3643 2500 3791 2553 tem-

2139 2589 2299 2660 poris
2328 2588 2667 2644 conditione
2692 2588 2935 2643 Saxonia
2960 2587 3191 2643 domum
3224 2588 3562 2643 revertitur.
3595 2617 3668 2627 —
3705 2587 3789 2642 Eo

2138 2690 2286 2731 anno
2320 2677 2406 2731 sel
2438 2682 2496 2731 et
2528 2676 2660 2731 luna
2696 2677 2785 2731 bis
2808 2676 3172 2743 defecerunt,
3205 2677 3295 2732 sol
3317 2682 3350 2732 7
3375 2676 3510 2733 ldus
3529 2676 3684 2731 Junii
3726 2681 3791 2730 et

2135 2752 2167 2801 2
2192 2748 2713 2803 Kalcnd.Dccemb.
2740 2747 2871 2802 luna
2908 2753 2965 2801 11
2998 2748 3235 2817 Kalend,
3290 2746 3426 2803 Julii
3478 2754 3536 2802 ct
3584 2751 3647 2802 18
3682 2748 3792 2801 Ka-

2138 2837 2270 2891 lend
2321 2837 2599 2892 Januarii.
2644 2868 2711 2876 —
2764 2836 3161 2907 Ruelhdruth,
3218 2836 3333 2891 ﬁlia
3412 2836 3791 2908 imperatoris

2137 2927 2319 2995 major
2348 2935 2508 2993 natu,
2534 2932 2566 2982 8
2600 2925 2733 2980 ldus
2763 2926 2915 2981 Junii
2974 2926 3137 2981 obiit.
3195 2957 3268 2966 —
3309 2925 3604 2981 Gotefrido
3647 2939 3790 2995 rege

2131 3016 2421 3070 Danerum
2483 3018 2734 3085 mortuo,
2816 3016 3186 3085 llemmingus
3237 3014 3349 3083 “‘7,
3420 3016 3620 3071 fratris
3688 3015 3785 3072 sui

2133 3104 2306 3173 ﬁlius,
2342 3105 2395 3159 in
2419 3114 2658 3172 regnum
2688 3104 2998 3174 successit,
3028 3119 3093 3161 ac
3126 3119 3327 3176 pacem
3377 3120 3507 3162 cum
3534 3106 3788 3177 impera-

2133 3199 2257 3249 tore
2296 3194 2447 3249 fecit.

2206 3290 2288 3339 11.
2326 3287 2418 3339 43.
2447 3284 2517 3337 Α.
2556 3285 2615 3338 D.
2649 3290 2770 3339 811.
2808 3286 3131 3355 Imperator
3162 3282 3273 3354 ωε,
3301 3299 3584 3355 pacecum
3617 3285 3788 3341 Hem-

2132 3373 2325 3441 minge
2359 3374 2601 3439 ﬁrmata,
2634 3376 2689 3426 ct
2714 3372 2932 3442 placito
2955 3371 3212 3440 generali
3248 3372 3430 3443 Aquis
3464 3372 3683 3443 habito,
3723 3374 3783 3428 in

2132 3466 2253 3516 tres
2286 3465 2484 3532 partes
2520 3460 2784 3528 rcgnisui
2814 3460 3053 3515 tetidem
3075 3462 3373 3517 exercitus
3406 3460 3583 3530 misit,
3604 3475 3783 3517 unum

2131 3554 2296 3605 trans
2326 3549 2547 3603 Albiam
2582 3548 2635 3601 in
2666 3549 2947 3617 Limones,
2985 3549 3082 3618 qui
3115 3554 3170 3604 et
3207 3549 3367 3621 ipsos
3413 3550 3668 3606 vastavit
3728 3556 3785 3605 et

2131 3638 2437 3694 castellum
2495 3637 2788 3692 llohcburi
2850 3636 3133 3707 superiori
3184 3652 3385 3693 annoa
3446 3637 3645 3693 Wilcis
3697 3638 3790 3695 de-

2130 3732 2416 3783 structum
2479 3726 2850 3795 restauravit,
2915 3725 3159 3782 alterum
3211 3727 3265 3781 in
3323 3727 3653 3782 Pannonias
3712 3727 3787 3782 ad

2132 3815 2569 3873 controversias
2613 3816 2907 3870 llunerum
2965 3819 3025 3870 et
3085 3814 3420 3871 Sclavorum
3479 3815 3782 3887 ﬁniendas,

2132 3907 2383 3962 tercium
2413 3905 2464 3960 in
2513 3905 2810 3960 Brittones
2854 3904 2923 3958 ad
2954 3919 3154 3960 eorum
3188 3903 3489 3976 perﬁdiam
3550 3905 3789 3976 punien.

2132 3997 2281 4052 dam.
2320 3995 2426 4061 Qui
2458 4008 2658 4049 omnes
2690 4008 2969 4063 prospere
2991 3997 3265 4063 egerunt.
3305 3992 3573 4063 Karolus,
3624 3992 3785 4050 ﬁlius

2133 4082 2510 4155 imperatoris
2543 4082 2723 4150 major
2746 4086 2905 4152 natu,
2941 4086 2973 4135 2
2997 4084 3137 4137 Non.
3172 4084 3439 4139 Decemb.
3468 4083 3633 4138 obiit.

2213 4176 2295 4226 12.
2341 4174 2425 4226 44.
2461 4173 2525 4225 Α.
2582 4172 2643 4226 D.
2698 4175 2819 4227 812.
2873 4170 3237 4241 Nicephorus
3289 4171 3608 4242 imperator
3641 4172 3786 4229 Con-

441 4279 492 4331 8.
520 4274 604 4327 LO.
635 4271 697 4324 A.
733 4269 797 4322 D.
832 4265 955 4322 808.
1000 4264 1322 4332 imperator
1354 4258 1595 4314 audiens
1654 4259 2014 4315 Getefridum
2047 4257 2101 4317 D
2132 4258 2689 4332 stantinopolitanus
2715 4274 2976 4331 pugnans
2994 4264 3197 4316 contra
3232 4260 3530 4332 Bulgares,
3562 4261 3784 4317 occidi-

373 4376 570 4432 regem
602 4361 891 4413 Danerum
914 4353 968 4407 in
1019 4348 1336 4405 Abodritos
1360 4363 1489 4404 cum
1532 4348 1793 4405 exercitu
1846 4351 2017 4419 traje-

372 4452 550 4512 cisse.
586 4444 859 4503 Karelum
885 4439 1064 4495 ﬁlium
1098 4453 1263 4494 suum
1287 4452 1417 4493 cum
1450 4435 1639 4493 valida
1668 4439 2015 4494 Francorum

372 4544 432 4597 et
466 4539 754 4594 Saxonum
788 4544 958 4586 manu
990 4527 1142 4583 misit
1175 4529 1379 4581 contra
1409 4539 1559 4594 eum,
1586 4524 1631 4580 si
1667 4526 1816 4582 forte
1846 4529 2019 4582 Saxo-

370 4629 483 4688 niw
513 4624 796 4683 terminos
823 4616 1061 4691 aggredi
1096 4616 1430 4687 temptaret.
1455 4613 1557 4669 Ille
1613 4618 2020 4687 autem,expu-

370 4715 566 4791 gnatis
605 4713 829 4783 aliquot
887 4704 1224 4764 Sclavorum
1284 4702 1564 4773 castellis,
1626 4718 1756 4760 cum
1809 4720 2017 4774 magno

374 4806 673 4881 copiarum
699 4813 933 4858 suarum
991 4795 1344 4851 detrimento
1395 4798 1666 4851 reversus
1714 4798 1828 4851 est.
1879 4796 2015 4851 Nam

374 4909 547 4955 manu
581 4886 1055 4964 promptissimos
1086 4883 1302 4955 amisit,
1348 4883 1501 4939 inter
1532 4897 1681 4953 quos
1720 4888 1781 4939 et
1836 4883 2017 4940 ﬁlium

374 4982 575 5042 fratris
603 4980 692 5038 sui
724 4976 956 5036 nomine
986 4973 1394 5045 Regineldum.

445 5078 498 5130 9.
536 5074 622 5127 L1.
660 5070 722 5125 A.
758 5068 821 5123 D.
856 5068 978 5121 809.
1014 5064 1363 5121 Ludowicus
1393 5076 1514 5133 rex,
1569 5060 1724 5118 ﬁlius
1777 5061 2020 5133 impera-

370 5160 542 5233 toris,
575 5172 706 5217 cum
720 5154 985 5213 exercitu
1008 5154 1338 5226 Hispaniam
1362 5151 1684 5223 ingressus,
1712 5151 2016 5208 Dertosam

2132 4355 2248 4419 tur,
2285 4347 2665 4418 etMichabcl,
2700 4363 2880 4419 gener
2908 4348 3052 4419 ejus,
3089 4348 3332 4420 imperio
3381 4349 3630 4420 potitur.
3670 4349 3783 4417 Qui

2133 4439 2362 4509 legatos
2383 4437 2574 4493 Karoli
2610 4438 2982 4509 imperatoris
3024 4439 3094 4494 ad
3125 4438 3512 4510 Nicephorum
3564 4439 3784 4495 missos

2131 4527 2392 4599 suscepit
2415 4532 2474 4582 et
2505 4526 2778 4596 absolvit,
2812 4541 2942 4583 cum
2991 4528 3205 4597 quibus
3268 4532 3328 4583 et
3383 4526 3609 4596 legatos
3644 4542 3787 4583 suos

2132 4618 2369 4687 direxit,
2394 4630 2499 4688 per
2527 4631 2672 4685 quos
2706 4630 2903 4687 pacem
2956 4630 2986 4672 a
3040 4615 3364 4689 Nicephoro
3425 4621 3656 4690 ceptam
3686 4616 3785 4675 ﬁr-

2131 4708 2327 4765 mavit.

2204 4801 2287 4852 13.
2325 4798 2410 4851 45.
2444 4796 2509 4851 Α.
2546 4796 2607 4850 D.
2667 4798 2796 4852 813.
2846 4795 3189 4866 imperator,
3253 4793 3453 4852 habito
3510 4796 3780 4867 generali

2128 4889 2419 4943 conventu
2452 4882 2821 4955 Aquisgrani,
2858 4882 3038 4940 ﬁlium
3068 4899 3236 4941 suum
3281 4885 3652 4942 Ludewicum
3687 4900 3784 4943 re-

2128 4990 2256 5046 gem
2280 4973 2604 5045 Aquitaniae
2641 4972 2713 5029 ad
2746 4987 2809 5029 se
2837 4972 3091 5045 vocavit,
3124 4973 3294 5045 eique
3336 4988 3613 5030 coronam
3671 4974 3783 5032 im-

2130 5078 2373 5136 ponens,
2404 5060 2725 5134 imperialis
2773 5061 3023 5119 neminis
3074 5061 3185 5119 sibi
3231 5068 3561 5119 consortem
3612 5062 3777 5120 fecit.

2131 5151 2527 5211 Bernhardum
2582 5165 2722 5210 vero
2761 5156 3032 5225 nepotem
3084 5166 3251 5210 suum
3300 5151 3483 5212 ﬁlium
3540 5152 3784 5227 Pippini

1720 5268 1957 5326 VARlE
2020 5269 2422 5330 LECTIONES.

445 5379 535 5419 ηδτ
566 5377 869 5451 hemmigis
894 5378 976 5439 1δ.
1011 5377 1215 5452 Hujus
1226 5376 1377 5438 armi
1403 5374 1666 5440 historia
1693 5375 1859 5436 dem
1879 5377 1976 5437 E9-
