3992 6034
163 164 285 225 869

166 386 423 444 Concilia
450 402 684 459 quoque
711 389 880 459 jussu
899 392 1027 463 ejus
1048 406 1225 462 super
1241 395 1396 449 statu
1420 392 1821 449 acclesiarum

164 477 519 546 corrigendo
552 492 658 549 per
701 482 887 535 totam
946 480 1184 536 Galliam
1218 483 1290 536 ah
1345 481 1643 553 episcopis
1675 478 1824 535 cele-

167 565 334 622 brata
360 572 517 631 sunt,
570 583 816 637 quorum
856 584 1028 625 unum
1078 571 1413 641 Mogoneia,
1443 570 1689 626 alterum
1722 571 1825 624 Rc-

166 653 298 723 mis,
333 655 582 712 tercium
621 657 815 712 Remis
847 656 957 727 “‘9,
991 662 1261 727 quartum
1305 658 1625 723 Cabillona,
1662 657 1828 728 quin-

169 744 288 797 tum
325 742 583 813 Arelate,
610 776 676 784 —-
702 745 978 802 Michahel
1005 746 1321 817 imperator
1372 746 1647 816 Rulgares
1675 744 1827 800 bello

166 833 471 901 appetens.
522 832 663 888 haut
715 834 1015 904 prosperis
1062 835 1443 891 successibus
1493 835 1703 903 utitur,
1737 846 1827 887 ac-

165 920 414 989 proinde
446 919 677 978 domum
707 937 999 991 reversus,
1028 923 1297 995 deposito
1332 923 1681 991 diademate,
1710 933 1826 976 mo'

170 1008 395 1065 nachus
423 1010 697 1079 eﬂicitur,
736 1010 790 1065 in
838 1012 1007 1081 cujus
1038 1011 1229 1066 locum
1266 1012 1395 1081 Leo,
1430 1009 1587 1066 filius
1622 1010 1824 1066 Barda

171 1096 425 1165 patricii,
462 1098 870 1155 constituitur.
895 1099 1178 1167 —(Etxn.
1230 1100 1367 1156 Vita
1398 1100 1557 1156 Kar.
1597 1115 1655 1155 c.
1696 1099 1823 1166 32.)

167 1184 323 1240 Pons
352 1186 530 1241 Rheni
585 1187 738 1258 apud
800 1189 1243 1260 Mogontiacum,
1297 1204 1467 1260 quem
1501 1189 1822 1259 imperator

166 1286 275 1343 per
306 1273 507 1329 decem
538 1289 721 1333 annos
770 1276 987 1346 ingenti
1020 1276 1220 1334 labore
1265 1284 1326 1334 et
1356 1292 1533 1349 opere
1567 1275 1817 1332 mirabili

169 1360 241 1418 de
272 1360 429 1433 ligno
462 1362 540 1419 ita
573 1366 925 1435 construxit,
954 1370 1016 1422 ut
1039 1366 1379 1437 perenniter
1401 1367 1614 1422 durare
1645 1379 1816 1436 posse

167 1451 493 1523 videretur,
530 1452 583 1507 in
628 1468 826 1510 mense
868 1455 1013 1511 Maio
1046 1455 1125 1510 ita
1160 1455 1351 1511 tribus
1382 1454 1542 1510 horis
1574 1454 1816 1511 fortuito

171 1539 443 1597 incendio
492 1542 876 1612 conﬂagravit
926 1548 988 1599 ut
1042 1547 1242 1615 preter
1295 1544 1406 1600 hoc
1465 1543 1617 1614 quod
1666 1558 1813 1614 aqua

1039 164 1481 231 CHRONICA.
1514 138 2102 236 —'CHRONICON
2148 173 2678 243 UNIVERSAIE

165 296 271 354 filii
302 298 413 370 sui,
451 298 636 357 Italia
688 301 942 373 perfecit
986 309 1045 360 et
1078 311 1275 374 regem
1302 301 1812 375 appellarijussit.
1851 306 1907 366 A

3464 190 3582 251 8'70

2080 311 2170 381 '1)
2213 315 2327 368 4-
2357 318 2441 369 10.
2477 315 2747 372 addunt:
2794 316 2917 383 Quo
2963 318 3137 374 etiam
3185 335 3333 376 anno
3383 337 3578 380 caeno-

2154 383 2306 458 bium
2339 386 2749 443 Swarzahense
2782 404 2810 443 a
2842 388 3219 458 Megingaudo
3247 389 3334 424 “‘1
3364 395 3577 451 comite

2149 458 2207 508 et
2252 456 2443 529 Ymma
2499 473 2677 514 uxore
2734 459 2859 529 ejus
2915 456 2968 514 in
3029 456 3301 516 honorem
3362 464 3577 520 domini

2150 527 2332 599 nostri
2384 530 2704 585 Salvatoris
2750 527 2809 584 et
2858 535 3079 587 sancta
3125 533 3227 586 Dei
3270 536 3579 599 genitricis

2148 598 2453 679 sanctique
2503 600 2830 679 Sebastiani
2875 604 2934 679 et
2983 607 3201 679 sancta
3254 598 3580 679 Felicitatis

2150 668 2428 741 martiris,
2474 671 2601 741 sub,
2622 671 2808 740 primo
2837 672 3096 741 ejusdem
3130 675 3465 730 monasterii
3494 674 3581 709 ¹¹⁶²

2150 737 2360 811 abbate
2395 737 2706 796 Benedicto
2750 737 2995 811 nomine,
3032 743 3213 799 libera
3249 745 3430 801 totius
3462 760 3581 802 ser-

2148 807 2435 888 vitutiset
2458 812 2781 888 exactionis
2804 807 3157 877 conditione,
3191 817 3579 888 construitur,

2147 883 2207 958 et
2240 882 2611 960 postmodum
2662 883 2850 960 primo
2896 885 3252 960 monasterio
3297 882 3576 960 collapso,

2148 950 2203 1024 in
2227 950 2514 1024 honorem
2562 950 2778 1009 sancta
2809 956 2907 1010 Dei
2935 955 3239 1024 genitricis
3268 962 3328 1012 et
3364 950 3581 1015 sancta

2150 1020 2469 1101 Felicitatis
2502 1039 2565 1080 ac
2596 1024 2921 1101 7_ﬁliorum
2940 1020 3450 1101 'ejusreparatur.
3486 1030 3571 1101 cf.

2143 1089 2692 1218 gramszwarzah.
2736 1111 2830 1167 ap.
2869 1089 3170 1169 Ludewig.
3196 1089 3333 1155 'SS'.
3366 1089 3573 1157 Bam'b.

2000 1242 2051 1292 2.
2085 1244 2150 1296 A.
2186 1244 2246 1297 D.
2281 1247 2403 1299 816.
2440 1247 2691 1302 Domnus
2741 1247 2851 1302 Leo
2883 1261 3030 1317 papa
3081 1261 3229 1303 anno
3278 1249 3579 1319 pontifica-

1928 1320 2027 1401 tus
2071 1322 2161 1401 sui
2211 1327 2308 1378 21°
2358 1324 2428 1380 de
2467 1340 2710 1396 corpore
2741 1326 3012 1394 migravit
3041 1332 3073 1381 8
3107 1327 3343 1384 Kalend.
3401 1331 3575 1401 Junii,

1930 1396 2376 1481 Stephanusque
2406 1404 2684 1461 diaconus
2714 1405 2769 1460 in
2792 1404 2882 1438 ¹¹⁶³
2917 1406 3106 1462 locum
3127 1407 3253 1476 ejus
3286 1424 3434 1481 papa
3452 1396 3579 1467 97°19

1929 1478 2237 1537 ordinatus
2265 1487 2376 1553 est,
2430 1484 2525 1553 qui
2561 1484 2715 1540 sedit
2759 1500 2986 1542 menses
3015 1492 3067 1542 7.
3104 1487 3205 1542 Ilic
3249 1478 3408 1559 ergo,
3444 1495 3578 1561 post

1929 1561 2428 1618 consecrationem
2478 1579 2642 1620 suam
2707 1564 2960 1621 nondum
3007 1566 3237 1623 duobus
3280 1570 3577 1625 mensibus

170 1629 485 1698 tegebatur
528 1645 631 1687 nec
688 1645 802 1687 una
857 1631 1087 1702 quidem
1147 1631 1374 1690 hastula
1407 1647 1478 1690 ex
1510 1646 1578 1688 eo
1634 1646 1816 1688 rema-
1843 1659 1897 1718 Β
1929 1640 2174 1711 exactis,
2194 1657 2363 1712 quam
2384 1644 2648 1701 maximis
2671 1645 2863 1716 potuit
2885 1645 3306 1717 itineribus,ad
3330 1647 3575 1719 impera-

168 1722 357 1774 neret.

245 1808 329 1861 14.
361 1808 446 1861 46.
484 1808 670 1873 (Emn.
704 1809 769 1864 A.
804 1810 875 1865 cf.
910 1810 1049 1866 Vita
1079 1825 1128 1865 e.
1166 1812 1256 1882 31)
1290 1813 1355 1865 A.
1385 1812 1452 1865 Ι).
1484 1813 1605 1865 314.
1643 1812 1814 1866 Karo-

169 1895 265 1952 lus
299 1895 623 1966 imperator
653 1897 787 1954 dum
836 1898 1184 1969 Aquisgrani
1228 1899 1533 1970 hiemaret,
1566 1900 1726 1955 febre
1756 1904 1816 1954 et

171 1983 436 2056 pleurisi,
464 1984 517 2039 id
542 1991 627 2040 est
653 1984 857 2042 lateris
876 1986 1101 2058 dolore,
1129 1991 1367 2044 tactusﬁ
1392 1987 1626 2043 Kalend.
1647 1988 1810 2043 Febr.

170 2073 352 2129 rebus
391 2074 643 2130 excessit
688 2074 975 2146 humanis,
1009 2090 1159 2132 anno
1202 2075 1398 2133 atatis
1430 2076 1669 2132 circiter
1697 2081 1812 2146 71°,

163 2160 328 2231 regni
363 2168 556 2218 autem
586 2165 704 2232 46°,
759 2164 1021 2220 subacta
1050 2179 1190 2222 vero
1239 2163 1423 2221 Italia
1454 2167 1568 2234 43°,
1598 2180 1670 2221 ex
1701 2179 1815 2235 quo

166 2263 310 2305 vero
335 2249 655 2319 imperator
676 2256 732 2307 et
754 2258 1039 2322 angustus
1061 2252 1391 2324 appellatus
1412 2257 1506 2309 est
1522 2267 1671 2308 anno
1698 2255 1808 2307 14°.

161 2335 355 2405 (Emn.
390 2338 485 2408 Α.)
514 2338 691 2409 Cujus
717 2340 797 2395 rei
832 2341 1102 2397 nuncium
1136 2357 1264 2397 cum
1290 2340 1636 2398 Ludewicus
1660 2340 1813 2397 filius

164 2426 298 2497 ejus
332 2426 385 2480 in
424 2427 729 2497 Aquitania
773 2430 1117 2500 accepisset,
1165 2431 1466 2487 tl‘iCL‘oimO
1501 2435 1811 2502 postquam

159 2514 214 2571 id
255 2514 557 2571 acciderat
585 2515 678 2571 die
712 2516 1074 2587 Aquasgrani
1108 2519 1286 2589 venit,
1323 2533 1662 2590 summoque
1695 2534 1814 2576 om-

163 2602 324 2660 nium
359 2604 704 2660 Francorum
747 2619 1037 2662 consensu
1069 2621 1134 2663 ac
1169 2608 1362 2664 favore
1395 2608 1547 2678 patri
1580 2622 1810 2664 succes-

160 2691 259 2762 sit,
296 2696 357 2747 et
403 2692 473 2748 ad
532 2692 795 2764 suscepti
826 2694 989 2763 regni
1035 2695 1620 2751 amministrationem
1668 2709 1811 2752 cura

161 2794 472 2850 conversa,
510 2780 694 2852 primo
746 2781 1088 2852 legationes,
1125 2798 1251 2853 qua
1281 2784 1351 2839 ad
1388 2789 1611 2855 patrem
1643 2799 1813 2841 vene-

165 2873 319 2937 rant,
382 2867 614 2924 auditas
673 2869 946 2941 absolvit,
1006 2870 1158 2926 inter
1190 2886 1335 2941 quas
1393 2872 1667 2943 precipua
1704 2873 1810 2929 fuit

165 2956 378 3013 Leonis
410 2954 805 3029 imperatoris,
830 2959 924 3029 qui
946 2959 1245 3015 Michaheli
1278 2961 1578 3017 successit.
1602 2961 1811 3017 Habito

168 3050 367 3101 autem
403 3014 751 3117 Aquisgrani
788 3014 1045 3116 generali
1098 3056 1407 3120 converto,
1441 3051 1509 3106 ad
1537 3049 1813 3119 justicias
1846 3014 1894 3077 Ο

164 3133 469 3190 faciendas
494 3134 720 3204 legatos
744 3136 797 3190 in
831 3151 1031 3192 omnes
1053 3137 1215 3206 regni
1237 3144 1436 3209 partes
1458 3138 1637 3209 misit,
1666 3138 1813 3195 duos

160 3237 229 3278 ex
259 3222 399 3279 ﬁliis
421 3223 541 3280 suis
564 3224 891 3281 Lotharium
916 3225 1213 3297 Bajoaria,
1234 3227 1540 3299 Pippinum
1564 3227 1810 3300 profecit

161 3313 525 3384 Aquitania.

162 3401 308 3457 Anni
343 3401 508 3472 regni
543 3401 837 3460 Ludewiei

230 3496 280 3546 1.
315 3492 482 3546 Anno
535 3490 840 3550 dominica
898 3494 1317 3552 incarnationis
1368 3499 1492 3568 815,
1528 3497 1601 3553 ab
1659 3499 1814 3556 Urbe

165 3584 361 3637 autem
395 3578 631 3637 condita
685 3580 993 3639 millesimo
1024 3587 1147 3655 566,
1199 3583 1565 3657 Ludewicus,
1618 3588 1812 3646 Karoli

165 3669 350 3739 Magni
385 3668 557 3740 filius,
588 3672 686 3726 74ο
718 3668 811 3703 ¹¹⁶⁰
838 3673 910 3728 ab
946 3673 1211 3742 Augusto
1244 3673 1373 3730 lcco
1405 3675 1691 3747 regnavit,
1728 3690 1816 3733 re-

168 3770 463 3827 gnumque
495 3758 663 3815 annis
690 3763 760 3815 26
788 3760 1063 3816 obtinuit.
1104 3761 1248 3818 Huic
1272 3776 1420 3819 anno
1446 3764 1630 3834 primo
1654 3766 1814 3837 regni

162 3846 249 3902 sui
282 3845 667 3915 allatum'est,
715 3848 1000 3918 quosdam
1031 3849 1102 3905 de
1147 3850 1501 3921 primoribus
1532 3853 1817 3910 Romano-

162 3948 287 3991 rum
309 3934 383 3991 ad
408 3934 875 3994 interficiendum
901 3939 1147 3994 Leonem
1172 3953 1377 4011 papam
1416 3942 1812 4014 conspirasse,

160 4020 390 4093 hocque
422 4022 637 4080 indicio
664 4025 734 4080 ad
790 4026 1123 4097 pontificem
1176 4026 1391 4097 delato,
1426 4044 1626 4087 omnes
1660 4031 1819 4089 illius

161 4109 438 4168 factionis
478 4116 752 4170 auctores
790 4113 958 4182 jussu
1009 4115 1167 4172 illius
1210 4116 1545 4174 trucidatos
1595 4119 1806 4178 fuisse.

164 4196 329 4263 Quod
359 4213 491 4256 cum
534 4201 793 4258 modeste
842 4203 1041 4273 ferret,
1093 4204 1488 4261 Bernhardum
1538 4215 1813 4280 nepotem

165 4301 358 4358 suum,
394 4303 589 4360 regem
621 4290 824 4362 Italia,
859 4294 930 4347 ad
963 4306 1026 4348 se
1055 4293 1307 4364 vocavit,
1345 4308 1593 4367 eumque
1626 4298 1695 4355 ad
1731 4298 1819 4355 in-

1928 1725 2115 1775 torem
2175 1722 2372 1778 venire
2428 1725 2748 1795 contendit,
2810 1725 3001 1781 missis
3058 1726 3288 1782 interim
3345 1728 3575 1785 duobus

1934 1798 2277 1872 legatis,qui
2303 1803 2469 1873 quasi
2505 1819 2611 1875 pro
2643 1819 2746 1861 sua
2768 1805 3212 1862 consecratione
3236 1806 3574 1879 imperatori

1929 1896 2333 1959 suggererent.
2370 1892 2533 1958 Quod
2568 1893 2664 1950 ille
2695 1894 2959 1966 audiens,
2992 1896 3183 1951 Remis
3210 1896 3261 1952 ei
3296 1898 3575 1969 occurrit,

1929 1978 2239 2049 missisque
2297 1981 2524 2037 obviam
2575 1981 2664 2039 his
2715 1983 2812 2053 qui
2862 1998 2992 2040 eum
3044 1984 3145 2040 illo
3195 1985 3573 2057 deducerent,

1927 2066 2245 2125 honorifice
2280 2069 2441 2126 illum
2482 2071 2558 2126 ibi
2588 2072 2869 2143 suscepit.
2904 2072 3172 2129 Pontifex
3203 2089 3343 2131 vero
3373 2075 3573 2130 statim

1926 2155 2215 2212 adventus
2238 2158 2325 2213 sui
2344 2172 2580 2215 causam
2603 2160 2655 2214 ei
2682 2159 3005 2231 insinuans,
3028 2161 3345 2218 celebratis
3367 2161 3576 2219 deinde

1926 2259 1996 2299 ex
2020 2259 2178 2301 more
2211 2245 2518 2302 missarum
2550 2247 2897 2318 sollemniis,
2931 2263 3062 2305 eum
3094 2248 3442 2306 diadematis
3475 2251 3577 2307 im-

1925 2334 2217 2404 positionc
2253 2335 2555 2391 coronavit
2607 2337 3112 2409 Romanorumque
3146 2338 3237 2371 ¹ί⁶⁴
3269 2339 3580 2411 imperato-

1926 2436 2045 2478 rem
2080 2424 2510 2495 pronunciavit,
2558 2439 2706 2481 anno
2741 2426 2900 2496 regni
2931 2426 3018 2483 sui
3053 2426 3332 2498 secundo,
3367 2443 3572 2485 secun-

1924 2510 2059 2568 dum
2092 2512 2238 2569 alios
2266 2513 2534 2584 septimo.

1925 2602 2069 2656 Anni
2106 2597 2329 2672 imperii
2363 2603 2507 2673 ejus.

1992 2693 2042 2745 3.
2075 2694 2126 2744 2.
2153 2689 2244 2722 “'5
2268 2689 2452 2757 (EINH.
2483 2691 2663 2763 Ann.)
2698 2694 2757 2747 A.
2793 2693 2854 2746 D.
2885 2691 3009 2748 817.
3047 2692 3373 2764 Stephanus
3397 2708 3568 2765 papa,

1928 2779 2109 2834 tereio
2142 2794 2334 2835 mense
2384 2785 2692 2850 postquam
2740 2781 2978 2837 Romam
3013 2786 3250 2837 venerat
3308 2783 3564 2840 nondum

1923 2871 2149 2936 exacto,
2175 2873 2208 2924 8
2233 2868 2467 2924 Kalend.
2501 2870 2666 2924 Febr.
2695 2870 2871 2935 obiit;
2896 2870 2988 2926 cui
3011 2870 3312 2927 Paschalis
3334 2886 3571 2928 succes-

1924 2970 2023 3011 sor
2052 2956 2298 3021 elcctus,
2335 2962 2459 3028 post
2496 2957 2842 3029 completam
2865 2957 3227 3015 sollemniter
3250 2958 3570 3017 ordinatio-

1923 3059 2052 3099 nem
2085 3059 2245 3101 suam
2268 3060 2503 3101 munera
2538 3051 2595 3101 et
2623 3047 3057 3102 exeusatoriam
3083 3048 3425 3119 imperatori
3452 3048 3571 3120 epi-

1922 3133 2134 3190 stolam
2157 3133 2335 3203 misit,
2361 3134 2468 3191 sibi
2490 3150 2598 3191 non
2624 3135 2810 3192 solum
2836 3136 3077 3207 nolenti,
3109 3136 3211 3192 sed
3243 3136 3418 3192 etiam
3443 3137 3567 3209 plu-

1924 3223 2129 3279 rimum
2147 3223 2451 3294 poenitenti
2470 3224 2844 3296 pontificatus
2859 3223 3137 3281 honorem
3152 3224 3244 3259 ¹¹⁶⁶
3258 3226 3571 3297 impactum

1925 3326 2290 3368 asseverans.
2324 3313 2622 3369 Paschalis
2670 3312 2761 3346 “‘7
2788 3327 2935 3386 papa
2967 3318 3093 3370 98‘m
3124 3314 3276 3370 sedit
3308 3328 3489 3371 annos
3518 3320 3571 3371 7.

1918 3399 2083 3470 juxta
2108 3400 2256 3458 alios
2279 3405 2328 3457 9.
2354 3433 2416 3441 —
2443 3403 2765 3474 Imperator
2794 3417 2935 3459 vero
2968 3402 3301 3473 generalem
3324 3418 3576 3461 conven-

1927 3493 2049 3546 tum
2073 3490 2422 3561 Aquisgrani
2446 3490 2683 3555 habens,
2713 3490 2891 3547 filium
2923 3506 3090 3548 suum
3124 3492 3574 3563 primogenitum

1926 3579 2260 3636 Lotharium
2275 3579 2525 3636 nominis
2542 3583 2716 3650 atque
2730 3580 2957 3651 imperii
2973 3581 3060 3637 sui
3077 3581 3298 3637 socium
3315 3581 3426 3637 sibi
3439 3596 3576 3638 con-

1926 3668 2144 3739 stituit,
2170 3673 2403 3725 ceteros
2436 3682 2605 3739 reges
2638 3668 2986 3741 appellatos,
3015 3685 3190 3727 unum
3225 3670 3570 3742 Aquitania,

1926 3756 2175 3813 alterum
2221 3757 2503 3827 Bojoaria
2533 3758 2804 3829 prefeeit.
2828 3790 2896 3799 —
2916 3760 3051 3815 Post
3086 3758 3209 3816 hac
3239 3759 3574 3817 nunciatum

1927 3850 2016 3901 est
2039 3846 2111 3915 ei,
2151 3846 2547 3903 Bernhardum
2600 3851 2870 3918 nepotem
2905 3862 3093 3917 suum,
3146 3846 3325 3904 Italia
3357 3861 3572 3920 regem,

1929 3933 2291 4005 quorundam
2309 3948 2622 4005 pravorum
2644 3935 2935 3991 hominum
2949 3935 3572 4006 eonsiliotyrannidem

1928 4023 2274 4079 meditatum
2310 4022 2506 4093 fuisse,
2548 4023 2781 4093 jamque
2829 4038 3029 4080 omnes
3062 4023 3337 4080 introitus
3364 4024 3568 4096 Italia,

1929 4126 2077 4184 quos
2105 4110 2300 4168 clusas
2318 4110 2537 4181 dicunt,
2565 4111 2853 4182 impositis
2877 4111 3153 4182 presidiis
3175 4111 3457 4181 ﬁrmasse,
3491 4115 3576 4167 at-

1929 4218 2040 4273 que
2070 4214 2271 4258 omnes
2305 4199 2485 4256 Italia
2534 4200 2805 4257 civitates
2851 4199 2908 4255 in
2939 4200 3066 4270 ejus
3097 4200 3275 4257 verba
3315 4198 3571 4271 jurasse,

1930 4291 2083 4363 quod
2106 4305 2176 4347 ex
2189 4293 2357 4361 parte
2372 4304 2595 4360 verum,
2612 4304 2684 4346 ex
2696 4294 2865 4361 parte
2881 4290 3069 4347 fuerat
3086 4288 3311 4347 falsum.
3331 4288 3415 4345 Ad
3431 4304 3577 4361 quos

161 4377 569 4446 vestigandum
603 4379 758 4450 quod
800 4379 1019 4437 dictum
1063 4383 1155 4438 est
1189 4382 1368 4439 misit.
1406 4384 1671 4451 Quicum
1709 4388 1817 4444 Ro-
1847 4375 1899 4435 D
1932 4378 2606 4451 motuscomprimendos
2635 4378 3279 4452 imperatoreceleriter
3317 4394 3449 4439 cum
3482 4394 3581 4436 ex-

163 4478 312 4521 mam
341 4470 623 4538 venisset,
655 4468 992 4537 egritudine
1023 4470 1322 4527 decubuit.
1355 4472 1435 4529 De
1465 4474 1647 4531 rebus
1679 4490 1819 4533 vero

173 4559 416 4625 propter
450 4570 597 4625 quas
626 4560 887 4627 venerat,
924 4572 1027 4629 per
1048 4560 1363 4617 Heroldum
1393 4562 1687 4637 comitem,
1722 4565 1818 4638 qui

178 4642 248 4698 ad
281 4645 391 4699 hoc
426 4643 657 4713 legatus
686 4645 738 4701 ei
790 4646 981 4704 fuerat
1011 4648 1200 4720 datus,
1235 4652 1356 4721 rch
1391 4652 1700 4712 Ludewico
1733 4671 1821 4712 re-

168 4732 468 4788 mandavit
492 4734 769 4804 quicquid
792 4742 1181 4809 compererat.
1211 4739 1389 4805 Quem
1424 4740 1599 4812 legati
1634 4745 1823 4817 ponti-

173 4818 300 4876 ficis
336 4822 664 4893 subsecuti,
699 4823 769 4879 de
801 4823 889 4881 his
916 4840 1043 4896 qua
1075 4826 1307 4885 domino
1336 4844 1441 4885 suo
1471 4832 1821 4902 objiciehan-

162 4910 261 4965 tur
289 4910 412 4979 regi
448 4909 759 4969 Ludewico
793 4927 894 4985 per
926 4914 1118 4971 omnia
1151 4916 1589 4977 satisfecerunt.
1617 4923 1687 4978 ‘1

1929 4472 2115 4532 ercitu
2148 4484 2355 4543 magno
2378 4470 2668 4545 veniente,
2696 4470 3069 4531 Bernhardus
3093 4471 3270 4529 rebus
3296 4470 3418 4529 suis
3439 4468 3578 4526 ditii-

1928 4567 2093 4633 dens,
2115 4561 2293 4619 armis
2324 4563 2631 4637 depositis,
2666 4563 2819 4637 apud
2850 4562 3203 4620 Cabillonem
3237 4557 3577 4634 imperatori

1930 4668 1993 4710 se
2023 4649 2287 4707 tradidit.

2002 4742 2051 4797 4.
2086 4744 2134 4796 3.
2176 4742 2236 4795 A.
2273 4740 2334 4794 D.
2366 4742 2494 4795 818.
2518 4740 2764 4794 Detecta
2802 4735 3004 4793 fraude
3042 4734 3487 4804 conjurationis,
3522 4738 3582 4789 et

1933 4827 2244 4887 sediciosis
2260 4826 2529 4883 omnibus
2542 4827 2597 4882 in
2611 4840 2771 4883 suam
2787 4828 3141 4898 potestatem
3166 4822 3443 4892 redactis,
3482 4820 3582 4876 im-

1934 4923 2173 4993 perator
2187 4914 2533 4989 Aquisgrani
2548 4913 3317 4985 revertitur,transaetoque
3334 4908 3588 4982 quadra.

1541 5116 1779 5176 νΑΒιιΕ
1820 5118 2221 5178 LECTIONES.

235 5288 328 5324 “”
353 5290 446 5350 ita
477 5292 525 5348 1.
562 5290 648 5347 1°.
685 5296 738 5349 5.
771 5294 847 5348 9°.
883 5298 969 5359 10.
1004 5296 1049 5349 t.
1084 5293 1149 5350 Β.
1186 5292 1403 5352 desint
1453 5298 1503 5353 4.
1535 5297 1781 5355 Turonis
1837 5299 1911 5355 ut
1933 5297 2119 5357 ΒὶηΙι.
2154 5298 2226 5353 D.
2265 5294 2309 5352 E
2408 5288 2501 5324 ³³⁸⁸
2526 5288 2758 5347 LXVIII.
2793 5287 2856 5343 D.
2888 5288 2959 5343 E.

245 5403 258 5417 .
296 5366 387 5418 11.
491 5360 583 5395 ²¹⁶⁹
614 5364 951 5421 manasterii
984 5368 1078 5422 10.
1180 5363 1272 5399 ‘1”
1302 5365 1359 5422 in
1385 5396 1457 5410 —
1483 5368 1691 5426 XCVII.
1742 5370 1813 5429 in
1842 5370 1962 5429 loco
1988 5381 2129 5427 raso
2164 5373 2217 5425 1.
2300 5362 2392 5399 ““
2418 5363 2926 5429 Romanorumque
2955 5390 2959 5398 ε

168 5364 258 5417 10.
296 5366 387 5418 11.
491 5360 583 5395 ²¹⁶⁹
614 5364 951 5421 manasterii
984 5368 1078 5422 10.

3069 5283 3161 5319 ίίοί
3192 5283 3581 5357 meginguado

2300 5362 2392 5399 ““
2418 5363 3027 5432 Romanorumque:-
3058 5355 3311 5432 septimo
3366 5355 3585 5432 {algeo

163 5444 303 5513 rasa
324 5438 381 5490 1.
456 5431 822 5513 f‘j'ﬂrimm
841 5449 1040 5497 annm
1058 5437 1301 5511 imperii
1318 5437 1389 5497 in
1412 5425 1713 5513 «mm.
1743 5425 1808 5499 ἂ.
1837 5425 1969 5500 816.
1993 5425 2248 5513 rapum.
2330 5432 2423 5470 ¹¹⁶⁶
2443 5433 2708 5491 ordinem
2731 5434 2763 5487 δ
2777 5473 2791 5487 ,
2833 5425 2849 5432 “
2875 5429 2966 5465 ιίοτ
2986 5425 3293 5489 Paschalis
3309 5457 3384 5473 -—
3400 5425 3579 5485 VIIII.

160 5511 364 5579 postea
390 5503 573 5567 addit
596 5507 653 5565 1.
