3992 6034
348 140 459 200 8Ἷ1

1492 123 1972 189 EKKEHARDI
2018 124 2570 188 URAUGIENSIS

3634 126 3753 192 872

348 267 870 342 gesimalijejunio,
894 264 1098 337 paucis
1119 268 1249 336 post
1269 268 1532 319 sanctum
1559 261 1767 335 pascha
1789 261 1995 316 diebus
2025 261 2082 321 A
2111 259 2413 342 leadroge,
2447 258 2545 314 ﬁlii
2570 259 2778 342 ,Liubit
2803 260 2892 293 “7‘
2928 260 3082 330 regis
3115 261 3449 319 Wilzerum.
3483 262 3590 329 Qui
3622 280 3755 320 cum

349 356 772 429 cenjurationis
805 358 1079 410 auctores
1100 351 1271 407 simul
1296 355 1352 406 et
1384 349 1811 418 regemjudicie
1829 354 1999 403 Fran-

348 462 551 504 corum
573 442 811 515 capitali
838 444 1185 513 dampnatos
1212 439 1530 507 sententia,
1558 437 2001 492 luminibustan-

353 528 1404 605 tumjussiterbari.—(Gem’al—SS.
1430 527 1494 595 ll,
1531 542 1583 596 p.
1618 527 1767 596 314.)
1800 525 1999 579 lrmin-

349 623 551 696 gardis
584 621 779 691 regina
812 625 842 676 5
874 622 1013 675 Non.
1054 618 1289 674 Octobr.
1326 616 1493 679 obiit,
1527 630 1654 685 qua:
1683 612 1773 645 “‘3
1800 614 2000 683 genuit

356 710 698 784 imperatori
732 709 1087 775 Letharium,
1124 705 1428 776 Pippinum
1452 707 1508 758 et
1534 702 1923 758 Ludewicum.

424 805 475 855 ὅ.
512 804 561 855 4.
601 802 661 853 Α.
694 799 757 852 D.
792 800 924 853 819.
986 795 1315 848 Conventus
1366 790 1707 861 Aquisgrani
1740 793 1869 860 post
1904 804 2001 844 na-

356 890 474 947 tale
507 887 731 944 Domini
757 885 991 940 habitus
1011 889 1130 948 est;
1166 882 1218 936 in
1259 896 1372 952 quo
1401 880 1577 936 multa
1611 879 1680 935 de
1704 883 1859 935 statu
1893 894 2000 934 aec-

351 978 663 1033 clesiarum
689 977 939 1028 tractata
960 974 1117 1040 sunt,
1136 969 1549 1039 legibusctiam
1576 966 1997 1040 eapitulaquzc-

353 1065 480 1120 dam
515 1059 968 1135 pernecessaria,
1007 1074 1133 1128 (111:0
1166 1059 1427 1125 deerant,
1464 1057 1661 1111 addita
1697 1056 2000 1125 suut.(Ge-

349 1152 505 1211 mal.
524 1152 592 1221 ll,
611 1152 760 1221 314.)
779 1149 901 1214 Quo
924 1151 1188 1218 peracto,
1211 1147 1550 1216 imperator,
1587 1145 1866 1216 inSpectis
1884 1144 1999 1215 plc-

351 1243 552 1312 risque
576 1238 853 1295 nobilium
873 1236 1120 1305 ﬁliabus,
1147 1234 1366 1305 Welphi
1384 1234 1614 1290 comitis
1636 1233 1808 1288 ﬁliam
1828 1233 2001 1288 nemi-

350 1346 417 1387 ne
438 1329 637 1386 Iudith
663 1326 829 1383 duxit
869 1340 1127 1393 uxorem,
1169 1323 1618 1395 qu:e“°°gennit
1650 1324 1699 1378 ei
1728 1322 1999 1379 Karolum

354 1419 612 1475 Calvum.

420 1511 471 1562 6.
509 1511 558 1561 5.
594 1507 659 1560 Α.
694 1505 756 1559 D.
791 1506 913 1559 820.
964 1503 1213 1571 Propter
1242 1501 1411 1570 juges
1461 1499 1687 1571 pluvias
1718 1504 1773 1553 et
1809 1513 1999 1554 aerem

351 1596 402 1649 ni
441 1594 535 1649 nio
565 1594 806 1647 humore
823 1588 1359 1655 reselutummagna
1377 1588 1737 1644 incommoda
1753 1587 2005 1655 contige-

351 1687 512 1738 ruat.
539 1682 676 1734 Nam
710 1684 767 1733 et
788 1678 1082 1733 hominum
1101 1681 1161 1731 et
1186 1678 1354 1732 boum
1381 1676 1714 1747 pestilentia
1738 1679 2000 1744 grassata

349 1774 435 1827 est
458 1769 774 1836 ;frumenta
802 1781 1033 1836 quoque
1058 1769 1117 1820 et
1138 1765 1427 1834 legumina
1442 1770 1713 1835 corrupta
1738 1769 1891 1819 sunt.

420 1864 473 1914 7.
511 1860 561 1911 6.
599 1858 662 1910 Α.
698 1858 756 1909 D.
792 1858 911 1909 821.
954 1854 1199 1909 Allatum
1236 1859 1329 1909 est
1371 1853 1710 1924 imperatori
1741 1852 2004 1908 Ludewi-

350 1963 418 2004 ce
454 1946 523 2001 de
582 1946 766 2001 morte
814 1943 1016 1997 Leonis
1047 1943 1419 2013 imperatoris
1477 1939 2005 2012 Constantinopoli-

349 2035 657 2105 tani,quod
676 2047 825 2087 anno
841 2031 1127 2102 pretcrite
1145 2032 1196 2084 in
1225 2031 1477 2100 basyliea
1494 2036 1711 2087 sancta:
1730 2028 1991 2099 Deigeni.

352 2123 520 2179 tricis
551 2122 701 2176 intra
749 2120 1023 2191 palatium
1069 2118 2004 2191 interemptussitcenspiratione

354 2209 721 2281 quorundam
744 2208 1089 2278 eptimatnm
1117 2221 1351 2261 suorum
1376 2212 1430 2260 et
1460 2208 1734 2277 precipue
1764 2205 2006 2261 Michae-

362 2299 433 2353 lis
454 2297 687 2355 cemitis
729 2296 1204 2359 domesticorum,
1241 2294 1334 2364 qui
1362 2296 1831 2365 preterianorum
1862 2294 2006 2349 mili-

352 2377 475 2443 tum
503 2385 699 2441 studio
744 2382 956 2439 infulas
989 2383 1215 2453 imperii
1240 2384 1590 2453 suscepit,et
1618 2400 1818 2438 novem
1841 2383 2005 2438 annis

350 2474 640 2545 regnavit.
660 2471 1073 2527 --Sccundum
1101 2470 1192 2503 “7°
1211 2471 1490 2541 quosdam
1530 2473 1636 2527 Lee
1668 2488 1813 2544 papa
1836 2472 2001 2542 obiit,

352 2565 525 2634 eique
563 2563 893 2632 Stephanus
927 2560 1232 2615 successit.

427 2656 477 2707 8.
514 2656 565 2705 7.
601 2652 665 2704 A.
701 2649 762 2702 D.
800 2652 921 2704 822.
950 2649 1007 2700 In
1042 2647 1277 2715 regione
1315 2646 1734 2715 Thuringerum
1760 2648 2004 2717 quedam

350 2738 564 2793 inloco
592 2736 755 2806 juxta
780 2735 1017 2790 ﬂuvium
1060 2734 1343 2803 quendam
1394 2749 1598 2804 cespes
1645 2736 2005 2805 longitudine

362 2824 571 2897 pedum
589 2820 1139 2895 quinquaginta,lati
1154 2821 1349 2876 tudine
1368 2820 1770 2890 14,3ltitudinc
1788 2824 2009 2893 sesqui-

354 2912 569 2985 pedali,
607 2911 677 2967 de
703 2916 857 2965 terra
885 2909 1010 2964 sine
1036 2910 1303 2964 manibus
1334 2909 1600 2979 preeisus
1623 2914 1678 2963 et
1714 2912 2002 2979 sublatus,

2111 340 2500 396 orientalibus
2516 340 2818 396 Abodritis
2836 355 3235 412 pugnanscum
3252 342 3759 416 interisset,popu-

2112 421 2203 477 lus
2232 420 2542 475 Wilzorum
2569 419 2746 475 ﬁlium
2769 420 2896 489 ejus
2930 420 3289 489 Milegastum
3315 421 3591 491 majorem
3614 430 3755 479 natu

2112 524 2305 579 regem
2336 508 2443 562 sibi
2476 508 2819 571 constituit;
2854 509 2957 564 sed
2987 523 3114 565 cum
3154 510 3200 565 is
3228 511 3544 567 secundum
3576 513 3755 569 ritum

2110 599 2301 666 gentis
2318 612 2427 653 non
2448 596 2617 666 digne
2635 597 3089 653 amministraret
3112 613 3375 669 regnum,
3391 600 3754 674 illoabjecto,

2106 687 2323 756 junieri
2358 686 2577 755 regium
2622 686 2896 742 honorem
2935 686 3223 743 delerunt.
3267 688 3650 753 Quamobrem
3682 691 3758 747 ad

2110 774 2467 845 presentiam
2515 774 2885 844 imperatoris
2930 776 3098 830 ambo
3141 781 3446 832 venerunt.
3485 778 3589 844 Qui
3624 795 3755 837 cum

2110 864 2360 920 vidisset
2391 864 2583 933 gentis
2615 864 2972 919 voluntatem
3004 866 3334 935 proniorem
3368 867 3437 921 ad
3463 868 3755 937 juniorem

2114 954 2371 1021 fratrem,
2392 952 2621 1019 statuit,
2641 956 2703 1007 ut
2733 952 2779 1007 is
2802 967 3041 1021 regnum
3067 958 3318 1021 teneret,
3338 956 3540 1012 ambos
3563 964 3755 1014 tamen

2114 1042 2453 1097 muneribus
2470 1041 2716 1097 donatos
2730 1043 2784 1096 et
2806 1047 3174 1098 sacramento
3187 1044 3565 1102 conﬁrmatos
3591 1048 3647 1101 in
3661 1062 3760 1119 pa-

2111 1131 2283 1185 triam
2310 1130 2555 1185 remisit.
2589 1132 2610 1152 "
2633 1161 2700 1169 ——
2726 1130 3053 1201 Letharius,
3091 1130 3375 1203 disposita
3407 1135 3594 1205 Italia,
3625 1152 3755 1193 cum

2108 1220 2221 1289 jam
2250 1218 2440 1273 redire
2462 1221 2773 1287 statueret,
2802 1224 3043 1287 rogante
3066 1220 3329 1276 Paschali
3352 1236 3493 1293 papa
3520 1224 3758 1281 Romam

2114 1307 2291 1377 venit,
2326 1313 2383 1362 et
2416 1307 2733 1363 honoriﬁce
2765 1308 2834 1363 ab
2865 1322 2934 1364 eo
2972 1314 3307 1380 susceptus,
3344 1311 3399 1367 in
3429 1318 3633 1369 sancte
3664 1331 3762 1386 pa-

2115 1398 2268 1453 schae
2291 1397 2383 1453 die
2408 1397 2559 1468 apud
2584 1400 2854 1453 Sanctum
2874 1399 3108 1455 Petrum
3129 1405 3186 1455 et
3211 1401 3371 1470 regni
3404 1417 3677 1459 coronam
3699 1410 3760 1460 et

2117 1486 2561 1557 imperatoriset
2584 1487 2815 1553 augusti
2843 1502 3048 1542 nomen
3070 1490 3317 1558 accepit,
3339 1490 3541 1561 sicque
3566 1507 3762 1550 mense

2114 1575 2283 1630 Junie
2306 1576 2375 1630 ad
2402 1581 2625 1646 patrem
2659 1576 2837 1631 venit.
2858 1608 2927 1616 —
2952 1578 3273 1648 Imperator
3293 1580 3616 1649 Drugenem
3652 1582 3764 1638 l‘ra-

2120 1668 2263 1718 trem
2286 1680 2472 1733 suum,
2498 1665 2645 1735 apud
2662 1666 2999 1720 Mettensem
3016 1666 3339 1722 :ecclcsiam
3354 1670 3461 1724 sub
3480 1671 3761 1727 canonica

2114 1753 2233 1808 vita
2260 1752 2584 1824 degentem,
2619 1753 2776 1809 clero
2798 1753 3054 1823 ejusdem
3081 1756 3243 1812 urbis
3256 1759 3658 1816 consentiente
3679 1767 3765 1816 at-

2115 1856 2226 1911 que
2257 1841 2531 1912 eligente,
2594 1847 2884 1898 rectorem
2920 1843 2997 1899 ibi
3044 1845 3374 1915 constituit,
3409 1861 3657 1919 eumque
3689 1849 3762 1904 ad

2116 1930 2490 2002 pontiﬁcatus
2518 1930 2760 2001 gradum
2782 1934 3112 2003 promoveri
3147 1934 3391 1991 censuit.
3416 1967 3487 1977 --
3516 1938 3764 1995 Ceadro-

2112 2019 2299 2089 ge“"'5
2331 2021 2743 2076 Abedritorum
2794 2021 3062 2093 princeps
3108 2038 3235 2079 cum
3285 2006 3629 2096 quibusdam
3664 2044 3765 2098 pe-

2115 2108 2234 2180 puli
2259 2109 2346 2165 sui
2373 2108 2728 2179 primoribus
2749 2110 2815 2165 ad
2834 2110 3245 2181 imperatorem
3280 2114 3459 2184 venit,
3477 2114 3766 2188 dilatique

2116 2212 2216 2269 per
2244 2202 2327 2253 tot
2357 2212 2539 2253 annos
2563 2198 2848 2256 adventus
2865 2199 2953 2255 sui
2976 2200 3255 2256 rationem
3281 2203 3434 2258 unde
3460 2203 3657 2260 incusa
3670 2206 3766 2259 ha-

2114 2292 2212 2342 tur
2226 2302 2335 2341 non
2352 2286 2818 2356 improhabiliter
2832 2287 3175 2359 reddidit,et
3190 2289 3328 2345 licet
3344 2291 3398 2346 in
3414 2292 3765 2361 quibusdam

2116 2375 2309 2430 causis
2325 2373 2493 2444 culpa
2504 2374 2637 2430 bilis
2652 2380 2826 2445 esset,
2865 2391 2966 2446 per
2980 2377 3184 2433 merita
3201 2384 3505 2449 parentum
3524 2395 3763 2437 suorum

2115 2467 2311 2519 tamen
2331 2478 2441 2519 non
2466 2462 2652 2519 solum
2699 2464 3039 2535 impunitus,
3082 2482 3282 2523 verum
3306 2469 3482 2525 etiam
3514 2472 3767 2525 muneri-

2120 2553 2225 2607 bus
2245 2552 2511 2621 denatus,
2530 2552 2599 2607 ad
2625 2567 2862 2622 regnum
2880 2554 3071 2609 redire
3089 2557 3413 2626 permissus
3425 2572 3489 2613 es
3594 2590 3635 2599 --
3648 2561 3769 2615 Hoc

2118 2654 2264 2695 anno
2282 2641 2542 2710 prodigia
2561 2642 2819 2709 quaedam
2836 2642 3107 2698 extitisse
3123 2649 3456 2715 narrantur,
3479 2646 3768 2717 inquibus

2118 2728 2391 2799 precipua
2417 2734 2585 2782 erant
2622 2733 2975 2786 terrcmotus
2998 2731 3051 2785 in
3080 2734 3329 2802 Aquensi
3354 2733 3589 2805 palatio,
3617 2742 3679 2790 et
3709 2736 3768 2791 in

2120 2817 2422 2872 territorio
2442 2816 2867 2886 Tullcnsijuxta
2890 2819 3081 2874 villam
3099 2822 3587 2879 Cemmerciacum
3604 2824 3770 2895 puel-

2120 2904 2169 2958 la
2204 2903 2293 2936 “7°
2324 2904 2586 2973 quaedam
2642 2919 2923 2961 annorum
2978 2908 3219 2963 circiter
3266 2915 3331 2965 12
3362 2916 3495 2981 post
3540 2927 3767 2967 sacram

352 2978 424 3056 ab
448 3015 518 3056 eo
544 2978 671 3055 loco
708 2999 764 3054 in
802 3013 916 3068 quo
945 3001 1213 3068 sumptus
1234 2978 1427 3052 cstr2:i
1462 2997 1669 3068 pedum
1697 3001 1897 3068 spacio
1925 2978 2007 3053 di-
2040 2978 2087 3039 Ο
2118 2993 2596 3063 communionem,
2625 3009 2792 3064 quam
2817 2995 2870 3049 in
2897 2996 3109 3066 pascha
3135 2997 3206 3053 de
3238 3013 3404 3055 manu
3440 3000 3770 3057 sacerdotis

357 3093 522 3145 stans
540 3088 812 3144 inventus
834 3091 945 3141 est.
966 3088 1107 3141 Item
1136 3086 1189 3141 in
1212 3092 1375 3156 parte
1391 3086 1697 3141 orientalis
1718 3088 2002 3157 Saxonize,

354 3192 483 3248 quae
507 3177 855 3233 Soraborum
881 3174 1091 3229 ﬁnibus
1115 3174 1390 3244 contigua
1416 3179 1526 3243 est,
1558 3174 1609 3228 in
1638 3175 1884 3244 quedam
1912 3177 2009 3231 de-

351 3270 508 3320 serto
534 3263 857 3333 lece,juxta
885 3262 1072 3317 lacum
1101 3263 1194 3331 qui
1221 3262 1438 3318 dicitur
1462 3265 1667 3332 Arnsc,
1698 3264 1751 3317 in
1776 3265 2007 3320 modum

353 3353 584 3423 aggeris
606 3356 763 3407 terra
792 3349 1085 3419 intumuit,
1117 3355 1176 3404 et
1213 3349 1457 3406 limitem
1484 3351 1655 3407 unius
1678 3351 1862 3421 leugze
1889 3352 2010 3409 lon-

351 3442 615 3513 gitudine
650 3444 987 3513 porrectum
1021 3440 1129 3495 sub
1150 3440 1319 3496 unius
1343 3442 1531 3497 nectis
1564 3444 1763 3513 spacio
1788 3446 2008 3515 absque

350 3530 584 3587 humani
615 3529 812 3601 operis
868 3528 1162 3584 molimine
1207 3529 1391 3585 instar
1421 3529 1555 3585 valli
1616 3533 1903 3588 subrexit.
1939 3565 2008 3572 —

353 3619 680 3691 Stephanus
712 3632 857 3690 papa
888 3616 977 3650 “7‘
1009 3617 1189 3682 obiit;
1224 3619 1318 3673 cui
1364 3618 1662 3675 Paschalis
1692 3622 1999 3677 successit.

351 3740 411 3750 —-
448 3709 701 3763 Domnus
748 3707 1063 3778 imperator
1097 3706 1275 3762 ﬁlium
1310 3722 1477 3763 suum
1533 3709 1861 3766 Letharium
1898 3728 2002 3782 pre

354 3794 730 3868 disponendis
752 3795 913 3864 regni
939 3794 1189 3864 negotiis
1240 3794 1292 3849 in
1326 3795 1547 3851 Italiam
1574 3798 1765 3862 misit;
1788 3800 1879 3855 cui
1911 3800 2001 3832 “7’

352 3884 690 3957 precedenti
739 3896 886 3940 anno
918 3882 1355 3953 Irmingardam,
1392 3886 1646 3954 llugonis
1674 3887 1909 3943 comitis
1942 3889 2002 3943 ﬁ-

352 3973 485 4030 liam
510 3971 619 4041 “7’,
646 3971 719 4026 de
752 3985 860 4042 qua
886 3972 983 4027 ille
1006 3973 1267 4043 suscepit
1314 3972 1644 4029 Letharium
1673 3980 1873 4045 postea
1905 3992 1999 4031 cx-

349 4060 832 4118 communicatum
867 4061 956 4131 (A.
995 4060 1176 4131 Lob.),
1220 4061 1586 4117 Ludewicum
1648 4068 1777 4133 post
1810 4080 1873 4119 se
1910 4080 1996 4120 re-

349 4156 620 4221 gnantem
653 4152 711 4204 et
752 4148 1042 4204 Karolum.
1095 4148 1283 4217 (Eme.
1317 4151 1485 4220 arm.)
1518 4151 1821 4221 Pippinum
1856 4169 1994 4209 vero

352 4237 533 4295 ﬁlium
558 4252 725 4294 suum
753 4238 1070 4307 imperator
1102 4237 1158 4291 in
1199 4238 1566 4307 Aquitaniam
1593 4240 1782 4307 misit;
1808 4243 1901 4297 cui
1939 4243 1995 4297 ﬁ-

351 4326 485 4385 liam
512 4325 853 4382 Theoderici
884 4325 1117 4381 comitis
1149 4326 1515 4383 Matriccnsis
1541 4326 1756 4396 junxit.
1788 4333 1807 4353 ‘

492 4417 513 4437 "
544 4414 687 4469 D.E.
727 4412 989 4469 addunt:
1022 4414 1319 4469 Inchoatio
1340 4417 1674 4471 monasterii
1696 4433 1839 4473 neve
1865 4410 2000 4475 Cer-

564 4484 692 4561 beie
726 4484 782 4538 in
830 4483 1075 4561 sexenia
1108 4501 1207 4561 per
1229 4492 1539 4561 “sanctum
1574 4489 1993 4561 Adclhardum,

565 4554 819 4625 antiquas
854 4554 1120 4612 Cerbeize‘
1144 4557 1198 4610 in
1225 4558 1456 4612 Frantia
1490 4559 1781 4615 abbatem.

419 4651 469 4702 9.
506 4648 556 4702 8.
591 4645 657 4699 Α.
690 4644 750 4699 Ι).
776 4646 899 4700 823.
928 4646 1120 4701 Mense
1146 4646 1287 4702 Maio
1310 4652 1602 4703 conventu
1629 4649 1829 4706 habito
1845 4653 1997 4723 apud

348 4733 794 4803 Franconel‘urt,
836 4733 989 4789 inter
1029 4742 1259 4791 ceteras
1313 4737 1697 4793 barbarorum
1758 4740 2001 4809 legatio-

345 4836 449 4880 nes
481 4825 768 4879 venerunt
803 4821 874 4877 ad
909 4822 1323 4893 imperatorem
1344 4823 1458 4881 duo
1489 4826 1702 4883 fratres
1731 4827 1803 4883 de
1822 4843 2001 4899 regno

344 4910 683 4983 Wilzorum,
716 4913 1181 4971 controversiam
1207 4912 1511 4987 habentes,
1536 4916 1798 4987 Milegast
1820 4924 1876 4975 et
1903 4921 2003 4977 Ce-

2120 3083 2366 3153 aecepit,
2387 3083 2508 3137 sine
2523 3084 2672 3137 omni
2692 3084 2881 3140 victus
2899 3085 3190 3141 desiderio
3214 3087 3444 3157 plenum
3472 3088 3769 3146 biennium

2121 3171 2373 3241 usquein
2405 3172 2874 3228 tzirciumannum
2914 3172 3211 3229 dimidium
3237 3175 3572 3247 complevit,
3604 3177 3767 3233 nulla

2124 3260 2355 3329 penitus
2386 3260 2649 3331 corporis
2674 3261 2943 3317 alimenta
2968 3263 3319 3333 percipiens.
3350 3266 3536 3336 Coepit
3567 3273 3766 3321 autem

2115 3347 2376 3416 jejunare
2409 3365 2557 3404 anno
2581 3350 3317 3413 dominicaeincarnationis
3337 3356 3440 3409 823
3462 3369 3491 3409 a
3526 3355 3765 3425 pascha,

2120 3441 2177 3490 et
2210 3437 2263 3490 in
2287 3440 2390 3491 8225
2437 3437 2595 3493 circa
2617 3437 2851 3493 inicium
2876 3439 3239 3509 Novembris,
3269 3442 3766 3512 peractojejunio,

2120 3524 2309 3580 cibum
2351 3539 2581 3580 sumere
2624 3540 2689 3579 ac
2721 3532 3054 3582 ceterorum
3095 3528 3386 3584 hominum
3421 3544 3579 3586 more
3613 3544 3773 3585 man-

2118 3612 2384 3669 ducando
2406 3613 2603 3668 vivere
2621 3615 2818 3684 coepit.
2842 3647 2902 3654 —
2931 3617 2987 3670 ln
3018 3616 3261 3673 Saxenia
3287 3632 3516 3689 quoque
3540 3619 3595 3673 in
3613 3633 3770 3690 pago

2118 3703 2409 3758 Firihsaze
2431 3707 2498 3756 23
2519 3702 2671 3757 villa:
2698 3703 2827 3771 igne
2850 3703 3069 3759 caelesti
3090 3711 3364 3762 crematae
3392 3711 3550 3777 sunt,
3577 3709 3769 3763 ctl‘ul-

2113 3805 2256 3859 gura
2292 3790 2347 3844 in
2379 3804 2585 3846 sereno
2610 3791 2726 3845 visa
2764 3798 2900 3847 sunt
2931 3797 3105 3862 atque
3130 3794 3384 3849 interdiu
3410 3795 3481 3850 de
3502 3794 3650 3852 caelo
3673 3811 3769 3852 ce-

2113 3878 2487 3935 ciderunt.—
2508 3881 2564 3933 In
2586 3880 2885 3935 territorio
2910 3882 3237 3938 Cunictcnsi
3266 3883 3482 3940 Italicae
3505 3885 3770 3942 civitatis

2112 3983 2167 4038 in
2213 3968 2340 4023 vice
2374 3969 2713 4023 Grahadena
2753 3969 2806 4023 in
2837 3970 3104 4025 :ecelesia
3136 3972 3325 4027 sancti
3355 3974 3636 4030 Johannis
3667 3976 3769 4029 Ba-

2111 4056 2308 4127 ptistae
2346 4038 2531 4127 iinage
2566 4062 2784 4113 saneta}
2810 4058 2998 4113 Mariae
3019 4074 3262 4129 puerum
3285 4061 3521 4118 Jhesum
3542 4064 3769 4133 gremio

2108 4146 2438 4213 continens,
2462 4145 2516 4200 in
2534 4144 2733 4200 absida
2758 4145 3017 4214 ejusdem
3034 4147 3315 4205 :eeclesiae
3331 4150 3587 4221 depicta,
3603 4156 3661 4206 et
3691 4153 3768 4206 ob

2114 4233 2344 4288 nimiam
2367 4238 2721 4289 vetustatem
2742 4235 3054 4290 obscurata
3077 4250 3342 4308 peneque
3365 4238 3579 4307 deleta,
3600 4243 3767 4293 tanta

2029 4336 2079 4395 D
2110 4322 2380 4378 claritate
2416 4322 2777 4393 perduerum
2802 4323 3025 4379 dierum
3063 4325 3257 4395 spacia
3290 4326 3530 4395 ell‘ulsit,
3561 4331 3620 4382 ut
3645 4342 3767 4382 om-

2112 4425 2240 4466 nem
2266 4409 2635 4480 splendorem
2680 4426 2845 4469 nova:
2871 4412 3117 4483 picturae
3141 4429 3262 4469 suze
3284 4415 3611 4472 venustatis
3642 4416 3770 4487 pul-

2112 4498 2444 4555 chritudine
2461 4500 2695 4571 penitus
2709 4500 2942 4557 vincere
2958 4501 3277 4559 videretur.
3293 4504 3574 4574 lmagines
3586 4505 3769 4564 etiam

2114 4603 2411 4658 magorum
2446 4604 2686 4645 munera
2718 4589 3085 4646 oﬂ‘ercntium
3112 4591 3279 4661 juxta
3308 4606 3431 4647 eam
3463 4600 3635 4649 erant
3664 4594 3765 4650 de-

2115 4676 2304 4749 pictzc,
2341 4691 2485 4748 quas
2516 4682 2715 4749 preter
2745 4694 2981 4734 munera
3013 4694 3141 4751 quae
3171 4680 3492 4739 offerebant
3520 4682 3770 4741 claritas

2116 4764 2213 4821 illa
2246 4766 2481 4821 minime
2514 4765 2859 4823 irradiabat.

2291 4858 2315 4879 *
2344 4856 2407 4932 ΒΑ.
2427 4856 2810 4932 _E._addzmt:
2845 4857 3146 4914 Paschalis
3174 4889 3245 4899 —
3275 4861 3655 4932 transposuit.
3690 4874 3773 4918 ea:

2361 4926 2566 4999 Sigea.
2599 4941 2654 4984 a.
2689 4932 2810 4984 821.

1733 5035 1971 5098 νΑΗΙΑς
2008 5040 2411 5101 LECTIONES.

416 5139 509 5220 {"3
538 5158 761 5220 quia--
782 5144 1153 5203 Ludewicum
1184 5148 1251 5205 in
1294 5150 1568 5220 margine
1608 5151 1787 5209 addit
1836 5160 1887 5209 1.
1946 5156 2163 5216 desunt
2189 5158 2271 5214 1b.
2356 5156 2448 5190 “0°

347 5211 443 5249 “7°
471 5211 791 5293 secundum
812 5220 1188 5293 —-successit
1217 5221 1286 5277 in
1329 5211 1605 5293 margine
1630 5223 1847 5282 desunt
1888 5231 1945 5284 4.

344 5296 540 5357 supra
562 5286 695 5357 post
719 5287 989 5357 inventus
1016 5296 1109 5345 est
1136 5290 1414 5357 legantur
1442 5286 1492 5349 5'.
1526 5295 1610 5348 9°.
1655 5300 1735 5353 10.
1768 5300 1861 5353 41.

346 5354 649 5427 eiusmodi
666 5355 1017 5421 vocabulum
1038 5354 1212 5422 deest.
1256 5424 1257 5427 η
1292 5359 1382 5398 “7‘
1401 5363 1596 5423 liuthit
1614 5365 1698 5425 1b.

342 5431 427 5493 in
454 5422 817 5486 lacerarat.

2480 5158 2968 5236 quae—Calvum
3011 5160 3079 5217 in
3133 5163 3411 5236 margine
3456 5162 3764 5236 addit_i.

2058 5228 2153 5307 “71_
2179 5228 2511 5307 Stephanus
2531 5259 2601 5307 -ς
2623 5232 2912 5287 successit
2944 5231 3011 5288 in
3041 5228 3338 5307 ῃαγθῦιθ
3370 5238 3424 5307 1.
3461 5234 3765 5307 decenti.

1947 5298 2038 5333 “7’
2059 5298 2449 5372 cui—junxit
2480 5302 2547 5357 in
2574 5302 2694 5360 loco
2720 5316 2861 5360 raso
2894 5308 2951 5360 1.

1787 5367 1876 5404 ηπ
1895 5371 1989 5431 ita
2000 5386 2197 5433 omnes
2217 5367 2368 5447 g'uos
2387 5372 2519 5433 vidi
2538 5372 2702 5432 codd.
2727 5373 3075 5447 celeadrogo
3088 5382 3112 5434 1
3125 5382 3174 5435 1.
