3992 6062
277 208 394 269 873

1149 224 1588 293 CHRONICA.
1625 267 1702 278 -
1734 231 2206 302 CHRONICON
2251 198 2804 310 UNIVERSALE.

3563 262 3680 323 874

336 349 414 399 10.
445 347 495 400 9.
530 345 715 416 (Eme.
744 350 921 423 Ama.)
955 355 1015 408 A.
1054 355 1116 410 D.
1147 360 1267 414 824.
1300 361 1597 422 Paschalis
1620 381 1763 439 papa
1791 368 1910 425 vita
1944 374 1995 433 A
2029 386 2143 442 qua
2175 374 2408 433 domino
2447 377 2786 450 imperatori
2831 381 3069 439 allatum
3101 389 3192 442 est
3224 387 3293 443 ad
3328 391 3680 464 Aquisgrani

337 434 515 464 anno“
577 436 630 464 1η
661 437 1038 464 η..ζ....1-..--..-
1077 459 1190 464 μμ--
1233 447 1253 464 ,1
1318 463 1324 464 ,
1602 459 1611 464 .
1703 456 1740 464 ..
2107 462 2117 464 1
2200 463 2204 464 ,

258 432 539 490 decessit.
576 436 632 490 In
658 437 828 507 cujus
852 440 1040 497 locum
1069 459 1197 501 cum
1223 447 1337 504 duo
1357 466 1461 521 per
1482 432 1915 514 contentionem

258 522 457 592 populi
504 524 751 581 fuissent
796 526 989 597 electi,
1036 533 1329 604 Eugenius
1373 544 1586 613 tamen,
1623 547 1916 615 presbiter

250 608 654 689 11111118εηοιω
677 614 923 687 Sabinae,
949 619 1217 679 vincente
1248 627 1528 685 nobilium
1553 608 1738 703 parte,
1769 650 1914 706 papa

254 701 382 753 99‘"
412 700 740 773 ordinatur,
775 705 1047 777 seditque
1078 724 1260 768 annos
1294 719 1344 770 3.
1383 700 1579 789 Legati
1616 700 1916 779 Michaelis

255 786 629 857 imperatoris
691 793 1322 870 Constantinopolitani
1381 786 1914 880 advimperatorem

257 874 630 935 Ludewicum
664 897 769 952 pro
802 899 943 955 pace
986 888 1377 950 conﬁrmanda
1411 911 1539 953 eum
1576 902 1917 958 muneribus

254 969 310 1020 et
338 962 559 1024 litteris
580 977 889 1043 venerunt,
920 976 1323 1051 condignoque
1348 998 1634 1057 responso
1658 985 1916 1047 absoluti

257 1060 413 1110 sunt.
441 1058 464 1079 ‘
485 1088 555 1097 —-
581 1060 695 1116 Hec
727 1075 875 1117 anno
907 1066 1111 1134 paucis
1133 1074 1264 1139 post
1288 1073 1550 1131 aestivale
1581 1076 1916 1135 solsticium

254 1143 463 1200 diebus
490 1144 547 1201 in
573 1148 878 1206 territorio
908 1154 1429 1232 Augustidunensi,
1455 1178 1589 1220 aere
1613 1166 1666 1220 in
1696 1173 1916 1238 tempe-

255 1236 469 1290 statem
497 1235 693 1291 subita
718 1240 1041 1297 mutatione
1067 1259 1373 1321 converso,
1401 1250 1609 1321 ingens
1634 1235 1919 1325 fragmen-

256 1412 369 1477 tur,
391 1409 559 1479 cujus
587 1410 894 1482 longitudo
915 1397 1201 1493 pedesia,
1230 1397 1483 1485 latitudo
1500 1431 1551 1499 7,
1579 1397 1916 1487 crassitudo

260 1496 412 1554 duos
442 1497 712 1557 habuisse
751 1502 985 1562 dicitur.

397 1588 419 1610 ⁶
450 1587 511 1642 Ι).
645 1590 919 1666 addunt:
940 1595 1100 1666 Inter
1129 1603 1324 1657 cetera
1364 1619 1602 1662 munera
1628 1639 1685 1648 -ο
1716 1607 1794 1664 ibi
1828 1625 1913 1666 sa-

467 1658 640 1715 natis.
686 1674 762 1717 ea:
790 1664 994 1736 .S'igeb.

326 1749 410 1799 11.
450 1750 533 1801 10.
669 1749 731 1803 Ι).
777 1753 898 1808 825.
952 1755 1163 1813 Habito
1203 1761 1552 1832 Aquisgrani
1596 1774 1908 1855 conventu,

253 1830 433 1903 legati
490 1834 801 1906 Bulgarum
834 1855 941 1911 pro
978 1830 1413 1906 constituendis
1452 1854 1717 1911 terminis
1757 1830 1912 1914 inter

256 1922 512 1979 Francos
535 1929 593 1979 et
619 1924 902 1996 Bulgares
931 1930 1001 1986 ad
1035 1934 1445 2006 imperatorem
1479 1948 1786 2017 venerunt,
1822 1961 1913 2003 re-

255 2022 595 2082 sponsoque
639 2022 902 2088 accepto,
940 2021 1261 2079 redierunt.

323 2103 409 2155 12.
453 2104 533 2156 11.
572 2103 635 2157 Α.
671 2104 733 2160 D.
772 2110 893 2162 826.
939 2109 1306 2186 Hilduvinus,
1351 2117 1529 2173 abbas
1568 2116 1906 2178 monasterii

251 2187 447 2243 Sancti
492 2190 734 2247 Dionisii
775 2196 930 2266 apud
969 2199 1256 2257 Parisium
1288 2206 1556 2277 sacrique
1585 2209 1785 2279 palatii
1817 2225 1907 2268 ar-

250 2274 712 2350 chicapellanus,
748 2287 975 2340 Romam
1011 2288 1267 2360 mittens,
1309 2274 1600 2351 annuente
1630 2298 1905 2367 precibus

242 2363 371 2433 ejus
391 2366 669 2437 Eugenio,
694 2376 911 2429 sanctae
931 2375 1089 2433 sedis
1108 2380 1451 2449 apostolicae
1471 2388 1609 2440 tunc
1627 2363 1897 2461 praesule,

249 2466 470 2523 corpus
504 2455 826 2515 beatissimi
862 2466 1135 2536 martyris
1157 2468 1370 2524 Christi
1393 2455 1713 2530 Sebastiani
1739 2455 1901 2534 acce;

246 2539 355 2611 pit,
387 2546 446 2597 et
481 2543 625 2601 illud
659 2550 809 2619 apud
845 2551 1194 2611 Suessonam
1217 2557 1517 2616 civitatem
1550 2563 1604 2617 in
1638 2564 1894 2636 basylica

236 2631 427 2685 sancti
457 2633 707 2691 Medardi
735 2639 1077 2710 collocavit;
1111 2646 1208 2701 libi
1243 2647 1378 2703 dum
1407 2649 1596 2707 adhuc
1630 2631 1896 2711 inhuma-

242 2721 362 2774 tum
403 2719 457 2775 in
493 2720 686 2780 loculo
730 2741 844 2797 quo
885 2730 1121 2788 allatum
1156 2735 1365 2806 fuerat,
1399 2739 1564 2808 juxta
1610 2744 1895 2800 tumulum

241 2808 434 2863 sancti
479 2811 731 2869 Medardi
767 2816 1010 2890 jaceret,
1047 2826 1207 2878 tanta
1240 2825 1538 2895 signorum
1580 2831 1894 2889 multitudo
1956 2886 1957 2889 η

239 2895 475 2968 enituit,
513 2906 577 2955 ut
609 2915 637 2956 a
672 2904 831 2960 nullo
861 2909 1190 2966 mortalium
1230 2922 1329 2968 aut
1372 2931 1609 2973 numero
1638 2934 1896 2993 compre-

239 2981 418 3041 hendi
454 2994 554 3044 aut
584 2992 781 3049 verbis
812 2994 999 3051 valeat
1030 3002 1323 3069 enarrari;
1354 3019 1599 3073 quorum
1634 3011 1895 3079 quaedam

2030 462 2328 533 palatium.
2367 498 2430 507 —
2464 466 2633 537 (σήν.
2690 471 2795 542 W.)
2829 473 3120 530 Wettinus
3150 478 3455 545 Augiensis
3487 462 3679 541 mona-

2028 551 2176 608 chus
2200 552 2254 608 in
2280 554 2495 625 spiritu
2520 562 2744 629 raptus,
2771 561 3187 619 ammirabilem
3210 566 3354 623 vidit
3372 569 3672 629 visionem.

2102 664 2186 714 15.
2230 662 2311 715 14.
2349 662 2535 731 (ΕιΝιι.
2569 666 2749 736 Ann.)
2782 668 2844 721 A.
2880 669 2942 723 Ι).
2972 673 3093 725 829.
3144 673 3205 727 In
3255 672 3385 744 ipso
3433 678 3677 746 quadra-

2026 748 2293 816 gesimali
2314 749 2536 820 jejunio
2558 754 2761 824 paucis
2783 760 2917 812 ante
2934 765 3199 815 sanctum
3225 762 3446 820 Pascha
3471 765 3680 823 diebus

2032 836 2378 906 Aquisgrani
2404 845 2777 899 terraimotus
2802 849 2974 901 noctu
3001 848 3188 905 factus
3209 854 3319 917 est,
3355 857 3678 924 ventusque

2027 926 2146 979 tam
2190 926 2503 984 vehemens
2544 934 2808 1002 exortus,
2853 939 2917 989 ut
2959 950 3069 991 non
3111 936 3293 994 solum
3336 941 3676 999 humiliores

2029 1012 2250 1083 domos,
2292 1029 2496 1071 verum
2536 1018 2711 1073 etiam
2754 1018 2938 1090 ipsam
2977 1029 3194 1081 sancta;
3234 1028 3335 1082 Dci
3374 1031 3678 1097 genitricis

2029 1100 2362 1173 hasylicam,
2390 1119 2558 1175 quam
2580 1106 2865 1179 capellam
2890 1118 3117 1181 vocant,
3147 1117 3362 1184 tegulis
3385 1117 3675 1188 plumbeis

2027 1193 2265 1261 tectam,
2301 1207 2415 1248 non
2450 1194 2671 1251 modica
2706 1197 3032 1256 denudaret
3062 1216 3134 1257 ex
3164 1210 3350 1274 parte.

2099 1284 2184 1335 16.
2224 1284 2305 1335 15.
2344 1284 2406 1338 A.
2444 1284 2505 1338 D.
2540 1286 2662 1339 830.
2701 1285 2981 1343 Michahel
3014 1289 3333 1361 imperator
3362 1295 3526 1350 obiit.

2100 1374 2182 1423 17.
2222 1370 2305 1426 16.
2347 1374 2408 1426 Α.
2442 1372 2503 1426 D.
2539 1375 2661 1429 83l.
2700 1373 3025 1432 Secundum
3051 1380 3331 1449 quosdam
3358 1384 3523 1451 (θήν.
3566 1388 3672 1457 W.)

2025 1456 2324 1513 Paschalis
2373 1474 2519 1530 papa
2567 1461 2734 1535 obiit,
2794 1463 2964 1534 eique
3014 1467 3305 1537 Eugenius
3360 1456 3667 1533 successit.

2028 1545 2282 1616 Corpora
2322 1562 2657 1605 sanetorum
2686 1549 2964 1624 Valentis,
3002 1555 3217 1613 Sencsii
3251 1562 3308 1613 et
3335 1561 3671 1634 Theopontii

2026 1634 2083 1687 in
2127 1635 2366 1704 Augiam
2410 1635 2659 1693 insulam
2702 1638 3066 1699 deferuntur.
3106 1645 3475 1720 Theophilus,
3520 1651 3672 1709 ﬁlius

1942 1730 1995 1788 Β
2025 1722 2379 1795 Michahelis,
2412 1727 2677 1795 regnavit
2707 1743 2890 1785 annos
2923 1735 3005 1787 12.

2166 1832 2188 1853 '
2220 1831 2282 1884 D.
2319 1832 2726 1906 (initiocnm')
2750 1837 2809 1892 et
2833 1838 2894 1892 E.
2929 1839 3165 1896 addunt
3190 1862 3209 1897 .-
3240 1844 3573 1903 Amularius
3602 1880 3671 1890 -ρ

2236 1916 2436 1972 regum
2478 1904 2618 1960 edit.
2652 1904 2727 1963 ea:
2750 1907 2955 1978 Sigeb.
2989 1925 3044 1966 α.
3081 1915 3205 1968 827.

2094 2012 2177 2063 19.
2218 2011 2300 2064 18.
2338 2008 2427 2079 (Α.
2465 2010 2622 2084 Lob.)
2666 2015 2728 2068 Α.
2769 2014 2833 2069 D.
2873 2020 2995 2073 833.
3040 2018 3363 2090 Imperator
3404 2023 3522 2080 ﬁlio
3562 2041 3667 2082 suo

2018 2094 2229 2153 Karolo
2262 2112 2337 2154 ex
2366 2099 2565 2154 Judith
2599 2107 2735 2157 nato
2766 2102 2931 2160 dedit
2961 2106 3377 2181 Alamanniam,
3403 2113 3666 2170 Rhetiam

2017 2188 2075 2240 et
2108 2189 2333 2255 partem
2378 2188 2747 2260 Burgiindiae,
2791 2191 3228 2263 indignantibus
3259 2203 3478 2257 ceteris
3510 2203 3661 2259 ﬁliis.

2086 2278 2180 2331 24.
2220 2278 2314 2330 23.
2357 2280 2421 2333 Α.
2468 2278 2532 2332 Ι).
2576 2281 2698 2334 838.
2740 2280 3040 2354 Pippinus,
3084 2283 3238 2341 ﬁlius
3279 2287 3665 2363 imperatoris,

2012 2363 2181 2421 obiit.

2085 2456 2173 2509 215.
2209 2456 2295 2508 24.
2342 2458 2405 2511 Α.
2448 2457 2509 2512 D.
2543 2460 2669 2514 839.

2081 2546 2168 2598 26.
2204 2547 2292 2599 25.
2330 2546 2392 2599 Α.
2428 2546 2492 2600 D.
2531 2548 2653 2602 840.
2703 2547 3045 2606 Ludewicus
3077 2550 3395 2624 imperator
3425 2555 3572 2613 obiit
3603 2562 3668 2615 12

2009 2630 2249 2687 Kalend.
2296 2632 2407 2688 Jul.
2430 2676 2445 2703 ,
2491 2635 2880 2707 sepultusque
2919 2642 3010 2695 est
3043 2639 3097 2695 in
3129 2641 3396 2700 mcclesia
3428 2645 3670 2708 Metten.

2008 2720 2056 2775 si
2091 2718 2200 2773 1179.

2080 2816 2128 2865 1.
2166 2771 2333 2880 (Chr.
2381 2812 2461 2867 W.
2485 2815 2642 2870 —A.
2673 2813 2808 2871 Iob.
2832 2771 3007 2907 —-ij.
3044 2817 3185 2875 0hr.
3226 2820 3331 2893 W.)
3366 2826 3529 2882 Anno
3559 2828 3668 2907 Do_

1958 2894 1959 2897 “
2010 2899 2233 2955 miuicm
2260 2900 2674 2959 incarnationis
2694 2907 2817 2973 841,
2845 2905 2917 2960 ab
2942 2906 3095 2963 Urbe
3119 2924 3257 2966 vero
3278 2913 3519 2970 condita
3541 2894 3672 2991 mil:

2009 2987 2216 3043 lesimo
2244 2992 2367 3057 592,
2401 2989 2768 3062 Ludewicus,
2804 2994 3131 3064 superioris
3164 2998 3454 3058 Ludewici
3486 2987 3661 3094 illius;

234 3073 386 3127 tanti
416 3079 677 3148 stuporis
698 3096 825 3137 esse
848 3092 1179 3157 narrantur,
1208 3096 1268 3145 ut
1295 3090 1558 3150 humanae
1591 3073 1900 3160 imbecilli-
1929 3086 1978 3149 Ο
2008 3081 2104 3132 7δ⁰
2130 3075 2374 3133 “801000
2405 3078 2478 3132 ab
2510 3080 2792 3149 Augusm’
2827 3095 3072 3151 regnare
3103 3088 3302 3157 cwpit’
3327 3096 3383 3143 et
3408 3096 3475 3145 30
3498 3099 3666 3155 annis

237 3161 381 3217 tatis
406 3161 576 3220 ﬁdem
600 3171 974 3238 excederent,
999 3176 1108 3230 nisi
1134 3182 1359 3234 certum
1384 3191 1542 3239 esset
1566 3187 1894 3260 Dominum,

236 3263 348 3320 pro
373 3265 487 3321 quo
511 3253 635 3325 ipse
661 3273 868 3327 passus
901 3266 1012 3332 est,
1047 3266 1237 3322 omnia
1273 3282 1467 3338 posse.

310 3342 396 3396 13.
432 3346 517 3397 12.
554 3346 619 3400 A.
653 3346 715 3400 D.
751 3351 872 3404 82.7.
925 3351 1218 3421 Eugenius
1270 3372 1414 3429 papa
1462 3374 1657 3419 mense
1710 3367 1901 3436 Augu-

238 3433 334 3484 sto
370 3429 664 3497 decessit;
691 3435 747 3490 in
781 3437 950 3507 cujus
979 3439 1169 3497 locum
1202 3444 1542 3505 Valentinus
1570 3429 1897 3511 diaconu'sa

236 3516 513 3576 Romanis
572 3537 719 3594 papa
778 3529 1144 3587 centesimus
1193 3533 1522 3608 ordinatus,
1577 3540 1674 3595 vix
1724 3557 1899 3599 unum

235 3619 496 3663 mensem
523 3609 579 3664 in
607 3613 951 3682 pontiﬁcatu
972 3619 1291 3691 complevit
1314 3622 1422 3679 “77.
1451 3627 1576 3693 Quo
1598 3628 1895 3703 defuncto,

239 3694 578 3769 Gregorius,
614 3704 907 3770 presbiter
935 3706 1091 3762 tituli
1123 3712 1309 3765 sancti
1340 3713 1534 3785 Marci,
1563 3730 1711 3787 papa
1739 3694 1901 3774 101αέ

235 3782 461 3843 electus
493 3793 604 3857 est,
638 3789 737 3844 sed
762 3796 895 3847 ante
919 3807 1031 3849 non
1054 3802 1139 3851 est
1166 3798 1474 3857 ordinatus
1506 3782 1677 3873 quam
1708 3805 1884 3877 impe-

236 3874 458 3929 ratoris
491 3874 720 3946 legatus
754 3880 992 3937 Romam
1027 3885 1288 3956 veniens,
1314 3888 1660 3946 electionem
1698 3874 1900 3967 populi

240 3963 434 4032 qualis
484 3969 640 4021 esset
689 3970 1060 4027 examinavit.
1097 3972 1222 4039 Quo
1270 3977 1612 4049 decedente,
1663 3963 1903 4053 Sergius

240 4064 388 4123 papa
420 4056 582 4107 102us
611 4058 931 4127 successit;
966 4065 1100 4132 post
1132 4077 1300 4132 quem
1332 4064 1445 4121 Leo
1478 4072 1641 4123 103ml
1668 4070 1897 4137 extitit,

240 4141 265 4161 "
291 4140 546 4212 Corpora
565 4142 656 4177 “7‘
674 4150 1008 4204 sanctorum
1033 4146 1349 4207 Marcellini
1370 4158 1428 4209 et
1445 4155 1604 4212 Petri
1624 4158 1694 4213 de
1714 4159 1893 4217 Roma

245 4228 302 4282 in
328 4229 686 4288 Germaniam
714 4236 995 4293 translata
1021 4253 1217 4296 mense
1238 4242 1567 4316 Novembri,
1594 4247 1900 4306 miraculis

246 4315 572 4377 clariﬁcata
606 4327 759 4379 sunt.

2012 3164 2296 3233 regnavit.
2329 3164 2426 3235 (A.
2455 3165 2614 3239 Lob.)
2646 3169 2778 3224 Post
2805 3176 3047 3227 mortem
3071 3188 3211 3231 vero
3238 3179 3423 3246 patris
3446 3183 3537 3238 sui
3564 3186 3665 3242 Lu-

2012 3252 2223 3310 dewici
2260 3254 2654 3326 imperatoris,
2691 3259 2871 3314 frater
2904 3259 3030 3328 ejus
3066 3263 3368 3324 Lotharius
3395 3285 3665 3331 reversus

2011 3344 2082 3399 de
2114 3342 2301 3413 Italia,
2334 3350 2391 3398 et
2424 3343 2726 3416 Pippinus,
2766 3345 2918 3404 ﬁlius
2949 3350 3177 3422 Pippini
3214 3357 3405 3426 patrui
3447 3361 3554 3431 sui,
3592 3362 3663 3420 de

2013 3432 2344 3502 Aquitania,
2367 3432 2681 3489 voluerunt
2703 3436 2995 3501 Karolum.
3017 3438 3195 3497 ﬁlium
3211 3444 3430 3515 Iudith,
3453 3463 3665 3519 cogno-

2013 3521 2164 3575 mine
2196 3521 2454 3590 Calvum,
2484 3536 2549 3577 ea
2578 3528 2741 3593 parte
2766 3537 2933 3595 quam
2958 3528 3065 3583 sibi
3095 3536 3261 3600 pater
3285 3543 3659 3595 conoesserat

2011 3610 2266 3682 privare,
2302 3616 2363 3666 et
2392 3613 2710 3668 secundum
2754 3613 2809 3669 id
2850 3620 3283 3692 testamentum,
3323 3625 3472 3694 quod
3517 3642 3659 3684 avus

2012 3712 2215 3755 eorum
2245 3699 2492 3757 Karolus
2525 3702 2757 3772 Magnus
2787 3709 3098 3777 statuerat,
3127 3708 3182 3763 in
3206 3715 3326 3767 tres
3354 3720 3551 3783 partes
3579 3716 3660 3773 in-
3720 3750 3727 3759 -

2011 3792 2106 3844 ter
2129 3802 2189 3844 se
2213 3802 2387 3859 regna
2414 3788 2693 3846 dividere.
2722 3791 2841 3858 Qua
2868 3794 2938 3850 de
2963 3810 3025 3850 re
3050 3797 3202 3868 apud
3227 3801 3662 3861 Autisiodoren-

2012 3892 2133 3933 sem
2176 3892 2405 3948 pagum,
2443 3878 2497 3933 in
2535 3878 2662 3935 loco
2705 3881 2800 3950 qui
2840 3882 3055 3939 dicitur
3096 3886 3439 3960 Fontaneth,
3481 3906 3660 3961 grave

2015 3966 2279 4038 praelium
2314 3965 2467 4021 inter
2487 3980 2591 4022 eos
2611 3969 2984 4026 commissum
3015 3978 3126 4042 est,
3151 3978 3210 4028 et
3235 3990 3435 4046 magna
3462 3985 3660 4051 strage

2014 4058 2356 4125 pugnatum,
2392 4067 2421 4108 a
2455 4059 2660 4109 neutra
2695 4061 2784 4110 est
2817 4064 2981 4127 parte
3015 4060 3450 4132 triumphatum.
3490 4066 3653 4135 (Chr.

2028 4144 2133 4213 W.)
2157 4141 2402 4197 Tandem
2422 4156 2563 4198 vero
2584 4142 2889 4213 paciﬁcati,
2916 4160 3017 4216 per
3036 4155 3286 4218 quatuor
3310 4155 3658 4213 tetrarchias

1969 4222 1979 4229 ’
2014 4246 2189 4301 regna
2231 4230 2515 4287 dividunt.
2552 4232 2614 4286 In
2647 4229 2736 4264 “'1
2768 4232 3057 4292 divisione
3100 4252 3409 4308 regnorum
3457 4243 3658 4301 Lotha-

2012 4321 2136 4377 rius
2157 4334 2287 4377 cum
2312 4320 2539 4377 nomine
2575 4320 2947 4393 imperatoris
2978 4327 3239 4397 possedit
3273 4330 3519 4401 Italiam,
3555 4333 3659 4390 Lu-

386 4412 409 4432 ρ
434 4410 494 4465 ο,
528 4412 587 4468 Ε,
624 4414 857 4471 addam
881 4435 900 4471 ε
933 4417 1034 4473 me
1080 4421 1409 4493 constituit,
1462 4428 1525 4479 αι
1577 4427 1799 4482 octavae
1832 4457 1894 4469 _
1927 4440 1981 4502 Β
2013 4408 2274 4502 devvicus
2296 4409 2679 4482 Germaniam,
2701 4411 2979 4482 Pippinus
2999 4416 3387 4489 Aquitaniam,
3412 4421 3658 4479 Karolus

459 4482 654 4566 ﬁebat.
698 4487 1194 4566 Decrevitetiam.
1233 4496 1293 4548 ut
1329 4482 1463 4549 dum
1495 4526 1564 4534 —
1594 4504 1897 4566 presumat

459 4554 577 4635 nisi
592 4560 818 4635 tantum
847 4559 1096 4615 ministri
1121 4562 1343 4635 altaris.
1372 4579 1446 4620 ex
1462 4554 1665 4635 .S'z'géb.
1690 4581 1745 4624 α.
1767 4571 1889 4625 847.

459 4624 519 4680 et
541 4625 583 4680 D
608 4644 620 4679 :
646 4627 918 4686 Rabanus
950 4635 1267 4690 monachus
1298 4634 1355 4691 in
1385 4624 1629 4693 scientia
1670 4624 1895 4696 littera-

460 4709 585 4751 rum
608 4698 751 4753 nulli
778 4705 1075 4759 secundus
1103 4734 1157 4743 —
1176 4705 1353 4762 misit.
1379 4722 1455 4764 ea:
1469 4709 1667 4766 eodem
1684 4723 1741 4766 α.
1763 4713 1888 4768 824.

457 4768 516 4822 et
540 4786 560 4823 :
590 4769 899 4828 Tractatus
930 4773 1103 4829 etiam
1131 4806 1201 4815 -—
1225 4777 1427 4835 edidit.
1461 4793 1536 4837 ex
1564 4795 1620 4837 α.
1655 4785 1779 4838 827.

318 4856 403 4910 14.
439 4859 525 4911 13.
559 4857 622 4911 Α.
658 4858 719 4911 D.
755 4863 879 4915 828.
916 4860 973 4915 In
1007 4863 1244 4932 regione
1278 4867 1577 4924 Wasconia
1602 4872 1767 4926 trans
1791 4870 1895 4926 Ga-

244 4956 486 4999 ronnam
519 4944 575 4998 in
608 4958 756 5015 pago
798 4947 1070 5017 Aginensi
1113 4966 1393 5009 annonam
1436 4955 1507 5011 de
1548 4956 1691 5014 casio
1727 4959 1893 5029 quasi

2011 4496 2273 4555 Galliam.

2079 4585 2445 4658 Theophylus
2462 4585 3474 4666 imperatorConstantinopolitanus
3486 4597 3652 4669 obiit,

2008 4674 2178 4745 cujus
2201 4674 2356 4731 illius
2375 4675 2655 4732 Michahel
2681 4680 2943 4748 regnavit
2967 4682 3132 4738 annis
3154 4687 3249 4739 26.
3280 4687 3301 4707 '

2149 4782 2255 4837 Ἰ),
2300 4782 2361 4837 Ε.
2393 4781 2666 4841 addunt:
2692 4786 2813 4840 Rex
2856 4787 3161 4857 Bulgarum
3203 4788 3272 4844 ad
3316 4789 3653 4846 Christiani-

2088 4864 2094 4875 ’
2221 4868 2407 4911 smum
2437 4884 2508 4894 —
2537 4860 2960 4926 perseveravit.
2991 4873 3065 4914 ex
3091 4859 3293 4930 Siyeb.
3328 4878 3384 4917 ιι.
3419 4868 3541 4918 865.

2079 4963 2129 5017 4.
2166 4961 2229 5016 Α.
2265 4960 2327 5015 D.
2362 4962 2485 5017 844.
2533 4960 2751 5019 Bellum
2786 4962 2893 5018 fuit
2924 4962 3076 5020 inter
3107 4965 3434 5039 Pippinum,
3471 4967 3651 5025 [ilium

242 5030 501 5104 pluviam
528 5032 900 5093 descendisse
927 5038 1139 5108 ferunt,
1176 5041 1422 5098 similem
1450 5045 1757 5118 frumento,
1792 5047 1894 5105 sed
2005 5050 2256 5122 Pippini,
2287 5054 2344 5106 et
2374 5050 2668 5108 Karolum.

241 5121 541 5194 paululum
562 5123 830 5180 breviora
850 5140 916 5182 ac
933 5129 1274 5185 rotundiora
1291 5146 1471 5201 grana
1492 5135 1793 5209 habuisse,
1822 5136 1892 5194 de

2077 5145 2128 5196 7.
2163 5141 2227 5195 A.
2262 5142 2325 5198 D.
2359 5144 2482 5199 847.
2525 5140 2726 5199 Iudith
2759 5140 2850 5176 “3’
2881 5142 3243 5218 imperatrix,
3288 5162 3434 5205 uxor
3473 5150 3653 5208 Lude-

1612 5287 1850 5346 νΑΒιΑε
1891 5294 2289 5353 LECTIONES.

322 5400 414 5435 “7"
448 5401 546 5473 qui
596 5402 784 5510 etiam],
822 5405 981 5510 IIII“;I
1036 5407 1144 5463 Leo
1194 5408 1549 5510 dictusuenst.
1601 5428 1891 5499 superscr.
1926 5420 2049 5478 E1.
2081 5423 2308 5505 recepit
2325 5421 2449 5510 Ek2.
2492 5420 3656 5510 “1:79-corpora—funt.net-anteetpium

322 5473 438 5510 (iam
468 5477 616 5510 nmmo‘
643 5487 748 5510 mon-
789 5488 824 5510 π
853 5491 916 5510 mn
975 5492 1071 5510 Ann
1099 5493 1239 5510 nonan
1520 5499 1548 5510 Α
1599 5492 1780 5510 ..η-,μ
1831 5491 2057 5510 ι-μηιηι
2088 5494 2098 5504 ο
2122 5495 2192 5510 υ-
2343 5502 2354 5510 .

252 5471 438 5556 (iust
466 5471 618 5558 mini
643 5474 1071 5566 ηθγὸςξιξητζοοο
1099 5493 1239 5566 raso
1274 5486 1349 5566 1.__
1399 5480 1490 5518 “7°
1518 5499 1568 5542 e.
1598 5471 2411 5566 83ἶ161ἷλ1ἶηῖ11ῤ111Μὲἷιῖἒιῖδ.
2437 5471 2449 5479 ’
2492 5492 2583 5528 ¹¹⁸⁰
2613 5471 2869 5555 LXVIII].
2896 5500 2959 5556 D.
2984 5500 3043 5556 E.
3124 5498 3212 5532 1³⁸⁸
3245 5502 3298 5556 in
3332 5533 3389 5542 -—
3415 5471 3651 5558 Galliam

252 5543 628 5621 in'maryine
658 5549 707 5603 1.
786 5543 878 5580 ¹ι⁸²
905 5550 1050 5608 Haec
1077 5551 1293 5611 desunt
1320 5557 1371 5611 δ.

568 5643 831 5713 ΡΑτιπιοι..
879 5644 1088 5713 CLIV.

3268 5646 3382 5731 ’28
