3992 6062
352 200 469 275 87‘s

354 343 488 401 vvici
518 342 752 414 prioris,
785 341 953 397 obiit.

426 436 512 488 10.
546 432 610 484 Α.
640 430 704 484 D.
735 433 858 486 850.

497 521 519 542 '
544 521 603 573 l).
658 519 716 589 E.
768 516 1045 589 addunt:
1076 518 1460 589 Gotescalcus
1497 518 1588 552 ³1⁸³
1619 519 1852 589 quidam
1881 519 1935 573 h.
1973 532 2004 573 a

569 588 806 643 Rabmo
827 587 943 657 jam
968 588 1225 658 archiep.
1260 590 1565 659 Mogontize
1587 587 1858 646 ordinato
1880 605 1927 644 ι’.
1951 605 2001 645 c.

568 658 671 715 sed
702 690 771 698 ——
805 672 1031 713 errore.
1069 672 1143 714 ex
1175 658 1387 730 Sigeo.
1425 677 1481 716 α.
1514 664 1644 716 849.

432 752 512 803 15.
550 749 614 801 Α.
651 748 713 801 Ι).
750 750 872 803 855.
908 748 932 768 '
962 746 1244 801 zEcclesia
1288 747 1480 802 Sancti
1523 748 1743 818 Kyliani
1778 747 1832 801 in
1863 745 2009 802 Wir-

353 837 563 905 ciburg
600 833 938 891 fulminibus
969 840 1178 891 exusta
1209 840 1319 890 est.
1354 867 1412 875 -
1450 836 1760 892 Lotbarius
1788 834 1879 868 “3‘
1909 834 2011 890 im-

355 928 615 996 perator,
673 928 917 978 tonsura
965 925 1022 977 et
1067 923 1407 980 monachico
1457 924 1657 980 habitu
1706 926 2007 994 suscepto,

354 1013 603 1069 Prumiae
640 1012 783 1068 obiit
822 1011 1006 1082 (6.2311.
1032 1011 1222 1085 Ioh);
1254 1013 1343 1069 cui
1378 1013 1683 1070 Lotharius
1704 1013 1858 1069 ﬁlius
1880 1026 2010 1068 suc-

352 1101 540 1158 cessit
569 1114 697 1156 cum
733 1100 914 1154 fratre
945 1099 1275 1156 Ludewico.
1306 1132 1373 1141 --
1405 1103 1626 1174 Corpus
1653 1101 1838 1158 sancti
1868 1102 2011 1156 Mar-

351 1189 458 1245 tini
492 1189 722 1245 levatur
753 1188 823 1244 de
857 1188 1101 1245 tumulo.

495 1280 518 1303 '
539 1278 601 1332 D.
631 1277 1373 1350 E._addunt:'1‘erremotn,
1407 1279 1558 1335 aeris
1591 1279 1824 1335 insolita
1855 1293 2008 1335 com-

567 1348 845 1416 motione,
898 1350 1234 1405 turbinibus
1276 1348 1574 1406 ct'multis
1627 1350 2005 1406 incommodis

568 1418 834 1475 homines
874 1425 1253 1491 quassantur.
1297 1420 1537 1486 Quidam
1573 1435 1806 1491 quoque
1838 1421 2005 1491 homo

563 1496 951 1563 —‘manente.
984 1505 1059 1546 ex
1076 1490 1283 1548 Siaeb.
1300 1534 1315 1559 ,
1341 1494 1669 1563 etpergum
1685 1490 2003 1547 {Ecclesia

568 1560 766 1631 etiam,
795 1561 898 1617 etc.

427 1672 512 1723 17.
552 1665 719 1736 (σήν.
766 1666 874 1737 W.)
907 1667 972 1721 A.
1004 1667 1064 1720 D.
1099 1669 1222 1723 857.
1258 1671 1366 1723 Leo
1400 1682 1542 1739 papa
1577 1668 1877 1739 migravit;
1908 1666 2001 1723 cui

354 1753 705 1809 Benedictus
737 1767 881 1824 papa
921 1758 1076 1809 101.“
1107 1754 1450 1823 succedens,
1483 1760 1542 1810 et
1575 1756 1696 1827 ipse
1729 1770 1878 1811 anno
1906 1769 2003 1811 eo-

355 1840 485 1897 dem
516 1840 792 1898 decessit.
836 1841 1112 1911 Hiltigart
1140 1842 1336 1911 regina
1374 1843 1537 1898 obiit.

423 1932 508 1985 18.
545 1932 611 1984 A.
659 1929 721 1983 D.
769 1931 891 1984 858.
943 1928 1215 1986 Nicolaus
1265 1945 1409 2001 papa
1460 1935 1621 1986 ιιοδιιι
1670 1930 1998 1999 ordinatus,

352 2015 505 2073 sedit
539 2030 721 2073 annos
749 2020 798 2072 9.

421 2109 514 2163 2-2.
544 2108 611 2161 A.
643 2106 706 2162 D.
742 2108 865 2161 862.
897 2106 919 2129 θ
943 2106 1191 2163 Sanctus
1214 2107 1582 2177 Meginradus
1601 2107 1880 2164 heremita
1909 2123 2004 2165 oc-

349 2195 587 2253 ciditur.

492 2287 514 2308 ⁶
539 2286 609 2340 Ι).
650 2284 872 2357 (initio)
898 2285 958 2340 et
975 2286 1034 2340 E.
1064 2283 1216 2357 (ﬁne
1235 2286 1404 2357 anni)
1437 2286 1706 2342 addunt:
1728 2286 2003 2341 Rabanus

562 2354 1043 2426 archiepiscopus
1085 2356 1250 2411 obiit.

421 2448 508 2501 25.
534 2445 598 2498 Α.
621 2443 682 2498 D.
706 2445 828 2498 865.
856 2442 1001 2498 Huni
1028 2442 1489 2499 Christianitatis
1511 2459 1719 2501 nomen
1739 2442 2002 2513 aggressi

351 2538 514 2590 sunt.

420 2625 509 2676 27.
549 2622 613 2677 A.
646 2622 708 2675 Ι).
744 2624 866 2677 867.
920 2621 1205 2691 Basylius,
1258 2622 1454 2677 occiso
1505 2620 1739 2677 domino
1773 2634 1879 2676 suo
1909 2619 2005 2674 Mi-

351 2709 616 2779 chahele,
654 2709 918 2777 regnavit
958 2723 1141 2765 annos
1170 2714 1257 2766 20.

420 2801 509 2853 28.
544 2798 607 2851 A.
647 2797 708 2851 D.
741 2799 864 2854 868.
900 2797 1193 2853 Adrianus
1216 2812 1360 2869 papa
1386 2802 1546 2854 106m3
1569 2797 1720 2853 sedit
1742 2810 1927 2852 annos
1949 2801 1998 2852 t5.

423 2888 508 2940 30.
549 2885 621 2956 (Α
651 2883 812 2957 ἰοῦ.)
847 2887 911 2939 Α.
947 2886 1010 2941 D.
1043 2889 1163 2942 870.
1200 2887 1528 2959 Lotharius,
1566 2888 1718 2944 illius
1748 2885 2003 2943 Lotharii

350 2972 743 3043 imperatoris,
809 2987 938 3029 cum
1000 2972 1275 3044 legitimae
1333 2977 1501 3031 uxori
1560 2974 2007 3046 superduxisset

1511 197 1993 272 EKKEHARDI
2039 208 2590 271 URAUGIENSlS

3628 212 3751 270 876

2333 348 2587 413 vastant,
2639 342 3025 414 sequiturque
3075 342 3256 414 fames
3296 347 3410 398 tam
3451 342 3665 413 valida,
3701 349 3767 399 ut

2337 413 2759 486 peneiterciam
2805 421 3026 486 partem
3070 413 3363 469 hominum
3394 429 3773 486 consumpse-

2330 485 2409 541 rit
2439 485 2529 518 “3°
2557 500 2631 542 ea:
2665 485 2869 556 Sigeb.

2189 576 2275 629 36.
2310 578 2373 629 A.
2413 577 2474 629 D.
2506 580 2628 630 876.
2663 576 2685 597 ⁶
2709 574 3053 630 Ludewicus
3085 573 3457 644 imperator"
3491 575 3655 645 obiit.

2260 664 2282 685 ’
2554 663 2839 719 addunt:
2882 663 3148 717 Cometes
3194 693 3263 701 -—
3312 662 3637 730 vestigium.
3693 676 3771 718 ea:

2380 748 2474 789 ,σε
2517 775 2528 787 .

2325 748 2528 805 δὀθεο.

2260 822 2311 843 "
2333 821 2395 875 Ι).
2429 821 2755 893 Eupalami
2772 840 2791 875 :
2816 821 2872 876 in
2900 819 3085 876 Italia.

2118 927 2239 973 Anni
2272 927 2428 973 Karoli
2461 928 2689 988 junioris.

2190 1028 2241 1077 1.
2288 1024 2450 1078 Anno
2501 1023 2811 1080 Dominicae
2862 1022 3281 1078 incarnationis
3320 1025 3445 1092 877,
3492 1023 3563 1078 ab
3612 1024 3769 1078 Urbe

2117 1125 2256 1166 vero
2292 1111 2528 1167 condita
2568 1110 2875 1167 millesimo
2912 1115 3035 1179 628,
3081 1110 3343 1180 Karolus,
3381 1110 3578 1180 junior
3612 1112 3770 1167 illius

2117 1198 2430 1267 Ludewici,
2480 1200 2578 1269 qui
2630 1199 2738 1255 fuit
2788 1212 2967 1270 nepos
3016 1198 3208 1253 Karoli
3245 1202 3343 1254 76°
3380 1196 3469 1230 “3"
3508 1198 3638 1256 loco
3691 1199 3765 1255 ab

2118 1288 2400 1358 Augusto,
2434 1302 2678 1357 regnare
2708 1287 2907 1359 ccepit,
2932 1300 2991 1342 et
3014 1302 3145 1343 cum
3171 1287 3449 1343 fratribus
3474 1288 3599 1343 suis
3628 1289 3766 1343 Kar-

2118 1374 2385 1431 lomanno
2427 1380 2484 1430 et
2526 1375 2836 1431 Ludewico
2882 1375 3045 1431 annis
3083 1382 3141 1430 11
3192 1375 3455 1445 regnavit
3492 1374 3761 1446 (Geneal.

2118 1464 2211 1518 SS.
2254 1466 2319 1534 ll,
2355 1466 2500 1535 314).
2550 1466 2891 1521 Ludewicus
2937 1465 3172 1536 quippe,
3223 1471 3287 1520 ut
3335 1465 3518 1535 aiunt,
3569 1466 3762 1520 tenuit

2119 1552 2599 1623 Ostrofranciam,
2627 1552 2874 1610 Karolus
2897 1552 3312 1619 Alamanniam,
3342 1551 3764 1609 Karlomannus

2118 1640 2679 1714 Bajoariamgcujus
2710 1641 2866 1698 ﬁlius
2898 1641 3172 1697 Arnolfus
3214 1642 3581 1712 postmodum
3612 1642 3767 1697 obti-

2118 1730 2243 1786 nuit
2284 1730 2693 1786 monarchiam.

2186 1822 2237 1872 2.
2275 1819 2448 1887 (ϐΙιν.
2502 1819 2621 1890 W.)
2655 1820 2719 1873 A.
2753 1820 2816 1873 D.
2851 1821 2974 1874 878.
3010 1817 3255 1874 Kal-olus
3284 1833 3388 1873 rex
3420 1817 3764 1888 Galliarum,

2114 1912 2501 1976 cognomento
2584 1907 2811 1975 Calvus,
2895 1907 3075 1961 frater
3151 1906 3443 1963 Ludewici
3518 1905 3762 1961 secundi

2116 1995 2282 2051 obiit.

2186 2087 2236 2138 3.
2273 2086 2335 2138 A.
2370 2085 2435 2139 D.
2477 2088 2599 2140 879.
2652 2083 2999 2141 Ludewicus
3053 2084 3285 2154 Balbus,
3338 2083 3492 2139 Illius
3543 2082 3759 2151 Karoli,

2114 2171 2279 2226 obiit.
3718 2202 3725 2209 .

2188 2263 2237 2316 4.
2270 2262 2335 2315 Α.
2365 2261 2427 2316 D.
2459 2260 2582 2316 880.
2617 2264 2639 2284 "
2669 2260 3034 2329 Ludewicus,
3069 2260 3248 2316 frater
3275 2258 3489 2328 Karoli,
3525 2259 3761 2315 vivente

2116 2350 2296 2404 fratre
2327 2363 2433 2405 suo
2463 2349 2832 2419 Karlmanno,
2866 2349 3186 2418 Bajoariam
3218 2348 3563 2418 ingreditur.
3600 2347 3765 2403 Karl-

2114 2452 2358 2493 mannus
2385 2437 2550 2493 obiit.

2257 2527 2280 2548 ‘
2303 2526 2365 2580 D.
2401 2525 2463 2581 E.
2496 2525 2734 2582 addunt
2756 2546 2776 2583 .-
2808 2525 2902 2581 Sol
2930 2557 3000 2565 —
3033 2531 3400 2597 apparerent.
3444 2538 3521 2581 ea:
3554 2523 3759 2595 Sigeo.

2187 2619 2237 2669 5.
2282 2617 2344 2669 A.
2389 2616 2450 2670 D.
2492 2619 2614 2671 881.
2673 2613 2920 2671 Karolus
2974 2614 3171 2685 junior
3227 2629 3358 2671 cum
3418 2626 3599 2670 uxore
3654 2626 3761 2669 sua

2116 2702 2443 2772 Rihegarda
2484 2702 2768 2773 imperiali
2812 2702 3216 2758 benedictione
3246 2701 3615 2758 sublimatur.

2187 2794 2237 2845 6.
2275 2795 2339 2845 Α.
2376 2791 2435 2844 D.
2469 2794 2590 2846 882.
2640 2790 2985 2847 Ludewicus
3027 2805 3130 2847 rex
3169 2792 3545 2859 Francorum,
3580 2790 3766 2845 frater

2116 2878 2311 2934 Karoli
2344 2879 2716 2950 imperatoris
2740 2879 2902 2934 obiit.

2190 2973 2275 3024 10.
2318 2967 2579 3037 (mcum.
2616 2983 2654 3038 ι,
2688 2974 2765 3039 5.)
2805 2970 2869 3023 Α.
2908 2969 2971 3023 D.
3005 2971 3128 3024 886.
3164 2968 3335 3038 Outo,
3371 2968 3459 3023 vir
3489 2967 3766 3024 militaris

352 3061 548 3133 aliam,
598 3062 833 3118 Romam
885 3067 1135 3119 vocatus
1174 3067 1286 3134 est,
1326 3063 1648 3134 nolensque
1681 3078 1843 3135 papae
1874 3078 2007 3119 con-
2039 3061 2086 3122 C
2118 3062 2173 3112 et
2216 3066 2515 3128 strenuus,
2550 3072 2580 3112 a
2613 3058 2976 3128 principibus
3023 3057 3221 3113 Galliae
3269 3072 3371 3115 rex
3418 3061 3656 3113 creatur
3702 3057 3761 3112 in

348 3152 588 3218 sentire,
647 3153 1190 3209 excommunicatus
1226 3157 1335 3223 est,
1388 3153 1588 3223 sicque
1620 3153 1675 3207 in
1710 3153 2006 3209 redeundo

349 3238 668 3297 Placentiae
705 3245 973 3296 mortuus
1005 3245 1117 3296 est.
1144 3242 1168 3265 ⁶

494 3330 515 3351 '
541 3328 602 3398 D.
637 3327 699 3398 Ε.
736 3328 1005 3383 addunt:
1033 3330 1215 3384 Antea
1259 3327 1475 3398 quippe
1513 3327 1870 3384 Guntharius
1902 3328 2007 3383 Co-

564 3397 845 3453 loniensis
888 3403 948 3452 et
998 3397 1778 3468 Dietgaudus’Treverensis
1819 3398 2007 3454 archi-

561 3468 842 3539 episc0pi,
866 3482 934 3523 eo
965 3469 1120 3538 quod
1143 3467 1266 3524 sibi
1301 3467 1824 3539 consensissentin
1854 3482 2004 3524 com-

563 3538 737 3594 misso
753 3539 1074 3610 adulterio,
1111 3541 1307 3595 Romae
1331 3553 1358 3593 a
1389 3554 1533 3610 papa
1566 3538 1841 3593 Nicholao
1872 3553 2003 3594 exa-

562 3608 764 3665 minati
804 3613 863 3665 et
903 3610 1176 3679 convicti,
1230 3608 1574 3680 episcopatu
1616 3641 1683 3649 —
1722 3622 1999 3665 concessa

562 3684 674 3735 est.
710 3693 786 3735 ea:
811 3680 1014 3752 Sigeb.
1049 3694 1105 3737 α.
1140 3683 1264 3736 863.

421 3770 507 3823 32.
535 3767 601 3822 A.
621 3768 682 3822 D.
710 3770 835 3822 872.
860 3767 1153 3824 Johannes
1175 3782 1317 3840 papa
1339 3772 1499 3824 107‘“
1515 3768 1890 3835 ordinatur;'
1906 3810 1919 3823 .
1935 3770 1994 3824 ‘1

352 3860 482 3927 post
515 3869 685 3926 quem
722 3855 975 3911 Marinus
1006 3860 1195 3927 108W,
1239 3856 1524 3913 Adrianus
1563 3860 1749 3926 109‘",
1794 3857 2001 3928 Agapi-

347 3948 446 4001 tus
476 3947 666 4010 11-0“,
701 3943 967 4015 Basylius
995 3950 1184 4016 111‘“,
1220 3945 1548 4016 Stephanus
1576 3948 1765 4001 112118.

491 4034 513 4057 ‘
537 4034 598 4106 D.
633 4032 745 4106 (ἐκ
788 4034 1085 4106 margine)
1125 4035 1198 4106 et
1240 4035 1298 4089 E.
1357 4034 1590 4106 addunt
1628 4053 1648 4089 .-
1694 4034 1778 4090 Ad
1829 4049 1998 4106 quem

559 4105 848 4162 Johannes
880 4137 936 4147 -—
975 4105 1210 4161 libellis.
1246 4119 1321 4162 ea:
1345 4105 1548 4177 Sigeo.

491 4195 513 4216 ‘
542 4192 593 4264 1)
629 4192 713 4249 10.
756 4198 842 4264 11.
887 4192 1123 4250 addunt
1148 4213 1168 4249 :
1201 4191 1308 4259 Qui
1339 4207 1370 4249 a
1400 4192 1647 4263 quodam
1698 4195 1997 4251 toxicatus

562 4263 620 4319 et
662 4263 891 4336 abualio
930 4264 1139 4320 malleo
1176 4265 1730 4336 percussus,gobiit,
1773 4267 1998 4322 statim-

562 4348 676 4459 1que
713 4332 804 4367 αδδ
835 4349 1149 4406 percussor
1176 4332 1315 4405 'ejus
1357 4350 1386 4390 a
1429 4332 1587 4391 nullo
1627 4332 1788 4391 Iesus
1825 4336 1998 4393 mori-

591 4420 677 4461 ur.

422 4498 510 4550 36.
546 4490 722 4562 (Chr.
774 4492 881 4561 W.)
915 4495 978 4548 A.
1014 4494 1075 4547 D.
1111 4495 1235 4550 875.
1278 4493 1644 4564 Lndewicus,
1695 4494 1848 4551 illius
1896 4495 1998 4552 Lo-

350 4581 527 4639 tharii
580 4580 950 4653 imperatoris
999 4581 1255 4652 itemque
1302 4582 1557 4639 Lotharii
1591 4584 1792 4654 frater,
1825 4583 1970 4640 obiit

348 4676 407 4730 et
453 4670 697 4728 Karolus
744 4685 848 4726 rex
895 4672 1131 4727 Romam
1181 4671 1448 4743 tendens,
1480 4687 1509 4727 a
1540 4671 1802 4729 Iohanne
1846 4688 1995 4745 papa

350 4760 668 4833 imperator
707 4758 977 4815 efficitur.
1010 4760 1033 4784 '

492 4850 515 4873 '
537 4847 601 4902 D.
637 4847 697 4902 E.
730 4846 1001 4904 addunt:
1023 4844 1333 4903 Ludewico
1367 4846 1486 4915 regi
1508 4879 1577 4887 —
1599 4862 1712 4903 non
1742 4848 1989 4905 studuit.

562 4918 624 4974 In
679 4916 843 4973 Italia
891 4948 961 4957 —
1010 4921 1302 4974 narratur.
1356 4917 1649 4974 Plurimus
1697 4920 1995 4975 exercitus

2120 3146 2337 3217 palatio
2370 3146 2728 3218 Compendii.
2764 3146 2867 3202 Hic
2898 3152 3123 3217 patrem
3163 3147 3369 3202 habuit
3396 3161 3469 3202 ex
3496 3146 3765 3217 equestri

2117 3235 2320 3290 ordine
2351 3236 2759 3305 Ruotpertum,
2800 3248 2967 3290 avum
2996 3249 3135 3290 vero
3170 3239 3471 3307 paternum
3503 3234 3765 3290 Witichi-

2117 3338 2250 3378 num
2275 3338 2344 3378 ex
2370 3323 2671 3379 Germania
2696 3323 3023 3394 profugum.
3058 3324 3219 3379 Hunc
3241 3328 3434 3379 autem
3457 3322 3675 3379 idcirco
3704 3322 3762 3377 in

2118 3426 2356 3489 regnum
2407 3418 2843 3484 promoverunt,
2888 3412 3019 3482 quia
3059 3411 3323 3481 Karolus,
3374 3410 3526 3467 ﬁlius
3561 3409 3760 3465 Karoli

2116 3500 2227 3571 11⁸⁸,
2263 3500 2491 3571 nepotis
2540 3500 2735 3556 Karoli
2786 3499 2944 3556 Calvi
2987 3499 3299 3555 Galliarum
3340 3498 3513 3569 regis,
3546 3499 3639 3555 cui
3671 3512 3765 3555 re-

2114 3603 2290 3658 gnum
2313 3589 2640 3645 debebatur
2665 3591 2725 3660 (ι,
2746 3590 2799 3661 4)
2821 3589 2921 3644 vix
2943 3588 3130 3644 adhuc
3152 3588 3399 3643 triennis
3419 3593 3567 3657 erat,
3595 3594 3765 3659 patre

2114 3677 2410 3748 defuncto,
2438 3692 2567 3733 cum
2592 3692 2737 3749 puer
2762 3677 2986 3733 biennis
3009 3677 3138 3747 fuit,
3170 3683 3354 3733 matre
3376 3676 3473 3732 vix
3494 3690 3599 3747 per
3620 3690 3763 3748 qua-

2113 3764 2437 3821 driennium
2470 3766 2809 3836 superstite.

2184 3859 2269 3910 11.
2325 3855 2492 3926 (Chr.
2567 3856 2672 3926 W.)
2727 3858 2791 3911 A.
2846 3856 2904 3910 D.
2958 3860 3080 3912 887.
3138 3853 3383 3911 Karolus
3438 3853 3759 3924 imperator

2110 3943 2281 4002 vivus
2313 3944 2531 4001 dimisit
2565 3958 2823 4014 regnum.
2849 3975 2909 3984 —-
2938 3942 3204 4015 Basylius
3231 3942 3550 4015 imperator
3579 3957 3760 4014 regno

2112 4031 2388 4090 decessit.

2109 4159 2233 4207 Anni
2264 4157 2461 4206 Arnolfi.

2182 4262 2235 4312 1.
2273 4258 2434 4312 Anno
2470 4255 2781 4312 Dominicaa
2813 4254 3232 4311 incarnationis
3262 4255 3383 4326 888,
3418 4253 3594 4312 Urbis
3625 4269 3760 4311 con-

2111 4344 2248 4401 ditas
2304 4344 2612 4400 millesimo
2663 4348 2785 4414 639,
2835 4343 3130 4414 Arnolfus,
3181 4341 3333 4399 filius
3382 4343 3755 4401 Karlomanni

2026 4414 2080 4475 D
2112 4434 2309 4492 fratris
2357 4433 2548 4490 Karoli
2590 4433 2862 4504 junioris,
2907 4438 3002 4489 77°
3031 4432 3122 4465 ‘1"
3162 4433 3292 4489 loco
3343 4433 3415 4489 ab
3468 4436 3752 4506 Augusto,

2108 4539 2350 4594 regnum
2398 4523 2680 4594 suscepit,
2723 4522 3007 4593 annisque
3049 4526 3116 4578 12
3157 4523 3443 4592 regnavit,
3497 4522 3756 4595 quinque

1977 4625 1993 4657 ν
2106 4628 2245 4671 vero
2291 4613 2615 4683 imperavit.
2662 4612 2835 4682 Cujus
2873 4626 3023 4668 anno
3064 4612 3251 4684 primo
3291 4611 3536 4669 Karolus
3577 4612 3758 4686 impe-

2108 4706 2269 4758 rator
2292 4700 2510 4772 junior,
2545 4700 2785 4757 dimisso
2812 4701 2979 4771 prius
3005 4701 3270 4773 imperio,
3297 4701 3465 4758 obiit.

2176 4791 2288 4846 Leo
2317 4793 2377 4845 et
2409 4788 2757 4860 Alexander,
2792 4788 2894 4845 filii
2928 4788 3161 4862 Basylii,
3197 4804 3437 4860 regnum
3473 4791 3758 4849 Constan-

2106 4878 2556 4950 tinopolitanum
2576 4882 2887 4935 tenuerunt
2907 4877 3071 4933 annis
3087 4882 3173 4949 22,
3199 4882 3401 4951 postea
3422 4878 3754 4938 Alexander

562 4966 925 5060 iactatam
956 4966 1136 5060 scas;
1152 4966 1825 5060 ἷιὶεῖέἐᾰχὶῑιὶῖῥέἱὶθζὲί
1844 4966 1995 5060 Εὐιὂέ

2144 4982 2254 5024 nno
2296 4982 2431 5039 uno,
2473 4966 2682 5024 deinde
2723 4967 3140 5024 Constantinus
3187 4968 3748 5041 Porphyrogenitus,

564 5058 772 5117 dentes
822 5058 1015 5134 lapide
1063 5057 1333 5117 duriores
1374 5056 1708 5117 habentium
1752 5059 1991 5117 Galliam
2105 5057 2311 5115 Leonis
2348 5057 2523 5128 illius,
2566 5056 2731 5114 annis
2762 5061 2795 5114 6
2833 5071 2962 5115 cum
2994 5060 3179 5114 matre
3221 5070 3325 5114 sua
3364 5058 3496 5130 Zoe,
3539 5062 3752 5131 postea

1723 5253 1959 5312 VARLE
2000 5254 2398 5315 LECTIONES.

421 5430 514 5469 ί¹⁸³
542 5430 956 5505 Gothescalcus
975 5434 1019 5492 D
1044 5438 1094 5494 1.
1173 5433 1263 5472 “0‘
1293 5435 1565 5495 Lothario
1594 5434 1824 5494 Pruniae
1858 5434 1987 5503 (sic)
2020 5439 2269 5505 mortuo,
2304 5429 2611 5491 Lotharius
2639 5429 2869 5505 ﬁliustj,
2898 5503 2917 5505 _
2939 5429 3053 5505 ff
3072 5426 3390 5505 statimque
3408 5460 3473 5476 --
3499 5427 3760 5490 moritur

350 5505 566 5579 demat
592 5511 675 5566 11.
755 5504 847 5541 ““
873 5508 1376 5584 consumpsissent
1405 5510 1501 5567 D1.
1582 5508 1672 5542 “87
1702 5500 1943 5563 LXXJD.
1983 5508 2041 5562 Ε.
2121 5504 2212 5539 ίίθθ
2236 5500 2302 5564 in
2335 5505 2454 5563 loco
2479 5516 2620 5564 raso
2647 5507 2700 5564 1.
2775 5500 2867 5542 ¹¹⁸⁹
2895 5502 3076 5564 LXXI.
3107 5501 3173 5561 D.
3204 5500 3274 5563 E.
