3992 6034
372 156 491 220 879

1532 150 2011 215 EKKEHARDI
2058 147 2618 217 URAUGIENSIS

3618 220 3621 221 ν
3661 155 3784 218 880

370 296 502 354 ritu
527 288 1467 352 Romanamunioersalemsedem
1494 290 1808 364 usurpem
1840 290 2008 345 :Dein
2044 287 2099 348 A
2128 289 2432 347 castellum
2464 291 2591 361 ejus
2622 291 2894 348 irruerat.
2932 290 3031 347 Cui
3066 291 3397 348 nominatus
3451 291 3630 348 heros
3661 306 3782 350 non

370 385 561 443 sacris
591 388 828 441 exutum
852 382 1136 452 vestibus,
1170 382 1531 452 abscisisque
1556 381 1758 453 digitis
1799 381 2011 448 tribus,

375 474 429 531 in
461 473 722 545 Tyberim
750 471 956 542 jactari
990 471 1274 542 precepit,
1323 476 1681 541 cunctosque
1711 485 1858 540 quos
1905 469 2011 540 ipsi

372 560 949 630 ordinaveratgradu
984 560 1219 631 proprio
1263 559 1563 629 depositos
1615 560 1826 615 iterum
1861 558 2015 615 ordi-

376 653 554 709 navit.
587 649 745 717 Quod
780 664 948 719 quam
983 648 1129 704 male
1177 653 1233 704 et
1278 647 1492 717 injuste
1547 648 1753 717 egerit,
1791 648 1845 702 in
1903 647 2013 703 hoc

377 739 757 799 animadverti
794 737 1030 810 poterit,
1066 737 1334 807 quoniam
1366 742 1425 792 et
1458 736 1624 807 hiqui
1657 752 1686 792 a
1713 736 1856 792 Juda
1886 751 2013 807 pro-

377 830 555 885 ditori
578 827 666 861 ‘1“
694 833 828 883 ante
847 826 1234 898 proditionem
1250 824 1495 881 salutem
1517 839 1616 882 seu
1658 824 2014 880 benedictio-

378 932 503 973 nem
528 914 905 987 apostolicam
938 919 1346 986 perceperunt,
1372 928 1435 969 ea
1458 919 1592 985 post
1621 912 2011 983 proditionem

377 1005 713 1078 propriique
738 1003 1003 1074 corporis
1018 1002 1458 1073 suspensionem
1492 1015 1600 1057 non
1622 1000 2008 1071 suntprivati,

376 1095 486 1151 nisi
519 1110 665 1165 quos
696 1092 957 1165 improba
994 1093 1144 1147 forte
1177 1089 1451 1147 fedarunt
1497 1089 1739 1159 ﬂagieia.
1774 1090 2014 1145 Benedi-

375 1184 495 1241 ctio
518 1183 963 1255 siquidem,quaa
985 1181 1266 1236 ministris
1280 1180 1490 1235 Christi
1519 1179 2012 1251 impenditur,non

378 1287 480 1344 per
509 1287 638 1328 eum
670 1270 765 1341 qui
800 1268 1051 1338 videtur,
1084 1268 1181 1323 sed
1202 1268 1296 1338 qui
1321 1282 1430 1322 non
1455 1266 1707 1335 videtur,
1745 1267 2016 1322 sacerdo-

375 1365 489 1417 tem
522 1358 865 1416 infunditur.
903 1358 1096 1426 Neque
1130 1355 1225 1426 qui
1260 1355 1406 1424 rigat
1438 1354 1791 1425 estaliquid,
1829 1369 2014 1425 neque

377 1449 472 1519 qui
507 1445 862 1519 plantat,sed
894 1444 986 1515 qui
1008 1444 1427 1499 incrementum
1449 1443 1567 1514 dat,
1594 1443 2014 1509 Deus.Quantze

375 1540 568 1593 autem
591 1534 967 1592 auctoritatis
999 1536 1345 1603 quantaeque
1375 1531 1677 1601 religionis
1707 1533 2016 1587 Formosus

2120 377 2285 447 juxta
2308 378 2636 449 castellum,
2665 384 2725 436 ut
2765 379 3024 451 plerique
3057 379 3268 449 solent,
3316 380 3415 435 sed
3475 380 3689 451 procul
3751 396 3783 437 a

2125 468 2443 524 munitione
2477 476 2747 539 preparat
2781 468 3013 523 bellum.
3080 468 3254 537 Regis
3305 469 3505 538 itaque
3563 468 3786 526 milites

2126 554 2462 626 priusquam
2496 556 2667 627 hujus
2716 556 2991 612 virtutem
3025 555 3115 589 “9°
3147 571 3207 611 re
3255 558 3380 627 ipsa
3438 558 3782 628 experiren-

2124 648 2237 712 tur,
2277 658 2468 714 regem
2502 650 3053 716 preeuntes,pugna3
3086 645 3354 716 preludio
3388 646 3541 702 hunc
3604 650 3777 703 extra

2124 738 2381 788 castrum
2414 733 2629 789 elicere
2660 738 2836 803 atque
2886 734 3214 789 interficere
3246 734 3585 802 cogitabant
3620 752 3634 801 ;
3670 735 3778 790 sed

2125 820 2245 891 ipse
2268 821 2599 891 hujusmodi
2631 822 2882 894 proludii
2914 822 3003 854 “'7
3037 837 3147 877 non
3180 822 3366 878 solum
3389 837 3498 878 non
3536 823 3782 892 ignarus

2125 908 2226 963 sed
2256 910 2428 964 etiam
2449 910 2771 979 debriatus,
2806 911 2896 966 his
2920 911 3150 967 obviam
3175 914 3289 966 tam
3317 910 3485 980 longe
3517 927 3545 967 a
3579 918 3786 969 castro

2128 1002 2514 1068 processerat,
2542 1004 2601 1055 ut
2624 1000 2777 1055 hunc
2801 1000 3017 1055 milites
3032 1013 3289 1069 eousque
3314 1014 3383 1055 ex
3419 1000 3786 1059 adversariis

2124 1101 2256 1143 esse
2288 1102 2398 1143 non
2417 1087 3065 1158 cognoscerent,quoad
3084 1103 3284 1145 eorum
3308 1090 3574 1146 cervices
3602 1089 3783 1147 istius

2127 1190 2326 1231 mucro
2351 1174 2836 1247 cedisimpatiens
2861 1176 3366 1247 dcseviret.lgitur
3387 1192 3518 1233 eum
3542 1186 3779 1249 septen-

2126 1265 2220 1320 nio
2255 1266 2432 1320 ferme
2467 1265 3005 1322 Adalbertusberos
3027 1264 3404 1322 rebellionem
3440 1268 3777 1338 hujusmodi

2127 1358 2451 1423 exerceret,
2484 1354 2671 1410 sciens
2698 1354 3040 1411 Ludewicus
3066 1355 3467 1412 fortitudinem
3494 1357 3652 1414 illius
3678 1374 3781 1414 au-

2129 1441 2308 1498 daciae
2338 1443 2767 1513 hautquaquam
2802 1458 2866 1499 se
2888 1442 3099 1498 nisi“98
3130 1444 3782 1517 tergiversationcqua-

2129 1532 2257 1587 dam
2290 1547 2461 1602 posse
2491 1533 2819 1603 devineere,
2856 1535 3162 1590 llattonem
3213 1535 3557 1603 Mogontinae
3616 1538 3782 1594 sedis

375 1639 523 1696 papa
556 1624 746 1691 fuerit,
782 1620 1202 1689 hinccolligere
1230 1620 1860 1691 possumus,quoniam,
1881 1619 2012 1674 dum
2046 1639 2099 1699 Β
2130 1618 2799 1690 archiepiscopum,quid
2819 1635 2995 1692 super
3011 1621 3117 1676 hac
3148 1636 3211 1677 re
3239 1622 3562 1679 faciendum
3586 1631 3777 1691 esset,

378 1727 407 1769 a
441 1711 836 1783 piscatoribus
867 1709 1230 1780 postmodum
1264 1713 1420 1763 esset
1444 1709 1715 1763 inventus
1745 1711 1921 1777 atque
1944 1707 2015 1762 ad

379 1799 532 1856 beati
560 1798 717 1853 Petri
736 1796 1014 1868 principis
1039 1795 1436 1866 apostolorum
1469 1795 1789 1851 wcclesiam
1811 1796 2018 1866 depor-

376 1892 895 1958 tatus,sanctorum
921 1885 1182 1955 quendam
1207 1884 1483 1953 imagines
1500 1883 2014 1954 scseinclinantes,

377 1977 527 2033 hunc
557 1975 613 2031 in
650 1973 838 2031 loculo
870 1973 1123 2045 positum
1149 1972 1565 2028 venerabiliter
1584 1973 2012 2029 salutaverunt.

378 2064 541 2131 Quod
566 2061 988 2133 religiosissimi
1022 2062 1292 2116 Romanae
1322 2061 1485 2117 urbis
1510 2061 1706 2117 testati
1760 2065 1915 2116 sunt.
1952 2090 2019 2100 -—

374 2155 509 2209 Post
544 2154 880 2208 Formosum
900 2150 1189 2206 Iohannes
1248 2164 1392 2221 papa
1458 2151 1614 2204 usus
1652 2149 1888 2216 extitit;
1921 2149 2014 2205 cui

374 2241 701 2313 Stephanus
732 2244 891 2297 115ιιδ
920 2237 1237 2294 successit.

444 2334 494 2384 1.
530 2330 692 2385 Anno
751 2327 1061 2384 Dominicze
1104 2325 1522 2381 incarnationis
1554 2329 1679 2391 901,
1726 2327 1798 2381 ab
1863 2327 2016 2382 Urbe

375 2432 513 2475 vero
535 2416 766 2473 condita
802 2414 1111 2473 millesimo
1142 2418 1265 2483 652,
1303 2413 2017 2484 Ludewicus,Arnoltlim-

372 2505 663 2580 peratoris
696 2505 871 2574 ﬁlius,
905 2502 998 2559 78°
1027 2502 1117 2535 “9‘
1150 2503 1277 2559 loco
1302 2511 1373 2559 ab
1408 2502 2015 2572 Augusto,admodum

371 2611 538 2668 puer,
572 2594 878 2666 imperium
901 2592 1181 2664 suscepit,
1214 2596 1273 2648 et
1311 2596 1370 2647 t2
1395 2592 1562 2647 annis
1608 2593 1871 2661 regnavit
1907 2592 2009 2662 (cf.

374 2684 541 2754 (0hr.
572 2683 701 2756 W.).
731 2683 960 2738 Lwopn.
1017 2696 1075 2750 ιι,
1108 2685 1141 2735 2
1170 2681 1258 2750 5.)
1293 2680 1469 2750 Cujus
1496 2694 1645 2737 anno
1693 2681 1878 2752 primo
1911 2682 2023 2736 Un-

370 2773 518 2844 garii
551 2771 872 2842 Bajoariam
906 2774 1277 2827 vestaverunt
1315 2786 1329 2835 ;
1361 2767 1462 2824 sed
1515 2770 1858 2826 Ludewicus
1886 2784 2025 2839 gen-

374 2862 452 2920 tis
484 2876 602 2919 sute
624 2859 1132 2932 depopulationem
1158 2874 1267 2915 non
1302 2861 1511 2928 ferens,
1548 2873 1755 2928 magno
1804 2862 2026 2916 exerci-

371 2957 435 3009 tu
469 2953 700 3020 coacto,
731 2950 896 3020 juxta
930 2948 1124 3004 Licum
1157 2946 1393 3003 fluvium
1427 2962 1557 3003 cum
1586 2947 1672 3003 eis
1720 2950 2020 3019 pugnavit,

370 3044 430 3098 et
462 3041 592 3113 plus
625 3054 794 3110 quam
826 3037 982 3093 mille
1014 3052 1086 3093 ex
1117 3037 1203 3092 eis
1238 3035 1553 3092 interfecit.
1615 3037 1872 3109 Cumque
1921 3055 2021 3110 pu-

368 3144 482 3202 gna
518 3142 700 3200 usque
734 3126 803 3183 ad
830 3127 1028 3183 horam
1060 3126 1366 3197 septimam
1421 3126 1536 3196 jam
1570 3127 2019 3197 protraheretur

371 3224 428 3275 et
463 3218 618 3288 regis
638 3214 879 3271 victoria
901 3215 1301 3283 estimaretur,
1320 3213 1764 3283 Ungariieallidi
1784 3217 2020 3286 ,positis

370 3322 443 3363 ex
471 3306 715 3362 adverso
744 3302 991 3371 insidiis,
1053 3301 1244 3371 fugam
1302 3301 1602 3358 simulant.
1669 3302 1826 3368 Quos
1883 3305 2017 3360 dum

371 3394 527 3465 regis
553 3392 785 3463 milites,
817 3390 935 3447 doli
960 3390 1168 3460 ignari,
1195 3389 1416 3461 impetu
1479 3390 1837 3447 validissimo
1866 3391 2019 3449 inse-

369 3487 711 3555 querentur,
742 3480 895 3537 omni
918 3493 987 3534 ex
1019 3482 1187 3550 parte
1203 3478 1492 3549 prodeunt
1517 3477 1826 3549 insidiae,et
1850 3480 2014 3549 quasi

369 3573 508 3628 victi
543 3570 655 3644 ipsi
687 3570 944 3625 victores
968 3568 1332 3637 internnunt,
1364 3582 1470 3622 rex
1500 3567 1623 3638 ipse
1645 3582 1675 3622 e
1696 3568 1922 3624 victore
1953 3583 2017 3625 se

368 3662 585 3719 victum
600 3673 732 3716 esse
748 3657 1014 3726 miratur,
1049 3655 1227 3726 fitque
1248 3655 1331 3709 illi.
1356 3670 1467 3711 non
1488 3657 1761 3727 opinatus
1781 3656 2016 3727 gravior

365 3764 559 3815 casus;
592 3744 825 3817 Ungarii
854 3759 994 3802 vero
1026 3750 1088 3801 ut
1122 3745 1340 3800 rabiem
1366 3744 1624 3816 perfidiae
1683 3759 1803 3801 sua:
1834 3746 2017 3802 saeia-

367 3843 517 3909 rent,
554 3836 970 3906 Bajoariorum,
1030 3836 1370 3899 Sucvorum,
1434 3835 1785 3890 Francorum
1838 3848 2013 3906 regna

366 3930 739 4001 percurrunt,
766 3928 1095 3996 cunctaque
1126 3922 1411 3979 vastando
1437 3922 1769 3980 incendunt.

437 4017 618 4087 Hujus
638 4013 1001 4086 temporibus
1022 4011 1395 4081 Adelbertus,
1432 4027 1543 4067 non
1605 4012 1851 4083 quilibet
1900 4029 2014 4070 me-

366 4103 606 4175 diocris,
639 4102 742 4160 sed
771 4117 844 4158 ex
876 4101 1222 4173 primatibus
1253 4114 1494 4170 magnus
1514 4100 1608 4156 illc
1640 4102 1828 4173 heros,
1860 4101 2011 4158 filius

369 4192 590 4251 sororis
621 4190 871 4247 Hcinrici
905 4189 1071 4245 ducis
1088 4189 1191 4244 sed
1224 4195 1423 4260 postea
1440 4190 1614 4259 regis,
1651 4204 1833 4260 nepos
1850 4191 2013 4245 Otto-

368 4282 457 4338 nis
488 4280 655 4338 ducis
687 4279 968 4349 Saxoniae,
996 4277 1353 4334 simultatem
1386 4292 1497 4333 non
1520 4277 1872 4334 modieamin
1890 4292 2013 4334 cas-

2127 1708 2558 1774 consuluit.Qui
2593 1713 2656 1764 ut
2687 1714 2813 1764 erat
2857 1710 3112 1766 versutia
3165 1710 3643 1781 plenuszDesine,
3694 1714 3780 1769 ait

2129 1811 2230 1867 ego
2261 1798 2315 1853 te
2328 1811 2599 1854 securum
2609 1800 2756 1854 meis
2766 1797 3284 1856 sollicitudinibus
3296 1801 3568 1870 reddam;
3579 1817 3704 1873 ego,
3718 1805 3784 1859 ιιι

2127 1886 2209 1943 ad
2235 1886 2290 1941 te
2315 1886 2423 1942 ille
2447 1886 2927 1956 adveniat,prooi
2943 1886 3091 1954 laba;
3108 1888 3189 1956 tu,
3207 1902 3279 1944 ne
3298 1890 3512 1947 redeat
3541 1893 3778 1947 curato.

2130 1977 2301 2029 Hatto
2334 1974 2528 2044 itaque
2549 1975 2719 2030 animi
2753 1975 3126 2044 confidentia,
3180 1992 3290 2046 qua
3317 1978 3625 2035 nonnullas
3680 1995 3783 2037 res

2128 2077 2198 2118 ex
2220 2063 2540 2119 infortunio
2558 2063 3163 2133 secundaseﬁ‘ecerat,
3217 2066 3528 2138 animatus,
3558 2070 3786 2125 Baben-

2128 2152 2289 2222 berg,
2306 2152 2473 2222 quasi
2488 2152 2787 2208 Adelberti
2809 2152 2985 2208 rebus
3002 2153 3404 2226 consulturus,
3429 2157 3593 2228 adiit,
3635 2160 3783 2215 mul-

2130 2245 2303 2311 taque
2336 2239 2667 2308 locutus,in
2702 2241 2835 2298 dolo
2860 2242 3039 2298 suasit
3079 2244 3131 2298 ei
3189 2244 3260 2299 ad
3314 2260 3508 2315 regem
3553 2249 3784 2321 venire,

2127 2330 2421 2401 spondens
2453 2330 2504 2385 ei
2531 2329 2934 2399 jurejurando,
2987 2337 3086 2389 aut
3116 2333 3168 2389 ei
3205 2349 3401 2405 pacem
3457 2351 3587 2391 cum
3632 2351 3782 2406 rege

2130 2418 2435 2488 facturum,
2469 2419 2927 2475 autineolomem
2960 2420 3119 2477 illum
3144 2437 3249 2478 suo
3292 2421 3421 2479 loco
3470 2425 3784 2482 restitutu-

2129 2522 2274 2563 rum.
2309 2506 2479 2577 (Wm,
2512 2523 2548 2577 ι,
2579 2510 2693 2579 22.)
2719 2510 2819 2564 His
2840 2509 3028 2580 pactis
3066 2510 3444 2567 consentiens
3494 2511 3780 2570 Adelber-

2132 2600 2246 2667 tus,
2282 2595 2485 2652 fideiet
2518 2596 2995 2667 alniciciaegratia
3020 2603 3085 2654 ut
3105 2599 3448 2669 dignaretur
3463 2602 3780 2675 prandere,

2136 2685 2361 2755 rogavit
2391 2685 3018 2756 episcopum.j(Lwopn.
3050 2688 3220 2759 WID.)
3251 2688 3374 2754 Quo
3431 2688 3784 2750 calliditatis

2134 2775 2381 2830 obtentu
2399 2774 2834 2843 negante,illieo
2870 2776 3070 2830 urbem
3093 2778 3314 2845 egressi
3340 2779 3785 2852 sunt,episcopo

2134 2863 2435 2917 dexteram
2458 2860 2754 2916 Adelberti
2771 2865 3030 2918 tenente.
3049 2864 3306 2935 Cumque
3320 2870 3447 2936 pert
3459 2868 3786 2925 ransissent

2133 2950 2409 3022 oppidum
2441 2964 2569 3005 cum
2593 2949 2745 3004 οιηηί
2804 2950 3105 3021 comitatu,
3135 2952 3644 3025 ferturepiscopus
3662 2957 3785 3013 cla-

2136 3053 2340 3095 masse:
2366 3038 2551 3094 Prolt!
2567 3038 2852 3108 inquiens,
2869 3054 3052 3109 quam
3089 3041 3397 3111 sepepetit,
3440 3044 3547 3114 qui
3570 3044 3789 3102 oblata.

2130 3129 2364 3200 spernit
2384 3144 2408 3196 ,·
2429 3127 2586 3183 todet
2610 3140 2700 3183 me
2732 3126 3021 3196 longioris
3058 3130 3243 3185 υἰωει
3256 3130 3554 3189 tardioris
3575 3133 3743 3192 hora
3762 3154 3789 3203 ,-

2129 3231 2271 3273 παθη
2283 3215 2407 3286 ω’]
2413 3216 2463 3288 ej
2472 3218 2579 3273 uni
2601 3216 2723 3274 tota
2744 3218 2842 3275 die
2854 3232 2971 3275 non
2977 3232 3290 3289 possumus
3302 3219 3627 3278 ambulare.
3644 3223 3789 3280 Haec

2131 3305 2374 3361 audiens
2423 3304 2792 3374 Adelbertus,
2830 3306 3091 3377 nihilque
3134 3306 3266 3363 mali
3319 3309 3673 3381 suspicatus,
3712 3310 3787 3367 ad

2126 3408 2314 3463 genua
2347 3392 2638 3463 pontificis
2659 3407 2719 3448 se
2752 3392 2908 3450 letus
2941 3394 3266 3465 inclinavit,
3302 3400 3361 3452 et
3388 3401 3448 3451 ut
3486 3397 3540 3451 in
3573 3398 3786 3454 urbem

2127 3480 2403 3550 gustandi
2432 3483 2619 3552 gratia
2653 3484 3068 3551 reverteretur,
3104 3482 3388 3553 deposcit.
3426 3485 3704 3541 Pontifex
3726 3487 3785 3542 in

2130 3572 2328 3627 urbem
2355 3571 2677 3627 revertitur
2701 3587 2830 3627 cum
2863 3569 3205 3641 Adelberto,
3231 3570 3519 3643 deputans
3550 3589 3612 3630 se
3634 3574 3789 3632 libe-

2128 3653 2320 3716 ratum~
2351 3676 2380 3717 a
2415 3659 2645 3716 vinculo
2671 3648 3008 3730 juramehti,
3040 3673 3109 3714 eo
3142 3659 3296 3730 quod
3340 3661 3682 3719 ineolomem
3719 3663 3788 3718 il-

2126 3747 2241 3805 lum
2277 3748 2361 3805 sic
2386 3747 2745 3803 restituisset
2773 3747 2901 3803 loco
2933 3762 3063 3804 suo.
3089 3749 3232 3803 Post
3261 3749 3386 3805 haec
3426 3764 3557 3806 cum
3592 3752 3787 3822 ponti-

2126 3836 2233 3893 tlce
2263 3837 2487 3905 exiens,
2518 3835 2637 3905 regi
2670 3836 2983 3893 Ludewico
3017 3837 3089 3891 ab
3109 3851 3178 3893 eo
3206 3843 3600 3909 presentatur,
3625 3854 3789 3896 mox-

2125 3942 2236 3998 que
2286 3925 2527 3996 judicio,
2600 3924 2925 3995 principum
2961 3924 3056 3995 qui
3086 3925 3300 3981 aﬂ‘uere
3326 3926 3575 3983 decreto
3624 3929 3787 4001 capi-

2125 4016 2296 4073 talem
2332 4014 2513 4071 subiit
2549 4013 2920 4083 sententiam,
2948 4020 3005 4070 ct
3029 4014 3083 4069 in
3110 4015 3346 4085 proprio
3379 4016 3787 4075 castello'l'ha-

2126 4105 2272 4161 rissa
2305 4102 2527 4174 accepil
2561 4101 2952 4174 sepulturam.

2193 4198 2246 4248 2.
2282 4192 2446 4263 (Chr.
2476 4191 2588 4263 W.)
2643 4193 2713 4247 A.
2754 4193 2814 4246 D.
2877 4195 2998 4248 902.
3031 4192 3271 4263 Ungarii
3336 4195 3783 4254 Charentaniam

2125 4282 2428 4351 invadunt,
2451 4284 2507 4335 et
2541 4278 2853 4336 commissa
2887 4280 2944 4336 in
2970 4280 3217 4338 sabbato
3277 4283 3507 4353 paschae
3556 4299 3778 4355 pugna,

369 4368 509 4427 tello
556 4369 893 4437 Babenberg
933 4346 1135 4423 contra
1169 4380 1290 4420 rem
1321 4364 1613 4437 publicam
1672 4368 2008 4424 exercebat.
2046 4346 2095 4412 (ἶ
2124 4346 2497 4429 occiduntur.
2534 4371 2554 4392 '

366 4459 535 4530 (WID.
554 4457 860 4528 I,22.)Nam
882 4470 1011 4511 cum
1030 4454 1355 4510 inimicicite
1377 4458 1572 4517 essent
1596 4455 1750 4510 inter
1790 4455 2014 4512 Chuon-

368 4547 594 4618 radum,
632 4549 855 4618 patrem
871 4542 1200 4599 Chuonradi
1243 4547 1445 4613 postea
1472 4544 1645 4614 regis,
1679 4544 1927 4616 primum
1981 4560 2011 4602 a

365 4634 708 4694 Chuonrado
733 4632 1180 4688 interfectusest
1198 4631 1379 4687 frater
1405 4630 1726 4702 Adelberti,
1761 4632 1817 4689 in
1841 4634 2012 4704 cujus

368 4726 648 4784 ultionem
682 4721 1066 4780 Chuonradus
1091 4734 1321 4792 quoque
1343 4725 1548 4792 postea
1570 4722 1803 4779 occisus
1834 4726 1923 4779 est
1940 4725 2013 4780 ab

367 4815 706 4882 Adelberto;
722 4827 826 4869 nec
846 4811 1002 4868 ullus
1018 4824 1217 4881 regum
1233 4809 1424 4883 potuit
1441 4814 1556 4867 tam
1576 4810 1778 4882 ingens
1795 4810 2010 4869 bellum

367 4904 520 4960 inter
546 4903 870 4960 eminentes
893 4900 1057 4957 viros
1090 4903 1282 4957 ortum
1337 4899 1565 4955 sedare.
1593 4898 1905 4970 (LwornJ.
1946 4903 2011 4974 ι.)

370 4992 752 5066 Cumqueipsi
785 4991 960 5049 etiam
996 4990 1116 5061 regi
1141 4989 1451 5048 Ludewico
1476 4989 2012 5048 rebellisexisteret

371 5079 743 5154 Adelbertus,
779 5094 918 5153 sepe
969 5094 1071 5136 rex
1099 5077 1475 5152 congregatis
1507 5080 1774 5137 omnibus
1834 5096 2012 5155 super

2266 4462 2287 4483 '
2329 4461 2390 4514 D.
2427 4460 2486 4514 E.
2544 4457 2816 4517 addunt:
2838 4458 3143 4515 Sarraceni
3177 4491 3247 4501 —-
3304 4459 3782 4520 debellaverunt.

2337 4544 2413 4586 ea:
2431 4528 2634 4601 Sigeo.
2660 4544 2716 4587 ιι.
2751 4531 2881 4586 910.

2194 4606 2245 4658 3.
2279 4605 2342 4658 A.
2378 4603 2441 4656 D.
2476 4603 2602 4656 903.

2265 4676 2285 4697 ‘
2323 4673 2378 4728 L.
2413 4674 2473 4728 Ε.
2500 4672 2774 4729 addunt:
2809 4671 3181 4728 Ludewicum
3204 4704 3273 4714 —-
3295 4673 3544 4729 veniret.
3588 4687 3667 4732 ea:
3686 4676 3799 4735 Si-

2330 4743 2462 4816 geo.
2493 4758 2553 4816 _a.
2590 4748 2712 4799 911.
2735 4743 3175 4800 Zuendebaldus
3204 4776 3274 4785 —-
3322 4746 3673 4815 composuit.
3715 4762 3798 4805 σε

2332 4814 2535 4886 Sigeo.
2569 4829 2626 4871 ιι.
2662 4816 2784 4870 903.
3310 4827 3315 4831 ·

2192 4909 2242 4960 6.
2274 4907 2333 4961 Α.
2362 4904 2424 4960 D.
2458 4905 2584 4960 906.
2617 4902 2852 4972 Ungarii
2885 4901 3140 4958 amarius
3192 4902 3540 4960 occiduntur
3565 4905 3798 4963 Beren-

2119 5009 2223 5067 ger
2251 4992 2359 5048 ¹²⁰⁰.
2396 4991 2665 5064 Reginolt
2698 4996 2759 5048 et
2787 4990 3033 5048 Gerhart
3061 4992 3322 5062 germani
3346 4992 3561 5051 fratres
3594 4994 3787 5053 inter-

2123 5084 2428 5143 ﬁciuntur.

1712 5231 1950 5290 VARle
2011 5232 2409 5295 LECTIONES.

439 5361 527 5400 ““
546 5365 637 5424 ita
667 5370 715 5424 1.
749 5365 838 5403 “9'
857 5367 1065 5427 LXXII.
1102 5371 1164 5427 D.
1199 5370 1262 5427 Ε.
1296 5369 1388 5407 ⁸1³⁸
1414 5384 1706 5443 superscr.
1756 5377 1800 5429 1.
1838 5373 1928 5409 ¹¹⁹⁷
1982 5374 2229 5448 preludii
2255 5375 2345 5432 1b.
2376 5375 2427 5430 4.
2453 5375 2613 5431 5.10.
2646 5375 2731 5429 11.
2765 5370 2829 5429 D.
2864 5366 2955 5404 ³1⁸⁸
2977 5366 3093 5426 nisi
3143 5379 3207 5426 se
3238 5365 3328 5427 lb.
3383 5364 3476 5409 ω’
3501 5364 3622 5442 jam
3679 5368 3775 5427 ib.

365 5452 458 5493 ⁸²⁰⁰
488 5455 774 5534 berengir,
805 5455 1039 5519 reinold
1097 5461 1154 5515 et
1183 5457 1435 5529 gerhard
1479 5464 1692 5531 gemini
1732 5464 1798 5518 fr.
1854 5464 1935 5523 tl).
