3992 6034
221 188 329 256 881

1089 188 1528 257 CHRONIGA.
1565 224 1646 239 —
1671 184 2150 255 CHRONICON
2193 188 2739 253 UNIVERSALE.

3504 190 3622 256 882

291 332 343 386 7.
381 327 443 386 A.
472 327 533 386 D.
554 331 677 386 907.
705 327 901 399 Pugna
925 323 1015 362 ί²⁰ί
1038 328 1190 386 inter
1204 326 1607 397 Adelbertum,
1630 326 1867 383 fratrem
1901 321 1955 381 Α
1986 328 2315 395 διιθνί3¹²⁰⁴,
2349 325 2724 384 Eberhardus
2754 322 3055 383 1’“comes
3086 325 3532 397 potentissimus
3563 325 3620 384 in

222 432 441 488 eorum,
476 422 531 474 et
565 418 994 480 Chuonradum.
1028 419 1264 474 fratrem
1297 416 1594 474 Ludewici
1625 416 1870 487 impera-

220 506 511 574 torism’;
548 507 603 563 in
636 522 746 578 qua
783 507 1162 564 Chuonradus
1195 506 1507 563 occiditur.

171 626 183 637 -
291 600 342 653 8.
374 600 435 653 Α.
465 598 523 652 D.
549 600 673 653 908.
702 596 1022 653 Ruodolfus
1041 597 1354 668 episcopus
1372 591 1868 662 Wircihurgensis

223 686 862 755 obiit.--Adelbertus,
891 685 1129 757 perﬁdia
1154 686 1422 742 Hattonis
1443 681 1868 754 archiepiscopi

224 783 283 834 et
315 775 615 846 cujusdam
640 775 930 847 Luitpaldi
953 774 1253 846 deceptus,
1282 773 1593 829 Ludewico
1624 786 1758 841 rege
1783 769 1872 840 ju-

227 867 421 935 bente,
457 864 802 922 decolletur.
827 894 908 906 --
936 863 1180 933 Bajoarii
1232 865 1302 920 ab
1353 861 1621 932 Ungariis
1654 858 1872 916 interﬁ-

228 954 483 1011 ciuntur.

296 1047 348 1098 9.
380 1045 441 1098 A.
471 1045 527 1097 ι).
564 1045 685 1099 909.
741 1042 976 1113 Ungarii
1032 1041 1335 1098 Saxoniam
1386 1044 1443 1096 ct
1501 1036 1871 1107 Thuringiam

230 1136 482 1189 vastant.

304 1226 385 1277 10.
424 1224 485 1276 A.
519 1222 580 1277 D.
614 1223 736 1277 910.
798 1220 1034 1291 Ungarii
1100 1220 1488 1275 Alemanmam
1531 1217 1769 1289 petunt.
1804 1243 1876 1255 —

230 1310 340 1366 Leo
372 1310 692 1381 imperator
725 1309 1162 1379 Constantinop.
1194 1307 1369 1364 obiit.

202 1440 207 1445 .
302 1403 391 1453 11.
429 1399 500 1453 Α.
534 1399 599 1452 Ι).
631 1402 760 1454 911.
798 1398 996 1455 Franci
1024 1399 1279 1469 pugnant
1303 1411 1429 1452 cum
1448 1394 1729 1464 Ungariis.

301 1492 390 1544 12.
426 1489 496 1543 A.
528 1490 594 1542 l).
631 1491 759 1544 912.
795 1485 1136 1543 [.udewicus
1159 1500 1261 1540 rex
1286 1485 1549 1540 moritur.
1587 1482 1872 1554 Hicjuxta

230 1578 509 1648 quosdam
532 1576 772 1632 ultimus
787 1575 1003 1631 dieitur
1023 1573 1364 1629 Karolorum
1385 1572 1538 1643 apud
1556 1570 1874 1628 orientales
1898 1557 1903 1561 ’

1985 419 2244 488 Francia,
2271 417 2620 474 Gisilbcrtus
2644 414 2758 471 dux
2788 414 2843 470 in
2873 414 3272 483 Lotharingia;
3299 415 3449 472 inter
3473 431 3621 487 quos

1982 508 2287 565 Heinricus
2306 509 2591 565 Saxonum
2614 510 2671 562 et
2703 504 3123 574 Thuringorum
3157 503 3271 560 dux
3308 508 3621 576 prepotens

1983 596 2264 654 clarebat.
2298 594 2560 653 Secundo
2584 596 2776 650 autem
2808 593 2969 663 regni
2995 591 3121 662 ejus
3144 606 3294 648 anno
3320 592 3621 649 memorati

1986 685 2279 758 principes
2314 684 2443 741 huic
2476 681 2786 755 presertim
2822 680 3073 737 rebelles
3102 680 3442 750 extiterant,
3477 694 3624 751 quos

1984 774 2081 831 ille
2111 779 2229 829 tam
2260 772 2565 845 sapientiae
2596 771 2795 840 vigore
2827 784 2997 840 quam
3020 768 3380 825 fortitudinis
3414 770 3623 826 robore

1984 861 2283 936 superavit
2298 874 2578 932 suamque
2591 859 2663 915 ad
2680 857 3019 915 ﬁdelitatem
3038 857 3329 929 perduxit.
3349 856 3525 913 Arno]
3538 856 3625 914 fus

1985 957 2179 1010 autem
2201 952 2377 1008 nimio
2398 954 2623 1006 terrore
2646 950 2903 1017 coactus,
2939 961 3067 1003 cum
3094 960 3274 1002 uxore
3298 961 3363 1003 ac
3399 944 3533 1001 ﬁliis
3551 946 3624 1003 ad

1984 1042 2271 1115 Ungarios
2302 1040 2465 1111 fugit,
2502 1037 2700 1109 ibique
2719 1050 2901 1108 usque
2933 1035 3003 1092 ad
3038 1034 3260 1092 obitum
3294 1033 3622 1092 Chuonradi

1986 1131 2330 1206 permansit.

1986 1222 2108 1271 Anni
2141 1218 2439 1268 Chuonradi.

2060 1307 2108 1357 1.
2146 1301 2319 1369 (0hr.
2364 1298 2481 1371 W.)
2504 1297 2695 1353 Primo
2733 1294 2863 1352 anni
2898 1293 3225 1351 Chuonradi
3257 1293 3411 1364 regis
3441 1294 3628 1363 Ungao

1988 1392 2056 1447 rii
2112 1392 2184 1447 ab
2242 1388 2572 1445 Alemannis
2600 1385 2690 1420 ¹²⁰⁶
2720 1390 2776 1441 et
2832 1383 3113 1454 Bajoariis
3165 1383 3329 1453 juxta
3390 1382 3626 1439 ﬂuvium

1987 1483 2168 1538 Enum
2200 1478 2309 1550 “P7,
2345 1477 2443 1549 qui
2487 1476 2813 1545 vulgariter
2842 1475 2939 1530 Ine
2971 1472 3207 1541 dicitur,
3242 1469 3619 1528 occiduntur.

2058 1573 2117 1624 2.
2148 1570 2403 1641 (LIUDPR.
2425 1599 2493 1607 —
2518 1566 2657 1623 (ἶνιν.
2696 1565 2776 1621 W.
2808 1596 2851 1603 ο
2887 1564 3108 1618 Βιαιιεῐι
3133 1576 3190 1627 ιι,
3223 1560 3443 1631 tsqq.).
3472 1561 3534 1614 A.
3562 1560 3624 1613 D.

234 1646 485 1723 Francos
534 1664 963 1736 imperantium,
993 1663 1157 1733 juxta
1192 1664 1473 1733 quosdam
1507 1676 1641 1717 vero
1661 1661 1877 1717 Chuou-
1910 1680 1957 1738 Β
1988 1662 2110 1715 914.
2138 1656 2391 1713 Predicti
2414 1656 2708 1727 principes
2724 1651 2841 1721 regi
2874 1646 3631 1706 rebellant.Ruodolfusrex

231 1756 426 1824 rad'is,
446 1755 540 1826 qui
568 1760 692 1827 post
720 1768 848 1809 eum
867 1751 1193 1823 imperavit,
1215 1751 1453 1807 ultimus
1475 1753 1870 1819 computatur,

229 1859 260 1900 a
286 1845 500 1914 quibus
522 1847 688 1914 pater
708 1840 865 1897 illius
894 1840 1295 1908 Chuonradus,
1331 1838 1427 1909 qui
1462 1839 1534 1894 ah
1560 1837 1873 1892 Adelberto

231 1932 578 1988 interfectus
600 1932 916 1998 est,1‘rater
936 1928 1227 1985 Ludewici
1244 1928 1415 1997 hujus
1441 1926 1618 1982 fuisse
1642 1925 1876 1981 estima-

233 2026 348 2077 tur.
372 2020 480 2076 Sed
502 2019 674 2089 hujus
696 2017 1063 2075 diversitatis
1085 2030 1256 2072 error
1274 2015 1662 2086 scriptoribus
1676 2028 1878 2083 regno-

233 2127 360 2168 rum
388 2112 727 2181 imputetur.
766 2108 934 2177 (Win.
962 2123 999 2177 ι,
1026 2110 1137 2180 16.)
1180 2106 1522 2162 Ludewicus
1545 2105 1725 2174 igitur
1744 2118 1875 2160 cum

232 2200 559 2270 accepisset
611 2212 845 2254 uxorem
892 2195 1123 2252 nomine
1170 2194 1568 2262 Mahthildam,
1617 2206 1876 2249 sororem

234 2287 522 2343 Brunonis
548 2300 615 2341 ac
666 2285 853 2356 magni
890 2283 1053 2340 ducis
1084 2283 1337 2351 Ottonis,
1366 2297 1474 2336 non
1510 2280 1709 2338 multis
1740 2283 1874 2351 post

234 2377 357 2433 haec
376 2376 599 2432 vixerat
623 2374 810 2431 annis.
843 2375 1058 2430 Horum
1083 2376 1250 2443 pater
1282 2375 1407 2427 erat
1437 2369 1744 2437 Luitoll‘us,
1780 2368 1876 2438 qui

233 2465 471 2521 Romam
512 2463 830 2535 profectus,
872 2460 1176 2517 transtulit
1225 2460 1357 2515 inde
1407 2458 1686 2528 reliquias
1718 2458 1880 2511 Inno-

234 2554 414 2611 centii
449 2567 628 2623 papae.
663 2553 745 2607 Ex
779 2551 992 2621 quibus
1021 2551 1172 2605 Brun
1214 2564 1344 2604 cum
1379 2548 1650 2603 ducatum
1684 2544 1881 2600 ammi-

238 2642 549 2698 nistrasset
584 2641 771 2697 totius
799 2639 1083 2708 Saxoniae,
1122 2637 1288 2694 duxit
1320 2635 1643 2692 exercitum
1676 2636 1878 2689 contra

236 2733 447 2801 Danos,
480 2734 534 2786 et
568 2729 947 2786 inundatione
982 2726 1283 2798 repentina
1317 2724 1730 2792 circumfusus,
1767 2736 1878 2776 non

236 2821 461 2876 habens
483 2820 673 2876 locum
698 2818 1014 2890 pugnandi,
1064 2816 1240 2888 periit
1262 2831 1392 2871 cum
1415 2814 1566 2870 omni
1591 2811 1875 2880 exercitu,

236 2909 428 2975 fratri,
465 2913 600 2964 natu
628 2906 858 2979 quidem
884 2905 1110 2975 minori,
1145 2904 1242 2961 sed
1271 2902 1422 2960 omni
1447 2902 1665 2957 virtute
1697 2897 1880 2954 multo

238 2998 477 3070 potiori,
497 2996 832 3065 relinquens
857 2994 1156 3051 ducatum.
1186 2992 1322 3062 Regi
1351 3001 1542 3047 autem
1570 2988 1883 3045 Ludewico

232 3101 369 3144 cum
402 3101 512 3141 non
544 3089 700 3141 esset
747 3083 918 3152 illius,
973 3088 1108 3155 post
1132 3085 1375 3137 mortem
1407 3079 1535 3148 ejus
1565 3077 1755 3134 omnis
1790 3091 1886 3149 po-

235 3174 411 3247 pulus
445 3176 793 3229 Francorum
826 3176 1001 3242 atque
1052 3170 1337 3226 Saxonum
1367 3168 1649 3239 querebat
1685 3163 1885 3221 Ottoni

233 3262 501 3319 diadema
525 3262 819 3332 imponere
843 3259 1026 3330 regni,
1045 3258 1149 3315 sed
1170 3258 1297 3330 ipse
1321 3256 1486 3328 quasi
1506 3255 1622 3324 jam
1652 3254 1889 3324 gravior

235 3352 713 3408 recusabatonus
729 3347 953 3419 imperii
981 3347 1136 3417 ;ejus
1155 3352 1342 3401 tamen
1365 3344 1641 3401 consultu
1664 3344 1889 3400 Chuon-

234 3440 437 3509 radus,
465 3438 753 3508 quondam
778 3436 893 3494 dux
918 3438 1286 3503 Francorum,
1307 3433 1460 3489 ﬁlius
1483 3431 1581 3503 (ea:
1605 3432 1746 3490 0hr.
1780 3432 1888 3504 W.)

237 3527 402 3584 illius
434 3524 760 3583 Chuonradi
794 3539 960 3595 quem
1000 3522 1352 3579 Adelbertus
1374 3520 1611 3589 occidit,
1650 3520 1891 3590 ungitur

232 3618 294 3673 in
320 3628 582 3685 regnum,
607 3629 788 3685 penes
817 3612 1088 3668 Ottonem
1124 3614 1317 3665 tamen
1343 3623 1628 3664 summum
1663 3622 1894 3679 semper

236 3710 300 3762 et
329 3704 545 3776 ubique
577 3703 749 3758 ﬁebat
782 3700 1116 3772 imperium.
1158 3700 1328 3764 lWlD.
1362 3713 1399 3766 ι,
1425 3700 1551 3769 17.)
1585 3697 1767 3753 Natus
1802 3706 1895 3756 est

239 3799 438 3850 autem
466 3792 652 3848 eidem
684 3789 882 3846 Ottoni
914 3788 1088 3858 ﬁlius,
1123 3785 1335 3842 mundo
1368 3784 1755 3853 necessarius,
1797 3798 1896 3854 op-

242 3882 427 3939 timus
446 3879 776 3944 Heinricus,
803 3876 899 3949 qui
926 3876 1145 3949 primus
1168 3874 1352 3930 libera
1377 3876 1667 3944 potestate
1693 3886 1897 3941 regna-

239 3971 332 4028 vit
364 3970 416 4025 in
452 3968 733 4029 Saxonia:
784 3965 878 4023 cui
909 3969 1075 4037 pater
1105 3962 1357 4035 moriens
1415 3962 1601 4017 totius
1633 3960 1895 4016 Saxoniae

244 4058 522 4115 ducatum
556 4055 813 4128 reliquit,
849 4050 1325 4121 Chuonradojam
1360 4050 1415 4105 in
1449 4064 1687 4119 regnum
1722 4048 1898 4105 subli-

246 4150 434 4204 mato.

320 4235 486 4306 (C’Itr.
526 4234 633 4308 W.)
659 4236 819 4289 Anno
841 4230 1151 4288 Dominicze
1190 4227 1611 4285 incarnationis
1634 4230 1757 4296 913,
1791 4227 1895 4282 Ur-

247 4324 342 4381 bis
370 4328 564 4381 autem
594 4321 848 4380 conditae
895 4318 1201 4375 millesimo
1231 4320 1354 4385 664,
1393 4314 1795 4381 Chuonradus,
1835 4314 1894 4368 ﬁ-

246 4413 367 4471 lius
398 4410 727 4469 Chuonradi
784 4423 953 4481 quem
986 4406 1337 4465 Adelbertus
1369 4404 1606 4473 occidit,
1652 4406 1895 4459 Franco-
1926 4389 1977 4449 D

249 4517 378 4560 rum
411 4516 483 4559 ex
508 4514 722 4571 genere
746 4498 1048 4567 oriundus,
1074 4496 1162 4553 vir
1194 4502 1471 4551 strenuus
1492 4493 1894 4562 bellorumque

250 4589 547 4649 exercieio
602 4589 832 4657 doctus,
866 4585 1119 4643 omnium
1172 4584 1481 4655 electione,
1513 4586 1611 4638 79°
1641 4581 1733 4614 ¹²⁰³
1766 4581 1894 4637 loco

256 4682 330 4738 ab
364 4681 649 4750 Augusto,
698 4690 938 4746 regnum
969 4674 1215 4745 accepit,
1244 4677 1302 4728 et
1333 4677 1366 4728 7
1398 4672 1563 4727 annis
1595 4670 1885 4741 regnavit.

254 4769 519 4839 (Inuera.
549 4782 606 4837 ll,
644 4769 729 4836 17,
764 4766 987 4833 18,19.)
1018 4762 1135 4819 Sub
1164 4776 1276 4832 quo
1312 4758 1701 4832 potentissimi
1744 4758 1895 4829 prin-

258 4857 424 4930 cipes
454 4859 623 4913 erant
673 4851 966 4911 Arnoldus
1014 4851 1067 4906 in
1104 4849 1386 4921 Bajoaria,
1436 4846 1808 4904 Burchardus
1840 4846 1893 4901 iu

1992 1748 2266 1812 moritur;
2289 1749 2411 1817 post
2438 1759 2606 1815 quem
2626 1742 2773 1813 (231)
2795 1739 3155 1808 Ludewicus,
3184 1736 3376 1793 Karoli
3400 1735 3550 1791 ﬁlius
3574 1736 3631 1790 in

1988 1850 2228 1907 regnum
2287 1834 2472 1906 patris
2508 1831 2749 1888 consilio
2782 1828 3039 1899 Ilugonis
3072 1826 3257 1896 ducis,
3301 1824 3400 1881 ﬁlii
3459 1825 3635 1881 Ruct-

1991 1925 2162 1997 perti,
2189 1920 2675 1980 extransmarinis
2707 1917 2974 1990 partibus
2997 1917 3067 1972 ad
3084 1914 3299 1971 Gallias
3330 1912 3636 1970 reducitur

1986 2015 2082 2070 cui
2113 2013 2262 2069 idem
2299 2014 2457 2081 [Iugo
2485 2014 2676 2066 tamen
2710 2010 2912 2079 postea
2947 2005 3314 2062 adversatur.
3344 2004 3458 2059 Hoc
3494 2005 3636 2057 tem-

1992 2116 2129 2175 pore
2160 2101 2413 2157 Marinus
2448 2113 2592 2171 papa
2627 2100 2785 2152 11ϐιιεΙ
2816 2095 3041 2151 extitit.

2061 2196 2111 2247 3.
2146 2189 2310 2261 (0hr.
2351 2188 2457 2260 W.)
2485 2190 2555 2243 A.
2585 2188 2654 2241 ἰ).
2684 2188 2813 2240 915.
2851 2182 3085 2251 Ungarii
3113 2178 3506 2237 Alemanniam
3542 2177 3637 2234 de-

1992 2283 2244 2335 vastant.
2281 2279 2454 2332 Hatto
2479 2272 2952 2345 archiepiscopus
2973 2268 3063 2303 ¹²⁰⁸
3079 2268 3257 2334 obiit;
3278 2266 3369 2323 cui
3388 2265 3635 2336 Hcriger

1994 2366 2276 2425 successit
2310 2364 2400 2398 ¹²⁰⁹

2063 2461 2112 2511 5.
2148 2458 2209 2511 Α.
2238 2457 2298 2510 D.
2325 2459 2454 2511 917.
2497 2451 2761 2508 Salomon
2790 2449 3102 2520 episcopus
3138 2447 3347 2517 captus
3379 2447 3493 2515 est,
3526 2444 3637 2499 Un-

1990 2545 2142 2616 garii‘
2166 2543 2557 2601 Alamanniam
2580 2531 2763 2597 totam
2786 2540 2809 2562 "
2832 2539 2961 2608 igne
2984 2533 3252 2604 etgladio
3275 2536 3533 2589 vastant.

2152 2635 2175 2657 *
2202 2634 2396 2687 Totam
2433 2631 2810 2685 devastantes
2840 2638 3023 2693 usque
3057 2623 3124 2677 ad
3161 2620 3397 2678 Fuldam
3438 2634 3641 2691 perve-

2207 2703 2400 2758 niunt.
2440 2703 2508 2756 D.
2549 2701 2618 2754 E.
2647 2712 2722 2753 ex
2746 2695 2956 2768 Sigeb.
2994 2709 3052 2749 α.
3093 2697 3222 2749 917.

2064 2794 2121 2847 6.
2167 2795 2227 2849 Α.
2256 2793 2315 2846 D.
2338 2794 2461 2847 718.
2486 2789 2777 2856 Erkenger
2800 2785 2916 2841 dux
2937 2788 2993 2839 et
3022 2781 3354 2837 Berhtolfus
3373 2776 3638 2849 germani

1996 2882 2208 2938 fratres
2227 2873 2941 2936 decollantur.—-Basilea
2975 2873 3048 2927 ab
3088 2869 3354 2939 Ungariis
3388 2866 3640 2924 destrui-

1998 2976 2122 3029 tur.

2067 3065 2117 3116 7.
2139 3062 2200 3116 A.
2222 3060 2285 3115 D.
2312 3061 2435 3113 919.
2460 3052 2696 3124 Ungarii
2723 3066 2826 3123 per
2856 3046 3247 3105 Alemanuiam
3266 3049 3326 3100 rt
3354 3044 3640 3101 Alsaeiam

1996 3142 2823 3216 transeuntes,Lotharingiam
2845 3138 3139 3193 invadunt.
3158 3167 3227 3176 —
3243 3133 3643 3191 Burchardus’

1999 3238 2116 3296 dux
2138 3233 2536 3294 constituitur.
2562 3264 2615 3272 —
2634 3227 3015 3287 Chuonradus
3044 3239 3147 3281 rex
3169 3223 3441 3290 moritur,
3467 3222 3638 3292 cujus

2000 3326 2242 3386 consilio
2272 3330 2328 3382 et
2366 3324 2642 3395 precepto
2670 3316 2977 3375 Heinricus
3007 3313 3124 3370 dux
3162 3311 3445 3380 Saxonim,
3483 3309 3639 3367 ﬁlius

2002 3413 2431 3483 Ottonisducis,
2463 3411 2518 3467 in
2534 3424 2775 3480 regnum
2800 3404 3144 3478 provehitur
3166 3401 3269 3473 (cf.
3298 3400 3500 3469 Win.).
3534 3399 3643 3455 Sed

2003 3506 2157 3577 quia,
2212 3501 2549 3559 Karolorum
2599 3499 2783 3569 stirpe
2816 3496 2872 3550 in
2914 3508 3092 3563 regno
3126 3493 3477 3546 Francorum
3509 3487 3647 3545 deﬁ-

2003 3595 2214 3663 ciente,
2231 3605 2470 3662 regnum
2499 3590 2614 3659 jam
2638 3586 2708 3644 ad
2722 3578 3440 3653 Saxonesperllciuricum
3458 3580 3647 3631 trans-

2008 3683 2210 3751 fertur,
2226 3676 2623 3751 genealogiam
2648 3672 2989 3731 Karolorum
3011 3683 3184 3727 causa
3205 3664 3497 3723 memoria:
3521 3664 3649 3719 bre-

2005 3770 2155 3827 viter
2194 3767 2593 3840 depingamus,
2619 3762 2826 3819 dehinc
2851 3759 2921 3816 de
2943 3756 3167 3828 origine
3191 3755 3380 3826 gentis
3413 3751 3648 3807 Saxoni-

2006 3873 2110 3928 cae,
2133 3839 2302 3928 cujus
2324 3854 2518 3927 Opinio
2540 3851 2700 3907 varia
2737 3853 2848 3915 est,
2878 3847 3066 3917 aliqua
3092 3843 3514 3910 describamus,
3538 3839 3649 3896 sic-

2007 3961 2118 4020 que
2151 3946 2220 4003 ad
2255 3943 2489 4001 inicium
2521 3938 2685 4009 regni
2718 3935 3131 4009 pertendamus
3153 3934 3176 3956 ‘
3200 3936 3257 3987 1.

2146 4032 2169 4056 ‘
2212 4032 2306 4100 B.,
2335 4028 2404 4100 d.
2436 4042 2485 4082 c.
2520 4023 2734 4100 desunt
2752 4024 2837 4091 E.,
2868 4019 2973 4078 ubi
2993 4016 3307 4100 sequentia
3325 4015 3415 4073 ita
3450 4014 3650 4100 ζρθζιφξ-

2217 4090 2345 4159 tm":
2380 4095 2721 4155 Cuonradus
2746 4107 2848 4149 rex
2870 4090 3126 4164 moriens
3150 4101 3345 4164 coram
3374 4090 3651 4164 princ-ipi-

2213 4153 2320 4230 b'u—s
2336 4153 2517 4239 regni
2549 4179 2743 4235 regem
2786 4161 3053 4239 designat
3070 4153 3648 4239 lleinrieumktilium

2212 4224 2453 4300 ὂῖἶοὴῖξ
2472 4224 2759 4307 Saxonum
2792 4224 2958 4307 duci's
2978 4246 3049 4288 ex
3069 4226 3383 4307 Luitgarda
3408 4224 3651 4307 ﬁliaAiu

2210 4295 2787 4438 nulﬁd‘i’mpteratoris.
2816 4305 2952 4362 Tota
2971 4316 3107 4360 vero
3134 4295 3448 4359 Sdzonum
3479 4295 3653 4352 histo-

2210 4397 2313 4438 για
2416 4395 2475 4438 es
2516 4420 2530 4435 .

2210 4385 2313 4442 ria
2344 4383 2530 4439 deest.

2116 4460 2198 4512 '1.
2231 4461 2281 4512 5.
2315 4452 2507 4511 Addit
2522 4450 2626 4508 hos
2652 4460 2901 4506 versus:

2437 4542 2627 4610 Reges
2657 4538 2727 4595 de
2754 4538 2958 4608 styrpe
2988 4531 3227 4589 Karoli.

2082 4620 2491 4696 StirpsKaroli
2518 4605 2705 4688 Magni
2735 4605 2967 4696 mundo,
3001 4607 3364 4696 veqerabilis
3388 4605 3563 4676 omni,

2084 4682 2230 4754 Ante
2266 4694 2372 4751 fuit
2403 4691 2582 4761 clara,
2613 4682 2795 4761 coepit
2827 4682 3056 4761 demum
3082 4682 3211 4761 fore
3244 4693 3403 4736 rara.

2082 4753 2218 4825 Leto
2252 4753 2795 4834 delentegpaulat'im
2830 4753 3189 4834 deﬁciente,_
3241 4819 3251 4830 .

2084 4819 2381 4897 Successit
2415 4819 2636 4906 primus
2666 4825 3008 4885 Cuonradus
3039 4819 3289 4880 nominis
3320 4819 3520 4891 hujus.

1623 4962 1858 5018 VARle
1898 4954 2297 5017 LECTIONES.

221 5053 235 5061 ’
329 5077 421 5114 ¹²⁰¹
455 5091 642 5151 pugna
673 5073 1061 5151 committitur
1092 5077 1140 5129 5.
1220 5070 1310 5151 “f'
1340 5069 1375 5125 i.
1409 5075 1540 5151 erat
1570 5068 1699 5151 (uni.
1735 5065 2125 5151 committitur
2154 5049 2650 5151 9°..m1‘odtku‘f‘:
2686 5037 3663 5151 ξιηξξῐῐξοιξξζιξηίῗξθέάξέξιέξζξ

256 5140 680 5226 επαθὶὲπρἳαιε
703 5144 1020 5226 recentiora
1046 5156 1229 5226 metam
1260 5140 1481 5226 1.__rel{_.

1591 5137 1682 5172 ¹²⁰⁸
1711 5136 1995 5195 evrardus
2026 5134 2104 5191 ιδ.

2209 5108 2653 5184 ίωδέὶάὧθιιηὶε
2683 5133 2842 5179 corr.
2884 5111 3204 5173 alemannis
3244 5116 3300 5167 1.
3385 5108 3476 5145 1”"
3506 5108 3660 5165 enim

257 5199 673 5283 35123515.-
705 5199 888 5273 ἐξδίὰζ
904 5199 1282 5286 ’Μὀςοιὶῐὶηιιδ
1312 5217 1362 5268 5.
1439 5210 1532 5245 ¹²⁰⁹
1560 5226 1605 5266 8.
1638 5208 1898 5266 decimus
1929 5202 2409 5277 archiepiscopus
2442 5199 2499 5252 5.

1887 5327 2089 5389 NOTAE

335 5443 479 5516 i231)
507 5440 882 5516 Ekkehardus
914 5440 1023 5498 hoc
1061 5438 1192 5497 loco
1223 5433 1529 5496 Rudolfum
1561 5445 1757 5503 regem
1792 5427 2143 5500 Burgundiaa
2186 5425 2359 5495 hujus
2392 5418 2644 5477 nominis
2677 5411 2931 5489 primum
2959 5413 3021 5469 et
3048 5404 3245 5467 Gallias
3277 5413 3472 5475 regem
3501 5409 3663 5455 eum-

267 5514 394 5571 dem
429 5514 630 5572 habet.
