3992 6034
262 244 381 310 885

1130 246 1567 317 CHRONICA.
1607 285 1678 298 -—
1711 248 2187 315 CHRONICON
2231 250 2781 320 UNIVERSALE.

3542 257 3662 324 886

1497 667 1603 737 DE
1651 665 1980 734 ORIGINE
2029 663 2427 736 SAXONUM.

335 969 583 1030 (Wloux.
618 985 657 1041 ι,
690 972 769 1042 2.)
801 971 985 1043 Super
1016 970 1239 1040 origine
1268 972 1462 1041 gentis
1490 972 1777 1028 Saxonum
1807 983 1901 1025 va-
1933 965 1987 1026 A
2015 973 2295 1029 secuntur
2326 975 2536 1027 tamen.
2571 970 2671 1027 Ille
2704 977 2918 1043 autem,
2952 976 3186 1044 sumpta
3220 973 3418 1046 humo,
3454 990 3559 1046 per
3590 975 3675 1033 vi-

261 1058 346 1114 ria
392 1059 586 1130 opinio
630 1062 737 1129 cst,
791 1059 923 1115 aliis
970 1060 1383 1116 estimautibns
1412 1060 1482 1117 de
1516 1059 1687 1116 [lanis
1737 1061 1905 1114 Nort-

262 1148 603 1219 mannisque
627 1163 728 1205 eos
750 1149 1030 1219 originem
1061 1149 1321 1219 duxisse,
1358 1149 1486 1206 aliis
1508 1164 1664 1219 vero,
1692 1147 1908 1220 quibus

262 1238 319 1289 et
354 1238 519 1293 Greci
552 1238 889 1294 consentire
939 1238 1234 1307 dicuntur,
1278 1253 1378 1294 eos
1410 1237 1688 1308 reliquias
1722 1237 1904 1294 fuisse

261 1325 610 1381 Macedonici
634 1327 951 1397 exercitus,
985 1328 1079 1397 qui
1105 1330 1345 1383 secutus
1369 1328 1629 1396 Magnum
1668 1326 1909 1383 Alexan-

262 1413 452 1477 drum,
488 1414 793 1469 immatura
824 1415 1008 1486 ipsius
1041 1419 1226 1472 morte
1252 1431 1359 1487 per
1385 1420 1571 1471 totum
1594 1417 1794 1471 orbem
1830 1414 1906 1469 sit

261 1501 583 1573 dispersus.
642 1505 970 1560 Invenimus
1021 1510 1213 1561 autem
1245 1505 1298 1561 in
1330 1505 1567 1576 scriptis
1609 1505 1907 1575 cujusdam

263 1590 528 1657 (Transi.
561 1591 629 1647 όν.
667 1593 880 1663 Alcm),
922 1592 1095 1664 quod,
1133 1593 1483 1664 antiquitate
1513 1594 1801 1661 tradente,
1840 1593 1909 1647 ab

261 1679 461 1748 Anglis
480 1681 791 1738 Britannim
811 1682 1014 1738 incolis
1031 1683 1145 1738 sint
1166 1683 1407 1754 egressi,
1424 1688 1480 1739 et
1497 1698 1602 1754 per
1618 1683 1908 1738 Oceanum

262 1770 626 1840 navigantes,
663 1771 981 1825 Germaniae
1016 1770 1316 1828 littoribus
1350 1771 1546 1827 studio
1571 1779 1630 1827 et
1655 1770 1911 1827 necessi-

264 1862 385 1915 tate
409 1860 833 1929 querendarum
867 1860 1089 1917 sedium
1120 1860 1237 1916 sint
1268 1861 1522 1931 appulm,
1561 1861 1615 1916 in
1649 1860 1779 1915 loco
1812 1858 1910 1930 qui

261 1952 506 2003 vocatur
530 1948 869 2016 Hathuloga,
891 1964 958 2003 eo
981 1952 1241 2018 tempore
1266 1964 1379 2019 quo
1396 1948 1785 2005 Theodericus
1810 1963 1911 2003 rex

263 2037 613 2091 Francorum
634 2038 834 2091 contra
853 2035 1240 2093 lrminfridum
1259 2036 1466 2094 ducem
1485 2038 1908 2106 Thuringorum

261 2124 563 2192 dimicans,
588 2129 803 2180 terram
827 2138 1027 2181 eorum
1047 2125 1367 2181 crudeliter
1391 2127 1545 2181 ferro
1571 2125 1823 2181 vastavit
1850 2130 1908 2179 et

265 2212 401 2283 igni.
437 2212 605 2280 (Win.
635 2229 671 2280 ι,
705 2216 735 2267 3
764 2214 916 2285 sqq.)
951 2214 1205 2284 Cumque
1239 2214 1486 2286 primum
1521 2218 1696 2269 terra;
1728 2212 1913 2283 appli~

2014 1062 2175 1120 cinos
2206 1076 2380 1133 agros
2413 1075 2581 1133 quam
2613 1060 2891 1119 subtilius
2916 1063 3106 1134 potuit
3128 1077 3253 1120 eam
3279 1063 3582 1136 dispersit,
3613 1069 3673 1122 et

2013 1157 2339 1209 castrorum
2370 1151 2496 1208 loca
2526 1152 2855 1223 occupavit.
2892 1154 2959 1209 Ut
2995 1157 3188 1209 autem
3219 1153 3495 1211 viderunt
3529 1156 3678 1213 Thu-

2015 1242 2163 1311 ringi
2189 1246 2379 1298 castra
2406 1243 2716 1310 Saxonum,
2742 1240 3131 1299 intolerabilis
3153 1242 3276 1299 visa
3305 1247 3394 1299 est
3424 1243 3512 1301 eis
3536 1259 3672 1302 res:

2016 1335 2096 1400 et,
2134 1331 2326 1387 missis
2358 1330 2592 1401 legatis,
2626 1332 2935 1401 conquesti
2970 1333 3101 1386 sunt
3146 1332 3217 1387 de
3252 1331 3469 1389 foedere
3502 1338 3674 1405 rupto

2017 1435 2084 1476 ac
2106 1419 2326 1476 violato
2345 1424 2517 1491 pacto
2537 1434 2609 1476 ex
2629 1424 2791 1491 parte
2817 1421 3123 1475 Saxonum.
3153 1423 3411 1478 Saxones
3438 1436 3678 1494 respon-

2018 1508 2232 1564 derunt
2263 1522 2325 1565 se
2358 1508 2643 1565 hactenus
2686 1508 2873 1564 foedus
2916 1506 3334 1565 inviolabiliter
3376 1524 3674 1581 servasse,

2020 1600 2236 1653 terram
2278 1611 2416 1653 vero
2454 1596 2695 1669 preprio
2733 1611 2876 1653 auro
2915 1603 3312 1668 comparatam
3359 1613 3489 1655 cum
3535 1614 3678 1671 pace

2020 1684 2169 1741 velle
2200 1685 2467 1742 obtinere
2491 1689 2588 1741 aut
2614 1688 2775 1741 certe
2809 1685 2986 1740 armis
3020 1684 3357 1742 defendere.
3390 1687 3489 1744 llis
3518 1687 3680 1744 audi-

2018 1773 2114 1843 tis,
2142 1774 2346 1831 incolaa
2379 1778 2666 1846 ceperunt
2697 1788 2904 1830 aurum
2935 1774 3277 1831 Saxonicum
3297 1774 3413 1844 jam
3440 1775 3681 1832 maledi-

2019 1875 2174 1931 cere,
2208 1865 2265 1917 et
2302 1877 2470 1933 quem
2504 1862 2675 1933 paulo
2706 1865 2841 1919 ante
2875 1861 3100 1918 felicem
3136 1862 3542 1934 predicabant,
3584 1879 3685 1922 au-

2019 1954 2239 2007 ctorem
2276 1949 2621 2021 perditionis
2652 1965 2774 2007 sure
2817 1953 2991 2020 atque
3026 1950 3281 2020 regionis
3316 1952 3673 2010 fatebantur.

2021 2040 2110 2092 lra
2143 2038 2353 2094 deinde
2383 2038 2636 2106 accensi,
2667 2053 2823 2095 caeci
2854 2043 3038 2094 marte
3069 2039 3194 2095 sine
3223 2040 3430 2097 ordine
3461 2045 3521 2097 et
3553 2041 3678 2098 sine

2021 2126 2262 2182 consilio
2296 2127 2526 2183 irruunt
2563 2127 2617 2182 in
2649 2131 2862 2183 castra.
2900 2128 3156 2183 Saxones
3187 2143 3327 2185 vero
3357 2130 3548 2201 parati
3580 2131 3679 2186 ho-

2023 2219 2144 2271 stes
2175 2215 2476 2286 excipiunt
2510 2217 2923 2285 sternuntque,
2953 2219 3011 2270 et
3045 2216 3218 2287 rebus
3258 2232 3542 2289 prospere
3582 2233 3681 2288 ge-

263 2302 546 2369 cuissent,
592 2301 792 2359 incolas
834 2302 1018 2373 ipsius
1056 2306 1251 2372 terrae,
1294 2303 1388 2373 qui
1421 2301 1697 2371 Thuringi
1734 2301 1909 2356 fuisse
1944 2323 1995 2382 Β
2025 2302 2151 2372 stis,
2187 2303 2453 2373 proxima
2482 2303 2862 2359 circumcirca
2895 2304 3024 2359 loca
3048 2304 3178 2373 jure
3212 2304 3345 2360 belli
3383 2305 3673 2363 obtinent.

210 2458 217 2467 '
267 2389 599 2460 traduntur,
620 2390 730 2446 adv
746 2396 932 2447 intum
953 2405 1150 2448 eorum
1169 2392 1430 2461 graviter
1458 2392 1729 2458 ferentes,
1753 2402 1911 2444 arma

265 2482 469 2533 contra
491 2492 592 2534 eos
613 2482 949 2544 moverunt;
974 2480 1229 2534 Saxones
1246 2494 1384 2534 vero
1404 2479 1616 2534 acriter
1636 2477 1913 2533 resisten-

267 2571 377 2633 tes,
406 2570 633 2638 portum
658 2567 1068 2624 obtinuerunt.
1109 2567 1213 2623 Diu
1247 2567 1455 2624 deinde
1486 2568 1639 2622 inter
1663 2581 1725 2622 se
1750 2564 1915 2621 dimi-

264 2654 557 2725 cantibus,
589 2659 648 2712 et
679 2655 880 2712 multis
921 2655 1052 2712 hinc
1095 2655 1226 2712 inde
1266 2654 1634 2725 cadentibus,
1676 2655 1910 2725 tandem

264 2743 531 2814 utrisque
582 2742 801 2816 placuit
833 2743 904 2800 de
933 2759 1074 2816 pace
1123 2748 1413 2809 tractare;
1464 2743 1786 2814 initumque
1818 2746 1908 2799 est

264 2833 453 2889 fmdus
490 2847 558 2888 eo
602 2837 791 2905 pacto,
827 2848 939 2904 quo
983 2833 1262 2889 haberent
1314 2835 1568 2889 Saxones
1618 2831 1906 2888 vendendi

259 2921 606 2991 emendique
637 2921 883 2992 copiam,
916 2926 1176 2978 ceterum
1200 2921 1270 2976 ab
1295 2921 1470 2990 agris,
1498 2936 1527 2975 a
1551 2921 1693 2976 cede
1728 2920 1910 2976 homi-

261 3023 396 3065 num
416 3012 590 3079 atque
610 3008 827 3081 rapinis
845 3009 1206 3066 abstinerent
1226 3026 1239 3073 ;
1256 3009 1539 3079 stetitque
1555 3008 1698 3065 illud
1718 3008 1907 3064 foedus

261 3098 682 3154 inviolabiliter
700 3097 897 3155 multis
915 3098 1139 3155 diebus.
1167 3100 1422 3169 Cumque
1446 3097 1772 3154 Saxonibus
1790 3097 1906 3167 jam

265 3185 577 3242 defecisset
602 3187 864 3257 pecunia,
887 3186 1025 3258 quid
1046 3191 1304 3242 emerent
1329 3190 1428 3242 aut
1450 3186 1767 3241 venderent
1794 3200 1906 3242 non

266 3273 570 3344 habentes,
612 3274 873 3331 inutilem
907 3274 1017 3332 sibi
1052 3289 1250 3346 pacem
1281 3289 1412 3331 esse
1445 3273 1715 3331 arbitrati
1749 3278 1904 3330 sunt.

265 3364 343 3418 Ea
360 3362 899 3435 igiturtempestate
914 3364 1159 3434 contigit
1176 3363 1602 3420 adolescentem
1624 3364 1909 3435 quendam

265 3450 467 3520 egredi
486 3451 555 3506 de
574 3451 841 3521 navibus,
868 3456 1171 3509 oneratum
1198 3451 1379 3508 multo
1398 3467 1561 3518 auro,
1583 3458 1791 3523 torque
1815 3467 1913 3508 au-

269 3552 391 3609 rea,
432 3538 719 3611 simulque
758 3539 1004 3597 armillis
1043 3540 1260 3596 aureis.
1303 3540 1403 3596 Cui
1443 3541 1646 3598 obvius
1679 3540 1912 3612 quidam

263 3628 344 3683 Th
355 3628 688 3697 uringorum
705 3647 717 3682 :
741 3628 899 3693 Quid
913 3626 1028 3685 sibi
1044 3628 1192 3697 vult,
1209 3628 1418 3699 inquit,
1436 3629 1559 3685 tum
1578 3630 1788 3700 ingens
1808 3644 1913 3686 cm-

261 3732 401 3774 r-u/m
422 3717 583 3775 circa
602 3716 1131 3789 tuumfarnelicum
1158 3718 1408 3774 collum?
1441 3719 1795 3789 Emptorem,
1833 3719 1915 3774 in-

266 3805 414 3876 quit,
439 3819 672 3876 quam;
696 3806 776 3862 ad
802 3805 969 3863 nihil
983 3806 1159 3863 aliud
1175 3806 1343 3863 istud
1363 3820 1579 3863 aurum
1599 3821 1760 3879 gero.
1802 3808 1916 3874 Qui

262 3894 424 3950 enim
423 3894 599 3966 fama
604 3893 937 3965 periclitor,
959 3908 1074 3965 quo
1094 3908 1242 3951 auro
1261 3893 1547 3952 delecter?
1572 3897 1638 3950 At
1663 3894 1760 3951 illo
1780 3911 1914 3965 qua-

265 3982 490 4038 litatem
513 3982 1016 4054 quantitatemquc
1038 3982 1220 4054 precii
1244 3988 1516 4053 rogante:
1539 3983 1806 4055 Nullum,
1835 3985 1917 4040 in-

266 4070 394 4141 quit
418 4071 588 4140 Saxo,
621 4069 775 4128 milli
802 4070 893 4128 est
914 4071 1237 4127 discrimen
1269 4071 1334 4127 in
1352 4071 1596 4142 precio;
1624 4072 1919 4144 quicquid

262 4158 439 4218 dabis
462 4160 709 4232 gratum
735 4159 937 4217 Imbro.
972 4159 1075 4216 Ille
1102 4174 1242 4216 vero
1278 4160 1588 4216 subridens
1616 4179 1627 4214 :
1655 4161 1813 4227 Quid
1839 4162 1915 4231 si,

268 4247 479 4319 inquit,
510 4248 581 4306 de
601 4249 843 4319 pulvere
867 4248 982 4306 isto
1007 4249 1204 4307 sinum
1235 4248 1348 4306 tibi
1373 4248 1625 4319 impleo?
1655 4250 1791 4304 Erat
1824 4265 1920 4305 au-

268 4342 385 4394 tem
412 4336 669 4407 presenti
693 4335 821 4392 loco
842 4342 1042 4406 egesta
1068 4337 1278 4393 humus
1303 4336 1568 4408 plurima.
1606 4339 1750 4393 Saxo
1776 4334 1919 4392 nihil

268 4429 581 4481 cunctatus
629 4424 818 4496 aperit
867 4425 1056 4481 sinum
1090 4430 1149 4480 et
1184 4424 1396 4496 accipit
1447 4425 1706 4495 humum,
1762 4425 1920 4480 illico

266 4513 558 4581 Thuringo
580 4512 821 4569 tradens
844 4528 1077 4578 aurum;
1109 4512 1381 4584 latusque
1406 4514 1473 4570 ad
1500 4529 1638 4571 suos
1674 4517 1733 4570 ut
1775 4529 1920 4584 rque

271 4601 443 4657 redit.
474 4601 744 4671 Thuringi
776 4601 1127 4670 Thuringum
1158 4601 1430 4658 laudibus
1465 4602 1534 4657 ad
1564 4602 1775 4659 coelum
1815 4602 1922 4657 tol-

272 4687 420 4759 lunt,
449 4689 546 4760 qui
572 4689 753 4746 nobili
777 4690 979 4745 fraude
1002 4691 1279 4746 Saxonem
1303 4691 1601 4762 deceperit
1625 4709 1639 4757 ;
1665 4692 1922 4747 fortuna-

276 4783 517 4849 tumque
556 4792 687 4835 eum
731 4777 884 4833 inter
922 4793 1123 4835 omnes
1163 4778 1438 4835 mortales
1483 4780 1661 4836 fuisse
1694 4780 1790 4850 qui
1821 4780 1919 4835 vili

278 4865 476 4936 precio
500 4869 615 4922 tam
638 4866 842 4936 ingens
865 4881 1067 4922 aurum
1095 4866 1443 4938 possederit.
1480 4869 1749 4923 Ceterum
1773 4869 1920 4925 certi

276 4955 347 5011 de
380 4954 645 5024 victoria,
673 4954 741 5010 de
771 4955 1094 5011 Saxonibus
1115 4953 1232 5025 jam
1263 4954 1427 5025 quasi
1460 4955 1917 5025 triumphabant.

1945 3679 1995 3741 Ο

2024 2391 2127 2447 Diu
2182 2392 2377 2461 itaque
2423 2406 2553 2447 cum
2588 2392 2658 2446 ab
2690 2390 2996 2448 alterutris
3044 2397 3356 2463 pugnatum
3409 2394 3582 2464 foret,
3617 2399 3674 2451 et

2022 2480 2293 2550 Thuriugi
2328 2482 2584 2536 Saxones
2607 2479 2717 2535 sibi
2743 2480 3080 2550 superiores
3105 2481 3227 2536 fore
3253 2480 3547 2551 viderent,
3572 2497 3677 2553 per

2024 2568 2424 2625 internuncios
2456 2569 2750 2640 pacificari
2783 2584 2914 2625 cum
2949 2568 3036 2625 eis
3066 2574 3338 2640 querunt,
3372 2584 3591 2641 eosque
3619 2571 3673 2626 in

2022 2661 2180 2714 terra
2212 2672 2382 2727 quam
2415 2662 2768 2728 acceperunt
2801 2657 3010 2713 cedere
3043 2658 3393 2715 concedunt.

2093 2745 2185 2815 (G.
2223 2745 2437 2803 Frauo.
2472 2760 2519 2802 ο.
2555 2749 2639 2802 l9.
2675 2777 2743 2785 —
2773 2748 2917 2801 Win.
2957 2761 2991 2815 ι,
3028 2751 3061 2802 9
3090 2748 3257 2818 sqq.)
3302 2748 3380 2803 Eo
3411 2749 3677 2818 tempore
3768 2774 3779 2785 κ

2020 2838 2250 2890 mortuo
2275 2834 2566 2890 Clodoveo
2588 2848 2723 2903 rege
2746 2836 3118 2903 Francorum,
3147 2840 3401 2904 quatuor
3425 2834 3526 2891 filii
3549 2835 3676 2905 ejus

2019 2937 2259 2994 regnum
2279 2923 2465 2994 ipsius
2480 2921 2770 2992 equaliter
2790 2921 3134 2979 diviserunt.
3159 2924 3239 2977 Ex
3260 2922 3471 2993 quibus
3492 2924 3679 2980 Tth'

2019 3010 2256 3068 clericus
2278 3026 2407 3066 cum
2434 3009 2794 3066 Austrasiam
2818 3010 3165 3080 accepisset,
3196 3010 3364 3081 cujus
3390 3011 3550 3080 regni
3583 3012 3681 3067 se'

2019 3100 2122 3157 des
2144 3098 2297 3172 apud
2320 3100 2656 3155 Mettensem
2684 3098 2789 3153 fuit
2813 3098 3134 3167 civitatem,
3174 3099 3407 3155 mittere
3437 3100 3677 3155 curavit

2018 3188 2368 3259 legationem
2387 3186 2459 3243 ad
2479 3186 2873 3243 lrminfridum
2899 3201 3091 3256 regem
3115 3187 3539 3257 Thuringorum
3566 3202 3676 3259 pro

2021 3292 2162 3350 pace
2193 3280 2248 3333 et
2281 3275 2614 3344 concordia,
2663 3274 2942 3330 mandans
2974 3275 3025 3330 ei
3059 3290 3172 3331 non
3208 3290 3267 3332 se
3308 3290 3525 3347 cupere
3560 3276 3673 3332 sibi

2020 3381 2155 3424 esse
2183 3366 2477 3423 dominum
2517 3363 2616 3422 sed
2650 3365 2919 3434 amicum,
2963 3380 3073 3421 non
3116 3365 3532 3437 imperatorem
3573 3365 3677 3423 sed

2024 3456 2430 3527 prepinquum,
2473 3453 3049 3526 propinquitatisquo
3081 3454 3211 3523 jura
3252 3452 3676 3510 inviolabiliter

2022 3558 2083 3600 se
2105 3542 2256 3599 velle
2283 3555 2861 3598 servare—sororem
2882 3542 3098 3613 quippe
3116 3541 3454 3598 Theoderici
3477 3542 3678 3598 Irmin~

2026 3632 2212 3688 fridus
2244 3635 2584 3703 acceperat;
2608 3662 2674 3671 -ς
2697 3634 2923 3688 tantum
2951 3636 3010 3687 ut
3036 3647 3064 3687 a
3093 3630 3290 3703 populi
3329 3632 3674 3687 Francorum

2023 3721 2356 3787 concordia,
2376 3719 2472 3791 qui
2490 3734 2618 3777 eum
2641 3734 2833 3790 regem
2851 3720 3304 3783 constituerant,
3325 3735 3436 3776 non
3455 3719 3678 3776 discor-

2023 3809 2211 3879 daret,
2255 3808 2516 3878 rogabat.
2555 3807 2639 3864 Ad
2680 3808 2801 3865 haec
2842 3808 3212 3864 lrminfridus
3251 3823 3379 3864 cum
3429 3807 3677 3877 benigne

2026 3894 2409 3966 responderet
2454 3897 2808 3950 Francorum
2850 3899 3071 3951 statuta
3106 3895 3213 3952 sibi
3251 3895 3501 3965 placere,
3534 3910 3676 3966 pace

2025 3981 2373 4039 omnimodis
2394 3995 2457 4037 se
2481 3980 2763 4051 indigere,
2790 3996 2967 4052 super
2992 3982 3227 4052 negotio
3251 3984 3415 4051 regni
3443 3999 3679 4055 respon-

2025 4070 2244 4128 sionem
2275 4083 2439 4126 suam
2473 4069 2528 4124 in
2562 4068 2875 4126 amicorum
2907 4070 3265 4140 presentiam
3296 4085 3359 4128 se
3391 4072 3540 4127 velle
3572 4072 3679 4127 dif-

2030 4160 2200 4229 ferre,
2237 4157 2479 4227 audiens
2511 4157 2711 4226 regina
2742 4157 2998 4228 legatum
3030 4158 3230 4215 fratris
3263 4160 3677 4230 supervenisse

2025 4252 2084 4304 et
2102 4262 2280 4318 super
2296 4245 2530 4317 negotio
2549 4235 2860 4315 regni‘cum
2883 4259 3018 4315 rege
3042 4246 3301 4303 locutum
3329 4246 3528 4316 fuisse,
3553 4250 3675 4317 egit

2027 4349 2157 4392 cum
2199 4334 2391 4404 lringo
2433 4332 2615 4389 milite
2649 4334 2824 4404 regis,
2858 4332 2953 4403 qui
2985 4338 3113 4391 erat
3146 4333 3235 4390 vir
3265 4334 3474 4404 audax,
3514 4336 3681 4393 fortis

2030 4438 2220 4494 manu,
2276 4438 2410 4479 acer
2460 4422 2711 4494 ingenio,
2764 4425 2974 4479 acutus
3021 4421 3288 4493 consilio,
3324 4423 3593 4495 pertinax
3624 4425 3680 4481 in

2030 4512 2209 4568 rebus
2232 4510 2493 4581 agendis,
2522 4511 2707 4568 facilis
2728 4510 2799 4567 ad
2824 4509 3121 4568 suadenda
3145 4526 3273 4583 quae
3295 4511 3495 4583 vellet,
3530 4514 3682 4569 unde

2029 4604 2089 4655 et
2121 4600 2372 4657 animum
2428 4598 2584 4668 regis
2619 4599 2729 4657 sibi
2770 4604 3145 4670 connexerat,
3190 4604 3254 4657 ut
3297 4600 3518 4672 pariter
3558 4601 3679 4671 regi

2032 4688 2345 4744 suaderent
2397 4702 2637 4759 regnum
2680 4688 2792 4744 sibi
2834 4688 2964 4758 jure
2996 4688 3355 4745 hereditario
3402 4688 3678 4758 cessiss-,

2032 4780 2239 4848 utpote
2287 4791 2415 4846 quae
2466 4776 2579 4831 ﬁlia
2626 4775 2782 4845 regis
2820 4779 2978 4832 esset
3011 4779 3073 4831 et
3104 4776 3339 4846 reginae,
3371 4776 3682 4833 Theoderi-

2034 4879 2165 4920 cum
2190 4877 2329 4920 vero
2369 4877 2537 4919 suum
2580 4877 2810 4919 servum
2853 4877 3007 4933 esse,
3040 4867 3334 4934 tamquam
3368 4878 3440 4919 ex
3471 4878 3683 4921 concu-

2038 4952 2166 5007 bina
2217 4954 2435 5022 natum,
2469 4956 2530 5008 et
2562 4950 2691 5007 ideo
2725 4949 3002 5007 indecens
3050 4951 3172 5007 fore
3224 4951 3464 5023 proprio
3509 4967 3682 5011 servo

277 5043 503 5100 Interea
556 5043 704 5100 Saxo
752 5044 1017 5114 privatus
1056 5058 1219 5113 auro,
1263 5046 1541 5099 oneratus
1572 5058 1709 5099 vero
1742 5046 1920 5102 multa
1956 5030 2005 5089 D
2038 5054 2242 5096 manus
2284 5054 2534 5110 unquam
2576 5040 2734 5095 dare.
2772 5038 3118 5097 Convocatis
3148 5054 3288 5110 ergo
3322 5040 3683 5114 principibus

280 5129 471 5201 humo,
502 5132 809 5204 appropiat
841 5131 1103 5188 navibus.
1131 5132 1313 5188 Sociis
1335 5130 1515 5200 igitur
1537 5132 1587 5186 ei
1614 5148 1924 5190 occurren-

278 5217 436 5275 tibus
467 5223 525 5275 et
559 5218 696 5291 quid
736 5224 937 5289 ageret
978 5219 1439 5290 ammirantibus,
1474 5219 1569 5275 alii
1602 5220 1921 5278 amicorum

276 5321 405 5363 eum
432 5306 676 5364 irridere
699 5311 1027 5379 coeperunt,
1053 5307 1150 5364 alii
1175 5322 1441 5379 arguere,
1473 5322 1674 5365 omnes
1705 5308 1922 5380 pariter

277 5410 408 5451 eum
441 5398 724 5452 amentem
754 5394 1153 5454 crediderunt.
1183 5395 1393 5465 Atille,
1426 5395 1721 5467 postulato
1753 5396 1923 5453 silen-

278 5483 364 5538 tio
380 5502 392 5539 :
406 5485 751 5555 Sequimini
766 5497 875 5555 me,
897 5484 1106 5555 inquit,
1128 5484 1335 5555 optimi
1350 5486 1640 5554 Saxones,
1662 5483 1924 5542 simsum

279 5571 441 5630 vobis
453 5573 1356 5645 amentiamprobabiiisulilom.
1376 5575 1449 5629 At
1464 5573 1541 5628 illi
1556 5626 1563 5641 ν,
1587 5573 1720 5629 licet
1737 5571 1917 5643 dubii,

2035 5132 2089 5184 et
2126 5128 2479 5185 necessariis
2528 5128 2749 5199 amicis,
2810 5127 3177 5185 lrminfridus
3205 5129 3382 5185 verba
3416 5127 3590 5200 legati
3626 5130 3680 5187 in

2036 5217 2329 5288 presentia
2358 5230 2560 5273 eorum
2594 5214 2862 5273 contulit.
2899 5217 2971 5272 At
2995 5215 3077 5272 illi
3105 5216 3453 5273 unanimiter
3478 5219 3685 5276 suade-

2037 5307 2193 5376 bant,
2216 5320 2344 5377 quae
2363 5304 2522 5376 pacis
2539 5310 2597 5362 et
2618 5305 2945 5363 concordiae
2969 5309 3103 5362 sunt
3128 5319 3257 5363 eum
3282 5305 3521 5379 sentire,
3548 5307 3682 5379 quia

2036 5394 2288 5466 impetus
2328 5395 2679 5452 Francorum
2711 5394 2865 5452 ferre
2897 5408 3008 5451 non
3040 5398 3274 5465 posset;
3306 5395 3553 5452 maxime
3585 5398 3685 5466 qui

2033 5484 2361 5541 acrioribus
2387 5483 2642 5540 hostium
2665 5483 2845 5540 armis
2865 5498 2939 5541 ex
2959 5482 3073 5539 alia
3098 5487 3263 5556 parte
3293 5488 3683 5556 premeretur.

2035 5570 2191 5640 [ring
2209 5586 2367 5641 vero,
2386 5570 2620 5629 lascivae
2639 5569 2906 5631 mulieris
2923 5570 3296 5629 satisfaciens
3312 5570 3481 5635 votis,
3501 5569 3685 5625 suasit
