3992 6062
248 190 362 251 887

1406 176 1887 244 EKKEHARDI
1931 175 2488 244 URAUGIENSIS

3534 188 3667 249 888

253 321 581 379 lrminfrido
615 322 849 381 Francis
880 321 1091 381 cedere
1113 340 1225 380 non
1250 320 1485 391 debere,
1519 334 1696 392 super
1726 330 1895 387 nego-
1923 310 1980 373 A
2011 314 2150 375 licet
2175 318 2372 387 lassa;
2398 334 2528 393 qua
2553 322 2751 381 tamen
2781 322 2981 380 omnia
3008 321 3216 379 nostra
3247 322 3670 396 redintegran-

253 412 331 468 tio
364 416 527 484 regni
572 415 879 485 justiorem
912 432 969 472 sc
999 430 1232 472 causam
1272 416 1509 481 habere,
1550 412 1732 467 latum
1770 420 1897 478 pre-

250 506 409 559 terea
435 505 760 575 imperium,
788 506 1032 561 militum
1062 520 1264 561 manus
1286 508 1343 559 et
1367 517 1523 558 arma
1548 505 1896 567 ceterasque

250 591 386 646 belli
416 595 613 664 cepias
645 594 753 649 sibi
786 610 851 649 ac
878 593 1233 649 Theoderico
1263 607 1463 663 parum
1498 603 1664 660 aeque
1698 598 1900 658 proce-

250 680 408 735 dere.
448 684 545 737 llis
577 684 756 750 igitur
785 682 1154 740 Irminl‘ridus
1191 696 1525 754 persuasus,
1580 677 1898 755 secundum

249 772 369 826 hinc
402 774 575 828 verba
616 774 809 841 legato
841 773 1162 844 reSpondit,
1195 773 1513 828 amiciciam
1545 773 1779 844 quidem
1810 759 1900 827 sul

250 864 303 915 et
334 861 829 932 propinquitatem
852 862 1206 918 Theoderico
1227 878 1339 918 non
1359 876 1589 932 negare,
1614 860 1811 916 mirari
1840 874 1903 915 se

252 953 443 1003 tamen
495 951 640 1006 satis
680 966 790 1006 non
827 966 997 1023 posse
1048 950 1335 1021 quomodo
1389 965 1673 1022 usurpare
1723 949 1903 1006 vellet

252 1034 415 1108 prius
447 1039 748 1110 imperium
774 1056 942 1111 quam
970 1040 1334 1107 libertatem;
1367 1055 1596 1095 servum
1622 1038 1783 1094 illum
1810 1051 1905 1092 na-

252 1131 393 1197 tum,
430 1133 488 1183 et
524 1131 814 1199 quomodo
855 1130 942 1186 sui
989 1133 1263 1201 quereret
1305 1128 1652 1195 dominium;
1699 1142 1758 1183 se
1792 1141 1905 1181 non

254 1232 425 1287 posse
458 1220 695 1288 proprio
730 1234 901 1274 servo
934 1234 1134 1275 manus
1166 1217 1322 1274 dare.
1362 1218 1609 1286 Legatus
1642 1216 1732 1271 his
1763 1215 1905 1270 satis

250 1311 580 1362 commotus
618 1327 628 1361 :
664 1308 928 1376 Mallem,
970 1308 1176 1378 inquit,
1222 1308 1330 1364 hoc
1364 1307 1546 1377 caput
1569 1319 1763 1362 meum
1797 1302 1908 1359 tibi

252 1394 512 1461 tradere,
548 1411 726 1467 ollam
753 1398 1095 1467 bnjnsmodi
1114 1396 1295 1454 verba
1316 1411 1353 1453 a
1378 1397 1429 1452 te
1450 1396 1686 1463 arcdire,
1718 1394 1911 1451 sciens

260 1498 328 1539 ea
350 1485 534 1541 multo
557 1487 851 1556 sanguine
870 1487 1237 1543 Francorum
1259 1485 1439 1556 atque
1474 1484 1912 1553 Thurringorum

251 1572 555 1629 diluenda.
594 1577 660 1629 Et
698 1576 819 1629 lucc
853 1575 1055 1630 dicens
1088 1589 1362 1630 reversus
1393 1572 1575 1629 estad
1604 1570 1913 1627 Theoderi-

2010 406 2108 463 tur
2138 407 2425 467 absentia.
2461 413 2809 469 Indecorum
2836 414 2925 472 est
2954 412 3297 481 victoribus,
3328 414 3506 472 rictis
3533 416 3670 473 cin-

2010 497 2181 554 cendi
2205 499 2391 555 locum
2415 501 2576 558 dare.
2604 505 2759 560 Num
2784 502 3050 570 singulis
3080 500 3325 559 urbibus
3353 504 3674 563 amminic-

2020 583 2243 646 tranda
2278 593 2606 663 suﬁcimus
2638 593 2950 665 presidia?
2985 592 3068 647 Et
3102 606 3169 647 ea
3184 608 3201 644 τ
3232 607 3424 651 omnes
3458 596 3678 666 perdi-

2009 692 2177 748 mus;
2213 681 2353 737 dum
2392 682 2545 739 imus
2576 685 2635 740 et
2658 684 2942 740 redimus.
2989 686 3119 739 llaec
3149 697 3217 737 eo
3254 690 3674 753 prosequente,

2014 768 2237 838 placuit
2257 770 2607 828 Theoderico
2642 773 3025 843 omnibusque
3058 772 3321 829 victoria)
3345 772 3531 830 avidis
3556 789 3680 830 ma-

2018 873 2154 915 nere
2188 860 2239 914 in
2270 862 2501 928 castris,
2544 867 2600 918 et
2645 862 2874 918 mittere
2916 862 2986 916 ad
3028 863 3316 931 Saxones,
3362 863 3675 934 Thuringis

2019 946 2133 1014 jam
2167 948 2302 1004 olim
2340 950 2625 1019 inimicos,
2658 955 2713 1004 ut
2740 951 2789 1005 ei
2814 955 3013 1006 essent
3039 950 3273 1021 auxilio,
3297 966 3361 1008 ea
3389 951 3677 1008 conditio-

2018 1054 2107 1108 ne,
2133 1043 2191 1095 ut
2215 1039 2582 1095 sivincerent
2615 1039 3000 1095 lrminrridum
3029 1040 3347 1111 urbemque
3369 1046 3674 1112 caperent,

2018 1132 2235 1182 terram
2267 1129 2353 1183 eis
2386 1128 2439 1183 in
2465 1128 2850 1184 hereditatem
2885 1131 3223 1198 perpetuam
3258 1128 3538 1184 traderet.
3577 1131 3680 1185 Sa-

2020 1231 2202 1273 xones
2248 1216 2422 1273 nichil
2475 1217 2755 1285 cunctati,
2809 1232 3012 1273 novem
3053 1217 3230 1272 duces
3261 1232 3389 1273 cum
3423 1218 3675 1289 singulis

2022 1307 2257 1364 milibus
2287 1307 2531 1362 militum
2566 1306 2958 1363 destinabant.
3006 1309 3070 1362 Et
3117 1307 3364 1376 ingressi
3396 1307 3579 1365 duces
3613 1309 3669 1364 in

2023 1399 2238 1466 castra,
2271 1396 2480 1465 singuli
2506 1412 2633 1451 cum
2657 1396 2921 1452 centenis
2948 1396 3251 1467 militibus,
3278 1396 3500 1466 reliqua
3526 1396 3678 1453 mul-

2026 1485 2277 1542 titudine
2318 1489 2483 1540 extra
2525 1490 2718 1541 castra
2759 1473 2988 1553 'relieta,
3031 1485 3444 1542 Theodericum
3479 1486 3683 1543 verbis

2027 1574 2286 1645 paciﬁcis
2335 1574 2691 1644 salutabant,
2730 1577 2785 1630 et
2833 1575 2902 1629 ab
2945 1589 3013 1630 eo
3055 1574 3336 1646 hylariter
3387 1576 3678 1646 suscepti,

252 1672 402 1723 cum,
428 1664 483 1713 et
511 1675 637 1729 qua)
667 1660 884 1717 audivit
921 1676 1031 1716 non
1061 1660 1250 1716 caelat.
1287 1659 1680 1715 Theodericus
1714 1661 1908 1713 autem
1942 1671 1996 1731 Β
2030 1663 2270 1719 dextras
2318 1663 2534 1717 dabant
2564 1668 2621 1717 et
2663 1664 3050 1733 accipiebant,
3106 1678 3283 1733 seque
3319 1661 3398 1717 illi
3433 1662 3684 1720 devotos

254 1745 487 1801 nimiam
527 1748 667 1802 iram
700 1749 863 1805 vultu
894 1749 1092 1805 celans
1123 1764 1330 1805 sereno
1364 1767 1375 1801 :
1412 1747 1649 1818 Oportet
1673 1759 1796 1813 nos,
1834 1745 1915 1800 in-

256 1834 400 1903 quit,
432 1837 513 1891 a'i
537 1838 859 1894 serricium
888 1839 1246 1911 Irminfridi
1259 1837 1589 1909 festinare,
1623 1835 1916 1905 quatinus

255 1925 363 1996 qui
382 1925 657 1982 libertate
674 1928 1008 1997 privamur,
1033 1926 1206 1983 inani
1228 1926 1442 1983 saltem
1457 1923 1909 1995 oitafruamur.

262 2017 476 2071 Etcum
502 2016 663 2083 gravi
699 2016 963 2072 exercitu
998 2016 1355 2087 appropians
1388 2013 1653 2070 terminis
1676 2012 1918 2067 Thurin-

255 2120 481 2175 gorum,
511 2105 729 2160 invenit
755 2121 883 2161 eum
912 2106 1100 2161 valida
1134 2119 1363 2175 quoque
1395 2117 1563 2159 manu
1590 2117 1651 2158 se
1675 2115 1920 2171 CXSDOC‘

260 2198 475 2247 tantem
512 2192 563 2246 in
600 2192 725 2248 loco
767 2192 861 2261 qui
906 2191 1120 2247 dicitur
1158 2190 1476 2259 Runiberg,
1510 2192 1566 2244 et
1603 2187 1915 2244 commisso

258 2281 594 2350 certamine,
617 2286 934 2352 pugnatum
955 2284 1040 2336 est
1063 2279 1303 2350 ancipiti
1332 2277 1486 2334 bello
1511 2292 1611 2349 per
1637 2276 1872 2335 biduum
1892 2294 1918 2344 ,-

256 2371 437 2424 tercia
460 2386 599 2427 vero
621 2371 713 2425 die
732 2370 925 2426 vietus
950 2368 1317 2425 lrminl‘ridus
1336 2366 1518 2423 cessit
1536 2364 1911 2434 Theoderico,

263 2457 607 2528 fugiensque
635 2460 863 2514 tandem
891 2473 952 2513 se
976 2458 1197 2528 recepit
1224 2458 1279 2512 in
1306 2456 1508 2512 urbem
1541 2470 1668 2524 quae
1700 2452 1916 2508 dicitur

261 2547 593 2615 Sehidiuga,
621 2548 729 2602 sita
758 2563 933 2618 super
958 2547 1194 2602 [luvium
1221 2544 1505 2601 Onestrod
1531 2540 1710 2595 “31—”.
1737 2541 1916 2596 Theo-

265 2634 500 2691 dericus
540 2640 752 2703 autem,
797 2634 1170 2704 congregatis
1208 2632 1576 2705 principibus
1618 2630 1916 2686 exercitus

264 2723 372 2791 sui,
407 2729 571 2791 rogat
605 2724 974 2793 sententiam,
1004 2728 1331 2778 utrumnam
1364 2723 1671 2776 censerent
1706 2718 1917 2772 Irmin-

267 2810 477 2867 fridum
506 2812 969 2883 persequendum
991 2826 1058 2866 an
1081 2811 1328 2882 patriam
1349 2809 1721 2866 remeandum
1742 2812 1757 2863 ἒ
1782 2808 1919 2861 Erat

266 2906 457 2955 autem
505 2903 859 2958 Theoderico
902 2916 1108 2957 servus
1153 2900 1487 2969 ingeniosus
1530 2898 1697 2967 satis,
1747 2895 1918 2965 cujus

265 2990 572 3046 consilium
591 2995 870 3061 expertus
886 2995 976 3045 est
995 2989 1194 3060 sepius
1215 2988 1482 3061 probum,
1503 2987 1671 3057 eique
1694 2988 1922 3057 propte'

267 3093 366 3135 rea
397 3079 643 3148 quadam
680 3079 1074 3135 familiaritate
1110 3078 1215 3133 fuit
1252 3077 1618 3147 conjunctns.
1664 3077 1919 3143 Cumque

268 3168 499 3238 quidam
559 3171 865 3223 censerent
921 3171 1182 3222 mortuos
1234 3165 1622 3236 sepeliendos,
1685 3163 1918 3219 saucios

270 3272 451 3313 curan
473 3256 583 3319 los,
613 3261 667 3309 et
696 3256 763 3310 ad
794 3255 1067 3322 majorem
1100 3255 1421 3311 exercitum
1452 3252 1916 3321 congregandum

273 3358 402 3400 esse
436 3342 891 3413 repatriandum,
926 3347 1164 3410 rogatus
1198 3341 1296 3397 ille
1331 3357 1536 3398 servus
1568 3341 1919 3397 sententiam
1970 3383 1978 3392 .

271 3432 415 3487 dixit
445 3451 455 3484 :
483 3433 555 3486 In
574 3431 750 3489 rebus
781 3430 1042 3488 honestis
1053 3431 1524 3502 pa'clterrimam
1549 3444 1777 3501 semper
1801 3442 1923 3486 esse

275 3520 539 3577 arbitror
557 3534 910 3589 perseceran
921 3520 1087 3589 tiam,
1110 3534 1293 3590 quam
1310 3520 1399 3576 ita
1419 3519 1928 3589 colueruntmajo-

275 3623 371 3664 res
404 3609 606 3669 nostri.
652 3610 719 3662 ul
748 3623 784 3663 α
813 3608 996 3679 septis
1034 3608 1290 3679 negotiis
1325 3622 1468 3663 raro
1501 3606 1596 3664 vel
1624 3620 1932 3678 nunquam

277 3697 347 3752 de
356 3697 607 3757 ﬂuerent.
636 3699 756 3753 Nec
774 3697 968 3752 tamen
989 3697 1215 3753 labores
1231 3698 1461 3755 nostros
1479 3710 1677 3753 eorum
1694 3704 1938 3769 (equan‘

278 3786 380 3840 (los
403 3784 756 3855 putaverint,
782 3787 889 3856 qui.
904 3786 1114 3855 parcis
1144 3785 1326 3856 copiis
1357 3785 1623 3857 ingentes
1643 3785 1941 3856 gentium-

284 3875 485 3944 copias
504 3874 950 3944 supcrarerunt.
976 3874 1152 3931 Nunc
1173 3875 1335 3930 terra
1357 3874 1377 3929 i
1401 3890 1420 3929 ι
1446 3900 1475 3929 ii
1487 3874 1650 3931 ostra
1673 3874 1761 3931 est
1775 3874 1939 3945 pote-

293 3963 479 4031 state;
508 3963 567 4018 et
590 3962 948 4020 discessione
976 3962 1183 4020 nostra
1213 3963 1388 4021 cictis
1419 3966 1780 4022 occasionem
1808 3964 1940 4020 oin.-

284 4051 454 4106 cendi
467 4050 908 4122 prestubimns?
932 4052 1324 4123 Amplecterer
1346 4051 1401 4107 et
1422 4054 1546 4123 ipse
1556 4052 1829 4123 patriam
1850 4064 1939 4108 re-

283 4140 433 4209 (lire,
454 4142 841 4213 familiarem
868 4141 1363 4209 necessitudinem
1389 4141 1731 4212 procidere:
1752 4142 1807 4197 si
1840 4140 1938 4197 hci

278 4230 421 4286 stem
439 4232 705 4288 nostrum.
719 4245 779 4286 eo
791 4232 992 4301 spacio
1012 4232 1227 4287 scirem
1240 4214 1475 4286 cacare.
1494 4230 1618 4287 Sed
1633 4230 1939 4287 vulnerat-

294 4319 487 4375 nostri
500 4319 777 4390 forsitan
808 4318 921 4375 bac
940 4332 1006 4373 re
1029 4318 1339 4388 indigent;
1361 4318 1692 4375 castrorum
1715 4332 1851 4393 ergo
1885 4318 1936 4374 ’a

2029 1756 2088 1806 et
2139 1751 2208 1806 ad
2260 1753 2449 1807 omnia
2504 1755 2804 1822 promptos
2844 1768 2870 1807 a
2914 1750 3191 1807 Saxonica
3241 1755 3415 1820 gente
3466 1751 3680 1808 missos

2029 1840 2318 1905 dicebant,
2353 1841 2555 1910 eisque
2595 1840 2754 1895 cordi
2797 1854 2948 1907 esse,
2989 1845 3087 1895 aut
3119 1839 3352 1894 vincere
3392 1838 3540 1894 velle
3574 1844 3675 1895 aut

2029 1927 2224 1983 vivere
2275 1928 2447 1984 nolle.
2503 1927 2624 1983 Illis
2671 1927 2792 1984 hzec
2846 1928 3243 1998 loquentibus,
3300 1926 3490 1982 mirati
3541 1934 3681 1983 sunt

2029 2015 2229 2071 Franci
2276 2020 2608 2086 prestantes
2648 2031 2892 2087 corpore
2924 2022 2979 2069 et
3023 2014 3211 2069 animo
3258 2014 3435 2083 viros,
3483 2015 3679 2071 mirati

2029 2105 2163 2158 sunt
2196 2107 2253 2159 et
2288 2103 2549 2159 habitum
2584 2119 2813 2173 novum,
2858 2120 3015 2160 arma
3063 2119 3292 2174 quoque
3325 2110 3386 2160 et
3418 2102 3685 2159 diffusam

2029 2191 2286 2261 scapulis
2316 2192 2620 2261 ecsariem,
2657 2198 2708 2248 el
2748 2208 2925 2264 super
2958 2192 3146 2249 omnia
3180 2192 3471 2259 ingentem
3500 2191 3680 2247 animi

2028 2281 2435 2337 constantiam.
2484 2282 2691 2337 Vestiti
2740 2286 2930 2336 autem
2976 2285 3144 2337 erant
3186 2281 3341 2349 sagis
3381 2284 3437 2335 et
3477 2281 3690 2334 armati

2028 2367 2215 2440 longis
2264 2370 2501 2440 lanceis,
2556 2372 2908 2441 stabantque
2950 2369 3181 2425 subnixi
3223 2369 3419 2440 parvis
3460 2368 3673 2437 scutis,

2031 2455 2314 2519 habentes
2349 2460 2417 2516 ad
2452 2474 2623 2515 renes
2655 2458 2931 2515 cultellos
2964 2473 3234 2526 magnes.
3275 2456 3517 2522 Quidam
3552 2471 3691 2510 vero

2029 2567 2101 2606 ex
2134 2549 2373 2606 Francis
2413 2549 2704 2617 dicebant,
2736 2547 2918 2602 tantis
2950 2562 3015 2601 ac
3046 2546 3263 2601 talibus
3292 2545 3491 2600 amicis
3524 2546 3695 2599 Fran-

2030 2655 2132 2696 cos
2167 2655 2278 2694 non
2315 2637 2598 2707 indigere,
2631 2651 2815 2705 genus
2850 2634 3193 2691 indomitum
3228 2635 3370 2703 fore,
3398 2637 3455 2690 et
3486 2633 3530 2688 si
3564 2648 3697 2704 pre-

2031 2733 2254 2786 sentem
2290 2732 2506 2782 terram
2541 2725 2955 2793 inhabitarent,
2987 2739 3089 2780 eos
3113 2722 3513 2793 proculdubio
3536 2737 3692 2802 esse,

2031 2817 2125 2888 qui
2170 2819 2518 2872 Francorum
2567 2813 2915 2883 quandoque
2949 2811 3036 2845 “3‘
3070 2811 3474 2868 destrucrent.
3517 2811 3695 2867 Theo-

2031 2905 2264 2961 dericus
2286 2918 2427 2959 vero
2449 2902 2705 2974 propriis
2739 2901 3098 2958 utilitatibus
3129 2901 3466 2969 consulens,
3493 2914 3547 2954 in
3574 2898 3695 2953 fide

2032 2993 2288 3065 suscepit
2318 2992 2496 3061 viros,
2533 2989 2907 3060 demandans,
2934 2994 2996 3045 ut
3022 2990 3090 3045 ad
3114 2987 3558 3060 obpugnandum
3590 3003 3687 3041 ur-

2035 3084 2161 3138 bem
2199 3081 2681 3153 prepararentur.
2720 3081 2792 3133 At
2824 3078 2905 3132 illi
2950 3092 2979 3133 a
3011 3094 3147 3147 rege
3190 3076 3458 3145 regressi,
3488 3079 3686 3131 castra

2034 3170 2234 3226 metati
2268 3173 2403 3225 sunt
2440 3167 2510 3223 ad
2551 3166 2928 3223 meridianam
2960 3165 3187 3237 plagam
3221 3164 3383 3220 urbis
3414 3164 3469 3218 in
3499 3162 3687 3235 pratis

2036 3256 2208 3312 fluvio
2242 3254 2554 3325 contiguis,
2579 3258 2639 3310 et
2664 3256 2898 3325 postera
2934 3253 3024 3307 die
3058 3252 3239 3323 prima
3279 3251 3405 3307 luce
3441 3264 3688 3319 surgen-

2038 3351 2142 3414 tes,
2196 3344 2448 3414 sumptis
2498 3342 2674 3399 armis
2703 3340 2978 3413 oppidum
3028 3342 3367 3409 obpugnant
3397 3346 3456 3394 et
3492 3338 3689 3394 incen-

2038 3434 2203 3503 dunt,
2239 3432 2561 3501 statimque
2600 3430 2781 3488 aciem
2820 3430 3095 3485 ordinant
3124 3444 3194 3484 ex
3229 3428 3470 3483 adverso
3507 3430 3689 3497 portae

2041 3519 2368 3577 orientalis.
2424 3519 2491 3574 lli
2533 3534 2672 3577 vero
2715 3518 2811 3590 qui
2852 3518 3009 3574 intus
3045 3520 3231 3585 erant,
3267 3515 3448 3571 clausi
3485 3515 3688 3587 muris,

2045 3609 2179 3666 dum
2211 3609 2409 3666 vident
2446 3609 2600 3665 acies
2636 3608 2938 3663 ordinatas
2969 3622 3033 3662 ac
3058 3621 3119 3662 se
3145 3605 3197 3661 in
3233 3604 3456 3660 ultimis
3475 3604 3698 3659 consti-

2048 3702 2225 3768 tutos,
2253 3698 2531 3755 audacter
2554 3698 2742 3769 portis
2766 3700 3098 3766 erumpunt,
3126 3709 3398 3765 caecoque
3424 3695 3619 3748 marte.
3637 3694 3689 3747 in

2048 3787 2417 3845 adversarios
2464 3786 2715 3856 irruunt,
2759 3791 2818 3841 et
2861 3784 2995 3841 telis
3041 3783 3292 3851 emissis,
3328 3797 3421 3838 res
3448 3780 3693 3852 perinde

2049 3876 2242 3946 agitur
2267 3874 2499 3946 gladiis.
2536 3876 2791 3944 Cumque
2815 3887 2989 3942 grave
3016 3871 3230 3928 bellum
3257 3869 3533 3939 oriretur,
3569 3868 3695 3940 plu-

2050 3979 2143 4020 res
2169 3963 2301 4020 hinc
2326 3963 2457 4019 inde
2480 3965 2844 4031 sternuntur,
2881 3960 3014 4017 istis
3039 3975 3143 4031 pro
3166 3958 3375 4030 patria,
3414 3972 3517 4028 pro
3552 3971 3696 4013 uxo-

2050 4052 2214 4108 ribus
2263 4067 2329 4108 ac
2380 4052 2554 4121 natis,
2608 4054 2904 4122 postremo
2954 4064 3061 4119 pro
3107 4048 3225 4104 vita
3277 4045 3692 4118 pugnantibus,

2050 4142 2373 4198 Saxonibus
2399 4155 2538 4197 vero
2572 4155 2675 4211 pro
2704 4139 2887 4209 gloria
2918 4142 2978 4196 et
3014 4152 3115 4209 pro
3148 4140 3307 4193 terra
3337 4133 3694 4205 acquirenda

2049 4229 2433 4286 certantibus.
2470 4230 2725 4300 Cumque
2758 4227 2971 4298 ubique
3002 4226 3205 4283 tierent
3228 4224 3404 4281 cedes
3426 4228 3485 4279 et
3512 4221 3699 4279 ulula-

2048 4321 2145 4375 tus
2163 4322 2221 4374 et
2243 4322 2511 4376 neutrum
2530 4332 2731 4388 agmen
2754 4315 2880 4372 loco
2899 4315 3157 4383 cederet,
3172 4313 3289 4383 jam
3312 4311 3535 4369 tardior
3552 4312 3696 4366 hora

282 4406 382 4461 bar
406 4385 683 4476 impigris
703 4406 1071 4463 animisreor
1089 4385 1198 4477 pro
1220 4407 1486 4463 maxima
1503 4385 1809 4477 voluptate.
1823 4407 1932 4463 est.
1964 4385 2018 4446 D
2048 4406 2295 4478 pretium
2328 4385 2589 4463 diremit:
2614 4406 2691 4461 Eo
2715 4404 2807 4460 die
2831 4420 2904 4462 ex
2924 4402 3232 4472 Thuriugis
3262 4400 3427 4457 multi
3463 4398 3701 4454 interie-

284 4494 431 4549 Cesa
451 4493 693 4549 urnltita
708 4494 838 4549 line
857 4493 1153 4550 coercitus
1171 4494 1261 4549 est
1273 4494 1640 4565 celiementer
1661 4495 1939 4552 attenua-

284 4581 413 4649 tus;
454 4580 720 4637 hostes-ne
764 4593 961 4637 0.,2nes
999 4581 1348 4637 evaserunt?
1401 4581 1572 4638 Certe
1606 4584 1935 4641 rarissimi.

289 4672 424 4741 Ipse
452 4684 706 4740 namque
731 4669 856 4725 dum
876 4668 945 4724 ut
963 4669 1237 4740 oleariam
1259 4668 1504 4727 bestiola
1535 4686 1640 4728 suo
1668 4673 1944 4729 munitur

293 4758 562 4829 latibulo,
616 4757 785 4815 urbis
831 4757 1241 4813 circurn'latur
1279 4758 1562 4830 claustro,
1607 4773 1713 4817 nec
1752 4761 1946 4831 ipsum

290 4846 493 4903 cretum
536 4847 720 4907 auctet
757 4860 960 4904 secure
1006 4846 1316 4918 inspicere,
1356 4849 1553 4905 nostro
1598 4850 1807 4906 timore
1858 4865 1946 4907 co-

279 4936 473 5006 gente.
500 4937 624 4992 Sed
643 4950 759 4992 non
780 4935 995 4993 desunt
1008 4935 1062 4992 ei
1066 4936 1358 5007 pecunia,
1381 4935 1598 5006 quibus
1613 4939 1947 4996 conducan-

294 5026 392 5081 tur
436 5025 709 5083 nationes
752 5024 1041 5096 barbara,
1082 5039 1199 5082 non
1238 5024 1399 5087 deest
1432 5024 1696 5083 militum
1733 5044 1947 5089 manus

2050 4497 2152 4566 cti,
2172 4494 2333 4551 multi
2356 4493 2601 4550 saueiati
2623 4497 2779 4561 sunt,
2799 4492 2870 4549 de
2886 4491 3209 4548 Saxonibus
3233 4505 3370 4546 vero
3392 4489 3697 4543 numerata

2051 4588 2185 4640 sunt
2216 4598 2318 4639 sex
2350 4581 2502 4637 milia
2527 4596 2677 4639 eesa.
2715 4582 2965 4637 Mittitur
3000 4580 3176 4651 igitur
3205 4579 3363 4648 Iring
3393 4577 3464 4632 ab
3498 4575 3701 4631 lrmiu-

2052 4671 2203 4728 frido
2236 4686 2364 4728 eum
2396 4670 2647 4742 supplici
2691 4670 2981 4740 legatione
3010 4673 3067 4725 et
3097 4666 3368 4723 omnibus
3402 4664 3699 4721 thesauris

2052 4761 2174 4818 suis
2206 4759 2277 4816 ad
2306 4758 2723 4816 Theodericum
2764 4774 2871 4830 pro
2913 4772 3051 4830 pace
3082 4770 3147 4812 ac
3179 4758 3496 4826 spontanea
3541 4751 3703 4809 dedi-

2055 4850 2229 4907 tione.
2266 4850 2331 4905 Et
2364 4848 2648 4905 accedens
2678 4848 2871 4918 Iring:
2905 4848 3067 4916 Haec,
3094 4845 3195 4915 ait,
3222 4842 3334 4901 tibi
3361 4842 3535 4900 misit
3562 4842 3705 4898 tuus

2054 4938 2353 5011 quondam
2369 4939 2769 5010 propinquus,
2810 4936 2976 4992 modo
3016 4946 3238 5004 servus,
3276 4944 3517 5003 rogans,
3551 4930 3625 4986 ut
3647 4929 3704 4986 si

2056 5043 2174 5085 non
2188 5028 2286 5086 sui
2300 5026 2666 5096 miserearis,
2684 5025 2915 5083 misera
2933 5024 3144 5084 saltem
3162 5022 3385 5080 sororis
3403 5019 3518 5077 tuae
3533 5019 3705 5076 mise-

1642 5309 1881 5367 VARIIE
1924 5310 2326 5367 LECTIONES.

370 5497 529 5540 ¹²³¹οδ³
561 5505 794 5558 unstrut
961 5501 1048 5534 "3‘
1083 5502 1314 5560 omnino
1345 5510 1397 5560 5.
