3992 6062
380 260 494 330 891

1537 255 2021 327 EKKEHARDI
2064 252 2621 324 URAUGIENSIS

3669 254 3795 323 892

385 398 474 459 nis
500 397 809 479 Unstrodze
842 396 1218 471 dirimuntur,
1236 413 1266 458 a
1290 397 1689 472 septentrione
1707 394 2020 454 veroNort-
2049 389 2105 450 A
2135 391 2341 451 rabilia
2375 409 2653 454 vanarum
2679 396 3168 469 superstieionum
3187 394 3646 471 genera,quibus
3690 395 3799 454 im-
3820 404 3831 439 ῖ

384 504 646 559 mannos,
670 492 878 559 gentes
908 488 1324 560 ferocissimas,
1358 489 1429 544 ab
1478 491 1611 544 ortu
1654 489 1848 542 autem
1879 480 2021 539 solis

386 578 724 645 Obodritos,
747 581 805 635 et
836 579 908 634 ab
932 592 1143 635 occasu
1179 578 1432 646 Friesos,
1466 591 1497 632 a
1541 575 1753 647 quibus
1787 572 1911 629 sine
1942 570 2026 627 in-

386 658 759 715 termissione
788 657 880 715 vel
938 658 1157 715 foedere
1188 657 1278 714 vel
1347 655 1784 713 concertatione
1829 652 2025 709 finium

386 762 624 804 suorum
655 747 849 818 spacia
882 746 1215 802 necessario
1274 746 1610 802 tuebantur.
1667 745 1842 799 Erant
1874 740 2025 797 enim

390 836 635 906 inquieti
671 835 841 891 nimis
864 839 921 891 et
947 835 1322 891 ﬁnitimorum
1349 833 1589 890 sedibus
1622 831 1841 900 infesti,
1869 828 2026 886 domi

386 940 526 982 vero
543 925 731 996 pacati
747 929 805 979 et
819 923 1029 980 civium
1050 923 1407 980 utilitatibus
1424 922 1650 994 placida
1668 920 2027 991 benignitate

387 1011 782 1082 consulentes,
811 1013 1046 1082 generis
1067 1028 1298 1083 quoque
1321 1027 1387 1067 ac
1416 1009 1746 1067 nobilitatis
1761 1024 1879 1065 sua:
1899 1023 2030 1079 pro-

386 1100 743 1157 vidissimam
766 1116 964 1158 curam
988 1102 1293 1171 habentes,
1312 1116 1415 1156 nec
1435 1100 1601 1155 facile
1622 1098 1758 1154 ullis
1785 1098 2029 1153 aliarum

385 1190 645 1258 gentium
678 1189 770 1245 vel
796 1190 1273 1246 sibiinferiorum
1314 1188 1580 1245 conubiis
1632 1186 1853 1256 infecti,
1903 1201 2030 1257 pro-

389 1278 571 1349 priam
602 1281 660 1334 et
685 1279 970 1334 sinceram
994 1281 1292 1334 ettantum
1319 1278 1406 1334 sui
1435 1277 1682 1332 similem
1702 1279 1935 1345 gentem
1956 1276 2032 1329 fa-

386 1380 518 1421 cere
546 1366 742 1422 conati
773 1372 928 1422 sunt.
967 1367 1127 1421 Unde
1176 1366 1410 1422 habitus
1447 1379 1675 1435 quoque
1699 1378 1764 1419 ae
1815 1362 2031 1432 magni-

390 1454 529 1510 tudo
544 1469 852 1524 corporum
878 1470 1290 1525 eomarumquc
1304 1454 1768 1523 color,tanquam
1796 1452 1849 1506 iu
1869 1455 1963 1507 tan
1976 1454 2032 1507 to

391 1557 629 1598 numero
650 1543 967 1613 hominum,
996 1543 1143 1598 idem
1162 1558 1306 1614 pene
1324 1543 1613 1598 omnibus.
1652 1540 1913 1606 Quatuor
1931 1539 2035 1609 igi-

390 1635 487 1686 tur
518 1631 1035 1701 dill‘erentiasgens
1060 1632 1155 1686 illa
1183 1631 1236 1687 in
1270 1645 1483 1700 genere
1509 1630 1733 1694 habuit,
1753 1628 2033 1685 nobilium

2135 480 2326 553 pliciti
2353 485 2724 557 tenebantur,
2740 485 3208 558 observaverint,
3227 491 3521 560 pretereo;
3546 487 3673 544 haec
3696 499 3798 543 ve-

2137 586 2202 627 ro
2218 571 2348 630 ideo
2361 574 2823 645 commemoravi,
2843 590 2956 647 quo
2974 576 3231 647 prudens
3245 576 3433 633 lector
3447 577 3732 645 agnoscat
3760 588 3795 631 a

2138 661 2372 730 quantis
2413 676 2680 721 errorum
2701 665 2965 721 tenebris
2988 679 3091 737 per
3114 664 3211 721 Dei
3228 665 3476 735 gratiam
3508 665 3626 721 sint
3642 663 3799 720 libe-

2138 749 2251 805 rati
2288 750 2419 822 ;qui
2437 753 3005 823 erant,sicutomnes
3029 754 3298 810 nationes
3313 754 3679 810 Germaniam
3708 752 3797 808 in-

2139 836 2423 908 colentes,
2457 845 2513 895 et
2552 844 2752 896 natura
2803 842 3027 898 feroces
3048 846 3104 898 et
3129 841 3315 899 cultui
3341 841 3668 899 daemonum
3690 840 3796 897 de-

2141 925 2243 982 diti
2280 942 2549 999 veraeque
2571 930 3353 1002 religionicontrarii,neque
3369 929 3560 987 divina
3597 943 3789 1001 neque

2140 1013 2387 1072 humana
2415 1017 2550 1088 jure
2582 1019 2917 1088 transgredi
2977 1020 3247 1077 illicitum
3269 1019 3362 1075 vel
3406 1020 3788 1075 inhonestum

2142 1110 2434 1174 putantes.
2467 1105 2627 1163 Unde
2658 1107 2871 1164 factum
2904 1112 2992 1164 est
3027 1107 3179 1179 quod
3214 1124 3344 1165 cum
3364 1107 3786 1176 finitimissuis,

2141 1196 2198 1248 et
2234 1195 2478 1251 maxime
2499 1211 2629 1252 cum
2652 1197 2905 1267 Francis,
2934 1197 3070 1253 lites
3117 1202 3294 1268 atque
3323 1196 3656 1254 discordias
3690 1197 3790 1252 ha-

2145 1282 2521 1353 bebant,quia
2581 1285 2859 1342 suberant
2908 1301 3098 1343 causae
3146 1300 3276 1356 qum
3306 1285 3550 1341 cottidie
3589 1299 3792 1356 pacem

2146 1372 2491 1441 perturbare
2551 1378 2842 1445 poterant,
2878 1375 3108 1431 termini
3156 1374 3433 1431 videlicet
3483 1376 3791 1431 amborum

2148 1475 2291 1531 pene
2314 1462 2528 1532 ubique
2562 1462 2617 1517 in
2640 1463 2891 1533 planicie
2920 1464 3203 1533 contigui,
3222 1468 3422 1536 preter
3442 1478 3622 1533 pauca
3641 1463 3791 1533 loca,

2149 1549 2200 1603 in
2236 1550 2448 1620 quibus
2476 1551 2565 1607 vel
2600 1552 2787 1609 saltus
2821 1553 3112 1623 magnivel
3142 1552 3421 1609 montium
3450 1554 3589 1623 juga
3619 1553 3797 1608 inter-

2151 1640 2337 1709 posita
2363 1645 2742 1711 utrorumque
2774 1656 2946 1712 agros
2960 1646 3123 1698 certe
3145 1640 3330 1697 limite
3355 1640 3791 1708 disterminant,

392 1719 616 1775 scilicet
655 1734 717 1775 ac
760 1718 1100 1789 liberorum,
1146 1719 1487 1774 libertorum
1504 1723 1680 1789 atque
1704 1732 2029 1786 servorum,

2163 1728 2206 1783 lu
2236 1728 2446 1798 quibus
2478 1728 2651 1785 cedes
2683 1734 2744 1786 et
2766 1730 2985 1801 rapinae
3018 1735 3194 1800 atque
3225 1729 3490 1786 incendia
3534 1729 3797 1786 vicissim

393 1812 451 1861 et
485 1807 539 1862 id
566 1807 793 1877 legibus
828 1808 1115 1863 firmatum
1147 1811 1254 1877 est,
1312 1812 1374 1863 ut
1400 1806 1555 1863 nulla
1600 1821 1734 1878 pars
1776 1806 1828 1861 in
1861 1821 2036 1876 copu-

395 1895 583 1952 landis
609 1896 896 1966 conjugiis
913 1897 1161 1967 propria)
1181 1896 1361 1952 sortis
1388 1896 1666 1951 terminos
1694 1895 2031 1965 transferat,

397 1985 495 2041 sed
528 1983 743 2040 nobilis
774 1985 1024 2040 nobilem
1048 1985 1222 2041 ducat
1240 2000 1476 2040 uxorem
1503 1988 1559 2040 et
1588 1983 1737 2041 liber
1769 1983 2032 2053 liberam,

398 2072 646 2129 libertus
673 2072 1063 2143 conjungatur
1088 2073 1314 2129 libertae
1346 2077 1404 2129 et
1445 2088 1652 2129 servus
1701 2071 1944 2128 ancillae.
1980 2071 2035 2126 Si

399 2178 534 2218 vero
566 2162 853 2234 quispiam
889 2163 1092 2218 horum
1128 2163 1234 2219 sibi
1258 2178 1368 2219 non
1399 2166 1814 2233 congruentem
1867 2164 2040 2231 etge-

398 2265 535 2307 nere
565 2252 1019 2322 prestantiorem
1045 2252 1281 2308 duxerit
1310 2267 1568 2321 uxor-cm,
1595 2267 1725 2307 cum
1750 2251 1885 2306 vitze
1918 2265 2038 2307 suae

398 2338 606 2396 damno
637 2344 964 2412 componat.
997 2340 1241 2410 Legibus
1271 2342 1447 2398 etiam
1482 2340 1549 2396 ad
1578 2340 1893 2396 vindictam
1927 2354 2041 2395 ma-

399 2428 741 2487 lefactorum
765 2429 1002 2500 optimis
1024 2431 1361 2500 utebantur,
1397 2429 1641 2485 etmulta
1669 2429 1831 2485 utilia
1865 2432 2040 2498 atque

401 2518 719 2574 secundum
747 2518 935 2588 legem
966 2524 1191 2575 naturae
1214 2518 1458 2575 honesta
1485 2519 1538 2573 in
1584 2533 1804 2574 morum
1851 2516 2043 2588 probi-

402 2611 519 2662 tate
551 2605 902 2662 studuerunt
932 2608 1169 2676 habere,
1194 2622 1321 2678 qua:
1344 2607 1427 2664 eis
1452 2608 1521 2662 ad
1576 2620 1770 2662 veram
1796 2606 2042 2661 beatitu-

400 2694 591 2750 dinem
626 2695 1064 2766 promerendam
1097 2695 1382 2766 prolieere
1435 2695 1786 2766 potuissent,
1815 2695 1861 2751 si
1894 2693 2043 2750 noti-

401 2782 545 2841 ciarr
574 2784 663 2840 sui
695 2784 982 2841 creatoris
998 2784 1299 2841 baberent.
1319 2784 1801 2841 Colucruntenim
1821 2799 1920 2839 eos
1945 2783 2039 2854 qui

401 2876 604 2929 natura
631 2888 742 2929 non
767 2879 935 2929 erant
964 2873 1063 2943 dii,
1107 2873 1470 2943 maximeque
1508 2873 1875 2941 Mercurium,
1947 2871 2040 2928 cui

399 2962 581 3018 certis
610 2961 818 3018 diebus
841 2962 1106 3018 humanis
1131 2976 1361 3033 quoque
1390 2961 2041 3018 hostiislitabant.Deos

402 3064 539 3106 suos
570 3066 756 3122 neque
782 3049 1016 3123 templis
1056 3050 1357 3107 includere
1386 3065 1574 3121 neque
1624 3050 1723 3106 ulli
1779 3049 2041 3105 humanae

402 3139 621 3210 speciei
655 3140 978 3196 assimilare
1014 3155 1116 3210 pro
1140 3139 1538 3209 magnitudine
1569 3143 1626 3195 et
1660 3136 2044 3208 dignitatedi-

398 3228 662 3285 vinitatis
692 3228 916 3284 licitum
975 3227 1245 3284 arbitrati
1301 3232 1458 3297 sunt,
1506 3228 1667 3282 lucos
1709 3242 1772 3281 ac
1807 3240 2043 3283 nemora

399 3320 814 3373 consecrantes
828 3316 1184 3385 deorumque
1212 3314 1547 3371 nominibus
1561 3313 2047 3385 appellantes,se-

386 3408 625 3460 ‘cretum
652 3403 794 3459 illud
817 3403 941 3459 sola
967 3403 1295 3459 reverentia
1326 3401 1900 3473 contemplabantur.
1939 3405 2050 3459 Au-

403 3490 587 3563 spicia
610 3495 670 3546 et
700 3495 892 3546 sortes
918 3504 1086 3561 quam
1107 3489 1350 3546 maxime
1379 3491 2050 3560 obscrvabant,quarum

401 3578 1025 3636 sortiumconsuetudo
1052 3579 1301 3650 simplex
1332 3579 1722 3648 erat.Virgam
1753 3578 2051 3649 frugiferae

402 3667 594 3725 arbori
613 3666 868 3724 decisam
884 3667 935 3722 in
954 3667 1225 3724 surculos
1248 3667 1878 3739 amputabant,eosque
1899 3667 2057 3723 notis

403 3756 751 3825 quibusdam
773 3755 1063 3813 discretos
1109 3771 1285 3827 super
1328 3755 1642 3812 candidam
1699 3759 1922 3811 vestem
1976 3759 2057 3811 tc-

405 3858 562 3903 mere
591 3859 656 3900 ac
676 3844 916 3900 fortuito
939 3846 1310 3915 spargebant.
1336 3845 1463 3900 Mox
1487 3843 1535 3901 si
1559 3842 1793 3915 publica
1825 3842 2059 3900 consul-

405 3933 551 3990 tatio
584 3933 710 4002 fuit,
736 3932 1014 3990 sacerdos
1045 3932 1321 4004 pepuli,si
1360 3932 1605 4004 privata,
1642 3932 1766 4003 ipse
1794 3933 2061 4003 paterfa-

407 4021 619 4092 milias,
686 4026 960 4093 precatus
1006 4023 1154 4077 Deos
1197 4022 1519 4092 caelumque
1568 4021 1893 4092 suspiciens
1949 4024 2066 4077 ter—

404 4110 671 4180 singulos
728 4110 883 4181 tulit,
932 4109 1297 4180 sublatisque
1336 4109 1656 4167 secundum
1711 4109 2059 4179 impressam

414 4202 585 4255 antea
628 4202 823 4255 notam
856 4199 1281 4270 interpretatus
1301 4202 1390 4254 est
1422 4197 1587 4264 ;etsi
1615 4197 2059 4269 prohibuerunt,

411 4286 567 4344 nulla
598 4287 669 4344 de
701 4288 903 4345 eadem
929 4301 989 4341 re
1014 4288 1140 4357 ipsa
1174 4286 1267 4342 die
1291 4285 1655 4341 consultatio
1678 4290 1826 4347 erat;
1861 4286 1908 4341 si
1939 4300 2064 4356 per-

413 4375 647 4432 missum
699 4380 811 4446 est,
863 4379 1176 4432 eventuum
1235 4374 1423 4431 adhuc
1480 4374 1620 4430 fides
1684 4374 2057 4445 exigebatur.

2074 3106 2122 3163 Ο

2153 1816 2275 1871 ﬁeri
2292 1832 2402 1873 non
2424 1818 2751 1874 cessabant.
2772 1817 2995 1883 Quibus
3011 1816 3153 1875 adeo
3171 1818 3374 1874 Franci
3396 1823 3531 1874 sunt
3547 1817 3794 1885 irritati,

2152 1908 2212 1960 ut
2246 1920 2354 1960 non
2381 1906 2495 1976 jam
2546 1905 3004 1963 vicissitudinem
3053 1905 3325 1975 reddere,
3387 1904 3491 1961 sed
3524 1908 3798 1975 apertum

2151 1997 2356 2048 contra
2377 2009 2478 2050 eos
2504 1993 2900 2050 deliberarent
2938 1993 3150 2051 bellum
3209 1993 3534 2065 suscipere.
3590 1995 3801 2049 Susce-

2153 2084 2311 2152 ptum
2333 2081 2625 2152 estigitur
2678 2087 2879 2138 contra
2931 2097 3033 2139 eos
3091 2081 3327 2151 bellum,
3383 2081 3538 2152 quod
3592 2095 3799 2151 magna

2151 2173 2531 2241 utrorumque
2588 2170 2980 2240 animositate,
3010 2170 3226 2241 majore
3274 2175 3464 2226 tamen
3507 2171 3798 2226 Saxonum

2152 2256 2379 2326 damno,
2409 2273 2509 2330 per
2537 2259 2847 2315 continuos
2871 2262 2939 2314 30
2969 2273 3151 2315 annos
3171 2259 3505 2329 gerebatur.
3548 2258 3796 2313 Poterat

2153 2346 2439 2418 siquidem
2472 2347 2832 2418 citiusﬁniri,
2866 2347 2914 2403 si
2930 2348 3218 2403 Saxonum
3246 2346 3606 2419 perﬁdiahoc
3637 2349 3797 2417 pate-

2153 2442 2334 2491 retur.
2352 2435 2592 2492 Diﬂlcile
2606 2436 2819 2507 quippe
2834 2435 2994 2491 dictu
3011 2441 3119 2505 est,
3163 2435 3434 2506 quotiens
3450 2433 3708 2504 superati
3723 2448 3793 2489 ac

2151 2524 2446 2595 supplices
2464 2525 2727 2594 regisese
2742 2523 3048 2593 dederunt,
3069 2524 3351 2595 imperata
3388 2523 3649 2579 facturos
3678 2521 3805 2593 pol-

2154 2612 2300 2669 liciti
2334 2618 2490 2683 sunt,
2514 2612 2750 2670 obsides
2773 2612 2869 2682 qui
2916 2613 3356 2684 imperabantur
3410 2611 3632 2681 absque
3655 2610 3800 2665 dila-

2155 2702 2310 2759 tione
2342 2702 2649 2772 dederunt,
2675 2701 2899 2771 legatos
2943 2701 3039 2771 qui
3110 2701 3494 2756 mittebantur
3522 2713 3806 2766 suscepe-

2153 2789 2763 2861 runt,aliquotiensita
2787 2789 2991 2845 domiti
3013 2793 3068 2844 et
3093 2787 3361 2857 emolliti,
3380 2793 3444 2843 ut
3483 2786 3804 2843 etiamcul-

2152 2880 2273 2932 tum
2299 2875 2619 2932 daemonum
2653 2875 3020 2932 dimittet-eet
3049 2874 3393 2930 Christianae
3434 2872 3705 2942 religioni
3736 2887 3806 2929 se

2153 2965 2406 3021 subdere
2420 2964 2568 3020 velle
2593 2964 3025 3035 promitterent;
3042 2964 3143 3019 sed
3168 2962 3318 3019 sicut
3346 2961 3416 3018 ad
3441 2962 3561 3018 haec
3584 2960 3773 3018 facien
3795 2979 3817 2990 ·

2154 3053 2224 3108 da
2243 3052 2597 3123 aliquotiens
2631 3051 2911 3123 proni,sic
2930 3051 3001 3107 ad
3015 3051 3217 3107 eadem
3239 3049 3625 3122 pervertenda
3645 3063 3806 3104 sem-

2156 3156 2258 3212 per
2292 3142 2453 3196 fuere
2500 3139 2837 3211 precipitcs;
2882 3153 2987 3195 nec
3052 3138 3218 3195 facile
3268 3141 3359 3194 est
3401 3137 3697 3206 estimare,
3726 3135 3802 3191 ad

2156 3235 2350 3286 utrum
2376 3228 2576 3285 borum
2604 3228 2895 3284 faciliores
2921 3226 3035 3283 dici
3069 3226 3265 3283 verius
3285 3223 3801 3297 possint.Frondo-

2160 3318 2239 3374 sis
2252 3317 2563 3373 arboribus
2578 3317 2955 3387 fontibusque
2970 3315 3403 3371 venerationem
3419 3312 3779 3370 exhibebant
3796 3356 3812 3379 ,

2162 3409 2433 3461 truncum
2449 3419 2680 3475 quoque
2697 3404 2837 3473 ligni
2860 3417 2968 3460 non
2988 3418 3180 3475 parvae
3202 3400 3620 3472 magnitudinis
3640 3400 3699 3456 in
3723 3399 3809 3456 al~

2163 3497 2285 3550 tum
2310 3495 2571 3548 erectum
2590 3493 2699 3548 sub
2722 3491 2854 3549 divo
2873 3490 3360 3562 colebant,patria
3374 3503 3503 3546 eum
3519 3488 3715 3559 lingua
3732 3490 3816 3543 Ir-

2166 3579 2375 3637 minsul
2405 3579 2789 3651 appellantes,
2816 3580 2967 3651 quod
2986 3579 3184 3635 Latine
3217 3578 3435 3635 dicitur
3458 3574 3815 3633 universalis

2166 3669 2456 3739 columna,
2491 3668 2654 3739 quasi
2683 3669 2984 3725 sustinens
3013 3667 3221 3724 omnia.

2240 3757 2829 3829 (Erusz‘taKmnc.
2864 3760 2942 3829 1.)
2974 3756 3156 3827 Igitur
3210 3755 3484 3811 defuns-to
3540 3752 3813 3825 Pippino,

2171 3845 2289 3917 qui,
2354 3845 2647 3902 llilderico
2668 3859 2824 3915 rege,
2861 3832 2935 3899 in
2957 3859 3071 3915 quo
3104 3843 3550 3913 Merivingorum
3584 3840 3812 3896 finitum

2171 3934 2611 4004 estimperium,
2669 3932 2937 4004 deposito
2968 3931 3103 3989 etin
3128 3931 3544 3988 monasterium
3613 3928 3813 4000 misso,

2176 4022 2397 4094 primus
2421 4036 2493 4077 ex
2520 4022 2776 4093 prefecto
2809 4020 2955 4077 aulae
2974 4035 3077 4092 per
3100 4020 3508 4077 auctoritatem
3521 4016 3816 4074 Zachariae

2176 4109 2412 4166 Romani
2464 4109 2756 4182 pontiﬁcis
2799 4107 3186 4165 mouarehiam
3248 4107 3409 4177 regni
3460 4108 3818 4162 Francorum

2176 4200 2336 4257 solus
2354 4199 2629 4269 obtinuit,
2649 4197 2894 4255 Karolus
2918 4197 3072 4254 filius
3095 4196 3222 4266 ejus
3246 4193 3660 4265 successit,qui
3680 4208 3818 4250 con-

2178 4293 2263 4370 tra
2298 4290 2554 4344 Saxones
2575 4287 2810 4356 bellum,
2838 4285 2991 4358 quod
3019 4286 3183 4357 quasi
3203 4285 3602 4341 intermissum
3626 4281 3819 4354 patris

2174 4378 2301 4448 ejus
2328 4380 2511 4433 morte
2526 4376 2853 4444 videbatur,
2882 4373 3153 4445 repetivit
3175 4372 3271 4445 (cf.
3306 4387 3529 4444 supra,
3557 4386 3609 4427 a.
3662 4370 3820 4439 758.)

415 4462 616 4520 Avium
635 4464 1169 4535 vocesvolatusque
1192 4463 1892 4535 interrogare,proprium
1925 4478 2061 4534 gen-
2091 4456 2151 4518 Ι)
2176 4464 2620 4536 (Ex-EmmAnn.
2655 4468 2712 4518 et
2762 4463 2996 4520 Transl.
3031 4464 3097 4520 S’.
3133 4463 3255 4533 Al.)
3287 4463 3461 4517 Pater
3514 4459 3669 4516 enim
3693 4457 3820 4528 ejus

415 4551 670 4608 tisillius
691 4556 817 4609 erat
846 4566 1154 4623 ;equorum
1199 4565 1428 4622 quoque
1462 4552 1724 4634 pr'esagia
1781 4566 1845 4608 ac
1871 4557 2062 4609 motus

414 4639 1062 4711 experirihinnitusque
1084 4653 1151 4695 ac
1179 4639 1931 4711 fremitusobservare,ncc
1955 4640 2058 4697 ulli

417 4727 677 4800 auspicio
706 4727 887 4797 major
910 4727 1053 4783 fides
1079 4727 1492 4797 adhibebatur,
1550 4743 1660 4783 non
1698 4729 1887 4784 solum
1907 4729 2060 4800 apud

421 4817 668 4890 plebem,
693 4817 793 4873 sed
827 4817 1001 4872 etiam
1032 4817 1184 4888 apud
1216 4832 1509 4887 proceres.
1532 4818 1670 4872 Erat
1704 4821 1765 4873 et
1798 4817 1909 4872 alia
1965 4818 2064 4873 ob-

422 4905 679 4964 servatio
694 4904 1229 4977 auspiciorum,quo
1242 4905 1513 4961 solebant
1536 4909 1785 4961 eventus
1802 4906 2064 4975 gravium

423 4995 736 5067 explorare
768 4993 1075 5058 bellorum;
1109 4993 1236 5063 ejus
1270 4992 1494 5050 scilicet
1553 4993 1765 5062 gentis,
1790 5008 1920 5048 cum
1954 5007 2064 5063 qua

425 5081 760 5159 bellandum
777 5082 904 5151 fuit,
921 5082 1213 5153 captivum
1231 5096 1463 5152 quoquo
1488 5080 1657 5136 modo
1676 5080 2068 5153 interceptum

426 5184 554 5227 cum
571 5169 1140 5242 electopopularium
1161 5184 1398 5227 suorum
1422 5168 1631 5240 patriis
1655 5184 1941 5239 quemque
1983 5183 2072 5224 ar-

429 5257 1000 5327 miscommiltere,et
1015 5258 1318 5316 victoriam
1337 5257 1510 5328 hujus
1525 5256 1615 5313 vel
1633 5256 1795 5314 illius
1811 5258 1866 5312 in
1886 5257 2074 5329 previ-

429 5344 624 5401 dentia
656 5344 1206 5413 habere.Quomodo
1224 5350 1415 5402 autem
1436 5346 1620 5402 certis
1672 5344 1901 5416 diebus,
1940 5362 2071 5403 cum

429 5437 528 5490 aut
561 5432 695 5489 luna
728 5432 1034 5491 inchoatur
1056 5439 1154 5491 aut
1189 5434 1483 5506 impletur,
1507 5435 1747 5503 agendis
1781 5436 2080 5491 rebusau-

435 5520 888 5595 spicatissimum
924 5521 1157 5578 inicium
1183 5523 1566 5591 crediderint,
1593 5528 1653 5578 et
1684 5520 1795 5579 alia
1825 5523 2081 5579 innume-

2174 4554 2338 4626 prius
2369 4568 2469 4609 eos
2497 4557 2804 4623 superatos
2834 4556 3228 4607 trecentorum
3246 4563 3530 4620 equorum
3564 4562 3667 4618 per
3705 4546 3824 4602 sin-

2173 4642 2342 4712 gulos
2364 4656 2547 4698 annos
2580 4641 2802 4697 tributo
2832 4640 3119 4696 multavit.
3156 4641 3290 4696 Post
3306 4643 3647 4694 renovatum
3688 4649 3822 4692 cum

2171 4730 2255 4787 eis
2277 4745 2306 4786 a
2340 4727 2548 4785 Karolo
2582 4728 2795 4785 bellum
2816 4728 2913 4784 vix
2944 4727 3096 4783 ullus
3110 4731 3353 4783 exactus
3383 4729 3472 4782 est
3496 4738 3683 4779 annus
3708 4736 3822 4793 quo

2173 4834 2285 4874 non
2317 4819 2388 4874 ab
2411 4818 2496 4874 eis
2546 4817 2693 4873 facta
2726 4817 2801 4873 sit
2833 4816 2987 4887 pacti
3022 4814 3374 4886 permutatio
3407 4831 3421 4881 ;
3457 4812 3563 4870 sed
3593 4823 3827 4881 magna-

2176 4907 2405 4963 nimitas
2428 4906 2584 4977 regis
2603 4920 2670 4961 ac
2705 4909 2984 4977 perpetua
3014 4906 3130 4959 tam
3152 4902 3209 4957 in
3265 4900 3528 4958 adversis
3560 4912 3733 4969 quam
3766 4896 3824 4953 in

2178 4995 2475 5068 prosperis
2497 4993 2829 5050 Constantia
2851 4992 3061 5048 mentis
3077 4990 3231 5047 nulla
3247 5004 3447 5046 eorum
3463 4985 3830 5044 mutabilita-

2180 5090 2237 5139 te
2256 5082 2347 5139 vel
2370 5081 2518 5137 vinci
2541 5084 2771 5153 poterat
2812 5078 2989 5135 velab
3010 5078 3100 5133 his
3132 5074 3441 5147 defatigari
3485 5088 3613 5145 qua:
3649 5087 3828 5142 agere

2181 5170 2617 5242 coeperat.Nam
2650 5182 2940 5239 nunquam
2971 5181 3072 5223 eos
3128 5160 3533 5235 hujuscemodi
3599 5159 3829 5230 aliquid

2186 5261 2594 5330 perpetrantes
2623 5257 2854 5328 impune
2879 5256 3031 5311 ferre
3056 5267 3263 5326 passus
3294 5248 3553 5322 est,quin
3585 5247 3831 5318 autipse

2188 5363 2290 5419 per
2318 5362 2381 5403 se
2411 5347 2588 5403 ducto
2619 5349 2715 5401 aut
2753 5358 2854 5416 per
2873 5343 3119 5400 comites
3137 5356 3278 5399 suos
3337 5339 3517 5396 misso
3549 5336 3828 5394 exercitu

2190 5434 2488 5507 perﬁdiam
2520 5446 2719 5488 eorum
2744 5429 3132 5487 ulcisceretur
3153 5434 3213 5486 et
3266 5426 3612 5495 condignam
3648 5424 3721 5478 ab
3742 5422 3833 5480 eis

2194 5536 2418 5595 poenam
2440 5521 2721 5591 exigeret,
2748 5532 2932 5589 usque
2954 5517 3398 5585 dum,omnibus
3430 5512 3527 5584 qui
3552 5511 3836 5568 resistere
