3992 6062
152 298 270 368 898

1022 300 1464 368 CHRONICA.
1499 337 1577 350 —-
1606 299 2077 368 CHRONICON
2127 304 2677 373 UNIVERSALE.

3436 314 3554 381 894

140 437 411 500 solebant
433 433 763 510 proﬂigatis
786 440 844 493 et
878 433 935 494 in
952 451 1111 495 suam
1127 440 1484 509 potestatem
1509 436 1790 509 redactis,
1824 452 1879 513 Α
1913 437 2194 498 desolatas
2229 447 2541 502 testantur.
2575 444 2641 501 Hi
2673 444 2848 503 etiam
2881 460 2911 502 a
2953 445 3295 508 Dalmantiis
3324 450 3549 510 evocati

143 527 345 585 decem
378 526 534 583 milia
583 527 879 584 hominum
926 542 998 583 ex
1046 529 1139 584 his
1169 528 1265 599 qui
1300 533 1576 598 utrasque
1639 527 1793 599 ripas

143 615 328 674 Albize
345 616 599 673 ﬂuminis
622 616 976 687 incolebant,
1004 633 1131 674 cum
1151 617 1433 674 uxoribus
1452 621 1512 672 et
1534 615 1795 687 parvulis

146 705 455 762 transtulit
486 709 542 762 et
567 707 676 763 huc
707 710 882 777 atque
908 706 1044 763 illuc
1079 722 1182 778 per
1205 706 1442 761 Galliam
1476 710 1533 760 et
1568 706 1798 761 Germa-

141 796 295 852 niam
330 794 672 852 multimoda
720 796 1008 853 divisione
1060 795 1393 862 distribuit;
1423 798 1794 864 tractumque

142 899 248 957 per
271 889 359 940 tot
383 899 566 942 annos
585 885 799 942 bellum
824 900 888 941 ea
906 884 1241 940 conditione
1268 887 1498 940 constat
1525 897 1653 938 esse
1675 881 1796 936 ﬁni-

144 976 287 1039 tum,
322 977 404 1043 ut,
438 973 668 1043 ahjecto
705 974 1028 1030 daemonum
1064 972 1245 1041 cultu,
1284 971 1628 1028 Christianae
1664 969 1796 1024 reli-

141 1060 334 1132 gionis
357 1067 721 1119 sacramenta
742 1061 1133 1132 susciperent.
1165 1061 1329 1127 Quod
1355 1065 1409 1116 et
1440 1061 1655 1114 factum
1679 1063 1788 1113 est.

142 1152 410 1211 Witikint
437 1165 688 1221 quoque,
710 1150 808 1220 qui
839 1150 989 1206 inter
1004 1165 1104 1206 eos
1118 1154 1177 1205 et
1194 1150 1463 1205 claritate
1488 1147 1721 1215 generis
1736 1150 1794 1201 et

140 1258 317 1316 opum
347 1238 728 1311 amplitudine
751 1238 1063 1309 eminebat,
1087 1244 1141 1294 et
1176 1240 1269 1309 qui
1295 1237 1552 1308 perﬁdia:
1592 1250 1794 1291 eorum

142 1338 352 1389 auctor
381 1334 441 1385 et
467 1329 733 1385 incentor
765 1327 1096 1384 indefessus
1124 1332 1273 1396 erat,
1302 1327 1370 1381 ad
1406 1326 1573 1380 tidem
1602 1323 1792 1378 Karoli

140 1425 350 1495 sponte
374 1418 637 1487 veniens,
664 1418 815 1488 apud
841 1417 1133 1472 Tiniaeum
1162 1416 1497 1485 baptizatus
1523 1419 1579 1467 et
1602 1428 1630 1467 a
1656 1427 1795 1482 rege

142 1512 214 1568 dc
250 1511 407 1566 fonte
436 1511 747 1577 susceptus
776 1509 902 1569 est;
939 1506 1138 1575 sicque
1181 1502 1428 1558 Saxonia
1465 1506 1583 1557 tota
1628 1515 1795 1571 supe-

146 1606 272 1656 rata
294 1602 355 1654 et
387 1596 649 1665 subjecta
702 1601 812 1650 est.
870 1595 1049 1664 [lujus
1101 1591 1398 1647 Witikindi
1454 1590 1605 1645 ﬁlius
1646 1590 1796 1659 Wig-

149 1690 379 1757 bertus,
406 1684 748 1742 Christianae
770 1683 1071 1753 religionis
1095 1682 1292 1737 cultor
1321 1681 1586 1749 devotus,
1615 1678 1795 1733 ﬁlium

146 1774 504 1849 procreavit,
532 1788 699 1844 quem
736 1772 1125 1827 Waltbertum
1150 1770 1413 1836 vocavit;
1448 1768 1545 1839 qui
1577 1770 1634 1822 et
1668 1767 1795 1837 ipse

139 1866 213 1922 ab
236 1864 478 1921 infantia
506 1863 831 1932 religiosus,
859 1876 987 1916 cum
1022 1860 1208 1916 factus
1240 1864 1399 1915 esset
1422 1859 1528 1927 vir,
1562 1858 1797 1912 Romam

139 1970 319 2012 causa
353 1952 636 2009 orationis
667 1956 724 2007 et
760 1950 1140 2021 reliquiarum
1193 1948 1683 2019 acquirendarum
1721 1950 1802 1999 tc-

141 2042 331 2099 tendit
354 2041 464 2111 1’“,
491 2055 826 2112 corpusque
850 2039 1036 2094 sancti
1077 2037 1405 2107 Alexandri,
1436 2036 1534 2090 ﬁlii
1579 2037 1800 2091 sanctae

142 2131 487 2199 Felicitatis,
508 2130 797 2199 integrum
824 2127 1164 2198 accipiensa
1184 2141 1327 2197 papa
1359 2130 1497 2181 tunc
1518 2121 1803 2193 temporis

142 2222 355 2289 Leone,
409 2220 464 2275 in
505 2218 806 2274 Saxoniam
838 2216 1051 2272 detulit
1097 2221 1156 2271 et
1200 2214 1257 2270 in
1289 2214 1421 2270 loco
1456 2212 1552 2284 qui
1586 2210 1805 2267 dicitur

138 2307 689 2378 Wihaltingohusou
723 2304 959 2360 locavit.

212 2400 297 2454 Ex
328 2396 589 2465 ejusdem
623 2394 922 2450 Saxonica:
945 2392 1140 2462 gentis
1167 2392 1359 2463 stirpe
1387 2390 1474 2446 vir
1508 2387 1722 2444 nobilis
1741 2389 1799 2473 et

142 2484 596 2560 permagniﬁeus
626 2489 718 2538 est
747 2496 1047 2551 egressus,
1086 2480 1318 2536 nomine
1362 2478 1668 2545 Luitolfus,
1704 2480 1800 2545 qul

147 2585 209 2633 et
237 2576 361 2647 ipse
384 2572 687 2643 religionis
710 2572 899 2641 gratia
923 2572 1160 2625 Romam
1188 2566 1679 2640 profectus,beati
1706 2580 1800 2636 pa-

152 2663 573 2737 paalnnoeentii
593 2661 873 2731 reliquias
891 2660 1021 2714 inde
1038 2658 1300 2714 adduxit.
1325 2660 1543 2729 (Wm,1,
1561 2654 1795 2725 16sqq.)

155 2756 259 2812 Hic
295 2752 496 2809 habuit
533 2751 684 2806 ﬁlios
706 2750 870 2819 duos,
898 2751 1223 2804 Prunonem
1249 2750 1308 2802 et
1331 2748 1631 2811 Ottonem;
1659 2760 1797 2815 quo-

147 2859 279 2900 rum
315 2841 500 2911 major
525 2841 695 2907 Brun,
719 2854 847 2894 cum
884 2838 1064 2893 totius
1096 2836 1358 2892 Saxonia
1383 2835 1654 2891 ducatum
1684 2847 1797 2887 am-

154 2931 574 2999 ministrasset,
602 2928 921 2984 exercitum
949 2929 1149 2983 contra
1170 2928 1360 2981 Danos
1389 2924 1573 2995 duxit,
1604 2923 1797 2994 ibique

152 3020 409 3088 occisus,
446 3019 720 3074 ducatum
748 3016 913 3071 fratri
935 3016 1131 3071 Ottoni
1156 3015 1415 3085 reliquit.
1442 3014 1541 3069 Ilis
1562 3018 1685 3068 erat
1710 3027 1799 3068 so-

153 3126 253 3167 ror
277 3107 504 3164 nomine
524 3107 808 3174 Luitgart,
839 3120 1008 3175 quam
1035 3104 1379 3161 Ludewicus
1401 3117 1501 3159 rex
1523 3102 1675 3159 ﬁlius
1698 3105 1800 3158 Ar-

151 3198 290 3256 nolﬁ
320 3194 709 3268 imperatoris,
737 3208 973 3250 uxorem
999 3193 1304 3263 duxit,sed
1325 3207 1437 3247 non
1462 3192 1560 3248 diu
1598 3196 1799 3263 postea

154 3287 325 3343 vixit.
364 3285 526 3351 Quod
578 3285 702 3340 sine
754 3282 890 3339 ﬁliis
924 3286 1175 3351 mortuo,
1232 3281 1420 3338 omnis
1452 3282 1800 3336 Francorum

158 3377 568 3444 Saxonumque
618 3372 867 3444 populus
899 3370 1083 3429 voluit
1116 3371 1313 3427 Ottoni
1374 3369 1505 3426 duci
1540 3369 1801 3425 diadema

155 3467 459 3537 imponere
512 3463 696 3533 regni.
752 3460 917 3527 Quod
950 3477 1079 3517 cum
1138 3461 1236 3516 ille
1273 3460 1438 3531 quasi
1466 3459 1582 3529 jam
1640 3458 1802 3514 senio

155 3552 395 3627 gravior
425 3554 751 3621 recusaret,
774 3549 901 3619 ejus
925 3549 1197 3606 consultu
1223 3548 1605 3607 Chuonradus
1637 3549 1808 3603 Fran-

152 3660 359 3703 corum
397 3642 514 3699 dux
540 3640 776 3710 ungitur
800 3640 854 3695 in
880 3654 1096 3711 regem,
1118 3654 1341 3696 summa
1361 3645 1550 3694 tamen
1577 3652 1808 3710 semper

155 3739 218 3790 et
250 3731 466 3802 ubique
528 3730 635 3786 fuit
684 3744 862 3800 penes
922 3729 1210 3784 Ottonem.
1257 3730 1439 3784 Natus
1495 3732 1582 3783 est
1617 3731 1808 3782 autem

156 3821 352 3878 eidem
405 3818 607 3873 Ottoni
652 3817 806 3872 ﬁlius
840 3816 1065 3872 nomine
1096 3817 1419 3888 ileinricus,
1457 3817 1551 3886 qui
1588 3816 1809 3887 primus

159 3909 346 3965 libera
398 3910 689 3978 potestate
721 3906 990 3976 regnavit
1026 3905 1080 3960 in
1132 3906 1399 3961 Saxonia.
1452 3903 1558 3971 Qui
1592 3919 1719 3959 cum
1754 3903 1809 3957 in

161 3997 422 4070 primeva
450 3999 626 4051 aetate
656 3994 808 4050 omni
859 3995 1145 4051 virtutum
1195 4008 1411 4063 genere
1441 3992 1619 4050 vitam
1651 4006 1811 4048 suam

160 4088 505 4154 cxornaret,
525 4085 691 4155 pater
704 4083 831 4153 ejus
852 4083 1056 4139 videns
1092 4082 1459 4153 prudentiam
1478 4079 1813 4136 adolescen.

165 4173 266 4243 tis,
283 4170 587 4245 reliquitei
612 4172 935 4229 exercitum
967 4171 1249 4228 adversus
1263 4171 1815 4240 Dalmantiam,con-

166 4262 584 4334 traquamipse
616 4261 714 4318 diu
732 4260 1021 4317 militavit.
1058 4258 1813 4331 Dalmantiiveroimpetum

166 4350 334 4407 illius
358 4351 509 4407 ferre
524 4365 638 4406 non
661 4349 1367 4420 valentes,conduxerunt
1389 4349 1814 4405 adversuseum

172 4443 416 4510 Avares,
439 4455 585 4510 quos
605 4439 776 4495 modo
810 4454 1083 4497 vocamus
1121 4438 1425 4508 Ungarios,
1453 4438 1571 4509 qui,
1605 4442 1667 4494 ut
1696 4435 1819 4507 qui-

1827 1806 1880 1866 B

1832 3162 1880 3223 Ο

1917 543 2177 599 magnam
2210 531 2433 588 cladem
2483 534 2539 590 in
2572 534 2814 592 Saxonia
2850 536 3133 608 fecerunt,
3196 538 3553 612 multamque

1908 618 2145 690 predum
2183 621 2571 679 abduxerunt.

1978 708 2163 776 Igitur
2189 715 2357 781 pater
2380 710 2469 744 “3°
2496 713 2696 783 patriae
2730 729 3090 787 magnusque
3130 717 3247 773 dux
3290 718 3428 775 Otto
3458 718 3553 776 de-

1908 796 2165 867 functus,
2202 798 2417 855 illustri
2449 806 2505 856 et
2538 803 2842 872 magniﬁco
2880 804 2995 861 ﬁlio
3027 821 3134 862 suo
3166 806 3436 864 lleinrieo
3469 814 3555 863 to-

1905 884 2024 939 tius
2049 885 2308 944 Saxoniaa
2333 889 2609 946 ducatum
2635 891 2892 962 reliquit.
2912 895 3027 948 Rex
3048 909 3239 949 autem
3264 896 3554 953 Chuonra-

1908 970 2036 1042 dus,
2056 989 2184 1030 cum
2210 991 2348 1047 sepe
2373 985 2657 1050 expertus
2675 981 2883 1037 fuisset
2910 982 3189 1039 virtutem
3214 984 3344 1039 novi
3363 984 3549 1054 ducis,

1906 1060 2130 1115 veritus
2151 1066 2237 1118 est
2259 1063 2311 1118 ei
2329 1067 2698 1123 committere
2722 1084 2945 1125 onmem
2974 1074 3327 1140 potestatem
3345 1071 3547 1141 patris.

1906 1146 2030 1213 Quo
2064 1149 2275 1205 factum
2308 1158 2397 1208 est
2431 1157 2494 1209 ut
2550 1155 2920 1213 offensionem
2982 1158 3310 1214 incurreret
3372 1159 3555 1216 totius

1906 1237 2203 1293 exercitus
2236 1241 2523 1298 Saxonici.
2562 1244 2813 1309 Quorum
2848 1247 3070 1303 vultum
3099 1262 3237 1316 erga
3269 1262 3331 1303 se
3359 1253 3554 1304 auste-

1908 1325 2118 1381 riorcm
2145 1342 2242 1382 rex
2270 1345 2533 1398 cernens,
2560 1349 2664 1389 nec
2686 1335 2887 1392 ducem
2912 1352 3112 1393 eorum
3140 1336 3373 1408 publico
3399 1336 3553 1392 bello

1907 1430 1970 1470 se
1995 1431 2164 1485 posse
2187 1424 2494 1476 conterere
2520 1437 2621 1492 pro
2648 1423 2943 1480 innumera
2970 1426 3267 1482 exercitus
3291 1425 3556 1481 multitu-

1907 1503 2038 1558 dine
2062 1507 2453 1578 perpendens,
2470 1511 2587 1579 egit
2609 1516 2667 1567 ut
2686 1528 2919 1583 quoquo
2935 1514 3555 1571 modointerﬁceretur

1907 1590 2060 1661 dolo,
2097 1594 2166 1648 ad
2200 1594 2306 1651 hoc
2341 1598 2578 1668 habens,
2616 1604 2676 1655 ut
2730 1602 2932 1672 fertur,
2988 1602 3231 1658 maxime
3284 1602 3552 1659 idoneum

1909 1680 2253 1747 Mogontinzc
2269 1686 2366 1740 sed
2379 1686 2424 1741 is
2438 1688 3034 1759 episcopum,nomine
3052 1690 3477 1760 llattoncm,cuj
3491 1704 3556 1745 us

1909 1769 2154 1827 consilio
2178 1777 2233 1827 et
2254 1773 2608 1831 Adelbcrtus
2628 1778 3127 1847 liabenbergensis
3144 1779 3427 1850 deceptus
3441 1782 3550 1835 est.

1911 1857 2012 1911 Hic
2045 1860 2370 1930 predictum
2399 1864 2603 1921 ducem
2638 1882 2912 1936 agressus
2943 1868 3097 1935 dolo,
3134 1869 3270 1924 fecit
3299 1869 3350 1923 ei
3383 1868 3557 1922 fabri-

1911 1947 2031 2002 cari
2058 1953 2322 2021 torquem
2339 1957 3095 2019 aurcam,etinvitaviteum
3114 1957 3182 2013 ad
3203 1956 3552 2025 convivium,

1914 2048 2026 2103 quo
2061 2040 2282 2106 magnis
2312 2041 2382 2095 ab
2412 2056 2481 2097 eo
2519 2046 2855 2101 muneribus
2887 2046 3296 2101 honoraretur.
3328 2046 3555 2102 Interea

1914 2125 2173 2192 pontifex
2196 2130 2603 2189 considerandi
2620 2135 2815 2205 operis
2836 2135 3023 2203 gratia
3051 2136 3348 2204 ingressus
3374 2134 3443 2189 ad
3462 2149 3558 2188 au-

1913 2210 2152 2283 riﬁcem,
2181 2217 2424 2288 visaque
2450 2225 2676 2292 torque,
2706 2224 3276 2293 fcrturingcmuisse.
3297 2221 3556 2278 Gemitus

1913 2313 2146 2357 causam
2168 2320 2299 2361 cum
2330 2310 2552 2365 aurifex
2575 2312 2943 2383 requisisset,
2973 2313 3271 2383 reSpondit
3298 2311 3430 2381 quia
3460 2326 3558 2379 op-

1910 2387 2036 2444 timi
2072 2392 2297 2464 sibique
2325 2399 2612 2453 carissimi
2651 2400 2779 2469 viri,
2814 2401 3035 2457 scilicet
3074 2400 3326 2457 lleinrici
3369 2398 3555 2468 ducis,

1912 2481 2193 2547 sanguine
2221 2487 2466 2555 torques
2498 2487 2594 2541 illa
2627 2488 2867 2544 deberet
2897 2489 3164 2559 intingui.
3197 2488 3432 2544 Aurifex
3462 2501 3559 2543 au-

1910 2564 2027 2622 dita
2054 2570 2286 2628 silentio
2310 2576 2478 2646 texit,
2495 2581 2552 2631 et
2576 2592 2754 2647 opere
2780 2578 3042 2648 perfecto
3066 2594 3133 2634 ac
3157 2577 3405 2647 reddito,
3428 2575 3561 2630 mis-

1908 2654 2125 2713 sionem
2162 2663 2330 2731 petiit
2361 2668 2420 2721 et
2453 2666 2714 2735 accepit;
2748 2667 3107 2738 obviansque
3133 2668 3264 2724 duci
3298 2667 3458 2723 eunti
3485 2662 3554 2721 ad

1906 2761 1971 2801 ea
2003 2751 2255 2819 negotia,
2286 2753 2560 2810 indicavit
2584 2757 2636 2811 ei
2669 2771 2795 2826 quae
2820 2757 3062 2813 audivit.
3093 2760 3223 2828 Ipse
3250 2762 3444 2814 autem
3470 2773 3560 2813 ve-

1907 2836 2208 2894 hementer
2242 2842 2425 2900 iratus
2458 2848 2624 2900 vocat
2661 2844 2914 2915 legatum
2952 2847 3284 2917 pontiﬁcis,
3323 2845 3418 2916 qui
3444 2846 3559 2915 jam

1909 2926 2132 2997 pridem
2167 2929 2366 2987 aderat
2398 2932 2681 2989 invitandi
2711 2948 2841 2989 eum
2872 2934 3082 3004 gratia,
3120 2938 3178 2990 et
3203 2935 3281 2990 ait
3321 2954 3332 2988 :
3381 2935 3555 3004 Vade,

1910 3017 2006 3073 dic
2018 3018 2294 3089 Hattom',
2312 3022 2458 3091 quia
2473 3023 2688 3079 durius
2711 3022 2926 3080 caltam
2940 3024 3562 3095 nongerttHeinricus

1910 3119 2092 3175 quam
2104 3106 2472 3179 Adelbertas,
2491 3111 2549 3166 et
2559 3112 2706 3180 quia
2718 3111 2937 3167 melius
2951 3112 3078 3168 rati
3089 3125 3294 3168 sumas
3308 3110 3465 3169 domi
3478 3124 3562 3167 sc-

1911 3193 2046 3251 atere
2075 3195 2137 3250 et
2159 3195 2229 3252 de
2257 3199 2387 3268 ejus
2414 3200 2668 3257 servicio
2728 3200 3009 3268 tractare,
3041 3214 3224 3271 quam
3249 3200 3563 3256 comitatus

1912 3285 2106 3341 nostri
2124 3286 2514 3345 multitudine
2532 3302 2659 3344 eam
2676 3302 2953 3359 gratare.
2980 3291 3046 3344 Et
3070 3288 3267 3345 statim
3294 3302 3564 3344 reversus

1916 3373 2106 3427 omnia
2142 3387 2270 3443 quae
2299 3374 2447 3444 juris
2499 3375 2687 3446 ipsius
2719 3381 2888 3432 erant
2920 3377 2975 3432 in
3010 3376 3162 3434 omni
3198 3377 3440 3432 Saxonia
3474 3375 3560 3432 vel

1914 3460 2221 3531 Thuringia
2272 3464 2613 3535 occupavit;
2650 3465 3046 3522 Burchardum
3079 3481 3309 3537 quoque
3340 3468 3398 3522 et
3434 3465 3565 3521 Bar-

1917 3548 2144 3621 donem,
2183 3566 2427 3621 quorum
2460 3553 2611 3609 alter
2642 3568 2822 3623 gener
2876 3555 3033 3624 regis
3066 3560 3213 3625 erat,
3249 3555 3303 3610 in
3336 3557 3562 3610 tantum

1918 3639 2139 3709 afflixit,
2176 3644 2237 3696 ut
2267 3645 2427 3696 terra
2477 3641 2755 3698 cederent
2804 3657 3123 3714 eorumque
3157 3642 3565 3714 possessiones

1922 3728 2043 3800 ipse
2069 3729 2351 3787 militibus
2377 3730 2500 3787 suis
2526 3736 2680 3788 totas
2701 3731 3011 3789 divideret.
3039 3734 3213 3788 Hatto
3228 3740 3421 3789 autem
3445 3730 3563 3805 epi-

1920 3832 2135 3889 scopus
2167 3819 2371 3876 videns
2403 3820 2526 3876 suis
2555 3819 2980 3877 calliditatibus
3012 3820 3178 3877 ﬁnem
3211 3820 3561 3893 impositum,

1923 3905 2093 3961 nimia
2111 3906 2447 3964 tristiciaac
2464 3910 2664 3965 morbo
2682 3909 2903 3980 pariter
2916 3924 3029 3966 non
3054 3915 3183 3982 post
3204 3909 3417 3965 multos
3441 3909 3566 3966 dies

1921 3995 2247 4065 confectus,
2274 3995 2519 4051 interiit.
2546 3998 2800 4053 Fuerunt
2819 3998 2994 4054 etiam
3016 3999 3111 4068 qui
3133 3998 3413 4067 dicerent,
3433 3996 3564 4067 quia

1925 4080 2163 4138 fulmine
2211 4085 2403 4138 tactus
2447 4085 2692 4155 ejusque
2753 4085 2870 4141 ictu
2905 4085 3249 4156 dissolutus,
3290 4091 3418 4157 post
3449 4091 3567 4141 ter-

1923 4169 2072 4226 cium
2098 4169 2247 4226 diem
2271 4171 2598 4228 defecisset.
2618 4174 2943 4229 Rexautem
2970 4174 3124 4230 misit
3148 4175 3384 4231 fratrem
3400 4187 3567 4230 suum

1925 4259 2324 4315 Eberhardum
2358 4275 2487 4316 cum
2537 4261 2802 4319 exercitu
2836 4263 2905 4319 ad
2940 4262 3358 4320 devastandam
3396 4262 3571 4317 Saxo-

1928 4346 2099 4402 niam.
2136 4347 2242 4413 Qui
2274 4348 2628 4420 appropians
2653 4350 2782 4406 urbi
2808 4365 2936 4420 quae
2969 4350 3188 4407 dicitur
3210 4350 3565 4419 Heresburg,

1928 4437 2200 4507 superbe,
2236 4440 2295 4492 ut
2341 4436 2603 4506 tradunt,
2647 4437 2880 4495 locutus
2911 4442 3021 4508 est,
3076 4437 3230 4509 quod
3262 4436 3421 4494 nulla
3454 4435 3572 4492 sibi

171 4531 303 4587 dam
338 4531 566 4601 putant,
618 4528 882 4600 reliquiae
941 4535 1075 4586 sunt
1134 4531 1452 4598 Hunorum,
1517 4527 1633 4597 qui,
1672 4530 1733 4581 ut
1762 4524 1818 4579 in
1850 4519 1901 4579 D
1931 4541 2070 4581 cura
2097 4525 2276 4595 major
2300 4530 2478 4595 esset,
2502 4541 2671 4597 quam
2704 4527 2859 4597 quod
2889 4530 3145 4584 Saxones
3165 4543 3269 4599 pro
3296 4525 3477 4583 muris
3510 4538 3570 4582 se

170 4618 491 4675 Gothorum
520 4618 738 4689 legitur
762 4618 1039 4689 hystoria,
1073 4618 1297 4688 egressi
1331 4633 1359 4673 a
1387 4616 1607 4686 Gothis,
1638 4614 1818 4671 multa

175 4706 325 4763 mala
356 4707 683 4777 inferebant
712 4707 987 4775 gentibus
1022 4706 1306 4777 ﬁnitimis,
1349 4721 1493 4777 quos
1526 4709 1821 4777 postremo

172 4795 527 4852 Pannoniam
587 4794 980 4851 inhabitantes
1013 4796 1260 4852 Karolus
1308 4796 1546 4865 Magnus
1579 4794 1817 4864 devicit,

176 4889 258 4951 et,
296 4886 356 4938 ut
391 4882 629 4952 dicitur,
662 4896 692 4938 a
743 4888 1024 4940 consueta
1055 4888 1317 4954 gentium
1369 4882 1823 4954 depopulatione

177 4971 400 5040 ingenti
420 4970 571 5027 vallo
586 4970 1007 5028 circumclusos
1032 4971 1530 5043 prohibuit;quod
1554 4986 1701 5041 opus
1725 4973 1826 5026 Ar-

179 5058 375 5116 nolfus
407 5058 722 5130 imperator
755 5060 1070 5131 destruxit,
1104 5074 1321 5130 eosque
1346 5065 1546 5115 contra
1581 5060 1826 5115 Zuente-

173 5144 422 5203 Voldum
438 5147 865 5204 Maravarorum
884 5161 1077 5217 regem
1095 5147 1149 5203 in
1173 5146 1449 5203 auxilium
1466 5146 1576 5203 sibi
1599 5146 1822 5203 eduxit.

180 5233 290 5303 Qui
311 5234 520 5293 deinde
548 5239 822 5306 quantam
865 5241 1117 5306 stragem
1144 5239 1533 5305 quantamque
1560 5234 1827 5304 injuriam

182 5325 534 5380 Francorum
559 5338 738 5393 regno
753 5323 1016 5392 fecerint,
1050 5325 1220 5380 urbes
1249 5337 1314 5378 ac
1341 5323 1609 5392 regiones
1640 5323 1830 5379 adhuc

1931 4615 2241 4671 ostendere
2274 4629 2385 4670 non
2411 4615 2716 4685 auderent,
2754 4630 2865 4687 quo
2896 4632 3025 4673 cum
3054 4616 3140 4673 eis
3165 4616 3443 4673 dimicare
3483 4630 3578 4686 po-

1935 4704 2162 4761 tuisset.
2183 4704 2385 4761 Adhuc
2406 4718 2595 4761 sermo
2618 4705 2673 4761 in
2696 4720 2797 4762 ore
2821 4705 2977 4763 illius
2999 4710 3146 4776 erat,
3163 4710 3221 4762 et
3246 4720 3384 4762 ecce
3410 4706 3579 4761 Saxo-

1932 4807 2036 4849 nes
2068 4792 2121 4849 ei
2151 4797 2537 4849 occurrerunt
2572 4792 2818 4850 miliario
2854 4810 2963 4851 uno
3006 4795 3078 4850 ab
3113 4794 3283 4859 urbe;
3318 4793 3578 4864 initoque

1935 4882 2274 4952 certamine,
2298 4886 2455 4938 tanta
2471 4882 2612 4939 cede
2636 4882 2837 4939 Franci
2861 4880 3087 4940 multati
3104 4885 3239 4939 sunt
3259 4885 3321 4936 ut
3342 4895 3373 4938 a
3390 4881 3578 4937 mimis

1936 4970 2383 5042 deelamaretur,
2420 4972 2515 5028 ubi
2558 4976 2757 5029 tantus
2813 4970 2911 5027 ille
2942 4970 3205 5027 infernus
3263 4973 3446 5041 esset,
3481 4970 3575 5040 qui

1938 5063 2156 5115 tantam
2189 5074 2469 5116 caesorum
2504 5058 2936 5115 multitudinem
2958 5073 3171 5129 capere
3194 5061 3414 5130 posset.
3451 5060 3582 5115 Fra-

1941 5152 2030 5203 ter
2049 5152 2241 5203 autem
2274 5147 2427 5217 regis
2459 5162 2488 5203 a
2533 5148 2743 5205 timore
2798 5147 3076 5205 absentiae
3108 5148 3394 5204 Saxonum
3445 5147 3585 5204 libe-

1938 5239 2105 5292 ratus
2122 5239 2235 5305 est,
2263 5235 2393 5306 quia
2418 5250 2518 5290 eos
2542 5238 2597 5289 et
2624 5238 2932 5306 presentes
2947 5234 3094 5291 vidit
3116 5240 3176 5292 et
3197 5237 3270 5293 ab
3294 5235 3441 5308 ipsis
3469 5241 3588 5291 tur-

1941 5324 2095 5394 piter
2157 5324 2385 5391 fugatus
2419 5322 2707 5379 discessit.
2771 5323 3027 5381 Audiens
3053 5330 3246 5380 autem
3292 5318 3405 5381 'rex
3439 5323 3585 5379 male

1536 5447 1771 5501 VARUE
1830 5447 2232 5503 LECTIONES.

259 5540 350 5575 ¹²³⁵
380 5544 522 5598 Rum
553 5544 804 5601 tetendit
840 5546 958 5602 loco
988 5559 1143 5602 raso.

1228 5542 1317 5619 υθέ
1350 5548 1913 5619 patre—magnoque
1944 5544 2091 5619 duce
2126 5546 2342 5600 Ottone
2372 5543 2667 5612 defuncto,
2702 5543 2932 5602 illuster
2963 5550 3020 5602 et
3056 5548 3399 5619 magniﬁcus
3436 5543 3601 5603 ﬁlius’

189 5627 333 5671 suus
362 5614 1020 5675 Heinricus—ducatum
1054 5615 1390 5687 (suscepit?)
1421 5627 1572 5673 corr.
1607 5615 1677 5672 at
1704 5614 1927 5674 editam
1956 5616 2045 5673 est
2071 5618 2127 5670 l.
