3992 6062
418 238 536 305 895

1569 232 2051 303 EKKEHARDI
2090 228 2647 306 URAUGIENSIS

3698 252 3826 318 898

426 376 742 449 pugnatum
766 391 795 436 a
823 376 1020 451 fratre,
1046 384 1396 453 congregata
1415 383 1564 441 omni
1580 382 2057 440 virtuteFranco-
2090 397 2138 457 Α
2177 376 2430 434 lacrimis
2464 380 2715 437 omnium
2751 383 3123 441 Francorum.
3161 382 3408 455 (Wmus.
3444 401 3483 457 ι,
3514 401 3562 444 c.
3584 391 3675 459 25,
3701 390 3821 462 26.)

425 479 572 537 rum,
635 469 891 538 perrexit
922 469 991 526 ad
1054 473 1465 544 requirendum
1526 473 1874 530 Heinricum.
1935 473 2058 540 Quo

423 560 726 627 comperto
760 558 812 612 in
868 560 1128 631 presidio
1185 563 1347 618 urbis
1378 578 1504 633 quae
1561 562 1776 619 dicitur
1809 565 2055 633 Gruona,

427 646 733 716 temptavit
749 646 890 704 illud
905 650 1241 721 obpugnare
1266 652 1603 723 presidium.
1626 653 1879 710 Etmissa
1900 654 2062 725 prius

423 732 711 803 legatione
746 752 849 807 pro
880 745 1197 809 spontanca
1231 740 1549 809 deditione,
1584 743 1827 813 spondet
1861 758 1925 800 se
1956 758 2059 815 per

423 822 530 878 hoc
548 823 658 879 sibi
673 825 916 882 amicum
935 828 1267 897 affuturum,
1290 846 1401 885 non
1417 832 1640 887 hostem
1656 836 2053 904 experturum.

428 912 571 968 lluic
597 912 872 982 legationi
900 916 1214 973 intervenit
1239 919 1564 977 Dietmarus
1590 922 1662 976 ob
1686 921 2056 979 orientalium

422 1000 706 1058 Saxonum
725 1006 1005 1075 parte,vir
1020 1007 1289 1078 disciplin
1301 1024 1342 1063 at
1361 1009 1627 1066 militaris
1642 1011 2054 1082 peritissimus,

423 1090 619 1147 varius
652 1093 1014 1165 consilioque
1048 1110 1304 1166 magnus,
1336 1100 1393 1154 et
1428 1100 1522 1168 qui
1552 1099 1872 1158 calliditate
1904 1100 2059 1171 inge-

422 1177 539 1235 nita
572 1181 785 1255 multos
836 1185 1110 1241 mortales
1142 1193 1467 1257 superaret.
1505 1189 1606 1244 Hic
1638 1191 2057 1260 superveniens

422 1265 631 1335 legatis
675 1271 830 1340 regis
891 1274 1281 1344 prcscntibus,
1319 1276 1643 1347 interrogat
1700 1279 1928 1349 ducem,
1959 1281 2052 1336 ubi

419 1355 595 1412 vellet
611 1360 930 1417 exercitum
951 1364 1172 1418 metari.
1198 1366 1263 1418 At
1282 1365 1500 1432 illejam
1520 1368 2056 1437 persuasum-edere

423 1444 675 1515 Francis,
703 1450 930 1519 accepit
956 1450 1243 1521 ﬁduciam,
1268 1454 1510 1509 audiens
1536 1455 1605 1512 de
1627 1457 1910 1525 exercitu,
1935 1472 2058 1515 cre-

417 1532 652 1591 densita
668 1551 830 1596 esse:
863 1538 1189 1596 Dietmarus
1205 1557 1341 1598 vero
1358 1542 1488 1599 ficte
1512 1542 1893 1614 loquebatur;
1925 1562 2054 1602 cum

418 1621 671 1692 quinque
694 1625 1260 1684 enimtantummodo
1280 1631 1421 1685 viris
1441 1638 1695 1688 venerat;
1712 1636 1790 1687 De
1816 1649 2054 1691 numero

417 1714 606 1765 autem
624 1710 912 1781 legionum
936 1717 1272 1773 sciscitante
1293 1719 1456 1787 duce,
1476 1722 1543 1776 ad
1562 1725 1632 1776 30
1666 1722 2053 1793 ferelegiones

416 1812 475 1851 se
508 1798 834 1869 producere
868 1820 1036 1873 posse
1070 1807 1386 1877 respondit.
1422 1810 1505 1863 lta
1539 1809 1723 1866 delusi
1760 1810 1932 1881 legati
1967 1828 2055 1869 re-

414 1886 603 1953 gressi
628 1894 763 1944 sunt
789 1891 856 1945 ad
884 1907 1095 1961 regem.
1123 1895 1275 1950 Vicit
1292 1911 1431 1951 vero
1453 1897 1583 1953 illos
1607 1898 1928 1956 calliditate
1950 1916 2051 1959 sua

417 1973 761 2047 Dietmarus,
799 1995 944 2048 quos
974 1982 1097 2053 ipse
1121 1983 1236 2039 dux
1273 1984 1424 2042 ferro
1456 1986 1686 2042 vincere
1719 2004 1827 2044 non
1864 1990 2053 2060 potuit

417 2062 738 2121 licinricus.
757 2069 892 2124 Nam
918 2070 1325 2129 antelucanum
1349 2074 1573 2133 relictis
1590 2077 1803 2133 castris
1825 2079 2048 2151 Franci,

415 2154 815 2226 unusquisque
846 2159 1021 2227 rediit
1058 2161 1110 2215 in
1145 2176 1269 2218 sua.
1866 2180 1867 2183 ‘

487 2241 739 2309 (LIUDPR.
784 2260 841 2316 η,
873 2248 986 2320 20.)
1045 2250 1299 2320 Septimo
1334 2255 1525 2308 autem
1586 2268 1733 2309 anno
1767 2255 1927 2325 regni
1963 2257 2049 2312 sui

414 2327 795 2389 Chuonradus
838 2341 1433 2412 rexegrotarecoepit,
1470 2342 1844 2414 sentiensque
1884 2360 2053 2401 voca-

411 2417 973 2495 tionissuzetempus
1004 2426 1225 2499 adesse,
1272 2431 1566 2502 principes
1586 2432 1766 2501 regni,
1804 2438 2051 2505 excepto

414 2505 702 2579 Heinrieo,
720 2514 1086 2585 convocavit,
1104 2522 1278 2574 eteos
1300 2519 1377 2574 ita
1393 2521 1691 2576 convenit:
1720 2522 2053 2580 Vocationis

408 2608 548 2651 mete
579 2602 802 2670 tempus
860 2616 1131 2674 agnosco,
1184 2607 1256 2674 et,
1292 2608 1366 2663 ut
1387 2609 1652 2677 cernitis,
1689 2612 1888 2680 presio
1919 2611 2010 2669 est
2028 2629 2055 2680 ,ο

402 2684 661 2754 proinde
698 2703 911 2760 pacem
957 2695 1448 2765 concordiamyue
1475 2711 1577 2753 vos
1602 2698 1823 2756 sectari
1871 2700 2052 2757 etiam

411 2771 711 2844 etiameue
727 2791 887 2847 rogo.
912 2779 1010 2837 Me
1040 2781 1334 2840 hominem
1364 2787 1629 2855 exeunte,
1655 2786 1829 2843 nulla
1846 2802 1946 2846 eos
1963 2803 2053 2845 re-

403 2863 640 2931 gnandi
669 2866 915 2924 ambitio
946 2870 1317 2941 inflammet;
1346 2875 1717 2945 Heinricum,
1740 2877 2053 2934 Samonum

415 2950 683 3025 Tburing
693 2969 971 3028 srumque
983 2959 1185 3017 ducem
1187 2962 1944 3037 prudentissimum,regem
1957 2968 2055 3024 eli-

402 3042 531 3111 gite
542 3042 959 3117 dominumyue
971 3050 1393 3121 constituite,is
1407 3054 1561 3110 enim
1573 3055 1662 3112 est
1684 3058 1742 3111 et
1749 3057 2051 3127 sapientia

2172 468 2241 523 Ut
2267 483 2405 539 ergo
2430 483 2529 526 rex
2554 469 3270 542 imperavit,Eberhardus
3298 475 3622 533 Heinricum
3645 478 3819 551 adiit,

2171 572 2349 629 seque
2379 575 2504 616 cum
2557 562 2825 618 omnibus
2850 562 3144 620 thesauris
3174 563 3255 619 illi
3315 566 3575 635 tradens,
3612 582 3818 639 pacem

2168 662 2295 702 cum
2322 663 2389 704 eo
2436 649 2593 719 fecit,
2626 649 3062 723 amiciciamque
3094 654 3221 724 ejus
3263 655 3607 726 promeruit,
3643 672 3816 728 quam

2170 735 2425 793 ﬁdeliter
2475 738 2950 811 familiariterque
2982 756 3163 811 usque
3222 742 3276 798 in
3311 742 3479 799 ﬁnem
3534 745 3813 802 obtinuit.

2169 826 2385 883 Deinde
2416 830 2787 899 congregatis
2823 830 3184 901 principibus
3211 834 3267 886 et
3302 836 3438 889 natu
3472 833 3813 905 majoribus,

2168 916 2465 974 exercitus
2485 919 2832 974 Francorum
2865 919 2917 974 in
2950 919 3077 977 loco
3109 921 3204 991 qui
3234 920 3451 978 dicitur
3472 922 3813 993 Fritcslare,

2170 1005 2493 1076 designavit
2525 1023 2653 1063 eum
2687 1022 2877 1077 regem
2913 1024 3105 1066 coram
3141 1010 3292 1067 omni
3319 1011 3533 1084 populo
3566 1013 3813 1071 France.

2170 1110 2292 1152 rum
2328 1101 2502 1166 atque
2536 1097 2841 1154 Saxonum.

2166 1186 2289 1233 Anni
2322 1186 2554 1233 Heinrici.

2244 1265 2474 1320 1.Anno
2503 1264 2918 1324 “37Dominiczc
2953 1268 3513 1340 incarnationisQQO,
3551 1270 3625 1327 ab
3654 1271 3812 1327 Urbe

2168 1352 2403 1409 condita
2436 1354 2743 1412 millesimo
2791 1360 2912 1425 671,
2950 1357 3273 1428 lleinricus,
3306 1372 3516 1427 genere
3547 1359 3718 1429 Saxo,
3755 1358 3817 1413 ﬁ-

2167 1440 2282 1498 lius
2312 1442 2541 1499 Ottonis
2588 1443 2773 1510 ducis,
2808 1448 2904 1501 80°
2935 1444 3027 1479 ¹²³³
3059 1445 3185 1502 loco
3216 1447 3286 1501 ab
3320 1449 3600 1515 Augusto,
3637 1447 3693 1502 in
3729 1462 3816 1504 rc-

2164 1544 2337 1598 gnum
2371 1531 2627 1602 eligitur,
2652 1534 3032 1604 regnavitqu
3056 1534 3220 1591 annis
3251 1538 3333 1590 17.
3370 1535 3467 1606 (cf.
3507 1534 3646 1591 Chr.
3687 1535 3808 1606 W.)

2167 1620 2268 1673 llic
2302 1636 2428 1676 eum
2464 1636 2573 1677 non
2608 1622 2850 1678 haberet
2894 1624 3141 1692 gratiam
3174 1623 3497 1679 Chuonradi
3533 1623 3689 1703 regis
3722 1625 3809 1680 sui

2167 1706 2509 1779 decessoris,
2534 1716 2772 1783 propter
2789 1728 3009 1769 morum
3027 1713 3378 1784 probitatem
3394 1713 3682 1784 animique
3698 1713 3814 1768 vir-

2169 1799 2348 1853 tutem
2376 1799 2522 1855 idem
2557 1815 2655 1856 rex
2683 1800 2734 1855 in
2762 1802 3049 1858 extremis
3070 1801 3213 1871 suis,
3249 1806 3311 1857 ut
3342 1801 3667 1872 predictum
3691 1807 3809 1872 est,

2166 1887 2545 1957 pretermisso
2567 1890 2745 1945 fratre
2770 1890 3023 1961 proprio,
3040 1890 3192 1946 hunc
3215 1889 3412 1959 elegit,
3429 1893 3487 1944 et
3515 1893 3572 1946 ut
3597 1890 3670 1945 ab
3692 1905 3813 1944 om-

2164 1975 2335 2032 nibus
2357 1976 2410 2030 id
2426 1984 2700 2046 agerctur
2717 1979 3412 2051 principibus,consilium
3435 1977 3614 2034 dedit.
3635 1980 3807 2046 (Win.

2163 2078 2199 2132 ι,
2227 2068 2313 2132 26,
2347 2068 2461 2136 27.)
2497 2067 2597 2122 Cui
2629 2082 2758 2123 cum
2821 2067 3017 2124 unctio
3049 2071 3105 2123 et
3138 2068 3398 2123 diadema
3432 2066 3747 2122 offerretur
3778 2081 3809 2121 a

2163 2167 2389 2210 summo
2423 2156 2715 2224 pontiﬁce,
2768 2157 2861 2227 qui
2894 2171 2963 2212 eo
3012 2161 3279 2227 tempore
3307 2155 3622 2224 Herigerus
3654 2159 3805 2224 erat,

2162 2255 2271 2296 non
2289 2243 2533 2313 sprevit,
2551 2259 2653 2299 nec
2673 2250 2860 2300 tamen
2886 2245 3150 2315 suscepit
3170 2240 3682 2314 :Satis,inquieus,
3699 2244 3812 2299 mi-

2161 2331 2258 2387 clzi
2276 2333 2379 2401 est,
2404 2333 2476 2389 ut
2489 2347 2597 2404 pre
2615 2334 2947 2403 majoribus
2959 2336 3105 2392 meis
3122 2349 3233 2392 rea:
3244 2336 3414 2391 dicar
3428 2334 3488 2389 et
3507 2334 3805 2403 designor,

2162 2418 2373 2477 dicina
2395 2423 2690 2479 annuente
2708 2423 3025 2493 vestraque
3041 2423 3307 2495 pietate;
3321 2436 3504 2495 penes
3532 2423 3809 2479 meliores

2157 2522 2295 2565 vero
2320 2510 2486 2567 nobis
2516 2512 2716 2568 unctio
2746 2526 2818 2569 ac
2839 2512 3116 2569 diadema
3142 2512 3259 2582 sit;
3281 2512 3444 2568 tanto
3467 2511 3684 2568 honore
3702 2526 3810 2568 nos

2159 2596 2535 2656 arbitramur
2556 2601 2851 2673 indignos.
2868 2603 3095 2658 Placuit
3120 2602 3232 2657 iste
3258 2614 3445 2657 sermo
3473 2616 3665 2656 coram
3690 2598 3805 2654 uni-

2158 2699 2324 2743 versa
2361 2690 2753 2761 multitudine,
2788 2695 2843 2747 et
2879 2691 3107 2747 dextris
3134 2692 3189 2745 in
3223 2689 3432 2746 coelum
3458 2688 3688 2756 levatis,
3713 2703 3812 2743 no-

2160 2790 2285 2831 men
2322 2779 2453 2834 novi
2489 2780 2643 2849 regis
2670 2780 2924 2837 clamore
2956 2779 3149 2836 valido
3175 2778 3503 2834 salutantes
3539 2778 3812 2847 frequen-

2162 2869 2386 2925 tabant.
2416 2868 2670 2939 (luuorn.
2700 2885 2759 2939 ιι,
2783 2874 2869 2926 50.
2896 2901 2963 2910 --
2986 2870 3224 2925 Βιοῐιεῐι.
3253 2884 3289 2938 ῐ,
3318 2866 3429 2937 47.)
3452 2868 3569 2921 lloc
3596 2864 3807 2920 ordine

2160 2972 2261 3014 rex
2297 2959 2483 3013 factus
2516 2957 2819 3014 Hcinrieus
2865 2957 3128 3029 perrexit
3175 2972 3304 3013 cum
3335 2955 3485 3011 omni
3516 2953 3805 3010 comitatu

2161 3062 2263 3103 suo
2287 3046 2355 3101 ad
2377 3046 2748 3117 pugnandum
2781 3051 2982 3102 contra
3016 3045 3410 3101 Burchardum
3436 3044 3641 3100 ducem
3677 3041 3809 3098 Ala-

402 3130 633 3200 potlens
647 3134 1234 3205 etjustdseveritatis
1262 3155 1513 3200 censura
1524 3124 1856 3201 abundans.
1877 3146 2043 3215 (Win.

2164 3136 2424 3205 mannize,
2450 3135 2615 3204 cujus
2642 3135 2811 3190 ﬁliam
2838 3135 3038 3191 habuit
3065 3149 3302 3191 uxorem
3328 3132 3809 3189 RuodolfusBur-

409 3232 445 3283 ι,
469 3221 582 3291 25.)
615 3221 837 3286 Quibus
870 3224 923 3280 in
957 3226 1076 3283 haec
1109 3229 1283 3285 verba
1317 3231 1841 3303 consentientibus,
1877 3238 2047 3290 vocat

412 3306 645 3364 fratrem
662 3325 824 3368 suum
851 3313 1271 3386 Eberhardum,
1306 3318 1505 3388 sicque
1521 3318 1838 3390 alloquitur
1854 3321 2011 3378 illum
2033 3342 2044 3378 :

405 3395 631 3465 Sentio,
657 3397 888 3469 frater,
928 3416 1021 3457 me
1060 3404 1290 3461 diutius
1319 3406 1499 3463 istam
1517 3409 1697 3465 citam
1720 3410 1915 3466 tenere
1934 3426 2049 3467 non

402 3497 595 3553 posse;
606 3485 826 3544 ideirco
839 3491 1374 3552 considerationem
1387 3496 1476 3551 tui
1491 3496 1951 3569 babeto,etquod
1968 3500 2050 3557 ad

408 3570 463 3627 te
471 3575 1005 3648 mamimerespicit,
1015 3583 1172 3637 omni
1188 3581 1555 3642 Francorum
1566 3600 1747 3657 regno
1759 3588 2046 3645 consulite

406 3673 550 3730 meo,
567 3662 793 3731 fratris
807 3666 914 3735 tui,
941 3668 1294 3728 intendenda
1316 3675 1582 3731 consilio.
1601 3676 1940 3734 Suntnobis
1960 3691 2048 3735 eo-

402 3750 519 3818 pice
529 3753 824 3812 exercitus
836 3760 1238 3829 congregandi
1251 3761 1432 3832 atque
1445 3763 2049 3834 ducendi,sunturbes

406 3836 642 3896 etarma
657 3854 787 3897 cum
797 3844 1105 3915 regalibus
1135 3847 1423 3920 insigniis
1438 3852 1669 3909 etomne
1682 3855 1839 3923 quod
1875 3855 2050 3914 decus

404 3927 1437 4007 regiumdepascitpretrrfortunam
1449 3941 1719 4000 etmores.
1756 3943 2041 4002 Fortuna.

407 4014 759 4087 frater,cum
770 4020 1163 4082 nobilissimis
1175 4026 1436 4086 moribus
1446 4029 1732 4087 Heinrico
1746 4032 1931 4089 cedit:
1960 4047 2048 4090 re-

404 4117 539 4159 rum
542 4105 924 4175 publicarum
937 4123 1164 4169 summa
1183 4127 1346 4172 secus
1364 4116 1639 4174 Saxones
1656 4120 1760 4174 est.
1775 4120 2048 4191 Sumptis

406 4192 599 4260 igitur
611 4194 708 4252 liis
720 4196 1027 4268 insigniis,
1038 4200 1242 4258 lancea
1254 4203 1550 4261 scilicetet
1568 4207 1832 4265 armillis
1845 4211 2048 4267 aureis

403 4292 535 4336 cum
555 4282 811 4340 clamide
821 4286 879 4341 et
892 4287 1152 4344 ceterum
1157 4291 1369 4359 gladio
1381 4306 1587 4362 regum
1605 4308 1677 4352 ac
1688 4294 2042 4367 diademate,

403 4367 487 4425 ito
509 4369 591 4426 ad
610 4372 983 4445 Heinricum,
1000 4380 1535 4452 pacemquefrcito
1559 4397 1683 4439 cum
1707 4397 1789 4453 eo,
1822 4386 1893 4441 ut
1918 4399 2048 4442 eum

2156 3223 2670 3296 gundio,qui(232)
2705 3228 2833 3295 post
2884 3224 3349 3280 interfectionem
3369 3218 3677 3290 Ruotperti
3710 3215 3805 3251 ω’

2158 3313 2314 3382 regis
2346 3312 2681 3381 Galliarum,
2715 3313 2902 3384 patris
2937 3311 3193 3382 Hugonis
3217 3310 3402 3375 ducis,
3432 3307 3632 3365 fratris
3663 3322 3806 3364 vero

2158 3400 2510 3457 Outonismo
2527 3403 2701 3471 regis,
2739 3403 2810 3457 ab
2834 3402 3083 3457 inimicis
3132 3399 3324 3456 Karoli
3366 3398 3522 3468 regis
3555 3412 3657 3453 rex
3688 3396 3808 3453 ele-

2155 3493 2325 3545 vatus
2348 3493 2457 3560 est,
2484 3489 2640 3545 sicut
2671 3493 2727 3546 et
2766 3492 3129 3561 Buotpertus
3158 3490 3433 3545 decessor
3455 3486 3599 3556 ejus.
3629 3486 3804 3556 (Νη).

2159 3579 2196 3635 Ζ.
2240 3579 2301 3649 Ζ.)
2332 3578 2699 3634 Burchardus
2718 3593 2856 3634 vero
2881 3579 3020 3648 dux,
3044 3577 3180 3634 licet
3204 3581 3362 3632 esset
3386 3573 3636 3632 bellator
3655 3573 3809 3629 into-

2159 3666 2444 3737 lerabilis,
2467 3667 2727 3723 sentiens
2751 3670 2963 3736 tamen,
2992 3682 3122 3723 cum
3146 3664 3313 3721 valde
3337 3662 3594 3736 prudens
3617 3664 3804 3723 esset,

2158 3756 2635 3825 congressionem
2655 3755 2810 3825 regis
2837 3770 2899 3811 se
2913 3756 3207 3810 sustinere
3222 3768 3333 3810 non
3350 3767 3541 3824 posse,
3556 3749 3806 3806 tradidit

2157 3846 2208 3902 ei
2236 3845 2615 3916 semetipsum
2639 3859 2766 3899 cum
2784 3843 3076 3901 universis
3093 3841 3335 3898 urbibus
3355 3844 3414 3895 ct
3440 3838 3654 3910 populo
3671 3853 3801 3905 suo,

2231 3935 2446 4005 (lauru.
2474 3949 2533 4004 ιι,
2558 3934 2672 4003 21.)
2711 3931 2923 3988 Eodem
2968 3935 3232 4002 tempore
3256 3930 3421 4000 [Ann.
3458 3929 3518 3982 D.
3554 3930 3678 3981 921.
3714 3926 3803 3997 E.]

2158 4025 2431 4081 Arnoll‘us
2455 4024 2571 4080 dux
2592 4039 2721 4080 cum
2738 4037 2920 4079 uxore
2943 4025 3002 4077 et
3021 4021 3155 4076 ﬁliis
3180 4021 3250 4076 ab
3273 4018 3520 4088 Ungaria
3545 4016 3802 4072 rediens.

2156 4114 2472 4171 honoriﬁce
2497 4129 2525 4169 a
2552 4111 2833 4182 Bajoariis
2856 4110 3199 4182 suscipitur,
3217 4124 3321 4165 nec
3342 4108 3528 4164 solum
3555 4105 3807 4176 suscipi-

2159 4209 2273 4272 tur,
2291 4203 2388 4259 sed
2407 4202 2581 4259 etiam
2600 4205 2659 4259 ut
2677 4216 2777 4257 rex
2794 4201 2890 4256 ﬁat
2923 4200 3299 4255 vehementer
3312 4198 3383 4253 ab
3396 4198 3481 4253 eis
3495 4197 3799 4252 exoratur.

2158 4295 2277 4348 Rex
2311 4294 2501 4348 autem
2533 4289 2838 4345 Hcinricus
2868 4303 2997 4345 cum
3031 4288 3184 4343 inter
3213 4301 3412 4343 omnes
3442 4283 3604 4355 regni
3650 4282 3805 4353 priu-

2158 4383 2319 4452 eipcs
2352 4380 2457 4437 sibi
2500 4379 2977 4449 obtemperantes
3013 4376 3307 4432 Arnolfum
3339 4373 3525 4431 solum
3559 4371 3806 4428 resiste.

390 4456 756 4528 foederatum
772 4463 964 4532 possis
985 4464 1201 4522 habere
1232 4467 1675 4540 inperpetuum.
1716 4473 1874 4538 Quid
1892 4476 2047 4532 enim
2077 4478 2128 4538 D
2159 4487 2219 4528 rc
2250 4473 2537 4538 cerneret,
2568 4466 2819 4523 collecto
2845 4465 3109 4521 exercitu
3145 4460 3804 4535 prevalido,Bajoariam

403 4557 633 4603 necesse
671 4549 775 4619 est,
804 4551 874 4606 ut
902 4552 1087 4609 cadat
1086 4556 1346 4626 populus
1366 4558 1729 4631 Francorum
1754 4562 1940 4619 tecum
1960 4577 2047 4620 co-

399 4644 531 4688 ram
554 4636 650 4689 eo?
675 4637 812 4706 Ipse
832 4639 989 4695 enim
1008 4654 1143 4697 cere
1160 4656 1274 4699 rex
1310 4646 1496 4702 eritet
1533 4648 1857 4725 imperator
1868 4665 2046 4722 papu-

401 4721 593 4778 lormn
604 4725 944 4784 multorum.
972 4729 1275 4802 llisdictis,
1301 4732 1482 4790 frater
1513 4735 1823 4794 lacrimans
1837 4721 1898 4794 se
1913 4721 2045 4795 cron-

400 4812 619 4869 sentire
652 4816 974 4886 respondit.
1002 4819 1142 4875 Post
1167 4820 1290 4877 haec
1322 4838 1425 4878 rex
1450 4826 1718 4895 moritur,
1754 4827 1842 4882 vir
1878 4827 2042 4885 fortis

402 4902 458 4954 et
494 4906 719 4972 potens,
745 4903 896 4959 domi
933 4904 1255 4979 militiaque
1284 4910 1558 4982 Optimus,
1587 4912 1858 4983 largitate
1889 4930 2043 4972 sere-

402 5002 513 5044 nus
540 4993 599 5044 et
630 4991 880 5049 omnium
941 4994 1221 5052 virtutum
1259 4998 1520 5069 insigniis
1575 5001 1797 5066 clarus;
1832 5005 2040 5075 sepeli-

2159 4557 2429 4627 tetendit,
2462 4571 2710 4626 cumque
2740 4553 2900 4624 iuxta
2925 4553 3205 4623 quosdam
3231 4550 3399 4622 (Win.
3430 4552 3465 4608 Ζ.
3494 4550 3559 4622 Ζ.)
3594 4550 3649 4604 in
3676 4563 3807 4620 pre-

2156 4647 2306 4705 sidio
2341 4645 2502 4702 urbis
2560 4642 2896 4712 Ratisponze
2946 4641 3209 4707 obsedit;
3244 4640 3399 4711 quod
3443 4638 3539 4694 ille
3571 4637 3802 4706 videns,

2156 4749 2336 4806 seque
2369 4732 2489 4802 regi
2526 4732 2806 4788 resistere
2830 4745 2939 4786 non
2965 4730 3225 4785 sufﬁcere
3252 4728 3646 4800 perpendens,
3673 4740 3810 4798 por-

2153 4825 2232 4880 tis
2263 4821 2484 4895 apertis
2511 4834 2788 4890 egressus
2816 4822 2909 4875 est
2940 4817 3010 4873 ad
3068 4831 3282 4886 regem,
3321 4817 3558 4872 tradens
3590 4818 3808 4870 semet-

2153 4914 2341 4985 ipsum
2364 4926 2493 4968 cum
2514 4908 2668 4966 omni
2691 4922 2871 4978 regno
2906 4922 3031 4976 suo,
3060 4909 3116 4961 et
3140 4905 3454 4962 honoriﬁce
3477 4908 3808 4974 susceptus

2150 5004 2222 5061 ab
2241 5018 2331 5071 eo,
2349 5000 2568 5057 amicus
2593 4996 2746 5069 regis
2770 4996 3224 5069 appellatusest.
3245 4992 3484 5060 Quidam
3514 4993 3808 5066 [Sequen-

404 5078 615 5148 trrque
648 5079 700 5135 in
727 5080 966 5139 civitate
990 5100 1089 5141 sua
1122 5085 1502 5158 Wilinaburg,
1550 5104 1679 5145 eum
1713 5106 1939 5150 merere
1972 5109 2037 5152 ac
2126 5089 2447 5160 tiadesunt
2487 5088 2572 5159 E.]
2614 5102 2755 5143 vero
2773 5086 3035 5143 scribunt
3058 5085 3313 5155 (Inuera.
3343 5083 3381 5138 Ζ.
3403 5082 3468 5154 Ζ),
3493 5081 3651 5154 quod
3686 5096 3804 5137 non

1762 5216 1998 5272 VARME
2040 5214 2436 5275 LECTIONES.

474 5312 801 5390 “"Pergit
818 5321 877 5377 E.
956 5321 1048 5359 ⁸³⁸⁸
1074 5324 1168 5385 ita
1197 5327 1379 5386 etiam
1405 5329 1464 5384 D.
1499 5328 1700 5386 LXXII.
1728 5330 2019 5389 E.LXXV.
2058 5335 2130 5393 Α.
2155 5334 2222 5392 S.
2303 5330 2393 5365 ω’
2424 5326 2650 5402 ruperti
2682 5325 2771 5383 1b.
2853 5323 2946 5359 ¹²⁴⁰
2977 5321 3201 5381 ottonis
3236 5321 3318 5379 1b.

1982 5456 2184 5514 ΝΟΤΔΕ
2199 5497 2214 5513 .

472 5553 619 5629 (232)
652 5556 1028 5622 Ekkehardus
1056 5579 1255 5624 errore
1282 5567 1560 5638 singulari
1594 5582 1763 5639 reges
1796 5585 2021 5630 cozevos
2058 5568 2341 5629 Rudolt‘os
2376 5565 2730 5640 Burgundiae
2753 5568 2809 5623 et
2843 5561 3043 5621 Galliae
3074 5560 3231 5620 inter
3259 5573 3322 5619 se
3352 5556 3685 5619 confundit.
