3992 6062
138 226 147 232 -
206 184 322 245 897

1076 187 1520 255 CHRONICA.
1553 227 1626 238 —
1654 190 2132 255 CHRUNICON
2181 187 2730 253 UNIVERSALE.

3494 195 3612 256 898

204 331 416 390 passus
446 317 524 373 sit
560 317 836 376 Arnolfus
886 320 1200 393 prestolari
1247 322 1558 382 adventum
1599 327 1753 397 regis
1794 326 1848 383 in
1881 360 1936 421 Α
1964 340 2170 382 norum
2202 322 2502 381 Germania
2532 325 2657 378 tota
2690 321 2984 379 Ludewici
3027 337 3264 393 regnum
3297 331 3442 382 erat.
3476 328 3610 384 Haec

204 404 488 477 Bajoaria,
509 406 634 478 sed,
655 407 922 465 collectis
944 410 1155 480 quibus
1176 414 1369 483 potuit
1391 415 1594 486 copiis,
1621 415 1849 472 obviam

201 493 254 550 ei
290 496 652 565 processerit
683 503 755 552 ad
787 512 1057 567 pugnam.
1105 500 1361 571 Cumque
1402 502 1457 557 in
1489 519 1558 559 eo
1599 507 1757 560 esset
1792 506 1850 559 ut

202 580 421 638 bellum
448 582 596 637 inire
620 583 925 654 deberent,
955 600 1057 640 rex
1081 587 1407 660 Heinricus,
1437 595 1496 646 ut
1516 591 1602 646 vir
1622 591 1856 662 sapiens

200 673 259 724 et
288 670 463 725 Deum
490 670 722 740 timens,
744 674 1011 741 cogitans
1028 688 1100 729 ex
1127 680 1372 746 utraque
1397 683 1560 749 parte
1584 679 1853 735 damnum

202 756 593 828 inreparabile
623 774 797 830 posse
831 760 1123 829 accidere,
1160 766 1419 837 Arnolfo,
1450 772 1512 821 ut
1535 767 1695 823 solus
1724 783 1853 823 cum

202 844 330 902 solo
378 844 672 918 loquatur,
726 849 1061 912 denunciat.
1098 851 1204 918 Qui
1237 859 1450 925 putans
1482 870 1543 911 se
1574 856 1747 912 acciri
1783 857 1855 913 ad
1888 858 1891 859 ⁷

201 934 503 1006 singulare
534 941 854 1003 certamen,
891 939 961 994 ad
1004 940 1336 998 condictum
1369 943 1533 999 solus
1566 945 1851 1015 pervenit.

202 1024 386 1091 Quem
416 1024 745 1096 Heinricus,
792 1032 856 1082 ut
885 1032 1011 1083 erat
1046 1029 1305 1100 prudens
1338 1031 1526 1086 animo
1556 1036 1615 1088 et
1647 1038 1855 1104 potens

200 1112 459 1183 eloquio,
512 1114 787 1185 prudenti
839 1130 1110 1172 sermone
1159 1112 1496 1191 alloquitur,
1552 1120 1857 1193 increpans

199 1215 335 1257 eum
357 1216 461 1257 cur
481 1201 580 1258 Dei
607 1202 960 1260 ordinatioui
997 1206 1325 1278 resisteret,
1359 1223 1489 1264 cum
1516 1224 1579 1265 se
1607 1209 1678 1265 ab
1702 1210 1855 1266 omni

201 1289 423 1361 populo
446 1289 537 1323 “‘1
558 1292 808 1349 electum
833 1294 1032 1365 sciret,
1057 1297 1209 1366 quod
1238 1297 1347 1353 nisi
1372 1300 1486 1353 Deo
1513 1298 1857 1370 disponente

201 1393 317 1435 non
369 1378 569 1447 fieret;
623 1380 912 1439 afﬁrmans
957 1384 1091 1453 quia
1126 1384 1171 1440 si
1213 1385 1465 1457 populus
1498 1402 1663 1459 aeque
1696 1385 1858 1444 illum

201 1468 597 1523 communiter
618 1468 863 1538 eligeret
889 1484 952 1526 se
977 1471 1122 1542 fore,
1150 1473 1246 1542 qui
1271 1473 1496 1544 primus
1519 1475 1574 1530 in
1596 1474 1724 1545 ejus
1745 1475 1860 1532 ele-

201 1554 400 1611 ctione
429 1558 813 1625 acclamaret;
846 1558 1049 1630 sicque
1089 1561 1331 1633 copioso
1374 1562 1602 1619 dicendi
1646 1578 1859 1633 ngeere

201 1643 459 1700 animum
502 1644 629 1714 ejus
671 1645 1026 1720 demulcens,
1067 1649 1140 1704 ad
1182 1665 1321 1707 suos
1356 1651 1549 1709 rediit.
1586 1653 1859 1709 Arnolqu

202 1746 439 1803 quoque
471 1733 705 1790 rediens
736 1735 807 1791 ad
842 1751 982 1793 suos
1022 1737 1299 1795 indicavit
1334 1740 1420 1796 eis
1453 1740 1705 1796 Ileinrici
1740 1756 1858 1798 ser-
1889 1711 1943 1771 Β

200 1835 428 1877 mones.
462 1821 569 1887 Qui
601 1822 873 1879 dixerunt
906 1841 1106 1881 verum
1136 1841 1268 1883 esse
1293 1828 1446 1899 quod
1479 1829 1745 1885 audirent
1771 1845 1857 1886 sa-

201 1909 485 1982 pientiam
508 1925 615 1982 per
637 1911 1001 1970 Salomonem
1026 1914 1268 1987 dixisse,
1296 1931 1399 1989 per
1422 1918 1604 1989 ipsam
1629 1918 1857 1975 scilicet

202 2012 375 2068 reges
404 2013 649 2069 regnare
689 2006 748 2055 et
788 2002 1110 2072 prudentes
1146 2005 1446 2074 justiciam
1489 2007 1854 2075 discernere;

200 2101 393 2159 neque
420 2089 571 2145 enim
597 2089 652 2144 in
676 2089 803 2160 ejus
835 2090 1123 2148 electione
1154 2093 1339 2150 totius
1372 2095 1569 2167 populi
1600 2096 1852 2153 animum

202 2174 332 2231 ﬁeri
359 2192 554 2247 unum,
580 2178 688 2235 nisi
714 2179 863 2235 hunc
883 2194 913 2236 a
933 2182 1048 2237 Deo
1070 2186 1367 2239 constaret
1391 2184 1677 2251 electum;
1705 2172 1857 2242 unde

204 2264 318 2320 sibi
342 2279 571 2337 equum
605 2268 932 2339 bonumque
963 2269 1172 2341 videri,
1207 2275 1268 2327 ut
1301 2286 1330 2327 a
1361 2274 1577 2329 ceteris
1608 2288 1717 2329 non
1744 2274 1860 2331 dis-

204 2353 492 2425 sentiens,
515 2355 668 2412 hune
689 2371 881 2426 regem
907 2358 1175 2429 eligeret,
1197 2375 1261 2415 ea
1283 2364 1476 2417 tamen
1499 2361 1855 2433 conditione,

203 2441 253 2499 si
285 2442 396 2498 sibi
426 2442 534 2501 hoc
569 2444 721 2515 quod
764 2445 1108 2504 decessores
1137 2448 1265 2519 ejus
1293 2465 1406 2505 non
1438 2450 1694 2507 habuere
1724 2467 1857 2508 con-

203 2530 462 2601 cederet,
510 2532 758 2603 scilicet,
797 2540 860 2590 ut
894 2536 1078 2593 totius
1119 2536 1401 2606 Bojoariae
1433 2538 1523 2571 ¹²⁴²
1552 2540 1861 2612 pontifices

209 2633 331 2676 suae
362 2622 638 2691 potestati
681 2622 1069 2696 subjacerent,
1115 2641 1345 2697 unoque
1378 2626 1673 2698 defuncto,
1719 2629 1861 2684 alte-

211 2723 340 2766 rum
374 2708 647 2767 ordinare
669 2710 778 2766 sibi
803 2711 1026 2769 liceret.
1062 2714 1347 2772 Conivens
1374 2717 1553 2786 igitur
1576 2716 1708 2773 huic
1731 2732 1861 2774 suo-

211 2811 340 2854 rum
364 2798 632 2869 consilio,
658 2800 824 2858 miles
842 2803 1097 2860 Heinrici
1120 2804 1388 2875 efficitur,
1409 2814 1467 2860 et
1488 2805 1559 2860 ab
1577 2821 1668 2876 eo,
1696 2811 1756 2862 ut
1780 2807 1863 2862 di-

210 2888 370 2942 ctum
389 2889 502 2956 est,
517 2889 815 2946 concessis
835 2890 944 2945 sibi
967 2891 1150 2947 totius
1164 2891 1440 2961 Bajoariae
1463 2894 1858 2967 pontificibus,

213 2974 554 3031 honoratur.
576 2977 679 3034 Hic
695 2984 786 3034 est
807 2979 1082 3037 Arnolfus
1099 2980 1220 3051 ille,
1240 2996 1418 3051 super
1437 2983 1606 3053 cujus
1625 2983 1863 3040 denota-

1966 413 2176 469 divisio
2232 413 2385 468 inter
2433 427 2532 469 eos
2586 412 2735 467 facta
2793 410 3209 469 inviolabiliter
3265 417 3606 489 permansit,

1968 516 2274 571 quousque
2299 501 2431 571 jure
2462 500 2818 557 hereditario
2860 500 2983 557 haec
3015 516 3191 571 regna
3224 503 3411 558 omnia
3446 504 3613 560 cede-

1965 594 2097 643 rent
2146 588 2377 658 Karolo,
2428 587 2723 644 Ludewici
2774 586 2912 658 filio,
2946 588 3041 658 qui
3075 593 3200 644 erat
3236 589 3387 645 illius
3419 590 3612 645 Karoli

1966 682 2351 746 cognomento
2403 675 2579 732 Calvi.
2635 675 2719 731 Ad
2751 677 2900 732 hunc
2932 680 3127 748 itaque
3174 676 3467 749 Karolum,
3519 680 3610 736 cui

1967 765 2219 821 diximus
2244 780 2418 835 regna
2440 767 2692 821 cessisse
2712 780 2815 836 per
2836 766 3240 837 hereditatem,
3267 767 3500 837 quidam
3524 768 3613 823 vir

1968 855 2197 910 nomine
2229 854 2380 910 Outo
2404 869 2473 910 ex
2496 854 2884 911 orientalibus
2904 854 3142 910 Francis
3166 854 3344 926 venit,
3368 860 3428 911 et
3453 857 3521 911 ab
3545 871 3614 913 eo

1970 947 2303 1015 susceptus,
2329 958 2459 999 cum
2482 949 2644 999 esset
2663 942 2751 998 vir
2772 943 2942 999 fortis
2959 945 3015 999 et
3036 943 3313 1014 prudens,
3338 945 3454 1014 egit
3480 960 3615 1000 con-

1970 1030 2103 1087 silio
2126 1047 2253 1103 suo,
2281 1035 2495 1087 utcum
2524 1031 2695 1086 Danis
2724 1036 3104 1102 pugnaretur,
3138 1031 3236 1101 qui
3263 1030 3379 1100 jam
3413 1033 3613 1089 multis

1971 1119 2134 1175 anuis
2167 1120 2425 1175 Lotharii
2450 1134 2688 1189 regnum
2708 1120 3013 1175 vexabant.
3051 1120 3306 1191 Cumque
3329 1135 3615 1192 pugnare-

1972 1210 2067 1262 tur
2084 1223 2227 1263 ,cum
2249 1209 2354 1278 eis,
2382 1222 2494 1264 una
2518 1207 2611 1263 die
2632 1222 2702 1263 ex
2723 1208 2808 1263 eis
2833 1213 3066 1264 centum
3097 1208 3254 1264 milia
3286 1223 3435 1264 caesa
3468 1210 3614 1264 refe-

1972 1300 2181 1350 runtur
2205 1296 2372 1366 (WID.
2401 1297 2437 1352 ἰ.
2461 1297 2525 1369 ι).
2554 1297 2636 1351 Ex
2653 1296 2760 1351 hoc
2779 1295 2876 1351 ille
2895 1297 3046 1353 Outo
3071 1296 3266 1353 clarus
3286 1302 3345 1353 et
3369 1296 3613 1366 insignis

1972 1381 2297 1438 habebatur
2328 1387 2385 1438 et
2411 1398 2441 1440 a
2465 1398 2602 1453 rege
2635 1383 2945 1455 secundus,
2981 1400 3111 1440 cum
3135 1384 3206 1439 ad
3224 1398 3354 1440 eum
3386 1385 3613 1440 veniret

1974 1484 2086 1525 uno
2116 1474 2341 1525 tantum
2374 1470 2610 1526 servulo
2639 1473 2848 1527 comite
2879 1474 3210 1527 contentus.
3245 1472 3495 1528 Moriens
3517 1488 3616 1529 au-

1974 1561 2088 1613 tem
2122 1558 2368 1615 Karolus
2399 1559 2626 1629 rogavit
2667 1561 2953 1616 Outouem
2986 1560 3251 1616 beneficii
3282 1561 3371 1617 sui
3405 1576 3613 1618 memo-

1973 1662 2093 1703 rem
2126 1649 2270 1719 fore,
2304 1653 2365 1705 ut
2400 1648 2855 1705 misericordiam
2880 1650 2989 1706 sibi
3015 1664 3044 1705 a
3070 1664 3132 1705 se
3157 1650 3459 1721 prestitam
3493 1650 3610 1707 filio

1972 1749 2099 1806 suo,
2133 1736 2180 1791 si
2210 1742 2572 1808 nasceretur,
2607 1752 2721 1793 non
2755 1741 3024 1807 negaret;
3058 1751 3185 1792 nam
3218 1737 3371 1793 illius
3397 1739 3448 1792 ei
3476 1753 3613 1794 non~

1971 1825 2106 1881 dum
2126 1828 2273 1896 erat,
2295 1824 2398 1880 sed
2421 1825 2613 1895 regina
2637 1840 2927 1897 pregnans
2951 1825 3138 1881 adhuc
3166 1824 3269 1881 fuit
3294 1826 3611 1882 secundum

1971 1912 2250 1982 quosdam
2281 1913 2452 1984 (WID.
2489 1913 2526 1969 ι.
2565 1913 2641 1981 l);
2674 1913 2770 1967 alii
2806 1912 3064 1983 (RICHER.
3094 1928 3129 1976 1,
3158 1914 3210 1983 4)
3244 1927 3381 1967 vero
3414 1912 3612 1969 dicunt

1969 2001 2122 2070 quod
2149 1999 2268 2069 jam
2295 2001 2414 2055 fere
2450 2001 2676 2057 biennis
2701 2000 2874 2056 fuerit
2901 2000 3075 2056 filius.
3116 2000 3279 2071 (Νη).
3311 2001 3346 2057 ι.
3376 2001 3442 2071 Ζ.)
3475 2002 3617 2057 Mor-

1967 2091 2071 2145 tuo
2095 2093 2289 2144 autem
2313 2089 2542 2159 Karolo,
2576 2091 2725 2144 Outo
2750 2088 2929 2145 filium
2953 2088 3081 2157 ejus
3103 2094 3162 2143 et
3188 2103 3365 2158 regno
3394 2089 3615 2160 pariter

1968 2180 2026 2231 et
2060 2175 2289 2231 nomine
2329 2182 2574 2246 paterno
2605 2174 2954 2240 declaravit;
2997 2174 3099 2229 sed
3131 2175 3407 2230 Arnolqu
3441 2176 3619 2246 impe-

1968 2269 2147 2334 rator,
2185 2263 2281 2334 qui
2314 2262 2585 2319 Karolum
2629 2262 2914 2318 seniorem
2940 2262 3010 2317 de
3034 2262 3336 2317 Germania
3367 2262 3613 2334 expulit,

1968 2356 2105 2425 post
2134 2357 2379 2407 mortem
2422 2351 2547 2421 ejus
2583 2366 2749 2407 omne
2791 2365 3032 2420 regnum
3065 2350 3252 2420 ipsius
3282 2350 3389 2405 sibi
3423 2349 3620 2406 vendi-

1969 2442 2142 2497 cavit.
2182 2442 2325 2496 Huic
2356 2441 2507 2495 Outo
2530 2446 2589 2495 et
2613 2439 2874 2494 diadema
2909 2444 2969 2494 et
3000 2443 3301 2510 sceptrum
3331 2443 3389 2493 et
3418 2444 3614 2495 cetera

1973 2528 2188 2599 regalia
2221 2533 2557 2585 ornamenta
2602 2528 2838 2597 obtulit,
2882 2542 3240 2598 regnumque
3280 2527 3492 2583 domini
3526 2526 3617 2584 sui

1969 2618 2159 2687 gratia
2210 2617 2580 2688 imperatoris
2630 2615 2846 2672 Arnolfi
2890 2617 3165 2671 obtinuit.
3203 2618 3270 2671 Et
3303 2617 3409 2672 hoc
3450 2615 3618 2685 juxta

1973 2706 2337 2778 quorundam
2365 2706 2707 2762 relationem
2732 2704 2899 2773 (Νη).
2929 2704 2970 2759 l.
2996 2704 3071 2775 l);
3098 2703 3191 2761 alii
3221 2704 3481 2773 (RICHER.
3504 2720 3541 2774 1,
3565 2707 3618 2776 4)

1971 2809 2112 2851 vero
2137 2794 2356 2865 dicunt,
2391 2809 2520 2850 cum
2553 2798 2793 2865 propter
2817 2792 3115 2848 infantiam
3140 2793 3304 2863 pueri
3331 2792 3622 2863 principes

1974 2883 2147 2939 nimia
2183 2898 2377 2939 rerum
2412 2882 2684 2953 cupidine
2717 2896 2848 2936 sese
2880 2880 3068 2952 preire
3101 2880 3509 2936 contenderim
3533 2895 3622 2938 re-

1974 2986 2117 3041 sque
2143 2986 2281 3027 suas
2306 2976 2479 3042 prout
2504 2970 2753 3039 quisque
2778 2973 3008 3039 poterat
3030 2968 3425 3039 dilataverint,
3452 2983 3619 3025 nemo

192 3062 371 3120 .tione
400 3068 605 3120 sancto
639 3065 950 3124 Oudalrico
980 3069 1275 3141 epis00po,
1317 3076 1375 3126 ut
1407 3070 1461 3125 in
1495 3071 1645 3128 libro
1674 3078 1863 3142 gesto-

1977 3075 2115 3115 vero
2147 3059 2302 3127 regis
2333 3064 2693 3129 provectum,
2726 3072 2891 3112 nemo
2922 3056 3080 3125 regni
3112 3056 3355 3112 tutelam
3380 3056 3626 3127 quaesie-

213 3165 340 3207 rum
369 3153 494 3223 ejus
526 3153 763 3226 legitur,
793 3162 1066 3213 ostensus
1097 3161 1187 3213 est
1217 3157 1448 3228 gladius
1478 3159 1600 3215 sine
1629 3160 1861 3232 capulo,

212 3239 307 3309 qui
335 3254 435 3295 rex
457 3240 579 3296 ﬁeri
606 3241 823 3298 frustra
845 3244 1105 3317 cupiens,
1129 3245 1362 3303 invasor
1383 3248 1545 3317 regni
1563 3249 1782 3319 extitit,
1803 3254 1860 3305 et

212 3342 320 3398 pro
344 3328 452 3386 hac
475 3330 790 3387 ambitione
813 3332 1135 3392 destructis
1160 3335 1466 3407 aecclesiis,
1490 3352 1689 3393 earum
1713 3338 1867 3393 redi-

212 3416 627 3481 ius‘tnilitibus
660 3419 783 3476 suis
807 3420 860 3476 in
888 3422 1226 3479 beneﬁcium
1261 3424 1574 3481 concessit.
1612 3424 1784 3494 (Win.
1822 3442 1859 3496 1,

213 3507 301 3573 27,
323 3507 412 3574 28,
432 3506 547 3576 29.)
572 3507 695 3561 Rex
716 3514 910 3564 autem
936 3511 1241 3568 Heinricus
1265 3513 1335 3568 de
1359 3513 1452 3569 die
1476 3514 1530 3568 in
1558 3513 1709 3569 diem
1733 3530 1865 3585 pro-

215 3590 419 3648 ficiens
447 3597 506 3649 et
534 3608 827 3666 crescens,
863 3598 1167 3654 robustior
1188 3607 1245 3655 et
1269 3600 1484 3657 clarior
1515 3602 1860 3658 habebatur.

216 3680 476 3751 Cumque
526 3697 766 3752 regnum
808 3686 881 3742 ab
921 3690 1395 3746 antecessoribus
1443 3691 1568 3747 suis
1605 3705 1675 3746 ex
1712 3692 1865 3747 omni

217 3774 385 3840 parte
418 3772 723 3828 confusum
755 3773 1028 3831 civilibus
1062 3776 1232 3833 bellis
1255 3782 1311 3834 et
1338 3779 1601 3835 externis
1633 3778 1869 3849 collige-

217 3859 328 3926 ret,
352 3858 690 3927 pacificaret
714 3865 770 3916 et
796 3862 1101 3935 adunaret,
1124 3866 1286 3934 signa
1315 3866 1494 3923 movit
1514 3872 1718 3924 contra
1744 3868 1871 3925 Gal-

216 3942 353 4000 liam
372 3949 428 4001 et
455 3947 706 4004 Lotharii
727 3964 990 4020 regnum.
1017 3952 1326 4011 Lotharius
1346 3960 1536 4011 autem
1561 3968 1685 4013 erat
1712 3958 1869 4013 illius

218 4031 645 4104 primogenitus
664 4036 958 4095 Ludewici
981 4039 1368 4113 imperatoris,
1389 4059 1636 4116 amagno
1658 4045 1869 4103 Karolo

216 4122 367 4180 nati.
396 4124 539 4180 Huic
570 4130 737 4181 erant
770 4127 983 4185 fratres
1012 4130 1294 4202 Pippinus
1329 4132 1498 4204 (233),
1535 4136 1779 4192 Karolus
1811 4139 1870 4192 et

219 4212 583 4271 Ludewicus.
628 4216 743 4270 Sub
775 4216 867 4272 his
900 4218 1181 4276 fratribus
1220 4221 1434 4278 bellum
1478 4223 1760 4279 famosum
1794 4225 1873 4280 fa-

218 4305 378 4358 ctum
401 4306 489 4358 est
514 4302 568 4358 in
599 4305 962 4377 Phontinich,
999 4313 1306 4380 antequam
1341 4311 1555 4368 divisio
1588 4314 1750 4382 regni
1776 4314 1873 4371 fie-

1976 3148 2072 3217 rit,
2098 3149 2321 3218 hocque
2341 3149 2651 3202 cernentes
2669 3146 2873 3200 hostes
2895 3160 3132 3214 regnum
3156 3144 3409 3215 undique
3431 3145 3623 3201 incur-

1976 3237 2256 3307 saverint,
2281 3235 2573 3308 principes
2594 3234 2826 3291 tandem
2852 3249 2957 3305 pro
2980 3234 3091 3290 hoc
3113 3233 3392 3306 doluisse,
3413 3249 3623 3291 conve-

1976 3325 2323 3396 nientesque
2354 3325 2410 3378 in
2446 3339 2640 3393 unum,
2685 3323 2816 3394 quia
2854 3338 3000 3394 puer
3034 3322 3219 3379 adhuc
3250 3323 3348 3378 vix
3379 3321 3622 3379 triennis

1977 3420 2125 3485 erat,
2162 3415 2445 3471 Outouem
2478 3419 2719 3486 propter
2750 3413 3096 3484 sapientiam
3126 3418 3185 3467 et
3218 3413 3623 3469 fortitudinem

1980 3518 2143 3560 suam
2166 3503 2238 3558 ad
2261 3502 2540 3558 tuendum
2572 3517 2814 3571 regnum
2845 3500 3154 3570 delegisse,
3190 3515 3302 3557 non
3331 3506 3392 3558 ut
3427 3501 3625 3557 deser-

1977 3598 2157 3663 tores,
2184 3590 2286 3646 sed
2311 3591 2468 3648 velut
2500 3592 2753 3646 hostium
2787 3590 3056 3646 incursus
3087 3589 3476 3660 indignantes.
3510 3590 3621 3645 Sed

1982 3682 2114 3753 quia
2138 3682 2289 3736 Outo
2312 3680 2530 3736 dicitur
2552 3694 2794 3750 regnum
2818 3680 3007 3751 ipsum
3028 3681 3098 3735 ab
3115 3680 3355 3736 Arnolfo
3378 3680 3621 3752 impera-

1980 3775 2111 3825 tore
2144 3769 2493 3840 obtinuisse,
2516 3768 2647 3824 inde
2674 3783 2855 3839 usque
2879 3767 3050 3824 hodie
3084 3770 3251 3840 (W1n.
3278 3770 3316 3824 ι.
3345 3768 3411 3842 ι.)
3442 3775 3628 3825 certa-

1983 3873 2112 3914 men
2144 3864 2233 3913 cst
2262 3858 2331 3913 de
2355 3873 2536 3927 regno
2567 3858 2737 3929 stirpi
2773 3857 2965 3913 Karoli
2987 3862 3047 3913 et
3071 3859 3329 3928 posteris
3359 3857 3625 3929 Outonis,

1981 3953 2346 4004 concertatio
2378 3962 2610 4016 quoque
2638 3947 2874 4016 regibus
2897 3945 3339 4015 Karolingorum
3363 3952 3422 4002 et
3444 3948 3632 4003 orien-

1986 4035 2185 4091 talium
2205 4036 2557 4090 Francorum
2578 4050 2754 4105 super
2774 4048 2953 4103 regno
2975 4034 3248 4089 Lotharii.
3273 4033 3626 4105 (Rica.1,12,

1986 4129 2072 4195 13,
2100 4128 2186 4196 14,
2214 4129 2299 4195 15,
2326 4128 2479 4196 sqq.)
2513 4124 2599 4179 Ob
2628 4122 2782 4194 quod
2804 4127 2860 4178 et
2886 4122 3191 4179 Heinricus
3211 4137 3317 4178 rex
3338 4123 3517 4179 movit
3541 4138 3634 4180 ca-

1985 4219 2108 4270 stra
2139 4218 2343 4269 contra
2376 4212 2667 4284 Karolum,
2695 4211 2959 4282 cumjam
2984 4210 3333 4282 quindennis
3362 4211 3636 4268 sublima-

1988 4307 2153 4360 retur
2180 4303 2235 4357 in
2269 4318 2533 4373 regnum,
2567 4300 2810 4372 ejusque
2841 4302 3041 4373 sepius
3089 4300 3236 4357 fudit
3282 4301 3627 4374 exercitum,

217 4393 332 4481 ret.
356 4391 527 4481 [facta
551 4397 745 4449 autem
767 4394 1077 4467 divisione,
1100 4397 1346 4470 Pippino
1368 4402 1553 4457 cessit
1576 4401 1869 4475 Hispania,

1981 4391 2249 4463 juvitque
2291 4393 2525 4449 fortuna
2566 4392 2772 4449 fortem
2811 4392 3019 4449 virum.
3057 4392 3282 4450 Outone
3309 4396 3503 4450 autem
3536 4391 3632 4450 de-

216 4477 431 4534 Karelo
472 4494 713 4551 regnum
757 4484 1081 4554 Aquitaniae
1123 4492 1182 4542 ct
1224 4489 1574 4557 Wasconiae;
1619 4492 1691 4547 ab
1723 4491 1874 4548 occi-

219 4567 392 4625 dente
433 4570 654 4628 habens
694 4564 1006 4632 terminum
1041 4576 1419 4636 Barcelonam
1458 4581 1747 4655 Hispaniae
1779 4598 1873 4640 ur-

222 4657 372 4727 bem,
409 4661 482 4716 ab
514 4661 782 4732 aquilone
826 4664 1219 4723 Britannicum
1254 4684 1431 4742 mare,
1466 4672 1537 4727 ad
1570 4672 1873 4730 meridiem

212 4745 353 4816 juga
388 4747 634 4821 Alpium,
688 4752 756 4808 ad
810 4754 1095 4810 orientem
1146 4758 1357 4814 Masam
1408 4760 1663 4817 fluvium.
1714 4764 1877 4818 Inter

218 4834 433 4892 Masam
476 4853 612 4895 vero
653 4840 889 4898 fluvium
922 4847 977 4898 et
1011 4844 1271 4901 Rhenum
1315 4848 1589 4905 Lothario
1632 4864 1874 4921 regnum

219 4925 399 4982 cessit
421 4940 552 4983 cum
576 4928 764 4999 Italia,
792 4945 962 5000 quam
986 4932 1219 4990 vivente
1249 4936 1417 5005 patre
1450 4937 1764 5007 regendam
1786 4953 1879 4995 ac-

220 5013 400 5085 cepit.
434 5017 476 5071 Α
502 5015 697 5073 Rheno
721 5022 916 5074 autem
938 5034 1125 5090 usque
1148 5020 1220 5077 ad
1244 5021 1388 5079 fines
1414 5023 1632 5080 Yllirici
1654 5030 1714 5080 et
1737 5027 1881 5081 Pan-

220 5101 436 5175 nonia,
491 5103 738 5162 Odoram
790 5121 1022 5179 quoque
1069 5108 1306 5167 ﬂuvium
1347 5117 1405 5168 et
1444 5112 1729 5170 terminos
1774 5116 1881 5172 Da-

295 5284 386 5321 ““
417 5253 711 5362 superscr.
750 5296 800 5350 1.
880 5291 972 5326 ι²⁴²
1010 5293 1106 5354 ita
1140 5300 1188 5352 1.

1988 4482 2137 4539 cimo
2164 4497 2313 4540 anno
2347 4483 2508 4554 regni
2540 4483 2628 4540 sui
2657 4481 2957 4555 defuncto,
2993 4482 3307 4540 Galliarum
3339 4483 3634 4557 principes

1988 4571 2181 4629 animo
2203 4576 2260 4628 et
2287 4577 2654 4631 sacramento
2682 4573 2890 4629 annexi
2914 4577 3046 4629 sunt
3073 4573 3305 4644 Karolo,
3330 4586 3553 4629 necnon
3575 4577 3634 4627 et

1990 4662 2374 4735 Ruotpertus,
2405 4663 2650 4720 Outonis
2672 4663 2830 4734 regis
2855 4663 3114 4720 defuncti
3137 4664 3339 4733 frater,
3363 4661 3453 4718 vir
3473 4661 3638 4718 indu-

1990 4753 2192 4823 strius,
2238 4767 2367 4809 sese
2396 4752 2479 4807 illi
2512 4752 2795 4824 subdidit,
2842 4768 3010 4824 quem
3051 4752 3148 4808 ille
3189 4751 3395 4809 ducem
3437 4749 3636 4806 Galliae

1992 4841 2226 4898 Celtica;
2257 4843 2521 4914 prefecit.
2557 4844 2812 4916 Cumque
2835 4842 2951 4913 jam
2976 4845 3095 4900 fere
3116 4846 3307 4898 totum
3328 4840 3639 4913 colligeret

1991 4947 2254 5005 regnum,
2292 4935 2471 5007 coepit
2505 4935 2790 5007 quendam
2832 4936 3199 5005 Haganonem
3228 4947 3299 4989 ex
3331 4930 3640 4988 mediocri-

1993 5025 2105 5080 bus
2152 5024 2440 5081 extollere
2477 5030 2537 5081 et
2576 5041 2755 5097 supra
2796 5039 2996 5081 omnes
3037 5023 3330 5095 principes
3370 5020 3635 5092 diligere,

1994 5113 2138 5171 adeo
2168 5119 2253 5185 ut,
2288 5114 2660 5186 magnatibus
2692 5114 3020 5185 quibusque
3062 5112 3267 5185 procul
3304 5108 3640 5169 absistenti-

1586 5228 1824 5287 VARIzE
1864 5231 2268 5292 LECTIONES.

1815 5391 2019 5447 ΝΟΤιΕ
2033 5434 2046 5447 .

1815 5391 1861 5447 Ν
1954 5391 2046 5447 ιΕ.

264 5458 271 5465 ’
299 5474 452 5547 (233)
485 5475 679 5535 Verba
712 5476 890 5537 latius
921 5481 1114 5553 posita
1142 5482 1519 5544 Ekkehardus
1550 5391 2242 5549 Widukindﬂarrationi
2272 5486 2517 5561 adjecit;
2551 5488 2624 5546 cf.
2659 5502 2857 5562 supra.
