3992 6062
388 134 505 192 899

1550 122 2029 184 EKKEHARDI
2078 123 2628 189 UHAUGIENSIS

3678 125 3806 187 900

387 262 516 330 bus,
550 260 674 331 ipse
708 257 866 328 regio
897 256 1066 313 lateri
1100 255 1261 314 solus
1292 256 1527 313 hereret
1560 255 1856 327 multaque
1881 255 2026 325 regii
2061 256 2111 316 A
2143 257 2370 313 vocavit
2398 259 2467 314 ad
2492 274 2555 316 se
2578 257 2983 327 Gisilbertnm,
3017 257 3108 313 cui
3143 256 3507 328 principatus
3538 256 3802 328 regionis

380 350 533 420 juris
556 347 626 406 ad
649 362 813 405 suum
841 348 935 417 jus
965 350 1355 416 retorqueret.
1390 346 1547 401 Unde
1580 345 1856 416 primates
1886 344 2029 399 indi-

384 439 566 511 gnati,
606 453 736 494 cum
778 435 1114 492 nullatenus
1158 440 1399 506 possent
1431 450 1561 490 eum
1592 435 1663 490 ab
1696 432 1855 490 illius
1889 432 2029 489 dile-

387 528 581 585 ctione
604 530 893 593 avertere,
922 525 1243 594 querebant
1270 522 1429 578 illum
1454 523 1523 578 de
1548 536 1726 592 regno
1752 522 2024 591 abjicere.

387 615 562 672 Multa
587 618 783 685 itaque
807 613 1092 669 adversus
1114 627 1242 667 eum
1270 610 1476 679 moliti,
1504 610 1574 665 ad
1601 610 1865 667 ultimum
1899 625 2032 666 con-

388 709 695 771 venerunt,
722 703 1224 772 Ruotpertumque
1248 699 1474 768 ducem,
1502 699 1738 755 fratrem
1765 699 2026 769 Outonis,

389 806 583 862 regem
616 790 1069 846 constituerunt.
1107 787 1401 843 Adversus
1434 801 1602 857 quem
1628 786 1761 843 dum
1786 788 2030 844 Karolus

388 879 603 936 bellum
635 882 996 950 prepararet,
1025 880 1080 932 et
1106 876 1161 931 in
1187 890 1433 947 pugnam
1457 876 1853 947 convenirent,
1880 876 2031 931 occi-

388 984 489 1026 sus
509 975 600 1024 est
624 969 1005 1036 Ruotpertrs,
1041 968 1096 1018 et
1121 980 1189 1019 ex
1214 968 1378 1035 parte
1401 965 1528 1035 ejus
1554 966 1744 1035 11349,
1771 980 1841 1020 ex
1865 968 2029 1036 parte

386 1072 525 1113 vero
557 1054 747 1111 Karoli
779 1056 937 1108 7118.
980 1055 1165 1123 (Rion.
1204 1068 1261 1122 11,
1304 1058 1347 1123 1,
1380 1056 1457 1121 2.)
1492 1053 1652 1122 Hugo
1683 1067 1840 1123 vero,
1878 1053 2031 1109 ﬁlius

388 1142 718 1214 Ruotperti,
751 1141 938 1197 adhuc
966 1139 1331 1209 adolescens,
1374 1140 1495 1210 egit
1535 1140 1684 1212 apud
1730 1155 2033 1210 quoscum-

387 1249 499 1304 que
525 1232 734 1304 potuit,
763 1230 1123 1301 maximeque
1147 1229 1298 1300 apud
1327 1230 1693 1286 Heribertum
1717 1234 2028 1299 cognatum

387 1335 574 1388 suum,
629 1334 725 1389 qui
774 1323 904 1373 erat
950 1332 1100 1373 unus
1148 1334 1219 1372 ex
1269 1318 1654 1387 magnatibus,
1693 1322 1752 1373 ut
1789 1317 1843 1372 in
1876 1317 2030 1387 deje-

386 1410 638 1466 ctionem
664 1406 857 1463 Karoli
888 1407 1017 1462 loco
1050 1406 1233 1477 patris
1266 1406 1355 1461 sui
1389 1406 1537 1461 alius
1570 1422 1669 1460 rex
1701 1411 2026 1473 crearetur,

387 1512 450 1554 se
473 1498 659 1569 ipsum
683 1511 821 1552 vero
845 1496 1171 1566 promoveri
1202 1494 1460 1564 nolebat,
1492 1494 1622 1565 quia
1649 1496 1831 1565 patris
1854 1494 2030 1551 inter-

375 1587 552 1643 fectio
576 1585 720 1641 illud
742 1584 1161 1674 dissuadebat.
1180 1584 1364 1674 Igitur
1392 1583 1735 1674 convocatis
1754 1584 2028 1674 principi-
2055 1614 2109 1674 B

381 1676 509 1743 bus,
533 1673 899 1740 Ruoclolfum,
918 1673 1187 1727 Richardi
1214 1671 1640 1741 Burgundionis
1661 1671 1860 1742 ﬁlium,
1879 1672 2024 1728 satis

377 1777 447 1820 eo
472 1762 844 1830 reclamante,
882 1775 1074 1830 regem
1097 1761 1484 1829 constituunt,
1512 1761 1696 1816 virum
1722 1766 2023 1816 strenuum

377 1855 437 1907 et
459 1850 805 1906 liberalibus
831 1849 1054 1904 artibus
1073 1848 1389 1918 eruditum,
1418 1849 1514 1920 qui
1549 1848 1718 1920 (234),
1753 1853 1813 1905 ut
1845 1864 2024 1919 supra

382 1939 601 1996 dictum
633 1944 723 1994 est
754 1937 864 2007 “‘3,
902 1937 996 2005 (cf.
1032 1938 1108 1993 ib.
1137 1954 1174 2007 1,
1199 1940 1309 2007 47.)
1344 1938 1661 1993 Burchardi
1698 1939 1864 1994 ducis
1898 1939 2024 1994 Ala-

379 2027 622 2083 manniae
648 2027 821 2082 ﬁliam
849 2027 1074 2082 nomine
1101 2027 1388 2095 Bertham,
1420 2026 1533 2082 sibi
1554 2026 1872 2097 copulavit,
1901 2027 2029 2097 qui-.

378 2131 489 2188 que
512 2120 641 2188 post
659 2117 732 2171 ab
751 2115 969 2171 Italicis
990 2114 1273 2171 adversus
1301 2115 1708 2183 Berengarium
1733 2115 2021 2171 seniorem

374 2211 642 2275 vocatus,
661 2205 760 2261 illo
778 2205 1109 2275 interfecto,
1132 2220 1370 2274 regnum
1390 2205 1568 2260 Italiae
1583 2205 1919 2275 aliquandiu
1934 2206 2023 2238 1’“

373 2294 584 2364 tenuit,
607 2296 813 2363 donec,
837 2308 1042 2349 socero
1062 2308 1168 2349 suo
1190 2293 1244 2347 in
1267 2293 1541 2349 auxilium
1564 2300 1767 2349 contra
1788 2293 2020 2350 eosdem

374 2383 487 2442 sibi
520 2382 708 2438 denuo
744 2377 1093 2438 resistench
1126 2387 1332 2438 vocato
1364 2382 1692 2451 ibidemque
1721 2384 1792 2438 ab
1823 2383 1908 2438 eis
1942 2383 2023 2438 in-

371 2472 641 2542 terfecto,
686 2471 911 2526 Italiam
955 2469 1216 2540 reliquit,
1260 2475 1317 2525 et
1363 2472 1750 2539 Burgundiam
1792 2472 2015 2527 revisit.

372 2562 536 2630 Hugo
573 2575 712 2615 vero
754 2574 950 2615 comes
995 2558 1421 2614 Arelatensium
1456 2560 1527 2614 ab
1559 2558 1721 2615 Italis
1754 2565 2016 2629 vocatus,

373 2662 614 2718 regnum
645 2647 893 2717 accepit,
930 2647 985 2701 in
1004 2662 1117 2715 quo
1142 2646 1319 2700 ﬁlium
1345 2662 1416 2701 ex
1442 2662 1621 2701 uxore
1656 2662 1757 2703 sua
1790 2662 2020 2703 nomine

372 2734 537 2806 Alda,
587 2736 657 2791 de
706 2735 1217 2791 Ostrol‘rancorum
1267 2734 1452 2804 stirpe
1499 2733 1611 2805 ιω,
1665 2737 2015 2805 procreavit,

372 2839 541 2897 quem
574 2829 635 2879 et
668 2822 997 2878 Lotharium
1040 2822 1266 2878 vocavit
1304 2822 1682 2893 adultumque
1716 2838 1908 2893 regem
1946 2827 2022 2880 fe-

369 2913 482 2981 cit;
517 2911 618 2969 sed
657 2913 941 2967 ambobus
982 2916 1187 2982 postea
1233 2911 1436 2982 pulsis,
1482 2912 1886 2981 Berengarius,
1924 2914 2020 2985 qui

371 3008 574 3075 postea
610 3002 952 3068 Babenberg
980 3000 1327 3071 deportatus
1352 3000 1428 3054 ibi
1454 3000 1763 3056 defunctus
1792 3006 1898 3069 est,
1937 3018 2023 3056 re-

368 3091 567 3162 gnavit
600 3090 690 3159 (cf.
734 3092 965 3145 Liunrn.
1001 3103 1060 3157 11,
1097 3091 1166 3142 60
1196 3103 1356 3159 sqq.,
1395 3104 1474 3158 111,
1510 3095 1573 3144 13
1608 3104 1762 3160 sqq.,
1806 3093 1886 3159 16,
1919 3095 2019 3157 2ος

368 3196 445 3251 ιν,
467 3184 530 3246 2;
554 3195 607 3248 ν,
629 3181 698 3233 27
721 3180 896 3249 sqq.).
932 3178 1119 3246 (R1011.
1148 3192 1185 3245 1,
1214 3180 1300 3246 47,
1335 3180 1446 3247 65.)
1482 3178 1767 3233 Ruodoll‘o
1802 3184 2018 3248 autem,

367 3272 431 3326 ut
465 3268 683 3323 dictum
725 3271 834 3335 est,
870 3266 923 3319 in
958 3279 1195 3334 regnum
1238 3266 1431 3320 Karoli
1479 3266 1814 3335 sublimato,
1864 3267 2027 3328 Heri-

367 3358 573 3415 bertus
609 3355 913 3428 predictus
941 3353 1186 3409 consilio
1218 3354 1475 3423 Ilugonis
1506 3355 1738 3424 cognati
1767 3355 1875 3424 sui,
1914 3356 2019 3411 ﬁlii

366 3444 705 3517 Ruotperti,
747 3440 1017 3497 Karolum
1059 3440 1195 3496 dolo
1238 3442 1414 3512 cepit,
1457 3456 1705 3513 eumque
1740 3443 1794 3497 in
1826 3448 2023 3517 cust0_

367 3533 519 3591 diam
545 3532 769 3605 posuit;
806 3531 862 3586 in
896 3545 1005 3601 qua
1029 3535 1089 3585 et
1112 3530 1289 3586 vitam
1322 3531 1505 3585 ﬁnivit
1540 3530 1636 3601 (cf.
1665 3534 1811 3588 W11).
1838 3549 1874 3603 1,
1904 3536 2018 3607 30).

363 3621 575 3680 Habuit
609 3628 802 3677 autem
838 3619 1017 3674 ﬁlium
1050 3619 1279 3674 nomine
1307 3619 1680 3676 Ludewicum
1712 3636 1783 3676 ex
1813 3637 2020 3679 sorore

361 3709 663 3769 Adelstani
708 3708 864 3777 regis
906 3708 1293 3777 Britanorum,
1330 3723 1498 3777 quem
1533 3708 1587 3764 in
1622 3710 2017 3780 perturbatio-

362 3799 451 3858 nis
482 3813 602 3856 suae
631 3798 885 3870 procella
922 3797 1244 3852 transmisit
1279 3797 1351 3852 ad
1382 3797 1628 3852 eundem
1661 3798 2015 3855 avunculum

363 3903 565 3955 suum;
615 3888 767 3944 unde
813 3891 949 3958 post
998 3891 1244 3943 mortem
1278 3885 1543 3943 Ruodolﬁ
1580 3888 1734 3957 regis
1767 3890 2013 3944 consilio

364 3978 622 4050 Hugonis
654 3977 903 4049 predicti
937 3976 1232 4047 reductus,
1268 3991 1507 4046 regnum
1542 3978 1726 4048 patris
1758 3979 2009 4050 recepit;

361 4068 453 4126 cui
476 4072 669 4124 tamen
692 4066 844 4122 idem
867 4067 1030 4135 Hugo
1054 4066 1171 4121 dux
1195 4069 1397 4136 postea
1430 4066 1755 4121 rebellavit.

435 4158 604 4227 \th.
633 4171 671 4227 1,
696 4155 809 4226 30.)
839 4154 1145 4212 IIeinricus
1175 4159 1369 4209 autem
1402 4170 1507 4211 rex
1536 4155 1778 4212 audiens
1810 4170 2006 4212 casum

363 4245 579 4318 Karoli,
613 4245 867 4314 dolebat,
900 4244 1278 4314 humanaeque
1316 4243 1726 4301 mutabilitatis
1752 4260 2002 4302 commu.

2146 350 2384 416 paterna
2411 348 2787 403 successione
2807 342 3008 415 ees'sit,
3041 361 3289 416 eumque
3316 346 3645 401 venientem
3671 353 3803 402 arte

2142 435 2298 505 cepit
2321 439 2375 489 et
2402 437 2510 492 sub
2535 436 2799 492 custodia
2825 436 2948 504 regi
2976 434 3246 490 Heinrico
3275 434 3621 490 transmisit.
3660 436 3801 490 Erat

2143 528 2335 578 autem
2371 524 2723 580 Gisilbertus
2758 524 2939 579 nobili
2971 538 3186 593 genere
3211 537 3278 579 ac
3309 523 3522 579 familia
3553 523 3796 593 antiqua

2143 615 2328 668 natus.
2383 612 2561 677 Quem
2611 628 2712 669 rex
2761 612 2909 668 satis
2960 613 3128 667 laetus
3176 611 3457 682 suscepit,
3508 611 3643 682 quia
3697 625 3801 682 per

2143 701 2332 772 ipsum
2366 702 2551 758 solum
2583 707 2771 758 totum
2802 701 3057 757 Lotharii
3090 716 3330 771 regnum
3363 690 3425 756 se
3458 701 3798 757 habiturum

2142 789 2465 846 arbitratus
2498 796 2608 846 est.
2656 791 2870 847 Deinde
2909 790 3114 845 videns
3154 788 3589 844 adolescentem
3624 786 3797 843 valde

2143 878 2516 947 industrium,
2540 893 2753 948 genere
2774 893 2837 934 ac
2863 882 3157 948 potestate
3181 876 3518 947 divitiisque
3541 877 3791 944 clarum,

2144 964 2469 1021 liberaliter
2496 982 2625 1022 eum
2650 967 2825 1037 cnspit
2862 966 3096 1034 habere,
3124 979 3190 1021 ac
3213 970 3511 1036 postremo
3545 964 3797 1036 despon-

2142 1058 2264 1109 sata
2288 1054 2397 1109 sibi
2419 1055 2533 1111 ﬁlia
2559 1071 2662 1111 sua
2689 1054 2917 1110 nomine
2944 1054 3243 1123 Gerbirga,
3264 1053 3545 1108 afﬁnitate
3569 1053 3797 1123 pariter

2141 1147 2198 1197 et
2250 1143 2513 1199 amicicia
2555 1144 2746 1213 junxit
2797 1158 2924 1198 eum
2983 1142 3114 1211 sibi,
3173 1140 3483 1211 sublegato
3533 1141 3588 1196 ei
3638 1140 3794 1196 omni

2142 1231 2395 1287 Lotharii
2432 1247 2629 1301 regno.
2668 1234 2736 1287 Et
2768 1233 2876 1287 hoc
2904 1232 3066 1302 juxta
3112 1229 3567 1300 descriptionem
3602 1228 3798 1299 cujus-

2144 1320 2270 1375 dam
2308 1322 2568 1376 monachi
2602 1321 2972 1376 (Iorbeiensis
3002 1318 3111 1389 1'“,
3145 1322 3216 1374 de
3248 1318 3473 1388 origine
3504 1319 3794 1374 Saxonum

2143 1415 2199 1464 et
2235 1425 2429 1478 regum
2463 1411 2665 1466 horum
2698 1416 2884 1479 gestis
2917 1408 3256 1464 scribentis.
3293 1410 3395 1463 Est
3418 1413 3610 1463 autem
3642 1407 3797 1463 alius

2143 1499 2373 1568 quidam
2398 1499 2922 1570 hystoriographus
2956 1497 3268 1568 (Rmusm),
3305 1503 3564 1568 tempora
3594 1495 3793 1551 Karoli

2143 1587 2334 1657 hujus,
2385 1587 2553 1656 cujus
2608 1587 2939 1642 memoriam
3003 1601 3105 1656 prc
3166 1585 3431 1641 manibus
3487 1585 3791 1652 habemus,

2141 1690 2495 1745 suorumque
2526 1690 2930 1732 suouessorum
2964 1674 3252 1744 digerens,
3283 1674 3378 1744 qui
3403 1673 3629 1741 scribit,
3656 1688 3796 1728 eun-

2139 1763 2266 1818 dem
2318 1764 2707 1821 Giselbertum
2763 1764 2937 1819 ﬁliam
2989 1763 3241 1819 Heinriei
3298 1763 3558 1831 duxisse,
3606 1763 3795 1834 prius.

2138 1867 2306 1922 quam
2335 1867 2436 1908 rex
2460 1852 2646 1921 ﬁeret,
2681 1852 2813 1907 dum
2848 1852 3035 1907 adhuc
3069 1852 3345 1907 ducatum
3377 1850 3796 1906 amministras-

2136 1946 2246 2009 set,
2275 1956 2580 2012 ipsumque
2610 1940 2935 1996 lleinricum
2961 1955 2990 1995 a
3017 1940 3226 1996 Karolo
3250 1941 3525 1996 ducatum
3554 1938 3795 1993 Saxoni-

2135 2044 2263 2086 cum
2300 2029 2617 2101 accepisse,
2654 2034 2712 2085 et
2744 2044 2875 2086 eum
2906 2045 2969 2085 ac
3005 2030 3415 2100 Ruotpertum,
3452 2028 3546 2098 qui
3582 2032 3790 2098 postea

2135 2133 2238 2173 rex
2276 2120 2465 2175 factus
2496 2124 2606 2187 est,
2643 2119 2794 2174 inter
2829 2117 3142 2189 principes,
3185 2117 3282 2187 qui
3312 2132 3341 2172 a
3373 2131 3510 2185 rege
3544 2120 3792 2186 propter

2133 2208 2523 2276 Hagauonem,
2559 2212 2618 2263 ut
2654 2207 2981 2277 predictum
3026 2209 3138 2275 est,
3172 2206 3527 2275 defecerant,
3565 2203 3790 2275 primos

2133 2295 2332 2351 fuisse.
2371 2296 2461 2351 Sic
2493 2295 2643 2350 enim
2678 2294 2818 2350 dicit
2844 2294 2904 2365 (1,
2934 2297 3021 2365 14)
3048 2314 3060 2348 :
3091 2312 3117 2343 ‹‹
3146 2293 3326 2349 Gallia
3363 2292 3578 2349 Celtica
3611 2293 3793 2346 Buot—

2133 2388 2302 2455 perto
2352 2383 2585 2451 collata,
2650 2383 2897 2438 Karolus
2948 2383 3251 2439 Saxoniam
3303 2381 3546 2437 secedit.
3612 2380 3790 2450 Cujus

2133 2474 2309 2527 urbes
2331 2472 2617 2542 sedesque
2641 2471 2833 2541 regias
2857 2471 3245 2542 perlustrans,
3280 2471 3439 2526 nullo
3464 2469 3787 2526 resistente

2131 2560 2407 2630 obtinuit,
2436 2561 2511 2614 ibi
2537 2575 2768 2630 quoque
2802 2560 3150 2630 Heinricum,
3186 2560 3349 2628 regio
3379 2572 3593 2629 genere
3624 2556 3793 2612 incli-

2131 2653 2253 2703 tum
2288 2664 2353 2704 ac
2386 2649 2518 2704 inde
2559 2649 2867 2705 oriundum
2920 2650 3148 2718 ducem,
3201 2649 3471 2704 omnibus
3521 2646 3720 2702 donat.
3758 2667 3790 2695 υ

2134 2738 2197 2790 Et
2224 2742 2351 2808 post
2378 2753 2559 2808 pauca
2585 2739 2733 2809 (235)
2763 2757 2773 2790 :
2808 2739 3084 2793 «Interea
3111 2736 3422 2793 Galliarum
3446 2736 3694 2791 urbibus
3719 2749 3790 2789 ac

2132 2826 2361 2896 oppidis
2395 2826 2638 2880 ﬁrmiter
2686 2826 2965 2896 obtentis,
2998 2842 3126 2881 cum
3160 2825 3453 2896 paschalis
3495 2823 3793 2880 sollemni-

2136 2919 2225 2969 tas
2257 2914 2602 2984 immineret,
2638 2914 2984 2984 Aquisgrani
3019 2913 3234 2984 palatio
3267 2929 3369 2968 rex
3394 2926 3525 2968 sese
3560 2912 3790 2982 recepit

2136 3002 2227 3071 (cf.
2266 3002 2341 3057 ib.
2370 3018 2407 3070 1,
2438 3007 2545 3073 16).
2584 3003 2702 3057 ΙΙυο
2731 3018 2803 3057 ex
2834 3002 2987 3057 omni
3023 3001 3205 3056 Gallia
3237 3002 3533 3072 principes
3566 2999 3790 3055 conﬁu-
3862 3026 3873 3034 -

2136 3095 2269 3158 unt;
2294 3092 2404 3145 huc
2427 3091 2601 3146 etiam
2627 3091 2951 3146 mediocres
2973 3091 3154 3145 multo
3176 3091 3374 3145 favore
3395 3088 3787 3154 conveniunt;

2136 3185 2335 3236 assunt
2366 3186 2424 3234 et
2455 3180 2653 3249 (luces,
2692 3196 2762 3234 ex
2801 3180 3044 3235 Saxonia
3086 3178 3317 3249 quidem
3350 3178 3678 3247 Heinricus,
3711 3191 3790 3233 cx

2135 3269 2315 3323 Gallia
2356 3270 2734 3339 Ruotpertus.
2770 3268 3022 3324 Cottidie
3054 3283 3226 3324 sceus
3262 3268 3415 3322 fores
3448 3265 3593 3335 regii
3623 3265 3787 3321 cubi-

2133 3356 2250 3411 culi
2275 3363 2536 3421 manent;
2561 3357 2803 3412 cottidie
2825 3372 3124 3426 egressum
3150 3357 3303 3426 regis
3327 3371 3354 3411 a
3379 3354 3784 3426 penetralibus

2134 3445 2282 3500 aulae
2332 3446 2754 3516 prestelautur.
2807 3446 2944 3501 Cum
2988 3461 3127 3501 vero
3168 3444 3388 3501 nullum
3422 3444 3508 3499 eis
3542 3443 3614 3498 ab
3647 3457 3788 3513 rege

2133 3550 2473 3604 responsum
2508 3550 2609 3605 per
2642 3535 2768 3590 dies
2808 3539 3059 3604 quatuor
3092 3534 3351 3603 daretur,
3387 3532 3693 3587 IIeinricus
3724 3530 3781 3586 id

2134 3624 2542 3679 molestissime
2568 3624 2774 3692 ferens,
2801 3623 3019 3679 dixisse
3044 3624 3248 3693 fertur,
3285 3627 3382 3678 aut
3408 3623 3779 3690 Haganonem

2132 3715 2479 3783 quandoque
2519 3728 2648 3768 cum
2693 3712 2901 3768 Karolo
2941 3716 3339 3781 regnaturum,
3372 3715 3473 3766 aut
3506 3709 3778 3765 Karolum

2128 3816 2256 3856 cum
2308 3802 2614 3869 Ilaganonc
2646 3800 2715 3856 ad
2751 3816 2943 3856 rerum
2989 3800 3449 3856 mediocritatem
3498 3797 3778 3853 deventu-

2126 3905 2284 3956 rum;
2317 3890 2739 3959 indignansque
2765 3904 2898 3959 rege
2921 3888 3253 3945 inconsulto
3279 3887 3571 3943 discessit.
3610 3886 3774 3952 Quod

2124 3994 2228 4033 rex
2258 3978 2505 4034 moleste
2547 3980 2739 4033 ferens
2769 3993 2898 4033 eum
2930 3992 3208 4035 revocare
3246 3976 3539 4047 cupiebat,
3574 3980 3635 4030 et
3664 3988 3773 4045 pro

2123 4066 2229 4122 hac
2252 4082 2313 4122 re
2338 4066 2849 4136 metropolitanum
2895 4066 3263 4122 Remensium
3295 4064 3601 4119 Heriveum
3635 4062 3775 4117 diri-

2120 4158 2314 4225 gebat.
2353 4157 2613 4225 (RICHER.
2645 4171 2689 4224 1,
2714 4156 2925 4227 22-24.)
2961 4156 3137 4224 Cujus
3170 4154 3466 4210 luculenta
3497 4158 3558 4206 et
3587 4151 3769 4207 amica

2122 4244 2385 4299 oratione
2420 4258 2738 4314 persuasus
2778 4242 2895 4298 dux
2925 4242 3231 4299 Heinricus
3258 4243 3328 4298 ad
3362 4254 3557 4310 regem
3590 4237 3766 4307 redit,

364 4348 494 4392 nem
528 4333 868 4390 ammiratus
907 4338 997 4387 est
1040 4332 1351 4401 fortunam,
1397 4332 1798 4404 judicavitque
1831 4334 2007 4390 absti-
2035 4321 2087 4381 D
2122 4332 2421 4403 multoque
2454 4331 2787 4388 ambitionis
2819 4332 3035 4387 honore
3060 4336 3193 4388 ante
3215 4344 3347 4387 eum
3373 4327 3685 4397 admissus,
3712 4326 3769 4381 in

364 4437 505 4481 nere
537 4423 767 4493 quidem
791 4422 863 4478 ab
886 4420 1082 4490 armis,
1118 4436 1318 4477 verum
1349 4422 1543 4492 potius
1570 4425 1697 4478 arte
1728 4438 2005 4493 superan-

363 4514 469 4572 dos
496 4512 726 4584 putavit
757 4510 1156 4580 Lotharingos,
1182 4510 1315 4580 quia
1336 4524 1479 4580 gens
1503 4512 1660 4566 varia
1686 4516 1811 4567 erat
1836 4516 1894 4567 et
1918 4528 2006 4568 ar-

363 4603 524 4661 tibus
556 4606 814 4672 assueta,
851 4599 1020 4656 bellis
1050 4603 1315 4671 prompta
1349 4598 1694 4671 mobilisque
1716 4602 1787 4657 ad
1810 4616 2003 4657 rerum

361 4692 673 4749 novitates.
708 4692 846 4746 Erat
877 4703 944 4745 eo
975 4692 1237 4759 tempore
1275 4687 1507 4758 quidam
1536 4688 1607 4744 de
1642 4690 2005 4759 Lotharingis

363 4781 594 4839 nomine
626 4778 968 4849 Cristianus,
1004 4777 1101 4848 qui
1130 4776 1331 4833 videns
1353 4778 1475 4848 regi
1500 4778 1766 4834 lleinrico
1797 4784 2003 4835 cuncta

360 4884 644 4945 prospere
699 4869 929 4937 cedere,
991 4866 1264 4937 quesivit,
1325 4866 1613 4938 quomodo
1668 4867 1820 4941 apud
1874 4883 2003 4924 cum

361 4959 567 5033 majori
589 4958 981 5017 honoraretur
1000 4956 1189 5027 gratia
1217 4976 1229 5011 :
1254 4959 1308 5013 et
1344 4955 1612 5014 simulata
1644 4958 2000 5032 inﬁrmitate,

2121 4423 2400 4494 prceipuo
2431 4422 2635 4492 gratias
2685 4421 2812 4477 loco
2860 4420 3308 4477 familiarissime
3355 4417 3656 4488 recipitur,
3704 4416 3767 4485 (1,

2119 4515 2232 4583 34.)
2265 4513 2379 4567 1130
2407 4515 2762 4581 tempestate
2784 4511 3121 4580 Ragenerus
3144 4509 3232 4564 vir
3255 4507 3487 4577 nobilis,
3513 4504 3770 4577 partium

2118 4600 2310 4655 Karoli
2355 4599 2678 4655 ﬁdissimus
2718 4603 2901 4668 tutor,
2948 4599 3118 4655 ﬁnem
3149 4598 3284 4655 vitae
3316 4595 3564 4668 accepit,
3598 4592 3768 4662 cujus

2116 4688 2377 4759 exequiis
2405 4688 2653 4744 Karolus
2687 4688 2983 4754 interfuit;
3025 4688 3231 4759 hisque
3274 4686 3550 4759 peractis,
3583 4680 3768 4739 Gisel-

2119 4778 2307 4848 berto,
2358 4776 2483 4846 ejus
2534 4776 2651 4833 ﬁlio
2689 4776 2807 4846 jam
2857 4776 3077 4846 adulto,
3130 4784 3434 4849 paternum
3484 4775 3763 4829 honorem

2116 4882 2313 4926 coram
2365 4866 2726 4940 principibus
2765 4867 2861 4938 qui
2892 4867 3300 4923 conﬂuxerant
3346 4860 3761 4920 liberalissime

2114 4957 2383 5017 contulit.
2416 4957 2477 5030 (1,
2503 4962 2568 5015 35
2590 4962 2746 5031 sqq.)
2769 4959 2872 5015 Hic
2893 4973 3024 5015 cum
3046 4961 3208 5014 esset
3231 4954 3443 5028 opibus
3464 4957 3526 5009 et
3546 4962 3761 5022 genere

1723 5069 1959 5127 VARIJE
1998 5070 2398 5132 LECTIONES.

430 5163 520 5201 “‘3
548 5179 839 5240 superscr.
874 5168 928 5222 1-
1003 5162 1094 5202 1'“
1125 5163 1462 5237 aliquandiu
1500 5171 1549 5222 1.
1628 5164 1719 5200 ί²⁴⁵
1743 5180 2035 5241 superscr.
2070 5178 2121 5229 1.
2199 5166 2291 5203 ¹²⁴⁶
2324 5164 2494 5224 Corb.
2528 5162 2829 5221 Witikindi
2860 5163 3090 5219 nomine
3121 5164 3220 5218 Di.

1945 5269 2166 5327 NOTAE.

432 5353 582 5426 (234)
628 5353 854 5426 Iterum
884 5352 1281 5426 gEkkehardus
1329 5368 1534 5426 magno
1581 5369 1782 5413 errore
1822 5372 1917 5414 res
1967 5373 1997 5414 3

353 5424 598 5497 regibus
626 5424 975 5494 Burgundiae
1003 5430 1058 5481 et
1093 5424 1291 5485 Galliae
1319 5424 1518 5496 gestas
1538 5426 1636 5485 uni
1661 5426 1886 5487 tribuit.

2180 5356 2329 5483 (235)
2357 5355 2495 5423 Quae
2522 5355 2869 5434 sequuntur,
2897 5351 2953 5407 in
2976 5334 3207 5407 Richeri
3230 5352 3397 5408 textu
3420 5345 3759 5404 desideran-

2180 5444 2235 5483 r:
2267 5441 2298 5483 c
2326 5469 2339 5483 .
2376 5425 2791 5483 ormfationem.

2108 5425 2235 5500 tur;
2267 5425 2339 5487 cf.
2373 5425 2791 5499 prmfationem.
