3992 6034
383 190 496 258 911

1552 175 2033 251 EKKEHARDI
2078 183 2631 250 URAUGIENSIS

3669 190 3790 253 912

383 344 486 403 pro
520 326 815 402 paucitate
868 316 960 359 1'“
988 324 1190 382 hostes
1250 325 1627 394 insequentes
1681 323 1879 378 videre
1913 335 2028 377 non
2057 333 2113 392 Α
2144 319 2603 391 deserentesque
2640 334 2855 392 regem,
2888 322 3036 378 clam
3061 320 3289 379 domum
3321 322 3642 395 redierunt,
3670 327 3790 382 Fri-

383 423 677 491 poterant.
706 418 874 484 (Win.
912 416 954 472 Ζ.
993 414 1071 485 l.)
1118 416 1197 469 Ex
1262 413 1474 469 nostris
1504 412 1679 467 etiam
1709 411 1870 465 fuere
1930 407 2029 478 qui

381 506 598 564 Gallica
622 506 819 575 lingua
854 504 1013 575 loqui
1036 503 1318 569 sciebant,
1351 502 1445 571 qui
1471 500 1724 555 clamore
1753 497 1810 553 in
1841 495 2022 552 altum

382 595 600 652 Gallice
623 594 838 665 levato,
854 592 1148 649 exhortati
1174 594 1307 645 sunt
1332 588 1700 643 adversarios
1721 584 1793 641 ad
1812 585 2022 654 fugam.

381 683 472 740 Illi
495 683 682 740 socios
703 680 1034 752 bujusmodi
1056 679 1377 734 clamantes
1401 675 1692 744 arbitrati,
1723 675 1934 743 fugam,
1960 675 2024 730 ut

379 771 690 829 clamatum
721 774 833 840 est,
883 768 1154 823 inierunt.
1192 767 1447 837 (Ltunrn,
1483 764 1520 818 ί.
1557 763 1623 833 ι.)
1655 763 1818 819 Cesis
1849 761 2027 831 igitur

380 859 668 932 plurimis,
716 856 1022 913 Heinricus
1056 854 1431 910 vehementer
1462 852 1518 906 in
1552 850 1789 907 brachio
1817 848 1907 882 1"“
1936 853 2024 905 est

380 962 716 1019 percussus,
748 949 803 1001 et
839 957 1183 1014 quamquam
1224 941 1421 998 lorica:
1455 939 1707 1011 triplicis
1738 937 2025 995 fortitudo

378 1049 562 1106 usque
594 1035 663 1090 ad
717 1046 951 1089 carnem
998 1045 1108 1085 non
1144 1030 1483 1085 admitteret
1512 1028 1668 1085 ensis
1698 1026 1786 1060 ³⁸⁸⁷
1815 1027 2021 1098 aciem,

377 1122 634 1195 pondere
656 1127 847 1178 tamen
873 1119 1272 1191 percussionis
1295 1120 1522 1175 acerba:
1553 1116 1851 1173 brachium
1876 1116 2022 1173 adeo

375 1209 467 1243 ³⁸⁸⁸
495 1213 585 1268 est
619 1210 674 1265 in
705 1208 947 1265 livorem
992 1221 1358 1277 conversum,
1386 1212 1447 1261 ut
1467 1204 1643 1261 nullis
1666 1203 2022 1261 medicorum

374 1300 535 1356 curis
568 1300 646 1354 ita
679 1297 896 1353 mederi
931 1299 1149 1368 posset,
1178 1297 1313 1366 quin
1339 1300 1462 1351 toto
1492 1294 1592 1350 illo
1615 1309 1764 1350 anno
1788 1307 2025 1364 percur-

371 1393 540 1445 rente
564 1386 823 1444 dolorem
865 1400 1132 1455 magnum
1165 1385 1432 1440 sentiret.
1470 1383 1637 1453 (Win.
1666 1399 1725 1452 η,
1760 1386 1823 1437 18
1855 1383 2022 1453 sqq.)

374 1475 616 1544 Quidam
641 1490 712 1532 ex
732 1474 1041 1543 Thuringis
1066 1473 1295 1529 nomine
1311 1473 1433 1528 Teti
1468 1471 1757 1527 mandavit
1790 1470 1863 1526 ad
1898 1485 2025 1541 pre-

376 1566 563 1621 fectos
588 1565 842 1633 urbium,
869 1578 996 1634 quze
1020 1567 1187 1617 erant
1210 1562 1265 1616 in
1286 1562 1511 1618 oriente
1538 1560 1721 1632 partis
1748 1558 2020 1627 Heinrici,

371 1653 442 1709 de
464 1652 712 1710 victoria
737 1652 911 1723 regis,
931 1655 991 1707 et
1015 1650 1147 1722 quia
1165 1650 1288 1722 ipse
1306 1650 1608 1707 Heinrieus
1628 1649 1941 1706 cecidisset
1963 1647 2018 1702 in

373 1741 549 1813 bello,
584 1741 822 1813 egitque
852 1740 1086 1811 callide,
1112 1746 1178 1796 ut
1207 1755 1407 1796 omnes
1428 1754 1487 1795 se
1520 1738 2017 1807 traderentregiaa

369 1828 669 1900 potestati.
696 1829 811 1900 ipsi
836 1832 1029 1885 autem
1061 1828 1189 1905 duae
1216 1827 1612 1883 tantummodo
1644 1841 1717 1881 ex
1749 1825 2018 1881 omnibus

371 1921 767 1972 remanserant
785 1917 980 1986 urbes,
998 1916 1337 1985 Meresburg
1354 1914 1513 1969 1"Wet
1530 1913 1879 1983 Schidingon
1904 1911 2014 1966 “7°.

368 2004 476 2071 Qui
500 2005 741 2062 audiens
772 2004 843 2060 de
867 2004 1197 2061 defectione
1224 2003 1451 2061 urbium
1484 2018 1738 2073 suarum,
1773 2004 2018 2059 fractus-

369 2108 480 2164 que
505 2093 723 2149 recenti
765 2091 857 2126 "71
879 2093 1035 2163 regis
1076 2092 1343 2162 victoria,
1380 2107 1508 2147 cum
1539 2106 1740 2146 novem
1771 2090 1861 2123 “7'
1892 2096 2018 2146 tan-

365 2186 490 2237 tum
513 2181 755 2237 armatis
779 2181 893 2236 iter
915 2180 1181 2251 arripuit,
1206 2179 1754 2251 Saxoniamquejam
1789 2179 2015 2237 tardius

365 2269 586 2340 adiens,
610 2270 810 2326 urbem
836 2267 1280 2339 Meresburg1m
1303 2269 1602 2338 ingressus
1623 2272 1732 2325 est.
1761 2268 1885 2334 Quo
1912 2283 2014 2323 rex

365 2363 688 2430 comperto,
732 2363 790 2414 et
824 2358 948 2429 ipse
989 2373 1261 2414 reversus
1291 2363 1401 2425 est,
1437 2358 1777 2429 urbemque,
1814 2357 1869 2412 in
1901 2372 2011 2427 qua

369 2447 552 2521 frater
582 2452 731 2516 erat,
765 2447 1016 2503 obsedit.
1044 2445 1146 2501 llle
1168 2450 1361 2502 autem
1387 2461 1515 2502 cum
1540 2461 1648 2502 non
1669 2452 1876 2517 posset
1900 2447 2012 2503 for-

366 2535 503 2591 tiori
521 2533 824 2604 resistere,
842 2539 975 2606 post
990 2535 1137 2591 duos
1154 2535 1331 2589 ferme
1346 2549 1594 2605 menses,
1608 2534 1825 2590 tradita
1843 2536 2007 2605 urbe,

362 2637 636 2694 egressus
665 2629 756 2680 est
787 2624 857 2679 ad
907 2637 1122 2693 regem.
1158 2623 1263 2679 Cui
1313 2623 1463 2679 data;
1496 2626 1633 2679 sunt
1666 2623 1912 2680 induciae
1943 2624 2012 2678 30

365 2710 609 2779 dierum,
645 2710 919 2781 quatinus
971 2724 1099 2766 eum
1134 2710 1419 2766 militibus
1451 2711 1561 2765 sibi
1595 2711 2011 2767 eoherentibus

364 2797 664 2855 secederet
687 2814 717 2854 a
734 2798 1000 2868 Saxonis,
1027 2799 1079 2855 si
1101 2798 1194 2855 cui
1215 2814 1354 2854 vero
1376 2798 1604 2854 illorum
1630 2814 1822 2869 regem
1847 2799 2010 2855 adire

364 2886 857 2960 placeret,,veni;e
881 2887 1070 2944 locum
1094 2888 1356 2943 haberet.
1387 2887 1693 2943 lleinricus
1715 2888 1912 2959 itaque
1935 2886 2015 2942 di-

360 2974 606 3031 scedens
627 2989 657 3030 a
682 2975 951 3042 Saxonis,
967 2973 1378 3031 Lothariosm‘
1401 2975 1611 3031 iterum
1628 2974 1791 3046 adiit,
1808 2980 2008 3032 etcum

363 3063 513 3120 duce
537 3064 866 3120 Giselberto
896 3062 1251 3135 aliquamdiu
1274 3063 1505 3120 mansit.

437 3208 609 3276 (Win.
634 3222 693 3276 υ,
724 3207 838 3277 22.)
856 3206 1072 3263 [terum
1096 3205 1334 3262 ducitur
1356 3205 1655 3262 exercitus
1692 3208 1897 3261 contra
1922 3205 2012 3260 Gi-

367 3302 775 3372 selbertum,et
799 3304 987 3359 omnis
1002 3303 1161 3373 regio
1174 3304 1301 3373 ejus
1326 3302 1636 3372 subjacens
1657 3302 1900 3373 imperio
1922 3300 2013 3334 “’7‘

368 3390 482 3462 igni
500 3390 1175 3461 traditur,obsessusque
1193 3390 1245 3445 in
1262 3390 1509 3446 castello
1524 3388 2009 3460 Kievermoutm‘,

367 3478 522 3551 quod
552 3482 643 3534 est
669 3479 1080 3551 Caprae-mons,
1106 3479 1344 3549 elapsus
1368 3478 1500 3548 fuga
1530 3477 1661 3533 inde
1695 3478 2015 3549 proﬁcisci-

363 3573 479 3623 tur.
499 3567 567 3622 Et
617 3582 745 3623 cum
776 3566 1017 3623 obsidio
1046 3566 1136 3600 ³³⁷⁷
1158 3565 1498 3623 ditlicultate
1531 3565 1801 3625 locorum,
1814 3581 2015 3637 parum

366 3655 735 3727 procederet,
786 3658 1016 3712 vastata
1038 3655 1294 3725 undique
1314 3655 1575 3725 regione,
1629 3669 1903 3712 reversus
1923 3660 2014 3711 est

363 3742 421 3798 in
452 3742 777 3799 Saxoniam.

437 3884 690 3956 (Lmnrn.
726 3899 800 3954 ιν,
847 3886 963 3956 26.)
997 3885 1100 3941 Est
1140 3889 1335 3941 autem
1382 3884 1438 3939 in
1482 3884 1732 3940 confinio
1766 3882 2014 3941 Alsacia)

363 3972 671 4030 castellum
703 3972 990 4029 vocabulo
1010 3972 1269 4043 Brisahc,
1298 3972 1367 4029 de
1391 3987 1504 4044 quo
1527 3972 1712 4027 omnis
1743 3971 2016 4042 adjacens

364 4074 546 4132 rasus
565 4058 895 4132 appellatur
918 4059 1350 4130 Bricabcgowe,
1379 4059 1529 4129 quod
1557 4060 1744 4115 fertur
1767 4059 1904 4115 olim
1924 4058 2016 4092 “7°

364 4148 547 4205 fuisse
568 4148 799 4205 illorum
824 4147 924 4219 qui
945 4146 1620 4218 Harelungidicebantur
1636 4164 1650 4213 ;
1669 4151 1804 4202 tunc
1820 4149 2012 4203 autem

365 4237 647 4308 temporis
695 4242 824 4293 erat
881 4236 939 4293 in
971 4235 1196 4292 ditione
1237 4235 1593 4303 Eberhardi;
1627 4236 1684 4291 iu
1745 4250 1858 4306 quo
1891 4235 2013 4307 ipse

361 4339 601 4381 suorum
635 4325 1067 4382 multitudinem
1096 4325 1289 4398 posuit
1323 4325 1591 4396 militum,
1626 4340 1871 4396 quorum
1897 4328 2013 4380 ter-

2140 408 2339 465 derico
2362 408 2608 465 subdole
2640 409 2717 464 ibi
2732 414 3091 480 remanente,
3119 416 3180 466 ut
3204 411 3511 467 ferturm’.
3537 415 3674 469 Erat
3688 429 3790 471 au-

2139 501 2255 554 tem
2286 498 2435 553 idem
2482 499 2814 556 Fridericus
2844 514 3159 557 successor
3185 500 3497 557 Hildiberti
3534 502 3787 574 predicti

2139 586 2324 643 sancti
2346 587 2478 658 viri,
2502 592 2562 643 et
2586 587 2730 659 ipse,
2750 593 3027 658 quantum
3052 588 3123 645 ad
3150 589 3785 661 humanumjudicium,

2138 673 2306 731 bonis
2328 675 2606 746 operibus
2623 674 2881 746 deditus,
2898 676 3005 731 nisi
3023 676 3174 746 quod
3199 676 3671 734 adversariorum
3685 680 3790 735 do-

2137 762 2271 817 mini
2297 763 2386 819 sui
2422 764 2577 833 regis
2608 765 2840 820 favebat
2876 764 3175 835 partibus;
3200 765 3355 835 quod
3378 766 3611 836 quidem
3636 768 3783 823 fama

2139 852 2338 909 multis
2361 852 2823 923 commendabat,
2860 852 2985 924 ipse
3018 868 3156 910 vero
3189 854 3343 910 omni
3376 856 3582 911 annisu
3613 870 3788 926 nega-

2136 939 2252 996 bat.
2290 942 2488 1011 (Lwnr
2516 959 2568 999 n.
2605 943 2642 998 ἰ.
2683 942 2966 1014 l.)Milites
2982 958 3122 1000 vero
3152 958 3307 1013 regis
3338 943 3786 1003 considerantes

2132 1030 2470 1098 pontificum
2520 1031 2973 1095 discessionem.
3008 1031 3332 1088 suadebant
3361 1032 3437 1104 ei,
3472 1038 3533 1088 ut
3565 1039 3622 1089 et
3656 1034 3787 1106 ipse

2134 1118 2438 1174 Saxoniam
2456 1118 2899 1191 repetens,hanc
2915 1119 3219 1176 desereret
3234 1121 3790 1190 regionem.Quibus

2134 1219 2233 1261 rex
2248 1206 2698 1279 imperterritus,
2718 1213 2777 1264 ut
2796 1210 2823 1263 .l
2833 1207 2976 1264 udas
2995 1209 3342 1265 Machabeus
3355 1210 3477 1266 suis
3491 1211 3784 1281 quondam

2133 1291 2252 1348 ίδθοε
2277 1297 2495 1366 Nolite,
2522 1295 2623 1366 ait,
2653 1297 2810 1353 talia
2833 1296 3018 1367 lo'gui,
3041 1297 3102 1353 et
3130 1299 3186 1355 si
3208 1300 3793 1370 appropinquavﬁ“

2135 1382 2358 1455 tempus
2372 1384 2658 1455 nostrum,
2684 1384 3016 1442 moriamur
3034 1399 3229 1443 omnes
3250 1387 3317 1443 in
3335 1386 3570 1458 virtute,
3592 1387 3654 1444 et
3666 1403 3788 1444 non

2131 1472 2469 1544 inferamus
2488 1474 2713 1530 crimen
2743 1473 2961 1545 gloria
2980 1475 3199 1532 nostra:
3215 1494 3241 1545 ,-
3268 1476 3483 1533 melius
3505 1477 3594 1535 est
3626 1476 3789 1533 enim

2129 1575 2237 1631 pro
2263 1576 2405 1619 cera
2424 1563 2690 1633 justicia
2714 1564 2959 1620 mortem
3005 1562 3229 1633 subire,
3261 1578 3446 1634 quam
3474 1565 3784 1636 fugiendo

2135 1650 2391 1721 turpiter
2417 1653 2629 1708 cicere.
2665 1652 2765 1708 llis
2797 1657 2855 1707 et
2889 1651 3019 1708 aliis
3067 1652 3287 1708 talibus
3344 1652 3519 1710 dictis
3547 1668 3662 1709 non
3692 1669 3786 1710 so-

2134 1737 2250 1795 lum
2279 1754 2381 1796 eos
2412 1755 2441 1796 a
2477 1741 2625 1810 fugae
2666 1741 2970 1813 proposito
3000 1741 3318 1813 revocavit,
3353 1757 3552 1799 verum
3603 1743 3783 1798 etiam

2133 1828 2506 1885 vehementer
2536 1834 2598 1885 ut
2630 1834 2959 1901 pugnarent
2992 1831 3286 1887 animavit.

2202 1972 2456 2041 (Lmorn.
2491 1989 2563 2043 IV,
2600 1975 2716 2046 27.)
2741 1975 2946 2031 Comes
2968 1973 3201 2044 quidam
3225 1989 3355 2030 eum
3378 1988 3447 2030 eo
3470 1978 3606 2032 tunc
3629 1981 3778 2044 erat,

2128 2062 2297 2132 cujus
2318 2061 2568 2118 militum
2593 2061 2907 2119 multitudo
2932 2063 3088 2132 regis
3107 2062 3289 2118 aciem
3321 2062 3776 2121 condecorabat.

2128 2150 2228 2205 Hic
2258 2149 2462 2206 videns
2484 2150 2868 2221 plurimorum
2886 2151 2957 2205 ab
2984 2150 3071 2184 ¹³⁸¹
3093 2166 3230 2221 rege
3260 2151 3667 2223 defectionem,
3695 2168 3783 2209 re-

2129 2239 2369 2309 putabat
2395 2253 2610 2308 secum,
2627 2239 2807 2295 nichil
2823 2239 2931 2297 sibi
2951 2244 3089 2296 tunc
3106 2255 3137 2295 a
3156 2254 3292 2310 rege
3317 2240 3514 2310 negari
3533 2246 3782 2313 propter

2126 2326 2437 2382 instantem
2453 2328 2890 2399 necessitatem,
2911 2330 3252 2399 rogavitque
3276 2329 3397 2386 suis
3415 2344 3778 2401 suorumque

2124 2416 2329 2471 usibus
2352 2416 2594 2471 concedi
2612 2416 2909 2472 abbaciam
2933 2418 3523 2474 Lauresheimensem.
3543 2420 3662 2474 Rex
3678 2433 3779 2474 au-

2121 2503 2607 2575 temintelligens,
2642 2504 2778 2575 quid
2803 2505 3129 2576 peticioilla
3147 2506 3547 2577 portenderet,
3597 2507 3651 2561 ei
3689 2522 3786 2563 co-

2123 2607 2241 2647 ram
2257 2592 2528 2649 omnibus
2551 2593 2630 2649 ait
2661 2612 2673 2646 :
2712 2592 2976 2651 Obadire
2995 2594 3222 2665 oportet
3234 2596 3355 2651 Deo
3372 2609 3514 2666 mag
3524 2596 3578 2651 is
3596 2608 3785 2665 quam

2122 2680 2475 2738 hominibus.
2509 2681 2656 2747 Quis
2668 2683 2825 2739 enim
2835 2696 3051 2740 sanum
3063 2681 3155 2715 ηδ’
3174 2684 3416 2754 sapiens
3436 2684 3703 2753 ignorat,
3726 2684 3785 2739 te

2122 2767 2243 2825 hac
2261 2783 2377 2825 non
2399 2768 2743 2825 humilitate
2768 2770 3112 2841 peticionis,
3156 2770 3262 2826 sed
3298 2770 3785 2828 comminationis

2121 2858 2481 2914 auctoritate
2500 2857 3085 2929 diuisaeWcriptum
3104 2860 3220 2915 est:
3237 2877 3266 2911 «
3278 2858 3481 2917 Nolite
3499 2859 3785 2916 sanctum

2122 2945 2268 3002 dare
2288 2946 2553 3003 canibus.
2577 2963 2606 2998 »
2626 2945 2793 3011 Quod
2809 2948 3086 3017 quamvis
3107 2947 3519 3018 spiritualiter
3539 2947 3784 3005 intelle—

2043 3048 2092 3111 ο
2114 3034 2376 3104 gendum
2390 3032 2743 3103 predicetm,
2771 3048 2875 3104 ego
2899 3034 3094 3091 tamen
3118 3035 3391 3092 sanctum
3402 3048 3493 3091 me
3506 3033 3596 3067 1'“
3608 3037 3788 3093 cani-

2124 3120 2228 3178 bus
2258 3122 2638 3193 darejudico,
2678 3125 2732 3178 si
2770 3123 3268 3181 monasteriorum
3299 3123 3543 3196 predia,
3584 3137 3792 3194 gma

2120 3209 2428 3280 religiosis
2478 3211 2628 3267 ciris
2683 3210 2914 3267 tradita
2971 3212 3129 3281 sunt,
3184 3214 3306 3269 Deo
3360 3210 3786 3270 militantibus

2124 3298 2313 3354 tulero
2326 3297 2584 3356 etseculo
2594 3297 3002 3357 militantibus
3017 3300 3341 3358 tradidero.
3355 3300 3490 3358 Tibi
3502 3313 3637 3358 vero
3649 3300 3787 3358 tam

2118 3385 2696 3458 procaciterinjusta
2713 3388 2966 3459 petenti,
2986 3388 3094 3446 sub
3119 3389 3451 3447 testimonio
3486 3390 3667 3447 totius
3675 3404 3785 3461 po-

2119 3474 2271 3545 puli,
2287 3488 2392 3531 nec
2421 3475 2527 3532 hoc
2541 3489 2646 3533 nec
2674 3476 2851 3533 aliud
2878 3490 3145 3549 unquam
3159 3478 3363 3535 teame
3391 3477 3786 3549 accepturum

2125 3562 2262 3620 testi
2254 3563 2510 3635 ﬁcor.Si
2524 3563 2634 3619 tibi
2647 3565 2811 3621 cordi
2824 3566 2912 3622 est
2920 3579 3051 3622 cum
3063 3565 3273 3623 ceteris
3285 3565 3633 3638 inﬁdelibus
3645 3580 3790 3623 aco—

2128 3652 2273 3721 lare,
2290 3653 2514 3724 quanto
2526 3653 2728 3725 citius,
2746 3653 2909 3710 tanto
2938 3654 3172 3712 melius.
3199 3654 3299 3710 llis
3312 3653 3410 3710 ille
3424 3654 3556 3711 audi
3570 3654 3665 3725 tis,
3686 3671 3786 3711 ru-

2127 3740 2265 3796 bore
2290 3742 2564 3813 perfusus
2599 3741 2671 3797 ad
2718 3742 2893 3813 pedes
2916 3742 3070 3812 regis
3094 3743 3335 3814 corruit,
3375 3756 3620 3813 seseque
3642 3758 3788 3815 pec-

2125 3843 2288 3886 casse
2314 3845 2510 3886 coram
2543 3830 2812 3887 omnibus
2845 3831 3134 3902 pmnituit.

2198 3970 2453 4040 (Lmnrn.
2490 3986 2561 4041 Iv,
2592 3974 2681 4041 28,
2713 3974 2828 4043 29.)
2870 3970 3242 4028 Eberhardus
3277 3974 3470 4028 autem
3501 3976 3560 4027 et
3592 3971 3751 4029 Gisel

2127 4060 2350 4128 bertus,
2369 4058 2671 4115 audientes
2686 4074 2878 4130 regem
2897 4074 3025 4116 esse
3042 4060 3096 4115 in
3116 4060 3383 4132 partibus
3396 4058 3484 4093 ¹⁸⁸⁶
3499 4059 3775 4130 Alsaciat,

2125 4147 2374 4205 collecto
2396 4162 2711 4218 permagno
2737 4146 2829 4180 “3‘
2851 4148 3133 4217 exercitu,
3160 4147 3389 4205 alveum
3412 4147 3595 4204 Rheni
3618 4147 3777 4220 apud

2126 4234 2528 4293 Andernacum
2544 4239 2873 4307 transeunt,
2892 4236 3167 4307 regisque
3191 4234 3282 4275 ¹³⁸⁸
3303 4235 3507 4294 ﬁdeles
3525 4236 3779 4293 circnm-

2126 4340 2354 4397 quaque
2388 4324 2654 4381 demoliri
2684 4325 3031 4396 procedunt.
3068 4326 3220 4381 Outo
3254 4323 3348 4359 "'7
3376 4339 3537 4395 sane,
3589 4324 3775 4381 frater

364 4426 497 4468 rore
528 4426 642 4469 non
673 4413 861 4471 solum
886 4428 1147 4484 magnam
1175 4420 1397 4485 partem
1430 4414 1671 4484 prolatae
1696 4414 2011 4483 provincia)
2042 4409 2093 4469 D
2128 4411 2745 4470 llerimanni“”ducis
2776 4414 3113 4484 Suevorum,
3131 4411 3532 4470 necnonet1m
3547 4412 3779 4470 Chuon-

362 4499 477 4557 sibi
494 4500 858 4572 vendieabat,
878 4517 1076 4558 verum
1096 4503 1273 4557 etiam
1295 4500 1676 4558 circumcirca
1700 4500 1901 4559 fideles
1923 4516 2011 4558 re-

360 4588 454 4660 gis
486 4586 696 4646 misere
734 4589 1202 4659 laniabat.(WIn.
1228 4605 1287 4659 η,
1313 4588 1732 4645 24.-ιιυυριι.
1770 4589 1891 4662 ιλ.)
1925 4590 2010 4646 Ad

362 4679 517 4750 quod
539 4677 920 4736 obsidendum
955 4692 1056 4733 rex
1085 4678 1384 4749 profectus
1408 4692 1537 4734 cum
1561 4682 1757 4734 castra
1791 4678 2013 4750 posuis-

361 4773 474 4839 set,
507 4768 777 4839 consilio,
828 4773 892 4824 ut
926 4768 1129 4838 fertur,
1192 4766 1491 4837 Friderici,
1550 4767 1895 4837 Mogontinaa
1925 4782 2014 4825 se-

362 4857 452 4912 dis
481 4855 932 4928 archiepiscopi,
986 4870 1059 4911 ex
1110 4854 1482 4927 poniiilcibus
1542 4854 1730 4926 multi,
1767 4855 1898 4912 ﬁxis
1956 4856 2012 4912 in

359 4944 611 5003 circuitu
627 4944 899 5002 tentoriis
914 4943 1017 5001 sed
1033 4947 1206 5002 noctu
1221 4943 1506 5016 relictis,a
1522 4943 1633 5001 ﬁde
1648 4943 2009 5017 defecerunt,

2130 4501 2302 4557 radus
2331 4505 2716 4571 cognomento
2748 4501 2990 4574 Sapiens
3020 4502 3165 4574 ipsis
3197 4502 3253 4557 in
3275 4500 3543 4574 partibus
3569 4503 3780 4569 erant;

2125 4592 2226 4648 sed
2258 4591 2388 4663 quia
2409 4606 2607 4649 eorum
2630 4593 2815 4663 00pize
2835 4592 3084 4649 istorum
3107 4591 3295 4664 copiis
3319 4591 3574 4664 impares
3593 4590 3779 4648 exsti-

2125 4683 2338 4751 terant,
2374 4681 2464 4736 bis
2506 4694 2819 4737 occurrere
2850 4680 3247 4752 trepidabant,
3283 4694 3386 4737 eos
3414 4683 3609 4736 tamen
3638 4693 3779 4736 cum

2124 4768 2329 4841 spoliis
2345 4766 2543 4825 multis
2574 4769 2889 4825 redeuntes
2930 4768 3185 4839 pone139°
3215 4768 3573 4825 secutisunt.
3608 4768 3786 4824 Cum-

2125 4870 2235 4928 que
2269 4855 2566 4928 paululum
2590 4857 3043 4929 processissent,
3064 4855 3298 4928 quidam
3322 4854 3603 4913 sacerdos
3628 4855 3787 4913 ﬂens

2126 4950 2184 5001 et
2208 4944 2476 5016 hejulans
2495 4943 2585 4978 “’1
2607 4945 2696 5001 eis
2719 4944 3007 5013 obviavit;
3035 4945 3550 5017 interrogatusque
3569 4944 3645 5000 ab
3669 4945 3787 5015 eis,

1720 5068 1957 5125 VARLE
1998 5068 2397 5129 LECTIONES.

431 5166 523 5201 ¹⁸⁶⁸
553 5167 606 5223 b.
640 5184 695 5239 p.
730 5182 871 5240 p.37.
905 5172 956 5223 5.
1035 5165 1127 5201 ³³⁸⁸
1158 5166 1214 5224 in
1252 5167 1405 5240 b._‘f.
1437 5171 1496 5223 5.

363 5238 576 5308 dingon
606 5236 665 5293 2'.
730 5236 839 5272 "3'"
878 5239 1043 5297 deest
1083 5241 1133 5294 4.
1170 5244 1221 5295 5.
1300 5236 1392 5308 "7’
1422 5238 1550 5293 noie
1583 5238 1715 5308 D_l.

1581 5164 1671 5200 “‘7
1702 5181 1761 5223 a.
1795 5167 2009 5225 ferrum
2049 5168 2140 5225 vel
2176 5182 2228 5224 e.
2259 5183 2310 5224 a.
2344 5173 2392 5222 5.
2473 5164 2562 5200 “‘3
2590 5166 2753 5223 deest
2781 5168 2873 5237 5.,
2910 5165 3001 5199 13”
3030 5166 3374 5236 merseburg
3392 5170 3443 5222 5.
3495 5163 3628 5237 ff”
3658 5181 3787 5237 seg-

1800 5237 1891 5309 “7?
1940 5241 2251 5309 mersburg
2274 5239 2635 5309 5,,mesburg
2665 5244 2721 5293 4.

2808 5235 2898 5270 ¹³⁷⁴
2929 5237 3295 5307 letharingos
3324 5235 3409 5293 9°.
3489 5235 3584 5270 “7‘
3619 5252 3679 5294 s.
3717 5235 3774 5295 ἱ.

360 5306 489 5380 ejus
518 5314 576 5363 2.
651 5307 1098 5380 “"ltivermont
1117 5311 1249 5380 D‘l.
1324 5307 1414 5343 “77
1444 5306 1705 5380 presidio
1726 5312 1777 5363 2.
1841 5308 1931 5342 “7°
1953 5310 2116 5367 deest
2133 5306 2371 5380 9οξηίξξ¹⁹
2404 5308 2601 5364 ferunt
2622 5312 2672 5364 2.
2701 5309 2888 5380 fertul)
2924 5313 2970 5364 1.
3017 5306 3131 5380 ί¹³⁸⁰
3157 5306 3340 5364 Iudas
3369 5322 3537 5380 q._m_.
3564 5322 3695 5380 srn.
3720 5315 3784 5366 5.

360 5377 449 5411 1‘“
476 5393 505 5433 a
530 5380 580 5433 4.
616 5383 666 5433 5.
746 5377 836 5411 ¹³⁸²
865 5394 1003 5437 sane
1031 5384 1083 5461 2.
1164 5377 1255 5412 ¹³⁸³
1284 5394 1372 5435 me
1403 5377 1459 5436 s.‘
1482 5384 1531 5436 5.
1621 5378 1711 5412 ³³⁸⁴
1744 5380 1796 5434 in
1922 5395 2054 5437 esse
2085 5386 2135 5437 5.
2244 5377 2335 5412 ¹³⁸⁸
2363 5394 2570 5460 magno
2601 5381 2675 5434 9°.

360 5448 474 5506 udo
503 5449 566 5504 9b
639 5446 730 5483 ³³⁸⁸
759 5448 1060 5509 hermanm
1093 5453 1151 5507 4.
1190 5454 1249 5506 5.
1334 5450 1426 5485 “3°
1454 5451 1619 5509 deest
1641 5454 1693 5507 2.
1775 5448 1818 5484 ³⁸
1843 5449 1867 5484 °
1894 5450 2056 5510 deest
2082 5451 2145 5508 9b
2218 5447 2309 5484 “9*
2335 5449 2563 5506 eiulans
2592 5450 2637 5505 D
2666 5453 2693 5508 1

360 5448 474 5506 udo
503 5449 566 5504 9b
639 5446 730 5483 ³³⁸⁸
759 5448 1060 5509 hermanni
1093 5453 1151 5507 4.
1190 5454 1249 5506 5.
1334 5450 1426 5485 “3°
1454 5451 1619 5509 deest
1641 5454 1693 5507 2.
1775 5448 1818 5484 ³⁸

2244 5377 2335 5449 1³⁸⁸
2363 5394 2570 5449 magno
2601 5381 2675 5434 9°.
2780 5377 2872 5413 1³⁸⁸
2904 5379 3058 5449 regis
3092 5383 3184 5437 10.
3226 5383 3317 5434 11.
3387 5375 3403 5378 “
3436 5375 3530 5413 ¹³⁸⁷
3559 5378 3679 5436 odo
3708 5383 3781 5440 2.
