3992 6062
251 280 379 348 913

1130 277 1572 348 CHRONICA.
1610 317 1680 330 --
1718 274 2194 345 CHRONICON
2237 277 2783 346 UNIVERSALE.

3549 276 3669 350 914
3744 238 3753 247 ”

238 418 399 477 unde
420 415 649 476 veniret
671 422 769 475 aut
792 430 898 477 cur
919 414 1089 475 fieret
1113 435 1126 474 :
1148 415 1236 476 Ab
1263 418 1424 487 istis,
1462 416 1668 489 inquit,
1697 416 1903 488 predo-
1930 413 1986 476 A
2019 416 2432 475 Germanorum
2464 415 2708 476 victoria
2741 430 2895 489 aegre
2926 420 3278 490 sustentata,
3320 422 3514 479 tamen
3543 419 3666 480 eni-

233 508 420 567 nibus
448 523 634 566 unum
657 509 1043 580 paupertatis
1069 522 1212 565 mere
1236 508 1523 565 solatium
1540 508 1699 580 quod
1717 506 1903 564 habui

236 600 515 657 ablatum
538 598 628 655 est
635 598 994 670 jumentum.
1020 598 1199 665 Quem
1221 613 1351 654 eum
1372 598 1831 666 interrogarent,
1855 611 1903 680 si

239 688 632 744 Giselbertum
653 691 713 742 et
732 686 1129 742 Eberhardum
1158 686 1400 741 vidisset
1423 690 1523 741 aut
1547 685 1645 742 ubi
1664 688 1863 741 essent
1887 717 1900 753 τ

241 777 513 847 Cunctis,
551 776 651 845 ait,
685 789 814 833 cum
829 776 1026 847 predd
1056 775 1331 832 Rhenum
1358 774 1753 843 transmissis,
1785 775 1907 845 ipsi

236 867 360 924 soli
391 880 523 923 cum
551 865 680 922 suis
711 864 930 933 electis,
977 864 1138 936 quod
1164 878 1269 921 nec
1299 864 1437 920 bene
1466 864 1676 933 certat,
1712 863 1906 920 cibum

236 955 508 1027 capiunt.
548 956 663 1010 Hoc
696 952 779 1008 illi
812 953 1139 1019 audientes,
1176 967 1399 1010 summa
1433 969 1562 1008 cum
1596 952 1903 1009 celeritate

240 1059 424 1116 super
455 1058 557 1099 eos
590 1043 843 1112 irruunt,
884 1057 1129 1114 moxque
1168 1042 1542 1097 Eberhardus
1577 1041 1903 1110 occiditur;

241 1132 613 1190 Giselbertus
649 1132 699 1185 in
737 1132 1015 1187 ﬂuentum
1059 1146 1209 1200 equo
1253 1130 1567 1202 prosiliens
1601 1130 1772 1186 undis
1813 1145 1904 1189 su-

245 1220 595 1289 bmergitur,
650 1233 793 1290 quas
845 1220 976 1290 quia
1028 1220 1345 1275 obsorbere
1394 1234 1505 1275 non
1558 1219 1746 1291 potuit
1789 1217 1901 1290 ﬂ”,

240 1311 430 1366 anima
449 1307 783 1373 recedente,
806 1307 1051 1372 defecit;
1079 1311 1410 1363 ceterorum
1434 1322 1573 1363 vero
1592 1306 1788 1365 nullus
1806 1321 1902 1364 au-

246 1400 417 1470 fugit,
445 1401 582 1471 quin
608 1407 706 1455 aut
734 1398 899 1453 vivus
922 1401 1233 1467 caperetur
1256 1400 1354 1452 aut
1377 1396 1571 1466 gladio
1602 1399 1901 1454 truncare-

246 1492 363 1545 tur.
408 1489 585 1559 Cujus
613 1488 695 1543 rei
731 1486 975 1542 nuncius
1005 1500 1133 1542 cum
1168 1485 1289 1555 regi
1318 1486 1484 1556 juxta
1527 1485 1901 1541 consuetudi-

240 1591 371 1633 nem
398 1591 560 1632 mane
581 1577 649 1632 ad
673 1574 1025 1643 zeeclesiam,
1052 1588 1178 1644 quae
1199 1572 1369 1643 longe
1388 1587 1418 1629 a
1437 1573 1650 1631 castris
1672 1575 1895 1644 aberat,

241 1664 508 1720 tendenti
540 1670 902 1732 occurreret,
937 1678 1070 1717 mox
1103 1663 1172 1717 de
1201 1678 1350 1733 equo
1382 1661 1702 1731 descendit,
1740 1677 1898 1719 sese-

2019 508 2149 563 tuit.
2185 509 2321 563 Nam
2346 524 2475 566 cum
2500 509 2629 567 duae
2651 506 2852 566 terciae
2883 522 3081 565 eorum
3114 507 3257 565 fusm
3283 508 3568 581 jacerent,
3601 515 3661 568 et

2017 596 2386 655 Giselbertus
2410 612 2548 655 suos
2570 597 2859 655 defecisse
2880 596 3023 653 adeo
3042 596 3153 668 “0°,
3176 598 3545 657 adversarios
3566 615 3663 657 au-

2014 688 2130 742 tem
2163 685 2365 743 illesos
2394 686 2804 756 arbitraretur,
2832 686 2887 741 in
2911 691 3071 742 tanta
3097 687 3439 744 confusione
3464 703 3658 746 rerum

2017 775 2149 844 fuga
2182 775 2504 847 periculum
2537 776 2784 832 evadere
2816 774 3135 845 nitebatur,
3172 776 3228 831 in
3264 777 3660 849 iluentumque

2014 878 2165 934 equo
2200 864 2474 935 prosiliit.
2511 864 2617 931 Qui
2660 878 2790 920 cum
2835 863 3089 920 ﬂuminis
3134 863 3377 934 pelagus
3421 869 3661 923 enatare

2013 967 2127 1010 non
2154 956 2371 1024 posset,
2396 952 2449 1007 vi
2475 952 2759 1010 undarum
2783 950 2875 986 ¹⁴⁰¹
2894 952 3110 1022 victus,
3143 953 3313 1024 periit
3347 967 3660 1011 sessorem-

2012 1055 2124 1113 que
2148 1041 2451 1099 immersit.
2480 1045 2552 1099 At
2572 1041 2760 1112 Belgas
2784 1041 3086 1098 interitum
3110 1041 3274 1099 ducis
3297 1042 3655 1114 ignorantes,

2011 1131 2155 1188 totis
2179 1131 2403 1190 viribus
2424 1131 2828 1202 decertabant,
2853 1134 3129 1202 tantoque
3151 1135 3398 1200 egerunt
3420 1132 3653 1202 robore,

2009 1219 2193 1277 donec
2224 1224 2359 1293 post
2388 1219 2776 1277 execrabilem
2821 1219 3417 1291 innumerabilemque
3458 1219 3657 1277 interi-

2008 1314 2152 1379 tum,
2185 1324 2383 1366 eorum
2418 1310 2514 1380 qui
2548 1309 2741 1368 relicti
2776 1310 3002 1366 fuerant
3029 1308 3122 1365 alii
3148 1312 3520 1380 caperentur,
3556 1308 3653 1365 alii

2010 1398 2064 1454 in
2100 1398 2334 1454 fluvium
2377 1399 2877 1468 demergerentur.
2932 1397 3280 1455 Ludewicus
3317 1402 3510 1455 autem
3551 1410 3656 1454 rex

2010 1486 2396 1544 Giselbcrtum
2420 1487 2744 1544 extinctum
2770 1487 3159 1559 comperiens,
3186 1485 3424 1542 multam
3449 1487 3503 1543 in
3527 1485 3653 1557 ejus

2008 1591 2145 1633 casu
2188 1576 2619 1633 miserationem
2655 1576 2891 1642 habuit;
2935 1575 3349 1648 profectusque
3382 1575 3435 1631 in
3468 1574 3654 1646 Belgi-

2009 1679 2154 1734 cam,
2208 1679 2448 1721 uxorem
2494 1666 2622 1735 ejus
2670 1664 3025 1734 Gerbirgam,
3080 1663 3313 1719 Ottonis
3364 1678 3647 1735 sororem,

244 1768 379 1824 que,
415 1768 543 1809 cum
576 1752 831 1808 lacrimis
863 1754 980 1806 Deo
1011 1751 1235 1820 gratias
1266 1766 1464 1822 agens,
1494 1751 1547 1806 in
1573 1751 1894 1808 orationem
1924 1772 1978 1832 Β
2007 1754 2279 1825 conjugio
2309 1753 2495 1809 duxit.
2531 1756 2646 1809 Hac
2675 1752 3000 1808 occasionis
3029 1750 3393 1822 diversitate,
3426 1767 3539 1808 uno
3564 1755 3652 1807 ta-

244 1841 441 1903 dedit;
478 1855 586 1912 qua
639 1840 892 1912 expleta,
947 1840 1157 1896 itinere
1203 1844 1398 1911 coepto
1446 1839 1517 1895 ad
1566 1839 1893 1896 wcclesiam

244 1930 561 2001 pertendit.

322 2027 583 2095 (RICHER.
632 2027 775 2100 [236]
808 2042 867 2096 ιι,
904 2030 988 2098 17,
1024 2029 1112 2097 18,
1149 2028 1260 2099 19.)
1292 2026 1473 2096 Hujus
1502 2029 1695 2081 tamen
1726 2041 1895 2084 even-

248 2120 379 2179 tum
401 2116 482 2171 rei
517 2116 768 2172 Gallicus
802 2115 898 2172 ille
929 2115 1203 2187 scriptor,
1239 2116 1406 2186 cujus
1439 2116 1709 2187 superius
1742 2130 1893 2172 men-

248 2201 463 2257 tionem
496 2202 602 2257 feei
636 2201 748 2272 “’3,
783 2201 955 2258 aliter
988 2206 1206 2271 narrat,
1242 2202 1320 2257 ita
1343 2200 1433 2234 “9‘
1456 2201 1657 2257 dicens
1690 2221 1701 2256 :
1741 2226 1762 2250 α
1788 2202 1893 2257 Lu-

245 2290 507 2348 dewicus
523 2289 634 2361 13°“,
656 2291 845 2347 Karoli
874 2290 1048 2361 ﬁlius,
1070 2290 1165 2361 qui
1193 2290 1262 2347 de
1281 2291 1692 2346 transmarinis
1718 2290 1893 2359 parti-

247 2380 358 2435 bus
382 2384 691 2435 revocatus
722 2383 859 2435 tunc
892 2378 1155 2448 regnavit
1182 2378 1234 2433 in
1261 2378 1460 2447 Gallia,
1493 2393 1621 2434 cum
1655 2381 1890 2448 [ingene

246 2466 539 2538 Cisalpine
572 2466 834 2539 principe
864 2466 921 2521 in
955 2481 1101 2538 pago
1133 2466 1362 2522 Alsacio
1403 2464 1608 2536 Belgas
1641 2466 1892 2522 exterio-

246 2570 358 2622 res,
387 2555 480 2626 qui
509 2557 579 2611 ad
605 2571 664 2611 sc
686 2555 940 2611 nondum
973 2561 1270 2624 venerant,
1306 2555 1686 2625 assciscebat,
1712 2560 1770 2610 et
1793 2555 1887 2625 qui

244 2643 478 2699 Ottonis
498 2644 762 2715 partibus
782 2644 1045 2700 favebant
1068 2644 1221 2699 ultra
1246 2642 1501 2699 Rhenum
1526 2644 1722 2713 fugere
1740 2658 1891 2700 com-

246 2731 522 2803 pellebat.
580 2734 954 2788 Presenserat
1005 2732 1215 2788 etenim
1257 2730 1367 2802 1”“,
1417 2732 1692 2788 Ottonem
1741 2732 1889 2788 velle

248 2823 536 2892 Belgicam
562 2824 615 2879 in
641 2838 807 2880 suum
833 2824 931 2894 jus
964 2824 1403 2891 transfundere;
1437 2825 1589 2882 unde
1611 2829 1670 2881 et
1692 2829 1892 2883 trucu-

248 2911 465 2967 lentius
488 2916 693 2968 contra
718 2912 878 2968 illum
904 2914 1151 2983 agitans,
1180 2913 1529 2984 quicumque
1552 2913 1711 2970 illius
1735 2914 1891 2970 vide-

250 3001 462 3055 bantur
479 3015 508 3054 a
532 3000 757 3070 Belgica
783 3001 1140 3070 exturbavit,
1168 3001 1261 3070 qui
1282 3016 1420 3058 vero
1443 3001 1549 3058 sibi
1568 3002 1891 3059 consentie-

2007 1857 2133 1897 men
2168 1842 2329 1898 exitii
2361 1841 2453 1875 ¹⁴⁰²
2483 1842 2614 1912 fine,
2656 1856 2854 1896 necem
2890 1840 3056 1897 ducis
3087 1844 3334 1911 uterque
3377 1840 3645 1913 scriptor

2007 1929 2262 1987 Gallicus
2300 1930 2527 1987 scilicet
2564 1934 2620 1984 et
2661 1929 3000 1999 Saxonicus,
3033 1930 3329 1996 testatur;
3363 1942 3541 2000 penes
3573 1928 3652 1986 le-

2004 2023 2226 2075 ctorem
2259 2033 2397 2075 vero
2429 2019 2561 2089 erit,
2595 2018 2685 2075 cui
2722 2018 2901 2087 magis
2932 2017 3233 2075 credatur.

2076 2117 2330 2186 (Lwnrn.
2362 2132 2437 2185 ιν,
2473 2100 2683 2187 30,31,
2725 2118 2813 2180 3Q,
2849 2116 2962 2188 33.)
3004 2116 3120 2172 Hoc
3161 2115 3216 2171 in
3257 2112 3348 2149 ¹⁴⁰³
3384 2121 3650 2189 tempore

2006 2203 2354 2260 Bertholdns
2377 2202 2467 2236 1‘“
2493 2203 2881 2272 Bajoariorum
2916 2209 3051 2273 dux,
3088 2202 3309 2259 Arnolﬂ
3342 2203 3511 2261 ducis
3538 2203 3649 2259 fra-

2004 2297 2111 2363 ter,
2137 2292 2225 2348 vir
2241 2296 2539 2362 strenuus,
2562 2294 2697 2355 toto,
2713 2292 3014 2349 conamine
3039 2293 3268 2349 favebat
3291 2293 3445 2364 regis
3470 2294 3649 2365 parti-

2003 2382 2127 2438 bus.
2145 2380 2357 2437 Volens
2377 2381 2572 2451 itaque
2592 2394 2714 2450 rex,
2732 2385 2793 2437 ut
2816 2379 3294 2452 quemadmodum
3314 2380 3647 2439 tribulatio-

2002 2473 2091 2527 nis
2124 2470 2442 2542 preteritze,
2477 2469 2556 2525 ita
2585 2473 2642 2525 et
2676 2469 2905 2527 lacticize
2947 2469 3237 2540 presentis
3268 2469 3432 2527 ﬁeret
3465 2471 3647 2543 parti-

2001 2573 2161 2630 ceps,
2180 2557 2446 2631 sequenti
2471 2556 2669 2613 statim
2689 2557 2781 2614 die
2803 2563 2865 2613 ut
2883 2557 2953 2613 de
2973 2562 3160 2614 morte
3181 2556 3645 2616 adversariorum

2001 2646 2241 2717 audivit,
2284 2649 2499 2717 quanta
2539 2659 2676 2715 erga
2717 2660 2777 2702 se
2816 2645 3095 2702 Dominus
3135 2646 3361 2716 fecerit,
3404 2647 3647 2704 directis

2001 2735 2228 2792 nunciis
2269 2734 2319 2790 ei
2362 2735 2624 2807 aperuit;
2657 2738 2717 2790 et
2755 2734 3022 2805 quoniam
3061 2735 3351 2806 conjugali
3393 2736 3645 2794 conubio

2000 2824 2583 2893 minime’tenebatur,
2609 2823 2663 2879 in
2689 2826 3059 2894 augmentum
3084 2822 3314 2881 laaticiae
3338 2823 3648 2881 demanda-

2002 2913 2079 2970 vit
2102 2913 2581 2983 sub'juramento,
2599 2914 2663 2966 ut
2678 2911 2724 2967 si
2742 2925 3001 2967 sororem
3021 2926 3201 2983 suam,
3221 2911 3444 2969 scilicet
3461 2913 3645 2969 Gisel-

2002 3001 2152 3058 berti
2185 3001 2437 3070 viduam,
2486 3003 2684 3071 posset
2717 2999 2952 3070 habere,
2977 3013 3101 3054 eam
3128 2999 3397 3071 conjugio
3420 3000 3527 3058 sibi
3552 2998 3645 3035 “°'

248 3088 405 3157 bant,
430 3088 670 3145 consilio
689 3089 1189 3146 Giselbertiducis
1211 3089 1455 3158 Belgicae
1475 3096 1529 3145 et
1552 3090 1888 3148 Theoderici
1920 3127 1970 3191 Ο
1999 3090 2321 3162 cepularet,
2369 3089 2417 3144 si
2460 3102 2600 3145 vero
2646 3089 2755 3144 hoc
2804 3087 2994 3144 minus
3043 3088 3413 3159 procederet,
3468 3088 3641 3145 filiam

246 3177 498 3247 comitis,
550 3182 916 3234 sacramento
967 3177 1076 3233 sibi
1130 3178 1513 3247 astringebat.
1565 3178 1702 3235 Otto
1749 3194 1887 3236 vero

247 3265 452 3337 Belgas
502 3267 867 3339 comperiens
913 3281 940 3322 a
981 3280 1045 3322 se
1086 3266 1368 3322 defecisse
1409 3270 1468 3322 et
1517 3267 1586 3323 ad
1629 3268 1891 3325 Ludewi-

246 3371 376 3411 cum
407 3354 498 3389 ³³⁸⁷
536 3356 908 3425 conﬂuxisse,
948 3356 1146 3410 Rheno
1192 3355 1555 3425 transmisso,
1603 3356 1889 3426 Belgicam

246 3459 376 3500 cum
409 3444 673 3501 exercitu
706 3444 1051 3515 ingreditur,
1094 3444 1336 3514 ejusque
1370 3444 1495 3500 loca
1528 3443 1777 3516 plurima
1812 3446 1890 3502 in—

246 3532 471 3589 cendiis
500 3547 566 3588 ac
597 3533 815 3604 ingenti
846 3532 1024 3605 preda
1058 3532 1343 3588 devastat.
1379 3532 1686 3590 Nitebatur
1713 3535 1884 3606 enim,

247 3620 361 3677 acsi
381 3635 453 3676 ex
471 3618 561 3654 “9°
582 3626 819 3692 paterna
846 3618 993 3675 tradi
1008 3620 1163 3675 tione
1188 3621 1457 3691 princeps
1478 3620 1598 3677 ﬁeri
1620 3621 1883 3692 Belgicae.

246 3709 304 3763 Id
334 3722 471 3764 vero
492 3712 696 3764 contra
722 3708 819 3779 jus
848 3722 1020 3776 agere
1042 3707 1565 3780 calumpniabatur,
1601 3724 1731 3766 cum
1764 3710 1890 3781 ejus

250 3800 414 3867 pater
464 3800 704 3869 prepter
753 3797 1086 3853 Sclavorum
1137 3795 1570 3853 infestationem
1626 3800 1888 3857 Saxoniae

245 3889 490 3956 tantum,
508 3900 635 3956 quae
653 3890 744 3941 est
763 3900 899 3956 pars
921 3885 1257 3955 Germaniae,
1280 3885 1397 3940 dux
1414 3886 1773 3944 constitutus
1790 3888 1885 3959 sit,

245 3989 313 4031 eo
339 3973 491 4044 quod
516 3973 781 4043 Karolus,
804 3972 1097 4029 Ludewici
1124 3977 1309 4045 pater,
1331 3974 1423 4029 cui
1453 3989 1641 4030 rerum
1666 3990 1886 4032 summa

244 4061 589 4131 debebatur,
611 4064 749 4116 tunc
773 4060 959 4116 adhuc
984 4061 1039 4115 in
1064 4060 1230 4116 cunis
1255 4060 1498 4130 vagiret.
1526 4060 1758 4118 Multam
1786 4061 1893 4118 ita-

242 4164 352 4222 que
400 4149 635 4222 predam
672 4150 808 4205 Otto
842 4148 1160 4219 abducens,
1215 4150 1473 4205 Rhenum
1523 4150 1779 4207 transiit.
1817 4153 1890 4208 At

248 4239 614 4296 Giselbertus
646 4238 759 4294 dux
795 4238 1099 4295 dedecoris
1124 4238 1390 4308 injuriam
1416 4237 1600 4295 ultum
1623 4239 1706 4295 ire
1733 4240 1889 4296 festi-

244 4342 409 4393 nans,
427 4327 675 4384 collecto
692 4326 977 4397 exercitu,
1001 4331 1133 4398 post
1155 4327 1378 4383 hostem
1400 4326 1709 4398 accelerat,
1734 4333 1888 4383 tran-

245 4416 514 4487 siensque
539 4417 819 4487 Rhenum,
842 4420 1055 4471 terram
1080 4416 1237 4471 illam
1261 4415 1385 4472 solo
1413 4420 1577 4473 tenus
1602 4416 1885 4474 incendiis

2000 3182 2183 3255 ipsius
2196 3180 2504 3238 Giselberti
2524 3195 2595 3237 ex
2613 3180 2814 3235 eadem
2835 3193 3040 3235 sorore
3059 3194 3161 3236 sua
3178 3180 3455 3251 genitam,
3473 3193 3644 3251 quam

2001 3286 2177 3343 penes
2199 3284 2261 3327 se
2282 3268 2554 3339 habebat,
2584 3269 2702 3324 fere
2726 3269 2839 3339 jam
2867 3266 3140 3337 nubilem,
3166 3267 3217 3323 ei
3237 3262 3508 3338 jungeret
3531 3266 3641 3324 ¹⁴⁰⁶.

1999 3358 2123 3425 Quo
2148 3357 2368 3427 audito,
2393 3354 2850 3413 BertholdusW’
2870 3355 3146 3411 immenso
3164 3358 3256 3411 est
3276 3354 3490 3425 gaudio
3513 3354 3649 3412 affe-

1999 3453 2148 3518 ctus,
2166 3448 2461 3519 elegitque
2481 3446 2732 3502 nondum
2754 3444 3007 3502 nubilem
3030 3445 3227 3516 potius
3246 3443 3422 3500 filiam
3441 3450 3645 3518 exspe-

1997 3542 2178 3607 ctare,
2207 3550 2376 3607 quam
2403 3540 2664 3601 matrem,
2692 3550 2818 3605 quae
2836 3533 2951 3604 jam
2975 3536 3276 3605 nupserat,
3307 3532 3534 3591 tollere.

2074 3624 2403 3681 Fridericus
2445 3623 2623 3694 igitur
2663 3621 3160 3693 archiepiscOpus,
3206 3626 3271 3678 ut
3309 3621 3642 3693 infidelitas,

1999 3727 2169 3785 quam
2193 3711 2424 3770 occulte
2446 3712 2738 3783 gestabat,
2772 3710 3003 3767 cunctis
3027 3713 3277 3782 pateret,
3304 3709 3505 3767 decem
3528 3710 3649 3769 die-

2001 3802 2107 3858 bus
2138 3807 2271 3857 ante
2314 3814 2513 3857 necem
2549 3798 3084 3870 prenominatorum
3116 3798 3391 3856 discessit
3420 3814 3451 3855 a
3485 3794 3642 3872 rege,

1998 3889 2461 3959 Mogontiamqne
2483 3887 2751 3944 concitus
2772 3887 3011 3942 veniens
3030 3885 3141 3957 ¹⁴⁰⁸,
3164 3886 3243 3943 nil
3263 3886 3342 3943 ibi
3362 3892 3644 3961 moratus,

1999 3979 2307 4035 Metensem
2332 3976 2533 4033 urbem
2558 3974 2730 4040 adiit;
2753 3974 3127 4045 disposuerat
3148 3974 3301 4031 enim
3319 3975 3644 4048 Heinricus,

2001 4068 2181 4122 frater
2210 4064 2386 4134 regis,
2420 4062 2805 4119 redeuntibus
2829 4062 3167 4127 Eberhardo
3198 4067 3256 4118 et
3292 4063 3640 4135 Giselberto,

1998 4170 2126 4212 cum
2170 4153 2373 4210 eodem
2417 4150 2711 4207 Friderico
2742 4150 2873 4205 istic
2902 4150 3225 4207 exercitum
3262 4164 3641 4224 congregare,

1984 4245 2195 4314 sicque
2244 4240 2365 4311 regi
2401 4242 2454 4296 in
2487 4239 2711 4296 Alsacia
2761 4239 3015 4294 manenti
3067 4238 3282 4295 bellum
3334 4240 3642 4298 maximum

2001 4346 2333 4405 preparare.
2370 4331 2623 4400 Cumque
2646 4328 2747 4384 illo
2773 4328 3041 4385 tenderet
3071 4328 3221 4385 idem
3252 4328 3643 4402 archiepisco-

2000 4437 2125 4494 pus,
2148 4422 2441 4491 insperate
2463 4422 2841 4474 occurrentes
2865 4418 2915 4473 ei
2941 4416 3132 4474 nuncii
3157 4421 3401 4475 mortem
3418 4417 3534 4489 jam
3557 4432 3648 4476 se-

245 4483 578 4576 ingentibus
606 4483 821 4575 vastat,
857 4511 1249 4562 armentorum
1277 4506 1451 4561 etiam
1483 4505 1886 4577 pecudumque
1914 4483 1967 4542 D
2000 4483 2129 4583 pius
2160 4483 2587 4564 nominatorum
2611 4505 2664 4561 ei
2691 4505 3117 4563 indicaverunt.
3143 4506 3269 4573 Quo
3291 4483 3492 4565 audito
3512 4522 3646 4566 con-

246 4595 483 4668 predam
504 4594 731 4650 nimiam
752 4594 1050 4651 exercitus
1068 4598 1383 4664 congregat
1404 4600 1464 4650 et
1482 4594 1737 4651 abducit.
1764 4598 1884 4652 Jam

244 4700 383 4741 vero
417 4685 626 4740 ﬂumen
660 4682 885 4753 ingredi
922 4683 1221 4752 parabant,
1256 4686 1313 4738 et
1353 4697 1490 4739 ecce
1523 4684 1661 4739 Otto
1694 4682 1785 4717 ’3”
1815 4699 1887 4740 ex

244 4780 367 4832 tota
382 4773 626 4830 Saxonia
641 4772 916 4829 collectas
933 4773 1132 4843 copias
1152 4773 1449 4828 acceleran
1464 4774 1617 4831 tibus
1636 4774 1881 4831 induxit.

247 4863 435 4934 Belga}
458 4863 654 4932 itaque
672 4876 800 4917 eum
822 4861 968 4917 duce
987 4876 1093 4916 suo
1113 4860 1515 4917 indubitanter
1538 4863 1881 4935 renitentes,

243 4967 373 5010 cum
407 4951 707 5008 Germanis
731 4964 902 5006 secus
929 4950 1134 5005 flumen
1165 4949 1347 5019 signis
1378 4949 1607 5007 infestis
1637 4951 1887 5022 ingressi

246 5044 401 5111 sunt,
429 5046 488 5096 et
509 5056 579 5096 ex
606 5043 854 5108 utraque
881 5044 1049 5109 parte
1080 5037 1245 5094 multi
1276 5039 1615 5094 funduntur.
1651 5039 1771 5105 Qua
1796 5041 1887 5096 die

1997 4600 2296 4655 sternatus
2317 4596 2527 4664 animo,
2551 4594 2686 4665 quid
2712 4600 2913 4664 ageret
2938 4594 3261 4665 ignorabat.
3288 4596 3517 4653 Interea
3542 4610 3644 4652 rex
3734 4630 3745 4639 ι

1998 4686 2283 4742 Alsaciam
2343 4685 2641 4752 deserens,
2707 4683 3005 4738 Franciam
3062 4683 3407 4755 occupabat.
3463 4683 3639 4754 Cujus

1996 4780 2152 4832 metu
2194 4773 2497 4843 Mogontiie
2529 4771 2689 4828 cives
2721 4770 3044 4843 perterriti,
3080 4771 3420 4828 redeuntem
3453 4771 3643 4827 archi-

1996 4864 2332 4937 episcopum
2355 4861 2509 4918 intra
2533 4860 2695 4916 urbis
2720 4860 2925 4915 moenia
2956 4874 3065 4915 non
3097 4859 3444 4932 suscipiunt.
3479 4859 3642 4916 Unde

1999 4954 2213 5011 factum
2237 4955 2347 5021 est,
2375 4954 2436 5006 ut
2463 4964 2572 5006 non
2601 4948 2783 5004 multo
2807 4952 2940 5018 post
2963 4948 3264 5019 aquodam
3296 4947 3452 5018 regis
3484 4947 3642 5005 ﬁdeli

1996 5045 2205 5114 captus
2252 5044 2307 5095 et
2354 5038 2406 5093 in
2450 5038 2538 5094 sui
2582 5037 2933 5108 prcsentiam
2984 5036 3218 5107 ductus,
3266 5035 3556 5093 custodias
3588 5036 3642 5093 in

1600 5128 1835 5185 VARLE
1875 5128 2277 5188 LECTIONES.

318 5215 408 5250 ¹³⁹²
441 5219 669 5288 poterat
721 5221 770 5288 5.
869 5213 959 5288 $393
992 5214 1351 5288 fecimuerC.

1457 5214 1546 5248 ‘3"
1577 5215 1741 5274 deest
1781 5222 1864 5274 10.
1916 5224 2002 5273 11.

245 5292 372 5346 erat
398 5286 457 5342 4.
529 5286 618 5320 1³⁵⁷
643 5286 1024 5353 luodewigum
1049 5289 1101 5339 5.
1126 5287 1185 5341 et
1202 5287 1291 5356 ita
1311 5287 1547 5356 saepius.
1625 5286 1717 5319 1m
1745 5288 1908 5345 deest
1927 5291 1969 5345 D
1993 5295 2043 5345 1.

2110 5215 2200 5250 13°“
2230 5213 2597 5285 luodewicus
2630 5217 2686 5285 δέ.
2795 5210 3068 5285 ¹³ῗέρηῇιιι
3115 5218 3166 5285 t5.
3220 5225 3462 5285 presens
3493 5213 3645 5271 enim

2125 5286 2215 5321 1’”
2244 5290 2379 5342 ext.
2409 5285 2461 5339 S.
2491 5284 2629 5338 Otto
2654 5284 2695 5336 D
2718 5287 2763 5336 1.
2844 5281 2936 5315 ¹⁶⁰⁰
2964 5283 3126 5340 deest
3140 5286 3192 5338 2.
3220 5281 3232 5285 ’
3271 5282 3361 5317 ¹⁸⁰¹
3391 5284 3447 5339 in
3490 5285 3643 5340 unda

245 5364 296 5415 ‘2.
378 5357 467 5390 ¹⁶⁰²
498 5357 659 5413 exitu
777 5360 851 5411 9°.
894 5361 972 5411 10.
1006 5359 1048 5411 D
1082 5359 1130 5411 1.
1211 5355 1301 5389 “"3
1328 5353 1491 5414 deest
1513 5362 1564 5412 2.
1644 5357 1734 5391 “0‘
1772 5359 2119 5417 bertholdus
2162 5361 2202 5413 Ι)
2234 5365 2284 5414 1.
2322 5362 2405 5411 10.
2444 5359 2500 5411 11
2540 5353 2925 5409 berchtoldus
2983 5359 3032 5409 5.
3076 5354 3380 5411 bertoldus
3459 5358 3508 5410 ι.
3560 5359 3638 5410 9°.

244 5429 336 5464 μοι
369 5428 452 5483 illi
486 5433 535 5483 δ.
571 5433 648 5484 90.
685 5432 768 5483 10.
809 5432 893 5482 11.
928 5428 980 5481 h.
1023 5442 1075 5482 Cl
1117 5442 1166 5484 c.
1211 5442 1340 5498 cop.
1376 5432 1426 5483 4.
1505 5427 1597 5461 ί⁴⁰⁰
1624 5427 2000 5500 eonjungeret
2038 5434 2087 5485 5.
2170 5428 2257 5461 ¹⁸⁰⁷
2296 5425 2643 5483 bertholdus
2680 5427 2731 5479 2.
2764 5426 2807 5477 Ι)
2844 5429 2891 5480 1.
2924 5423 2981 5481 et
3008 5426 3206 5498 infra.
3274 5425 3365 5458 “°'
3395 5425 3556 5483 deest
3584 5433 3636 5481 2.

316 5605 463 5679 (236)
497 5604 578 5661 Cf.
616 5618 744 5676 quae
777 5603 833 5661 in
864 5603 1021 5662 notis
1051 5603 1280 5662 Richori
1311 5603 1555 5662 editioni
1587 5621 1657 5661 cx
1689 5518 2275 5663 Ekkgigfddgadditai
2310 5607 2444 5660 sunt
2480 5599 2786 5658 lectiones.
