3972 6042
352 259 357 263 ’
391 263 506 327 915

1562 257 1897 319 ΕΚΚΕΗΑ
1910 256 2044 319 RDI
2088 256 2643 325 URAUGIENSIS

3682 259 3809 326 916

392 399 694 457 Saxoniam
727 400 803 457 sit
837 398 1109 456 traditus.
1142 399 1201 453 In
1234 411 1345 469 qua
1380 412 1558 469 parvo
1591 403 1851 468 tempore
1884 413 2038 454 com-
2067 390 2123 450 A
2154 395 2264 451 etis
2305 394 2394 429 “1°
2434 396 2820 468 monasteriis,
2872 409 3048 466 gravo
3099 410 3246 452 onus
3293 396 3667 455 sacerdotum
3713 397 3808 433 “17

391 494 672 559 moratus,
700 490 1072 545 miseratione
1098 488 1271 557 regis,
1296 492 1355 544 ut
1376 493 1502 543 erat
1525 486 2031 557 clementissimus,

387 580 654 652 pristinae
688 580 958 649 dignitati
988 582 1079 635 est
1112 578 1440 635 restitutus.

461 670 765 726 Hoinricus
789 673 980 726 autem
1003 668 1201 722 fratris
1221 668 1429 721 timore
1449 665 1803 736 compulsus,
1827 669 2035 724 castel-

391 756 509 813 lum
542 758 930 825 Kievermont,
972 772 1080 811 non
1114 754 1301 811 solum
1334 755 1582 823 ingeniis
1614 756 1908 811 hominum
1940 772 2036 811 vc-

390 861 515 902 rum
540 845 631 878 ¹⁴⁰⁹
652 846 826 901 etiam
856 849 1064 899 natura
1093 844 1217 913 ipsa
1249 844 1531 899 munitum
1565 844 1789 913 ingredi
1820 846 2032 913 voluit;

389 935 491 991 sed
516 949 680 990 soror
703 933 848 1003 ejus,
877 932 1048 988 vidua
1079 933 1412 999 Gisclberti,
1447 948 1577 990 eum
1610 935 1923 1005 prohibuit,
1953 936 2034 991 di—

385 1038 522 1081 cens
543 1023 612 1079 ad
630 1037 759 1078 eum
786 1041 796 1075 :
818 1024 951 1079 Non
969 1023 1021 1078 te
1035 1023 1420 1080 miseriarum
1434 1038 1721 1083 mearum.
1739 1039 2034 1095 aliusper-

385 1112 571 1181 empto
600 1110 817 1168 marito
838 1126 961 1166 meo
979 1112 1297 1182 perpetior,
1310 1111 1499 1183 piget,
1526 1112 1675 1183 quin
1700 1113 1881 1169 etiam
1909 1128 2034 1171 mu-

382 1200 715 1257 nitionibus
763 1200 914 1256 meis
942 1201 997 1255 te
1026 1200 1398 1267 includendo,
1445 1203 1609 1271 regis
1652 1201 1813 1258 iram
1857 1218 2033 1273 super

385 1288 541 1346 lianc
564 1292 863 1358 regionem
885 1290 1048 1345 colui
1065 1303 1289 1359 aquam
1315 1289 1592 1360 ejfzmdas
1613 1290 1741 1347 “1°?
1772 1292 1901 1347 Non.
1920 1307 2033 1362 pa-

386 1377 543 1445 tiar;
566 1392 672 1435 nec
694 1378 850 1434 enim
872 1378 1041 1435 tanta
1069 1378 1337 1435 vecordia
1362 1380 1547 1435 michi
1569 1381 1689 1436 erit
1705 1381 1940 1448 innata,
1965 1383 2038 1437 ut

384 1480 460 1523 ea:
484 1468 632 1523 meis
661 1467 1045 1523 incommodis
1078 1468 1183 1523 tua
1220 1482 1519 1538 compares
1559 1470 1875 1524 commoda.
1931 1470 2031 1526 llis

385 1556 622 1623 auditis,
672 1556 949 1611 Henricus
985 1556 1284 1611 Lotharios
1317 1556 1577 1611 deseruit
1610 1562 1666 1611 et
1702 1558 1755 1611 in
1790 1573 2029 1623 regnum

384 1645 677 1701 Ludewiei
729 1645 995 1701 secessit.
1052 1646 1218 1712 (Win.
1266 1661 1323 1715 ιι,
1368 1649 1482 1717 26.)
1533 1646 1783 1702 Profecit
1837 1653 2028 1703 autem

2151 486 2507 541 devitabant.
2536 489 2788 543 Fuerunt
2817 486 3016 557 plures
3035 485 3130 555 qui
3153 500 3439 542 summum
3467 488 3806 558 pontiﬁcem

2149 574 2504 631 Fridericum
2539 576 2643 631 hoc
2676 591 2784 632 non
2818 590 2960 646 pure
2990 573 3080 607 “13
3112 575 3216 631 sed
3247 576 3491 632 subdole
3524 577 3801 635 effecisse

2148 664 2416 720 arbitrati
2459 670 2615 735 sunt,
2668 665 2944 735 quatinus
2985 664 3170 721 virum
3211 666 3605 722 venerabilem
3652 668 3806 736 regi-

2148 766 2258 820 que
2292 749 2381 785 ¹⁴¹⁰
2413 751 2660 817 ﬁdelem,
2696 753 3075 807 llademarum
3120 752 3389 807 abbatem
3424 752 3796 825 Fuldensem,

2146 840 2192 897 si
2220 856 2331 911 quo
2358 842 2524 896 modo
2556 846 2771 911 posset,
2810 842 3243 896 dehonestaret.
3284 842 3412 911 Ipse
3434 843 3585 898 enim
3611 845 3799 900 abbas

2144 930 2235 987 vir
2266 935 2392 985 erat
2428 946 2645 997 magme
2678 930 3000 1000 prudentiae
3031 934 3087 985 et
3120 930 3450 999 industria},
3488 934 3597 987 sub
3630 934 3803 1003 cujus

2149 1020 2509 1089 temporibus
2553 1019 2834 1074 li‘nldense
2888 1019 3164 1089 templum
3212 1019 3490 1076 famosum
3533 1026 3626 1077 est
3672 1025 3804 1091 igne

2143 1116 2573 1178 consumptum,
2607 1108 2709 1163 sed
2736 1109 2805 1163 ab
2828 1123 2896 1162 co
2925 1108 2977 1161 in
3004 1107 3207 1163 melius
3243 1114 3662 1167 restauratum.
3698 1114 3802 1168 llic

2144 1198 2389 1252 eundem
2424 1197 2749 1267 pontiﬁcem
2790 1196 3041 1251 secunda
3086 1197 3489 1267 eonjuratione
3533 1199 3804 1270 culpabi-

2146 1285 2254 1339 lem
2291 1287 2396 1339 snb
2428 1285 2695 1340 custodia
2739 1286 2947 1351 tenuit,
2997 1285 3238 1355 primum
3286 1286 3516 1355 quidem
3564 1289 3799 1344 honori-

2145 1373 2270 1441 ﬁce,
2300 1375 2397 1429 sed
2425 1390 2554 1429 cum
2579 1374 2810 1428 litteras
2830 1374 2899 1429 ab
2920 1390 2988 1428 eo
3010 1374 3262 1443 scriptas
3289 1376 3792 1446 reprehendisset,

2144 1464 2285 1517 satis
2309 1478 2524 1517 severe.
2561 1464 2826 1517 Pontifex
2851 1478 2986 1517 vero
3010 1463 3302 1529 dimissus,
3340 1464 3472 1519 dum
3508 1465 3793 1521 ultionem

2145 1556 2413 1621 quereret
2449 1566 2554 1607 nec
2586 1556 2789 1607 contra
2826 1556 3045 1607 tantum
3080 1552 3266 1605 virum
3300 1554 3655 1621 provaleret,
3692 1554 3797 1610 liu-

2146 1640 2381 1695 millima
2409 1641 2755 1695 monasteria
2782 1640 2992 1695 statuit
3014 1646 3328 1711 temptare,
3357 1641 3405 1696 si
3434 1642 3582 1696 forte
3606 1643 3679 1697 ad
3704 1642 3799 1676 ¹⁴²⁰

384 1747 485 1790 rex
518 1734 739 1803 regioni
769 1733 1175 1789 Lothariorum
1201 1735 1489 1809 Gitonem,
1518 1734 1695 1791 ﬁlium
1720 1736 2023 1803 Richwini,
2058 1750 2113 1811 B
2144 1729 2632 1785 excellentissima
2686 1733 2880 1799 posset
2929 1729 3236 1798 :equaliter
3284 1729 3623 1799 procedere.
3681 1733 3795 1787 Sed

384 1827 445 1876 ut
479 1825 535 1877 et
570 1837 810 1891 regnum
848 1827 1189 1892 procuraret
1219 1827 1277 1877 ct
1310 1827 1579 1894 nepotem
1620 1839 1808 1894 suum,
1850 1824 2029 1880 Gisel-

384 1909 537 1966 herti
576 1910 778 1979 ﬁlium,
824 1911 987 1967 bonae
1021 1911 1145 1981 spei
1182 1912 1507 1982 puerulum,
1543 1914 1773 1969 nomine
1806 1916 2029 1971 Heinri-

383 2014 535 2068 cum,
584 2000 858 2055 nutriret.
914 2000 1168 2067 (Llunrn.
1204 2017 1275 2069 ιν,
1309 2002 1421 2072 34.)
1470 2002 1778 2058 Heinricus
1811 2008 2023 2075 autem,

385 2085 568 2143 frater
624 2087 797 2157 regis,
850 2089 984 2144 dum
1037 2089 1192 2145 aliud
1244 2090 1377 2159 quid
1430 2092 1644 2146 faceret
1706 2092 2023 2161 ignoraret,

384 2176 701 2247 assumptis
753 2191 947 2234 secum
1008 2178 1355 2249 quibusdam
1414 2180 1724 2250 episcopis,
1781 2198 2027 2251 quorum

378 2264 683 2334 juvaretur
720 2265 958 2336 auxilio,
1011 2266 1259 2337 quadam
1306 2268 1403 2324 die
1453 2269 1624 2325 nudis
1679 2270 1923 2340 pedibus
1956 2272 2027 2327 ad

380 2353 560 2424 pedes
602 2354 793 2425 regis”
822 2355 949 2426 ipso
984 2356 1305 2424 ignorante,
1340 2358 1627 2427 pervenit,
1664 2359 2025 2429 supplexque

380 2442 839 2500 misericordiam
874 2444 1227 2514 imploravit.
1276 2445 1375 2499 Cui
1412 2460 1508 2500 rex
1542 2446 1619 2500 ait
1655 2465 1667 2503 :
1700 2447 2028 2517 Indignum

367 2531 621 2604 facinus
653 2533 818 2588 tuum
845 2534 1081 2590 veniam
1102 2547 1217 2589 non
1234 2534 1510 2603 meretur,
1540 2549 1743 2591 rerum
1768 2536 1919 2605 quia
1942 2538 2027 2592 oi-

377 2620 482 2676 deo
507 2620 560 2676 te
580 2619 671 2654 “‘1
692 2620 1080 2678 lmmiliafum
1101 2635 1299 2678 coram
1322 2636 1431 2691 me,
1460 2637 1574 2678 non
1594 2623 1876 2680 inducam
1903 2640 2026 2681 ma-

379 2708 503 2764 lum
520 2723 698 2778 super
718 2710 788 2764 te.
823 2710 1006 2764 Jussit
1044 2710 1240 2779 itaque
1266 2725 1365 2765 rex
1388 2726 1517 2766 eum
1543 2712 1608 2767 ad
1640 2712 1915 2781 palatium
1938 2717 2026 2770 ln-

376 2795 701 2865 gelenheim
725 2797 1019 2868 proﬁcisci
1045 2797 1386 2869 sollcrtique
1405 2813 1545 2854 cura
1563 2814 1693 2855 eum
1714 2802 2020 2867 custodiri,

380 2884 569 2955 quoad
594 2891 813 2941 remota
840 2884 1134 2955 paululum
1156 2884 1245 2919 1‘“
1265 2888 1475 2943 mentis
1494 2888 1860 2956 zegritudine,
1886 2891 2021 2960 quid

379 2987 554 3043 super
603 2988 672 3030 eo
724 2974 963 3044 faceret,
1014 2975 1259 3030 consilio
1320 2976 1668 3045 prudentum
1728 2978 2017 3036 deﬁniret.

378 3060 546 3129 (Win.
581 3077 638 3132 ιι,
681 3066 767 3131 29,
812 3066 898 3129 36,
942 3066 1009 3118 37
1050 3078 1133 3133 sq.
1179 3067 1266 3133 35,
1310 3066 1423 3135 33.)
1474 3066 1613 3120 Post
1660 3066 2020 3122 haecwicina

376 3150 485 3207 sibi
509 3165 740 3222 semper
770 3150 1076 3209 clementia
1107 3150 1425 3221 aliquantis
1457 3153 1701 3210 urbibus
1726 3154 1884 3211 illius
1907 3157 2023 3213 usi-

377 3240 485 3295 bus
503 3240 824 3307 concessis,
847 3240 1109 3311 permisit
1129 3256 1259 3295 eum
1283 3240 1337 3295 in
1358 3242 1765 3298 Lothariorum
1786 3244 2020 3311 regione

377 3326 668 3383 habitare.
727 3326 942 3382 Deinde
984 3328 1041 3381 in
1085 3342 1362 3398 processu
1408 3330 1697 3399 temporis
1748 3331 2020 3387 defuncto

377 3414 523 3470 duce
566 3415 959 3486 Bajoariorum
994 3414 1081 3450 ωδ
1115 3416 1453 3486 Berlitoldo,
1500 3418 1720 3474 monitu
1754 3425 1810 3474 et
1847 3420 2022 3476 inter-

373 3503 641 3560 cessione
689 3510 907 3561 sanctae
956 3504 1157 3561 matris
1204 3520 1323 3561 suae
1370 3507 1617 3576 profecit
1663 3523 1793 3564 eum
1843 3524 2020 3579 regno

374 3590 581 3659 eidem,
636 3593 857 3650 faciens
901 3608 1029 3649 cum
1079 3608 1147 3649 eo
1199 3594 1570 3649 concordiam
1604 3600 1658 3651 et
1692 3611 1909 3668 pacein,
1964 3598 2018 3653 in

376 3694 488 3750 qua
518 3680 692 3735 etiam
725 3680 977 3738 ﬁdeliter
1009 3682 1326 3752 permansit
1354 3682 1409 3737 in
1441 3683 1628 3739 ﬁnem.
1667 3686 1801 3740 Erat
1827 3692 2016 3742 autem

375 3769 502 3839 ipse
551 3769 852 3825 Heinricus
900 3769 1213 3840 copulatus
1265 3771 1630 3829 matrimonio
1670 3773 1803 3829 ﬁliae
1852 3774 2019 3830 ducis

373 3856 611 3927 Arnolﬁ,
656 3857 879 3915 feminae
920 3858 1170 3928 egregia
1213 3860 1411 3915 formze
1448 3860 1852 3932 mirabilisque
1890 3879 2019 3932 pru-

373 3945 606 4002 dentiaa.

444 4034 629 4105 Igitur
660 4034 750 4068 “1‘
780 4050 910 4092 cum
961 4034 1111 4109 bella
1155 4036 1433 4092 intestini
1484 4038 1653 4094 simul
1686 4045 1745 4094 et
1775 4045 2018 4103 externa

373 4127 675 4182 cessarent
709 4124 987 4195 legesque
1016 4125 1226 4181 divinae
1250 4132 1306 4180 et
1331 4126 1595 4183 humanae
1625 4129 1908 4185 auetorali
1939 4129 2020 4185 vi-

371 4227 515 4282 gore
547 4212 856 4284 pollerent,
890 4214 1086 4283 gravis
1120 4215 1449 4284 persecutio
1493 4218 1789 4273 monachis
1829 4219 2018 4275 oritur

375 4300 490 4357 illis
523 4300 746 4369 diebus,
785 4302 1206 4357 afﬁrmantibus
1239 4304 1585 4372 quibusdam
1622 4305 2013 4378 pontiﬁcibus,

372 4388 580 4445 melius
604 4389 784 4445 videri
812 4404 1028 4460 paucos
1050 4391 1168 4446 vita
1194 4390 1387 4448 claros
1414 4408 1583 4462 quam
1607 4393 1807 4463 plures
1824 4395 2019 4461 negle-

2145 1819 2474 1886 hujusmodi
2500 1819 2900 1874 simulationes
2927 1818 3217 1874 incassum
3238 1817 3326 1851 “’1
3347 1820 3600 1889 profusae
3621 1826 3793 1887 sunt;

2143 1921 2271 1961 nam
2315 1909 2494 1963 abbas
2527 1907 2615 1940 1‘”
2648 1908 2703 1961 in
2747 1908 2931 1976 gratia
2966 1912 3026 1961 ot
3058 1907 3320 1961 amicieia
3356 1908 3508 1976 regis
3540 1907 3632 1941 ³⁸³³
3665 1924 3801 1980 pcr-

2143 1996 2371 2063 mansit,
2405 2003 2464 2050 et
2494 1997 2685 2051 causis
2718 1995 3266 2064 intercurrentibus,
3324 1996 3585 2067 pontifex
3637 1999 3795 2067 quod

2140 2084 2325 2139 voluit
2360 2099 2469 2138 non
2505 2084 2788 2155 implevit.

2212 2174 2331 2227 Rex
2383 2179 2574 2229 autem
2618 2173 2688 2226 de
2729 2173 2821 2228 die
2867 2173 2918 2227 in
2964 2171 3115 2227 diem
3166 2173 3497 2244 proﬁciens,
3549 2180 3796 2246 paterno

2141 2276 2318 2330 regno
2351 2278 2459 2316 non
2494 2266 2823 2331 contentus,
2862 2262 3004 2316 abiit
3038 2263 3091 2315 in
3128 2262 3536 2332 Burgundiam,
3572 2280 3797 2335 rogem-

2140 2365 2251 2419 que
2301 2368 2426 2406 cum
2483 2367 2658 2416 regno
2693 2351 2746 2405 in
2783 2366 2939 2406 suam
2975 2351 3200 2421 accepit
3230 2357 3606 2421 potestatem.
3643 2357 3664 2376 '
3693 2356 3795 2409 De-

2140 2437 2337 2492 functo
2368 2443 2561 2493 autem
2594 2440 2809 2492 Ottone
2842 2437 3246 2493 Lothariorum
3284 2438 3511 2508 preside
3544 2454 3608 2493 ac
3640 2442 3799 2510 regis

2137 2532 2351 2595 nepote
2384 2526 2677 2595 lleinrico,
2716 2524 3024 2581 Giselberti
3052 2526 3192 2594 ﬁlio,
3229 2526 3503 2583 ducatum
3537 2528 3796 2597 regionis

2139 2614 2484 2668 Cbuonrado
2510 2630 2611 2669 rex
2637 2615 2951 2683 concessit,
2979 2614 3067 2670 cui
3093 2620 3149 2669 et
3176 2614 3398 2671 unicam
3427 2615 3597 2671 tiliam
3624 2631 3793 2673 suam

2137 2701 2505 2771 Luitgariam
2547 2703 2961 2772 chponsavit;
2996 2703 3091 2772 qui
3124 2709 3249 2757 erat
3284 2704 3627 2760 adolescens
3656 2720 3797 2762 aecr

2136 2795 2192 2847 et
2220 2792 2410 2855 fortis,
2448 2791 2600 2845 domi
2627 2790 2948 2861 militisque
2974 2792 3251 2861 Optimus,
3285 2793 3791 2852 commilitonibus

2135 2880 2257 2936 suis
2291 2880 2483 2935 karus.
2519 2880 2659 2933 llnic
2694 2878 3000 2949 Luitolfus,
3040 2879 3192 2935 ﬁlius
3222 2880 3396 2951 regis,
3434 2881 3608 2937 nimia
3640 2883 3794 2939 dile-

2133 2968 2345 3024 ctionis
2375 2967 2765 3022 familiaritate
2799 2968 3113 3024 asstrictus
3138 2974 3249 3036 est;

2242 3059 2262 3079 '
2297 3056 2559 3125 Reliqua
2578 3070 2765 3125 usque
2787 3056 2866 3112 ad
2888 3070 3074 3113 annos
3098 3056 3328 3113 Ottonis
3359 3058 3569 3114 desunt
3596 3060 3662 3113 E.

2207 3148 2394 3213 (RICH.
2432 3162 2487 3215 ιι,
2522 3150 2635 3213 20.)
2680 3146 2814 3200 Post
2851 3145 2971 3200 bare
3008 3160 3109 3200 rex
3141 3147 3276 3201 Otto
3309 3162 3439 3202 cum
3472 3147 3795 3204 Ludewico

2133 3248 2271 3303 rege
2301 3248 2400 3305 por
2431 3233 2752 3301 legatorum
2795 3233 3187 3289 interventum
3221 3234 3587 3304 conciliatur,
3624 3238 3789 3305 quod

2133 3324 2315 3378 eidem
2355 3323 2663 3377 Ludcwico
2706 3327 2904 3392 postea
2940 3323 3185 3378 multum
3220 3325 3540 3393 profecisse
3573 3326 3793 3395 probas

2133 3416 2246 3467 tur.
2276 3412 2444 3480 (Win.
2470 3426 2526 3478 ιι,
2551 3412 2662 3480 39.)
2691 3412 2863 3465 Soror
2882 3414 3072 3465 autem
3095 3411 3249 3478 regis
3269 3413 3560 3481 Gerberga
3579 3417 3795 3481 genuit

2131 3499 2441 3555 Ludewieo
2477 3499 2625 3554 ﬁlios
2659 3500 2819 3567 duos,
2848 3499 3115 3555 Karolum
3139 3506 3193 3554 et
3226 3500 3559 3556 Lotharium
3596 3502 3695 3572 qui
3730 3509 3791 3558 et

2132 3588 2282 3660 patri
2318 3594 2519 3657 postea
2558 3588 2859 3643 successit.
2898 3586 3085 3654 (Rieu.
3124 3604 3181 3655 ιι,
3217 3592 3303 3657 47,
3341 3592 3425 3644 48.
3450 3593 3687 3646 --Ἁίιι⁸
3722 3607 3786 3661 n,

2131 3680 2218 3744 39,
2246 3680 2341 3744 al;
2375 3692 2456 3745 ιιι,
2488 3683 2503 3731 1
2535 3678 2689 3747 sqq.)
2726 3676 3066 3732 Ludewicus
3100 3677 3299 3746 itaque
3322 3693 3351 3732 a
3378 3678 3624 3736 ducibus
3660 3681 3789 3736 suis

2131 3766 2582 3832 circumventus,
2627 3766 2870 3835 primum
2905 3779 2934 3819 a
2966 3764 3490 3836 Rliodomcnsibus,
3526 3768 3597 3823 ad
3632 3783 3791 3838 quos

2131 3854 2485 3922 Ilairoldum,
2514 3855 2691 3909 ﬁlium
2715 3855 3021 3909 Thurmodi
3052 3855 3447 3922 Bajocensium
3476 3856 3784 3928 principis,

2132 3944 2358 4013 fugiens
2397 3943 2555 3999 solus
2596 3944 2893 4012 ingressus
2934 3948 3041 4013 est,
3075 3944 3306 4014 capitur
3348 3944 3785 4016 Haioroldoque

2130 4032 2403 4101 traditur,
2441 4032 2540 4087 sed
2576 4032 2712 4087 dato
2747 4032 2964 4087 minore
3006 4032 3123 4086 ﬁlio
3164 4031 3392 4103 obside,
3433 4032 3781 4101 dimittitur,

2129 4121 2442 4190 statimque
2472 4136 2501 4175 a
2534 4122 2681 4177 duce
2730 4123 2964 4190 llugone
3010 4125 3240 4191 captus,
3282 4120 3623 4190 Lugdunum
3673 4123 3786 4178 sub

2128 4211 2397 4266 custodia
2430 4210 2661 4280 publica
2687 4216 2773 4265 est
2800 4211 3034 4266 missus.
3072 4210 3172 4265 His
3203 4209 3439 4279 auditis,
3477 4225 3580 4265 rex
3604 4226 3787 4283 super

2131 4299 2297 4353 amici
2333 4300 2560 4354 fortuna
2596 4299 2739 4354 satis
2769 4298 2975 4365 doluit,
3004 4298 3427 4369 imperavitque
3455 4298 3787 4369 expeditio-

2134 4402 2258 4442 nom
2296 4388 2349 4441 in
2383 4387 2620 4441 Galliam
2662 4393 2863 4443 contra
2906 4390 3199 4457 IIugonem
3234 4388 3290 4442 in
3319 4402 3527 4443 annum
3577 4402 3787 4444 secun-

370 4479 577 4545 gentes
610 4476 662 4530 in
697 4477 1070 4533 monasteriis
1110 4493 1261 4547 esse,
1299 4480 1544 4550 ideoque
1576 4486 1850 4551 oportere
1882 4499 2016 4539 con-
2043 4470 2098 4530 D
2131 4476 2285 4533 dum.
2322 4476 2422 4530 llle
2447 4492 2630 4531 annus
2653 4477 2929 4532 notabilis
2954 4478 3145 4532 factus
3167 4484 3256 4531 est
3278 4476 3349 4532 de
3373 4482 3562 4533 morte
3584 4476 3788 4533 Edidis

371 4565 735 4623 versationes
754 4580 950 4623 eorum
974 4582 1075 4638 per
1094 4569 1444 4625 monasteria
1474 4570 1803 4641 perSpicerc
1822 4577 1880 4626 et
1902 4589 2014 4629 non

373 4656 517 4710 bene
539 4659 957 4711 conversantes
982 4655 1253 4726 abjicere,
1280 4657 1469 4727 obliti,
1493 4658 1547 4713 ni
1570 4657 1756 4729 fallor,
1786 4666 2017 4716 senten-

369 4743 466 4801 tiae
492 4742 928 4814 patrisfamilias
948 4742 1058 4815 “‘5,
1083 4745 1449 4816 prohibentis
1474 4762 1675 4803 servos
1697 4748 1917 4803 zizania
1945 4751 2015 4805 de

368 4833 534 4891 tritic
600 4846 826 4903 eruere,
862 4834 964 4890 sed
1005 4833 1200 4890 sinere
1234 4840 1479 4905 utraque
1513 4834 1582 4891 ad
1616 4851 1859 4892 messem
1893 4853 2016 4894 ero-

368 4936 553 4993 scere,
580 4936 669 4991 ne,
702 4937 815 4980 uno
848 4922 1080 4978 incaute
1110 4922 1429 4993 eradicato,
1462 4923 1728 4979 damnum
1762 4925 1927 4981 ﬁeret
1959 4926 2015 4981 in

371 5010 576 5066 altero.
613 5010 773 5076 Quod
806 5015 867 5067 et
898 5011 953 5067 in
986 5010 1075 5068 his
1104 5011 1319 5068 factum
1348 5018 1458 5067 est.
1492 5013 1627 5067 Nam
1655 5012 1855 5083 plures
1886 5028 2016 5083 pro-

371 5096 511 5165 priae
561 5096 919 5155 inﬁrmitatis
966 5098 1205 5169 conscii,
1241 5098 1510 5169 deposito
1562 5099 1762 5155 habitu
1793 5104 1850 5156 et
1885 5100 2015 5155 reli-

2130 4566 2365 4635 regina3,
2402 4572 2451 4620 7.
2490 4565 2725 4620 Kalend.
2785 4568 2948 4621 Febr.
3004 4566 3312 4636 defunctae,
3350 4580 3477 4635 quae
3525 4571 3659 4621 nata
3715 4581 3786 4621 ex

2127 4659 2300 4723 gente
2330 4654 2664 4723 Anglorum,
2699 4669 2810 4709 non
2844 4654 3033 4710 minus
3061 4657 3262 4709 sancta
3295 4654 3577 4724 religione
3608 4670 3787 4725 quam

2129 4743 2308 4811 regali
2363 4743 2619 4813 potentia
2670 4743 2902 4799 claruit.
2959 4745 3163 4799 Decem
3215 4743 3380 4798 annis
3433 4741 3595 4813 regni
3644 4759 3792 4800 con-

2128 4832 2306 4888 sortia
2343 4832 2549 4901 tenuit,
2581 4832 2887 4887 undecimo
2912 4832 3075 4901 obiit,
3102 4832 3408 4888 Saxoniam
3432 4846 3574 4887 vero
3602 4837 3666 4887 i9
3689 4846 3793 4888 an-

2127 4920 2216 4976 nis
2271 4921 2635 4975 inhabitavit.
2700 4920 2952 4990 Reliquit
3025 4919 3204 4976 ﬁlium
3276 4921 3505 4976 nomine
3565 4920 3791 4977 Luitol-

2128 5010 2267 5079 tum,
2301 5010 2453 5064 omni
2488 5010 2715 5067 virtute.
2740 5009 2911 5064 animi
2944 5013 3002 5064 ot
3033 5009 3299 5080 corporis
3328 5023 3394 5065 ea
3424 5013 3599 5064 {etate
3634 5009 3789 5064 nulli

2131 5098 2471 5167 secundum,
2546 5098 2718 5153 ﬁliam
2788 5112 3019 5168 quoque
3086 5097 3313 5153 nomine
3380 5098 3783 5169 Luitgardam,

1731 5273 1965 5329 VARUS
2008 5273 2409 5329 LECTIONES.

439 5408 749 5487 ‘_‘°°_sed__4_.
784 5414 825 5487 1)
859 5420 931 5487 1.7
988 5413 1078 5447 “1°
1108 5414 1380 5487 infundas
1420 5420 1472 5470 2.
1552 5412 1653 5487 1‘“,
1672 5418 1729 5487 te
1759 5415 1931 5471 video
1962 5417 2103 5487 Ι)1.Δ
2144 5414 2238 5487 νί-ίιε
2269 5415 2502 5487 paulum
2536 5419 2612 5470 ιιι).
2692 5412 2871 5487 Ψξδ-Β.
2910 5414 2964 5470 d.
3000 5413 3314 5487 Bcrtholdo
3344 5416 3445 5487 Di.
3506 5414 3615 5487 ,“1‘
3640 5431 3786 5487 per-
3814 5442 3833 5451 α

361 5480 470 5557 εφζζ
504 5482 572 5557 _E.
651 5481 741 5515 1‘"
764 5484 935 5557 deest
977 5490 1036 5540 9°
1110 5485 1202 5520 “1°
1234 5501 1306 5540 ιιι.
1362 5502 1407 5541 r.
1462 5488 1559 5541 D1.
1624 5484 1731 5557 71‘”
1757 5486 1919 5543 deest
1959 5491 2011 5542 2.
2090 5484 2180 5519 ¹⁸¹⁸
2211 5480 2354 5557 ιιίρ.
2388 5487 2441 5542 h.
2478 5488 2537 5540 D.
2575 5487 2635 5542 E.
2714 5484 2803 5518 “1°
2832 5487 2951 5557 r.f.
2989 5486 3278 5543 desunt
3359 5484 3449 5518 ¹⁴²⁰
3482 5480 3665 5543 deesf
3697 5494 3779 5543 9ο·

360 5544 377 5576 ί
400 5549 470 5583 ⁸³⁸
501 5551 729 5611 incasso
761 5556 858 5610 D1.
894 5556 1185 5613 incassum
1217 5570 1509 5627 superscr.
1546 5556 1637 5613 vel
1670 5557 1892 5615 incasse
1919 5559 2016 5614 Et.
2096 5557 2185 5591 1‘”
2215 5562 2272 5615 et
2301 5544 2483 5614 abbas
2511 5560 2607 5613 D1.
2645 5559 2740 5614 Et.
2822 5556 2910 5589 ¹⁴²³
2939 5557 3037 5614 lzic
3056 5557 3265 5630 pergit
3298 5562 3344 5612 1.
