3972 6042
361 208 480 271 919

1523 208 2007 274 EKKEHARDI
2050 207 2608 278 URAUGIENSIS

3654 212 3790 279 920

364 342 521 416 regis
552 359 682 402 cum
716 344 833 401 filio
866 360 928 403 se
970 345 1323 419 subjugavit,
1368 351 1425 403 et
1461 345 1538 403 ita
1573 346 1847 403 dimisus
1880 360 2008 402 cum
2040 344 2094 406 A
2124 350 2239 403 tam
2277 349 2459 421 urbis,
2494 365 2643 422 equo
2671 350 2936 421 cadente,
2982 364 3256 408 aseensor
3289 349 3560 409 Arnolfus
3594 351 3788 409 armis

366 434 554 504 gratia
589 439 648 491 et
682 451 822 506 pace
847 436 901 491 in
932 436 1153 492 Italiam
1182 437 1479 493 remeavit.
1507 437 1586 491 lbi
1610 436 1769 491 mira)
1793 436 2011 505 magni-

367 523 589 580 tudinis
622 524 769 595 lapis
805 525 1024 581 tonitru
1058 541 1124 581 ae
1155 526 1719 597 tempestatcjactus
1740 524 1810 581 de
1839 525 2007 596 coelo,

370 611 574 683 ingens
605 613 943 671 miraculum
979 615 1178 671 multis
1208 615 1537 671 visentibus
1569 614 1822 686 prebuit.

441 700 608 771 (Win.
645 719 724 773 m,
764 708 848 774 12,
885 708 949 759 18
980 705 1133 775 sqq.)
1185 703 1311 759 Nati
1356 708 1491 759 sunt
1523 708 1716 760 autem
1751 704 1871 774 regi
1909 703 2009 759 filii

368 804 440 846 ex
474 791 845 848 serenissima
875 793 1095 862 regina,
1126 792 1550 863 primogenitus
1571 793 1898 863 Heinricus,
1925 808 2011 849 se-

367 880 595 935 cundus
636 881 808 949 Brun,
867 881 1085 936 tercius
1135 881 1358 952 paterni
1404 881 1655 939 nominis
1707 883 2012 954 majestate

368 968 725 1038 designatus,
762 984 929 1040 quem
956 971 1072 1041 jam
1104 974 1225 1027 tum
1272 976 1403 1042 post
1442 976 1665 1043 patrem
1716 973 2011 1028 dominum

367 1070 432 1111 ac
465 1059 684 1127 patrem
720 1060 992 1128 sperabat
1023 1061 1185 1116 orbis
1208 1061 1537 1132 universus,
1566 1061 1759 1118 fiiliam
1786 1075 2012 1132 quoque

368 1150 587 1201 sanctze
621 1148 824 1203 matris
850 1148 975 1217 ejus
1022 1150 1307 1206 vocabulo
1339 1150 1690 1220 insignitam.
1730 1150 2013 1206 Luitolfus

369 1240 584 1305 autem,
605 1236 759 1293 filius
782 1239 959 1307 regis,
976 1241 1034 1294 et
1058 1240 1442 1295 Chuonradus
1467 1239 1575 1310 1⁸³⁸,
1603 1255 1781 1309 gener
1802 1239 2011 1310 ipsius,

371 1337 517 1379 nova
553 1327 814 1395 quaedam
850 1328 1170 1384 moliuntur
1201 1334 1402 1384 contra
1438 1344 1652 1399 regem.
1687 1329 1849 1395 Quod
1882 1342 2011 1382 cum

370 1427 500 1469 eum
526 1429 635 1469 non
662 1415 893 1485 lateret,
920 1417 1073 1473 circa
1100 1418 1386 1475 Kalendas
1407 1420 1540 1477 Julii
1567 1422 1723 1475 moto
1748 1416 2013 1473 exercitu

372 1508 571 1559 contra
606 1519 728 1575 eos,
763 1506 965 1561 obvias
1001 1508 1174 1563 urbes
1207 1510 1389 1579 partis
1421 1509 1682 1565 adversae
1711 1512 1809 1563 aut
1840 1506 2016 1562 armis

371 1597 470 1647 aut
503 1594 799 1650 deditione
830 1596 1008 1667 cepit,
1044 1611 1349 1668 quousque
1380 1598 1726 1667 Mogontiam
1754 1586 2027 1668 perveni!

2122 443 2335 495 exutus
2364 439 2613 512 ilicoque
2650 441 2781 497 telis
2812 442 3112 513 perfossus
3151 441 3448 498 occubuit.
3502 444 3635 497 Post
3696 442 3788 497 bi-

2122 527 2296 584 duum
2330 544 2356 583 a
2390 529 2651 601 muliere,
2686 531 2888 586 famem
2916 531 3079 588 urbis
3113 531 3390 600 fugiente,
3428 546 3587 587 mors
3610 530 3782 588 illius

2122 617 2480 683 notificatur,
2533 619 2666 674 dum
2715 622 2882 674 antea
2951 619 3301 675 nesciretur.
3352 619 3530 689 Cujus
3581 624 3779 675 morte

2122 708 2328 762 urbani
2362 708 2506 764 satis
2537 708 2919 778 consternati,
2950 708 3064 777 jam
3099 708 3170 765 de
3214 723 3358 780 pace
3409 710 3773 766 tractabant.

2120 795 2370 851 Proinde
2405 797 2735 853 interventu
2773 797 3097 870 principum
3132 797 3419 854 Luitolfus
3449 799 3662 855 iterum
3701 798 3779 854 de

2122 886 2266 940 urbe
2317 901 2686 957 progressus,
2723 887 2856 943 dum
2910 900 3105 943 mense
3148 887 3372 957 integro
3419 892 3477 942 et
3529 887 3779 943 dimidio

2122 974 2517 1046 obsideretur,
2555 991 2753 1047 pacem
2785 977 3037 1033 obtinuit
3085 991 3271 1047 usque
3313 977 3383 1032 ad
3431 976 3774 1034 condictum

2123 1062 2293 1131 diem,
2330 1065 2460 1120 dum
2497 1066 2567 1120 de
2615 1066 2702 1121 his
2752 1066 2945 1121 causis
2994 1065 3456 1133 dijudiearetur;
3488 1065 3779 1136 locusque

2121 1153 2352 1208 concilii
2399 1154 2547 1223 apud
2599 1154 2899 1210 Fritcslari
2967 1155 3300 1211 notabatur.
3352 1156 3474 1209 Rex
3526 1154 3663 1211 inde
3718 1155 3774 1210 in

2124 1242 2367 1311 patriam
2393 1258 2669 1297 reversus
2699 1249 2810 1311 cst,
2835 1243 3139 1299 Heinricus
3162 1258 3301 1300 vero
3322 1245 3537 1300 Novam
3566 1245 3773 1300 urbem

2123 1329 2379 1385 obtinuit
2406 1331 2755 1402 ;Ratis;ioua
2782 1332 3043 1402 proxima
3067 1337 3237 1387 nocte
3261 1347 3402 1403 pene
3420 1336 3539 1387 tota
3558 1338 3773 1387 exusta

2124 1422 2231 1474 cst.
2256 1421 2389 1474 Post
2415 1420 2534 1475 luec
2559 1420 2917 1475 cxcreitaudi
2939 1421 3122 1490 gratia
3141 1435 3269 1476 cum
3287 1435 3389 1475 rex
3405 1421 3776 1477 venationem

2126 1512 2323 1576 ageret
2360 1507 2411 1562 in
2450 1508 2574 1564 loco
2606 1509 2701 1579 qui
2733 1509 2947 1565 dicitur
2982 1508 3273 1577 vaeldon,
3309 1508 3462 1565 ﬁlius
3497 1509 3647 1580 patri
3675 1525 3782 1564 nu-

2128 1596 2280 1652 datis
2304 1596 2515 1667 plantis
2540 1599 2957 1668 prosternitur,
2982 1598 3181 1653 intima
3198 1598 3775 1669 tactUSpeenitentia,

373 1684 481 1747 ret,
514 1697 682 1752 quam
720 1684 872 1739 filius
898 1685 1004 1753 iam
1035 1701 1163 1741 cum
1188 1687 1450 1742 exercitu
1477 1686 1736 1755 intravit,
1763 1690 2012 1757 patrem-
2046 1705 2099 1763 Β
2132 1686 2316 1756 patris
2351 1686 2612 1757 primum,
2649 1685 2857 1741 deinde
2900 1687 3150 1741 omnium
3188 1686 3544 1757 prescntium
3582 1701 3779 1744 move-

374 1785 503 1840 que,
525 1771 681 1827 dictu
708 1773 1066 1829 miserabile!
1096 1779 1355 1831 armatus
1379 1775 1765 1847 exSpcctavit.
1783 1775 1864 1829 Ibi
1883 1773 2015 1845 plus

376 1873 544 1929 quam
578 1860 748 1916 civile
780 1862 1049 1933 omnique
1101 1863 1432 1919 calamitate
1479 1864 1749 1919 acerbius
1800 1863 2014 1918 bellum

374 1954 631 2019 emptum
660 1955 768 2020 est,
803 1952 1081 2008 machina)
1115 1952 1310 2009 multae
1332 1953 1511 2009 muris
1533 1954 1801 2022 admotm,
1828 1951 1925 2008 sed
1947 1951 2017 2006 ab

377 2037 614 2094 urbanis
645 2038 961 2095 destructa}
992 2044 1130 2096 sunt
1161 2040 1251 2097 vel
1304 2041 1556 2097 incensa:
1583 2060 1596 2107 ;
1629 2043 1852 2097 crebrae
1886 2044 2019 2095 ante

377 2130 578 2198 portas
602 2143 810 2198 pugnae
836 2146 848 2191 ;
872 2144 1002 2184 raro
1028 2130 1352 2186 forinsecus
1377 2130 1664 2187 stationes
1686 2132 1847 2186 fusw.
1876 2131 2021 2186 Cun-

376 2216 592 2271 ctando
613 2217 762 2272 enim
788 2232 884 2274 res
907 2220 1233 2287 variabant,
1256 2219 1388 2275 dum
1415 2219 1835 2275 dominatorem
1857 2217 2019 2288 regni

378 2304 540 2375 foris,
579 2305 735 2362 intus
765 2321 1167 2363 successorem
1210 2307 1509 2363 timebant.
1548 2308 1789 2364 Obsidio
1824 2308 2021 2380 itaque

378 2393 510 2449 dum
544 2395 840 2463 sexaginta
876 2397 1054 2451 ferme
1088 2396 1212 2452 dies
1261 2398 1594 2467 excederet,
1631 2412 1823 2453 sermo
1856 2397 1916 2451 fit
1951 2397 2021 2453 de

378 2496 559 2553 pace;
596 2484 743 2541 unde
760 2485 935 2542 datur
955 2487 1129 2542 obses
1154 2487 1206 2541 in
1235 2488 1434 2541 urbem
1452 2487 1842 2543 consobrinus
1866 2487 2022 2556 regis

379 2572 690 2643 Ekbertus,
726 2590 838 2644 quo
868 2574 1016 2629 liber
1043 2575 1097 2629 in
1122 2579 1313 2631 castra
1338 2574 1454 2631 illis
1481 2580 1706 2646 pateret
1730 2590 2017 2631 accessus.

384 2660 556 2715 Filius
570 2678 696 2717 cum
714 2677 930 2730 genero
946 2666 1067 2718 cast
1080 2679 1135 2718 ra
1154 2664 1423 2733 ingressi,
1445 2664 1739 2733 regalibus
1753 2664 2022 2733 vestigiis

382 2754 857 2820 prosternuntur,
900 2752 1256 2822 spondentes
1303 2768 1407 2824 pro
1451 2753 1674 2809 scelere
1720 2755 1909 2809 omnia
1961 2769 2023 2810 se

383 2855 679 2909 passuros,
715 2842 777 2895 ut
811 2840 1098 2897 auxiliarii
1132 2845 1355 2898 tantum
1381 2842 1549 2898 amici
1573 2843 1751 2898 nichil
1776 2843 2027 2915 malipa-

383 2932 667 2984 tereutur.
700 2930 820 2985 Rex
854 2934 1045 2985 autem
1078 2945 1189 2986 non
1220 2931 1521 2987 inveniens
1545 2932 1834 3002 quomodo
1858 2932 2026 2987 meri-

2132 1774 2229 1828 bat
2262 1774 2550 1828 lacrimas.
2591 1777 2797 1830 Amore
2833 1774 3026 1844 itaque
3066 1777 3313 1846 paterno
3356 1779 3665 1845 susceptus
3718 1775 3776 1829 in

2128 1863 2395 1932 gratiam,
2419 1863 2665 1933 spondet
2692 1878 2751 1918 sc
2775 1863 3315 1934 obtemperaturum
3336 1864 3488 1917 omni
3515 1867 3775 1933 paterna;

2129 1950 2436 2006 voluntati.
2463 1954 2687 2006 Interea
2714 1966 2971 2008 summus
2994 1951 3257 2022 pontifex
3273 1950 3778 2021 Fridericuscgro-

2130 2044 2257 2095 tare
2288 2040 2636 2106 nunciatur;
2670 2044 3030 2111 quapropter
3058 2039 3213 2109 regis
3245 2039 3521 2111 placitum
3546 2039 3775 2096 modice

2131 2128 2417 2184 diﬂ‘ertur.
2444 2131 2726 2185 Defuncto
2751 2128 3045 2199 pontiﬁce,
3077 2127 3424 2184 universalis
3449 2131 3776 2184 conventus

2134 2218 2328 2290 populi
2359 2219 2735 2283 Cle'bI‘ﬂtUt‘;
2768 2218 3053 2287 ll’iogontia
3088 2222 3217 2288 post
3247 2231 3455 2272 annum
3508 2221 3568 2272 et
3610 2216 3772 2271 dimi~

2132 2308 2286 2363 dium
2320 2323 2449 2363 cum
2484 2308 2633 2362 omni
2672 2307 2905 2363 Francia
2942 2306 3059 2375 regi
3094 2306 3388 2367 traditur;
3426 2305 3580 2360 filius
3599 2310 3656 2360 et
3680 2320 3777 2375 ge-

2133 2412 2237 2453 ner
2266 2398 2317 2451 in
2348 2397 2594 2467 gratiam
2628 2398 2881 2468 suscepti
2929 2400 3082 2465 sunt,
3119 2409 3228 2465 qua
3258 2399 3318 2450 et
3349 2395 3403 2450 in
3439 2394 3606 2449 finem
3638 2394 3779 2450 fide-

2133 2485 2267 2541 liter
2303 2486 2385 2541 usi
2422 2488 2577 2541 sunt.

2201 2577 2320 2630 Rex
2383 2574 2679 2643 ingressus
2749 2572 3051 2627 Saxoniam
3118 2572 3271 2629 circa
3333 2570 3619 2627 Kalendas
3658 2571 3776 2627 Jul.

2132 2664 2335 2719 obvios
2365 2662 2564 2717 habuit
2600 2661 2828 2731 legatos
2860 2660 3263 2731 Ungariorum,
3289 2664 3561 2729 tanquam
3582 2660 3658 2714 ob
3686 2673 3789 2713 an-

2133 2754 2355 2823 tiquam
2388 2752 2555 2807 fidem
2589 2756 2647 2805 et
2676 2750 2921 2820 gratiam
2955 2766 3082 2806 eum
3107 2749 3429 2818 visitantes,
3456 2762 3655 2804 revera
3684 2764 3790 2804 au-

2135 2848 2273 2911 tem,
2308 2845 2370 2896 ut
2403 2839 2747 2910 quibusdam
2780 2838 3108 2901 videbatur.
3134 2842 3402 2894 eventum
3434 2836 3568 2892 belli
3590 2837 3797 2893 civilis

2134 2930 2592 2986 considerantes.
2628 2929 2784 2994 Quos
2813 2942 2940 2982 cum
2995 2941 3193 2983 secum
3227 2926 3541 2997 aliquantis
3569 2925 3795 2982 diebus

381 3021 473 3073 tas
509 3031 685 3088 penas
720 3017 838 3074 filio
873 3019 1135 3089 inferret,
1188 3021 1450 3076 fautores
1482 3020 1819 3077 insidiarum
1853 3037 2025 3093 expo-
2060 3060 2107 3118 Ο
2140 3018 2477 3075 retinuisset
2511 3021 2569 3072 et
2594 3015 2887 3086 aliquibus
2910 3016 3270 3072 munusculis
3293 3014 3611 3071 donatosin
3639 3028 3797 3085 pace

382 3106 585 3162 stulat.
624 3107 709 3162 Illi
759 3111 950 3163 autem
992 3108 1340 3179 juramentis
1391 3108 1625 3165 vicariis
1671 3109 1915 3179 obligati
1968 3115 2025 3166 et
2060 3097 2107 3121 ’³

385 3195 806 3265 quodammodo
856 3201 981 3252 arte
1027 3197 1248 3267 antiqui
1300 3197 1487 3253 hostis
1535 3199 1869 3267 constricti,
1918 3199 2029 3255 hoc

385 3282 619 3337 omnino
651 3283 960 3353 negabant,
995 3283 1192 3353 sicque
1224 3284 1432 3339 infecta
1456 3286 1594 3341 rein
1624 3287 1821 3341 urbem
1847 3287 2032 3342 redie-

390 3370 546 3424 bant.
601 3371 888 3426 Ekbcrtus
935 3376 1150 3443 autem,
1203 3373 1299 3443 qui
1355 3375 1531 3429 obses
1585 3374 1756 3430 datus
1802 3380 1927 3431 erat
1976 3376 2028 3431 in

387 3459 610 3529 urbem,
631 3459 1014 3515 suasibilibus
1037 3461 1234 3517 verbis
1261 3462 1378 3530 regi
1408 3462 1467 3516 fit
1493 3462 1796 3535 adversus,
1822 3470 2028 3527 cumet

388 3549 557 3601 antea
590 3552 831 3618 propter
865 3549 1273 3619 correptiones
1301 3550 1428 3619 ejus
1461 3550 1545 3605 illi
1577 3552 1785 3608 fuisset
1821 3553 2027 3610 iratus.

392 3635 665 3704 Sequenti
703 3636 881 3705 igitur
912 3642 1084 3693 nocte
1117 3638 1622 3707 Bajoariieomites
1646 3642 1895 3697 Heiurici
1926 3644 2033 3699 fra-

394 3723 501 3779 tris
535 3724 708 3794 regis,
746 3726 951 3781 relicto
981 3727 1274 3797 eo,juncti
1299 3733 1425 3785 sunt
1459 3730 1729 3799 Luitoll‘o,
1756 3747 1885 3787 cum
1910 3733 2034 3802 qui-

394 3812 503 3867 bus
532 3812 657 3884 ipse
692 3829 962 3885 pergens,
996 3816 1195 3871 urbem
1230 3816 1445 3886 regiam
1480 3818 1853 3890 Ratisponam
1876 3822 2032 3891 cepit

392 3916 521 3957 cum
553 3903 770 3959 ceteris
802 3904 856 3958 in
887 3918 956 3960 ea
979 3904 1215 3975 regione
1238 3906 1665 3977 munitissimis,
1690 3923 2031 3981 omnemque

394 3991 697 4060 pecuniam
730 3993 895 4049 ducis
928 3993 1179 4050 Heinrici
1204 3996 1327 4052 suis
1348 3996 1629 4052 militibus
1649 3996 1870 4069 divisit,
1898 4014 2034 4054 cou-

386 4079 580 4149 jugem
608 4079 735 4148 ejus
765 4096 893 4137 cum
924 4081 1059 4138 filiis
1090 4088 1147 4138 et
1179 4083 1381 4138 amicis
1416 4098 1528 4141 non
1559 4084 1745 4141 solum
1767 4088 1909 4143 urbe
1935 4089 2031 4144 sed

390 4171 451 4222 et
477 4168 712 4237 regione
741 4170 1027 4225 excedere
1055 4170 1265 4241 coegit.
1302 4172 1434 4228 Hmc
1458 4172 1644 4228 omnia
1670 4174 1881 4229 fiebant
1904 4191 2037 4232 con-

395 4257 526 4312 silio
558 4258 773 4313 Arnolfi
801 4259 1051 4327 junioris
1095 4261 1455 4329 fratrumque
1488 4276 1745 4332 suorum,
1778 4278 1848 4317 eo
1882 4266 2036 4334 quod

398 4346 517 4415 ipse
568 4345 873 4402 Heinricus
921 4351 1224 4417 paternum
1274 4349 1519 4404 haberet
1569 4349 1862 4406 ducatum.
1916 4353 2035 4408 Rex

396 4448 533 4488 vero
564 4433 742 4488 filium
792 4415 1179 4505 subsequens,
1214 4437 1413 4491 urbem
1464 4438 1841 4509 Ratisponam
1885 4442 2044 4497 obsi-
2071 4415 2120 4473 Ι)

394 4522 564 4577 dione
592 4520 978 4577 circumdedit
1010 4541 1024 4590 ;
1058 4523 1162 4578 sed
1192 4539 1321 4579 cum
1377 4525 1691 4583 multitudo
1743 4528 2039 4584 machinas

394 4610 523 4666 urbi
557 4609 838 4681 applicari
872 4626 983 4667 non
1020 4610 1260 4683 sineret,
1296 4613 1443 4668 satis
1469 4613 1612 4669 dure
1644 4614 1935 4672 interdum
1969 4618 2040 4672 ab

396 4699 663 4768 utrisque
694 4704 1011 4770 pugnatum
1043 4704 1137 4756 est
1168 4716 1273 4771 pro
1305 4701 1508 4756 muris.
1553 4704 1764 4758 I‘rbani
1813 4704 2040 4761 crebris

394 4787 584 4844 attriti
615 4789 852 4859 pricliis,
888 4790 1035 4844 fame
1068 4804 1296 4860 quoque
1339 4789 1662 4861 periclitari
1710 4797 2037 4864 coeperunt.

396 4876 556 4932 Unde
600 4876 882 4933 Luitolfus
930 4878 1073 4933 urbe
1122 4892 1399 4947 egressus
1445 4894 1575 4934 cum
1623 4878 2042 4951 principalibus

400 4965 561 5035 viris,
598 4980 796 5036 pacem
829 4966 1110 5037 postulat,
1145 4966 1247 5022 sed
1270 4981 1381 5022 non
1412 4967 1705 5039 impetrat,
1734 4968 1865 5038 quia
1892 4970 2041 5040 patri

400 5052 809 5108 oboedientiam
834 5057 1025 5122 negat.
1044 5055 1488 5112 Reversusvero
1506 5056 1557 5111 in
1577 5056 1798 5126 urbem,
1820 5062 2042 5128 portam

402 5139 745 5195 orientalem
768 5140 1136 5197 obsidentem
1162 5142 1338 5199 armis
1357 5146 1605 5215 temptat
1630 5145 1928 5213 Geronem,
1958 5149 2044 5200 tot

403 5225 669 5282 victoriis
698 5231 839 5296 quot
873 5229 1094 5299 praeliis
1125 5228 1366 5287 clarum.
1401 5232 1445 5287 A
1476 5231 1657 5287 tercia
1693 5231 1872 5301 igitur
1901 5232 2043 5288 hora

406 5326 586 5382 usque
615 5312 672 5367 in
704 5328 908 5371 nonam
941 5332 1071 5374 cum
1104 5317 1321 5374 acriter
1352 5324 1709 5390 pugnaretur
1738 5323 1870 5376 ante
1920 5335 2049 5391 por-

2141 3107 2483 3176 remisissct,
2520 3106 2741 3161 audivit
2776 3119 2804 3160 a
2838 3105 3066 3161 nunciis
3099 3104 3322 3169 fratris,
3355 3103 3521 3159 ducis
3553 3102 3794 3158 scilicet

2142 3196 2535 3266 Bajoariorum
2566 3212 2577 3250 :
2613 3194 2768 3259 Quia
2798 3208 2922 3250 ecce
2955 3193 3212 3263 Ungarii
3244 3191 3458 3264 dif-etsi
3487 3190 3801 3247 insudarit

2143 3285 2423 3342 terminos
2437 3284 2585 3352 tuos,
2601 3284 2692 3339 sta
2702 3283 2991 3351 tuumque
3016 3281 3663 3351 tceuminirepugnam.
3688 3279 3797 3333 llis

2143 3389 2247 3430 rex
2278 3371 2513 3441 auditis,
2550 3371 2717 3442 quasi
2752 3370 2925 3426 nichil
2960 3370 3180 3425 laboris
3212 3369 3500 3440 pretcrito
3525 3381 3673 3422 anno
3704 3371 3798 3421 to-

2145 3462 2410 3531 lerasset,
2445 3461 2621 3530 cmpit
2654 3460 2737 3515 ire
2769 3463 2970 3514 contra
3015 3458 3234 3527 hostes,
3286 3457 3536 3528 sumptis
3587 3471 3793 3512 secum

2145 3550 2343 3622 paucis
2367 3548 2688 3605 ammodum
2713 3563 2786 3602 cx
2805 3546 3147 3615 Saxonibus,
3166 3562 3233 3602 eo
3253 3546 3406 3617 quod
3426 3560 3545 3615 jam
3569 3543 3793 3600 bellum

2144 3638 2545 3695 Sclavonicum
2581 3645 2836 3706 urgeret.
2871 3636 3095 3691 Castris
3137 3635 3314 3703 igitur
3346 3634 3554 3705 positis
3586 3633 3637 3687 in
3677 3634 3795 3689 Au-

2142 3732 2332 3798 gustae
2400 3727 2562 3783 urbis
2624 3725 2912 3793 confiniis,
2965 3724 3261 3780 exercitus
3327 3724 3676 3779 Francorum
3730 3726 3789 3777 et

2145 3816 2538 3888 Bajoariorum
2571 3815 2623 3869 ei
2656 3814 2912 3870 occurrit
2941 3832 2954 3879 ;
2982 3829 3111 3869 cum
3146 3812 3335 3868 valido
3362 3826 3595 3882 quoque
3626 3811 3791 3867 venit

2144 3906 2410 3977 equitatu
2444 3905 2500 3959 in
2531 3907 2721 3959 castra
2755 3903 2873 3958 dux
2904 3902 3282 3958 Chuonradus
3309 3900 3509 3969 ;cujus
3532 3899 3788 3956 adventu

2146 3995 2362 4051 milites
2393 3992 2725 4062 erceti,jam
2758 3991 3033 4062 optabant
3069 4004 3180 4045 non
3213 3989 3430 4045 differri
3462 3993 3783 4045 certamen.

2146 4087 2283 4141 Erat
2312 4083 2465 4138 enim
2498 4082 2615 4137 dux
2646 4080 2794 4135 idem
2831 4084 3039 4135 natura
3068 4079 3307 4135 audacis
3328 4077 3522 4147 animi,
3548 4083 3606 4133 et
3632 4077 3789 4147 quod

2150 4188 2342 4230 rarum
2372 4176 2463 4227 est
2495 4169 2833 4238 audacibus,
2863 4171 3047 4224 bonus
3078 4167 3344 4236 consilio,
3370 4173 3427 4221 et
3453 4167 3587 4222 dum
3609 4165 3796 4236 pedes

2149 4268 2208 4317 ct
2238 4261 2371 4318 dum
2403 4274 2585 4329 eques
2616 4258 2722 4313 iret
2748 4258 2798 4312 in
2826 4258 3076 4326 hostem,
3103 4255 3354 4312 bellator
3379 4253 3794 4323 intolerabilis,

2152 4348 2303 4405 domi
2336 4364 2401 4404 ac
2438 4347 2639 4401 militia
2671 4346 2844 4400 karus
2874 4345 3074 4400 sociis.
3128 4343 3312 4413 Igitur
3359 4344 3431 4399 ab
3480 4342 3796 4422 utriusque

2152 4436 2448 4492 exercitus
2482 4434 2970 4490 latrocinantibus
3019 4432 3346 4502 agminibus
3372 4429 3800 4486 notificabatur

2153 4539 2264 4580 non
2279 4524 2448 4592 longe
2463 4524 2534 4577 ab
2549 4521 2790 4577 invicem
2817 4522 2939 4583 fore
2966 4525 3212 4591 uterque
3229 4519 3545 4576 exercitus.
3563 4519 3802 4589 Jejunio

2152 4614 2349 4683 itaque
2382 4612 2434 4666 in
2469 4610 2683 4666 castris
2715 4609 3039 4680 prcdicato,
3068 4608 3292 4679 jussum
3335 4611 3428 4664 est
3472 4622 3675 4664 omnes
3727 4608 3801 4662 ad

2152 4698 2367 4755 bellum
2414 4702 2647 4769 paratos
2692 4711 2817 4753 esse
2866 4695 2921 4750 in
2969 4697 3244 4751 crastino.
3300 4695 3490 4751 Primo
3532 4694 3807 4751 diluculo

2154 4795 2484 4862 surgentes,
2520 4803 2659 4860 pace
2691 4789 2821 4843 data
2855 4792 2911 4842 et
2945 4793 3207 4857 accepta,
3239 4799 3532 4857 operaque
3552 4799 3656 4841 sua
3685 4785 3808 4856 pri-

2154 4894 2306 4935 mum
2337 4878 2490 4948 duci,
2529 4876 2738 4933 deinde
2769 4877 2840 4931 ab
2873 4890 2984 4931 uno
3009 4888 3238 4945 quoque
3260 4874 3579 4929 altericum
3604 4887 3812 4928 sacra-

2155 4971 2348 5023 mento
2384 4966 2686 5038 promissa,
2722 4964 2935 5020 erectis
2965 4962 3167 5033 signis,
3203 4977 3444 5017 numero
3474 4961 3638 5031 quasi
3664 4969 3810 5017 octo

2155 5055 2414 5125 legiones
2444 5055 2771 5125 procedunt
2800 5069 2830 5107 c
2854 5052 3084 5109 castris.
3113 5050 3355 5106 Ducitur
3378 5049 3678 5106 exercitus
3704 5066 3813 5121 per

2156 5158 2360 5215 aspera
2388 5147 2448 5198 et
2481 5142 2732 5199 difficilia
2768 5141 2910 5210 loca,
2947 5155 3015 5196 ne
3064 5140 3304 5196 daretur
3334 5138 3602 5195 hostibus
3630 5140 3809 5209 copia

2159 5230 2430 5288 turbandi
2464 5231 2697 5300 sagittis
2717 5230 2963 5300 agmina,
2991 5229 3204 5299 quibus
3227 5231 3473 5284 utuntur
3490 5240 3648 5282 acer:
3668 5226 3810 5297 ime,

2159 5320 2419 5377 arbustis
2446 5334 2511 5375 ea
2541 5318 3010 5391 protegentibus.
3046 5317 3293 5373 Primam
3327 5319 3381 5371 et
3406 5315 3726 5371 secundam
3752 5320 3810 5371 et

1754 5417 1990 5474 νΑΡιΙιΕ
2048 5418 2446 5475 LECTIONES.

480 5503 567 5538 ¹⁴²⁶
592 5506 963 5569 ehuorandus
990 5515 1038 5569 1.
