3992 6062
237 311 353 376 921

1096 302 1539 374 CHRONICA.
1592 340 1664 351 -
1709 298 2188 369 CHRONICON
2230 294 2778 364 UNIVERSALE.

3518 290 3637 357 922

238 447 479 507 tereiam
495 446 778 521 legionem
794 442 1642 522 direxerantBajoarii,quibus
1658 441 1886 515 prefue-
1912 443 1969 507 A
1998 446 2272 515 portatur
2295 439 2708 511 Wormaciam,
2736 434 2932 510 ibique
2956 429 3242 507 sepelitur
3266 430 3541 489 cumtletu
3572 433 3639 487 et

237 544 376 596 runt
406 539 652 611 prefecti
686 539 853 597 ducis
885 537 1137 595 Heinrici
1166 554 1180 605 ;
1206 551 1334 592 nam
1355 539 1413 591 et
1432 534 1555 605 ipse
1575 531 1730 589 bello
1750 530 1887 586 abe-

241 633 353 698 rat,
387 644 457 686 eo
488 628 643 700 quod
668 627 985 684 valitudine
1010 625 1280 697 corporis
1312 624 1663 691 laborasset,
1690 634 1799 690 qua
1824 622 1879 673 et

240 720 508 775 mortuus
532 721 639 774 est.
659 717 933 782 Quartam
961 715 1245 785 legionem
1268 713 1689 770 ordinaverunt
1713 711 1885 763 Fran-

240 806 321 877 ci,
346 821 591 877 quorum
617 810 815 862 rectoi'
836 821 903 861 ac
924 808 1279 877 procurator
1301 804 1426 859 erat
1452 800 1568 857 dux
1593 798 1887 855 Chuonra-

240 894 713 964 dus.(Wm.m,44
727 896 913 965 seqq.)
930 897 987 949 In
1006 894 1227 964 quinta,
1246 906 1373 964 quae
1387 895 1514 946 erat
1550 887 1885 954 maxima,et

240 983 687 1054 quzedicebatnr
711 984 1021 1054 rcgia,ipse
1050 984 1319 1053 princeps
1340 978 1748 1049 erat,vallatns
1772 974 1887 1029 lec-

238 1073 320 1129 tis
341 1087 409 1128 ex
433 1073 701 1129 omnibus
726 1072 971 1128 militum
997 1072 1231 1127 milibus
1245 1069 1880 1139 alacriquejuvcntutc,

237 1176 552 1231 coramque
579 1177 647 1217 eo
674 1162 918 1231 angelus
948 1193 1017 1202 ——
1046 1160 1131 1215 sic
1160 1161 1309 1214 enim
1346 1158 1667 1213 vocabatur
1705 1151 1886 1208 vexil-

240 1248 358 1305 lum
383 1250 511 1319 ejus
531 1282 599 1290 ——
622 1251 802 1306 denso
831 1250 1056 1319 agmine
1082 1250 1535 1317 circumseptus.
1568 1246 1797 1299 Sextum
1826 1243 1885 1295 et

241 1339 543 1410 septimam
570 1339 851 1408 legionem
868 1336 1509 1405 constitueruntSncvi,
1528 1333 1740 1404 quibus
1756 1344 1886 1401 pre-

242 1426 349 1482 fuit
375 1428 765 1497 Burcliardus,
791 1429 881 1484 cui
910 1433 1190 1499 nupserat
1219 1427 1333 1481 ﬁlia
1371 1423 1570 1480 fratris
1602 1419 1776 1490 regis.
1824 1420 1881 1472 In

239 1521 445 1571 octava
469 1521 635 1573 erant
654 1517 1050 1573 Bocmiielecti
1071 1516 1284 1571 milites
1302 1515 1478 1581 mille,
1498 1507 1884 1581 armispotius

240 1604 512 1661 instructi
539 1608 950 1678 quamffortuna
979 1625 993 1673 ;
1023 1607 1075 1660 in
1103 1622 1211 1676 qua
1237 1610 1295 1659 ct
1319 1603 1565 1659 sarcinae
1589 1613 1788 1655 omnes
1818 1610 1885 1651 ac

240 1693 651 1765 impedimenta
694 1711 955 1766 quaeque,
1010 1695 1172 1765 quasi
1229 1694 1349 1763 ipsa
1395 1694 1548 1747 esset
1592 1686 1883 1744 tutissima

1998 533 2234 605 planctu
2264 533 2515 588 omnium
2546 534 2917 586 Francorum.
2950 528 3074 597 ipsa
3108 538 3248 578 vero
3276 522 3367 577 die
3391 519 3525 575 belli
3553 518 3635 574 in-

1994 637 2134 679 vasa
2160 626 2297 678 sunt
2326 626 2543 691 castra,
2575 623 2632 674 ct
2660 617 2875 689 captivi
2904 630 3104 672 omnes
3132 612 3343 682 erepti,
3378 607 3632 664 secundo

1996 718 2189 769 autem
2217 713 2309 768 die
2342 727 2407 767 ac
2439 711 2624 766 tercio
2651 725 2679 765 a
2698 707 2906 763 vicinis
2930 705 3173 761 urbibus
3198 700 3419 770 reliqua
3447 695 3635 752 multi-

1995 804 2139 860 tudo
2171 803 2225 858 iu
2253 806 2477 858 tantum
2505 800 2849 868 consumpta
2874 799 2988 864 est,
3019 798 3080 849 ut
3109 791 3304 848 nullus
3329 793 3428 844 aut
3462 802 3633 842 rarus

1996 893 2290 948 evaderet.
2315 893 2452 946 Tres
2473 890 2651 945 duces
2674 885 2864 956 gentis
2888 882 3186 951 Ungaricze
3205 877 3359 949 capti
3384 875 3632 944 ducique

1997 981 2266 1037 lleinrico
2282 978 2635 1051 praesentati,
2657 975 2801 1031 mala
2818 976 3024 1040 morte,
3046 974 3107 1025 ut
3123 968 3278 1037 digni
3294 963 3634 1031 craut,mul-

1997 1072 2105 1126 tati
2125 1074 2258 1127 sunt
2286 1066 2636 1138 ;suspendio
2656 1077 2900 1133 namque
2920 1062 3295 1130 crepuerunt.
3323 1052 3632 1123 Triumpho

1996 1160 2211 1216 celebri
2228 1173 2329 1214 rex
2346 1159 2530 1213 factus
2544 1151 2946 1225 gloriosus,ab
2959 1148 3224 1204 exercitu
3251 1140 3633 1216 paterpatrire

1996 1265 2063 1306 ac
2095 1251 2413 1320 imperator
2434 1251 2525 1303 est
2547 1243 2896 1315 appellatus.
2912 1237 3177 1294 Decretis
3198 1233 3441 1307 proinde
3458 1231 3636 1285 hono~

1997 1339 2157 1394 ribus
2188 1343 2244 1394 et
2278 1324 2467 1407 dignis
2497 1334 2768 1391 laudibus
2799 1346 3036 1386 samum)
3070 1323 3360 1383 divinitati
3388 1336 3489 1392 per
3521 1320 3635 1374 sin-

1993 1428 2162 1497 gulas
2191 1427 2508 1496 :ecclcsias,
2546 1426 2653 1479 hoc
2684 1423 2832 1477 idem
2876 1423 3093 1475 sanctae
3144 1413 3313 1470 matri
3361 1426 3481 1467 sua)
3533 1422 3635 1478 per

1994 1518 2240 1573 nuncios
2259 1516 2632 1584 demandans,
2654 1528 2781 1569 cum
2802 1508 3062 1581 tripudio
3084 1499 3148 1561 ac
3173 1516 3392 1560 summa
3419 1498 3628 1555 lzeticia

1996 1607 2300 1662 Saxoniam
2325 1604 2664 1671 revertitur,
2689 1605 2745 1656 et
2782 1615 2810 1655 a
2845 1596 3058 1669 populo
3098 1609 3203 1650 suo
3251 1587 3632 1646 libentissime

1997 1695 2335 1765 suscipitur.
2372 1694 2567 1762 Neque
2592 1690 2741 1746 enim
2767 1694 2925 1743 tanta
2952 1682 3195 1741 victoria
3218 1680 3525 1751 quisquam
3552 1688 3637 1728 re-

240 1798 368 1852 (Ιυεθ
398 1789 454 1841 et
489 1785 820 1840 DOViSSima-
857 1785 963 1841 30d
1001 1784 1171 1838 aliter
1198 1798 1290 1838 res
1317 1785 1442 1837 acta
1477 1784 1587 1835 est.
1612 1779 1751 1832 Nam
1774 1777 1884 1830 Un-
1913 1803 1966 1863 Β
1998 1799 2130 1854 gum
2165 1784 2317 1838 intra
2345 1782 2628 1837 ducentos
2659 1792 2840 1834 annos
2871 1778 3001 1829 ante
3029 1787 3158 1828 eum
3188 1770 3422 1825 lmtatus
3454 1768 3562 1819 est.

235 1871 384 1941 garii
406 1872 581 1929 nichil
606 1878 952 1929 cunctantes
973 1872 1061 1905 “’7
1098 1873 1286 1928 Licum
1318 1870 1576 1937 ﬂuvium,
1613 1866 1707 1936 qui
1742 1862 1883 1918 Lehc

241 1960 480 2031 dicitur,
514 1961 892 2032 transierunt,
922 1961 1389 2030 eircuicntesque
1416 1956 1507 1991 ¹⁴²⁸
1534 1954 1880 2020 exercitum,

239 2052 562 2104 extremam
588 2049 867 2119 legionem
894 2050 1129 2119 sagittis
1158 2050 1450 2105 lacessere
1474 2044 1798 2114 coeperunt,
1826 2043 1884 2095 et

240 2136 462 2207 impetu
486 2151 613 2193 cum
642 2138 861 2207 ingenti
890 2138 1309 2193 vociferatione
1334 2138 1506 2205 facto,
1538 2132 1667 2189 aliis
1709 2128 1885 2195 cesis,

238 2224 371 2281 aliis
391 2225 598 2297 captis,
624 2226 873 2282 sarcinis
894 2226 1370 2297 omnibuspotiti,
1388 2228 1618 2280 ceteros
1642 2220 1887 2291 legionis

242 2312 401 2370 illius
428 2318 685 2370 armatos
720 2316 917 2385 fugere
947 2315 1375 2386 compulerunt.
1405 2312 1682 2367 Similiter
1707 2310 1887 2380 septi-

241 2417 390 2458 mam
421 2416 488 2459 ac
517 2408 734 2459 sextam
769 2404 1051 2474 aggressi,
1083 2402 1349 2475 plurimis
1377 2416 1449 2457 ex
1488 2401 1572 2457 eis
1621 2400 1783 2467 fusis,
1831 2397 1885 2452 in

243 2492 433 2561 fugam
446 2496 772 2548 verterunt.
789 2494 910 2547 Rex
924 2497 1116 2547 autem
1131 2507 1261 2547 cum
1276 2490 1651 2560 advertisset,
1671 2486 1884 2543 bellum

240 2594 312 2637 ex
328 2580 828 2652 adversopretend
841 2581 982 2649 i,sed
1001 2586 1132 2652 post
1147 2586 1375 2651 tergum
1391 2579 1703 2636 novissima
1718 2576 1889 2647 agmi-

242 2683 312 2725 na
342 2669 684 2740 periclitari,
717 2669 872 2725 misit
904 2670 1039 2725 illuc
1068 2670 1272 2726 ducem
1310 2664 1714 2725 Cbuonradum
1756 2679 1884 2720 cum

242 2761 450 2827 quarta
481 2758 705 2827 legione
731 2776 745 2823 ;
774 2758 868 2828 qui
900 2759 1135 2813 veniens
1164 2759 1429 2829 captivos
1472 2756 1711 2827 eripuit,
1758 2769 1888 2825 pre-

244 2845 373 2900 dam
423 2847 704 2914 excussit,
760 2847 1287 2917 latrocinantiaque
1340 2846 1591 2901 hostium
1661 2844 1885 2913 agmina

243 2934 630 3003 perturbavit.
649 2936 817 2991 Fusis
842 2936 1329 2991 latrocinantibus
1348 2934 1601 3004 undique
1625 2933 1890 2988 adversa-

243 3021 462 3078 riorum
490 3024 836 3094 agminibus,
868 3024 982 3079 dux
1012 3024 1081 3079 ad
1113 3039 1303 3094 regem
1352 3022 1671 3080 revertitur
1708 3019 1890 3090 signis

241 3109 602 3181 victricibus,
633 3111 957 3181 mirumque
986 3110 1042 3166 in
1071 3113 1299 3167 modum
1340 3108 1754 3166 cunctantibus
1798 3124 1892 3162 ve-

242 3198 463 3254 teranis
487 3199 792 3268 militibus,
808 3199 989 3268 gloria
1005 3199 1266 3256 victoriae
1290 3199 1563 3267 assuetis,
1589 3213 1717 3254 cum
1745 3212 1890 3251 novo

245 3286 429 3342 milite
456 3291 514 3342 et
544 3288 663 3343 fere
696 3288 949 3343 bellandi
994 3290 1196 3357 ignaro
1243 3287 1600 3358 triumphum
1644 3285 1888 3357 peregit.

243 3377 444 3431 Totum
473 3375 653 3445 igitur
681 3378 909 3447 pondus
932 3377 1116 3448 praelii
1139 3378 1253 3447 jam
1277 3393 1346 3433 ex
1369 3376 1437 3432 ad
1450 3390 1614 3431 verso
1638 3388 1765 3431 esse
1794 3388 1894 3428 rex

246 3465 1068 3535 conspiciens,exhortationis
1088 3468 1275 3536 gratia
1299 3480 1439 3522 suos
1464 3464 1756 3520 allocutus
1780 3467 1889 3533 est,

249 3568 486 3609 monens
512 3568 615 3610 eos
643 3555 1013 3625 antiquarum
1048 3556 1422 3612 victoriarum
1464 3559 1522 3609 et
1570 3567 1762 3609 rerum
1808 3567 1895 3607 sc-

250 3640 387 3697 dulo
413 3643 557 3697 bene
584 3647 906 3711 gestarum,
939 3649 997 3699 et
1024 3647 1087 3700 ut
1116 3644 1284 3700 modo
1309 3645 1362 3698 in
1391 3643 1578 3714 patria
1594 3658 1705 3698 non
1733 3641 1897 3697 cede-

251 3732 401 3796 rent,
436 3729 530 3800 qui
562 3730 761 3802 sepins
790 3736 846 3786 et
879 3732 931 3786 in
957 3731 1140 3787 aliena
1166 3732 1419 3787 victores
1446 3730 1806 3793 existerent;
1835 3734 1893 3783 et

250 3821 559 3888 postquam
587 3819 916 3888 hujusmodi
948 3820 1122 3876 verba
1156 3819 1401 3891 plurima
1431 3818 1613 3887 dedit,
1649 3820 1718 3873 ad
1766 3818 1896 3873 ulti-

253 3920 403 3962 mum
421 3907 615 3963 intulit
644 3927 655 3962 :
686 3909 875 3965 Plura
902 3907 1649 3980 loquerer,militesmei,si
1670 3922 1896 3965 nossem

249 3993 440 4051 verbis
452 3995 732 4053 virtutem
744 3998 838 4053 ee!
859 3997 1179 4054 audaciam
1191 3997 1411 4053 animis
1423 3996 1640 4053 vestris
1662 3996 1891 4068 augeri,

252 4083 417 4140 modo
430 4085 643 4141 melius
658 4086 895 4156 gladiis
923 4100 1106 4157 quam
1126 4085 1356 4156 linguis
1384 4085 1766 4157 incipiamus.
1800 4087 1843 4138 ll
1852 4085 1898 4140 is

256 4172 447 4243 dictis,
479 4179 715 4244 arrepto
742 4174 932 4245 clipeo
980 4190 1045 4230 ac
1077 4190 1242 4231 sacra
1273 4175 1493 4243 lancea,
1526 4174 1647 4245 ipse
1676 4174 1897 4245 primus

255 4277 468 4332 equum
500 4262 677 4317 vertit
705 4262 761 4317 in
790 4265 1010 4334 hostes,
1044 4263 1349 4319 fortissimi
1378 4262 1581 4318 militis
1607 4278 1673 4318 ac
1695 4263 1897 4333 optimi

257 4350 627 4421 imperatoris
671 4351 917 4407 officium
960 4367 1192 4421 gerens.
1243 4352 1509 4408 Hostium
1555 4352 1901 4408 audaciores

257 4438 503 4509 primum
535 4440 904 4505 restiterunt,
934 4440 1142 4496 deinde
1169 4445 1228 4497 ut
1262 4441 1454 4497 socios
1477 4444 1641 4510 terga
1669 4445 1897 4496 vertere

1924 3167 1971 3227 C

2067 1873 2263 1928 Rebus
2297 1871 2475 1940 igitur
2508 1869 2617 1923 rite
2649 1862 3008 1935 compositis,
3054 1876 3155 1932 per
3200 1870 3425 1913 omnem
3470 1854 3641 1906 Fran-

1996 1961 2141 2017 ciam
2168 1959 2659 2027 Saxoniamqucet
2687 1954 2905 2010 vicinas
2932 1951 3383 2016 circumquaque
3406 1944 3636 2011 gentes,

1996 2052 2231 2105 Romam
2254 2046 2546 2119 proficisci
2565 2049 2851 2110 statuens,
2878 2034 3335 2106 Langobardiam
3352 2027 3629 2103 perrexit.

1997 2139 2102 2194 Ubi
2134 2117 2386 2208 qualiter
2418 2149 2608 2203 regem
2645 2127 3153 2198 Longobardornm
3203 2117 3629 2187 Berengarium,

1996 2206 2174 2285 multa
2198 2226 2341 2282 mala
2365 2240 2494 2279 cum
2522 2222 2638 2276 filio
2662 2235 2769 2275 suo
2791 2217 3105 2273 Adelberto
3127 2209 3410 2268 aecclesiis
3431 2207 3527 2262 Dei
3555 2206 3637 2260 in-

2000 2319 2300 2381 ferentem,
2338 2313 2567 2368 duobus
2590 2308 2755 2365 annis
2777 2304 3099 2371 obsederit,
3128 2304 3478 2369 captumque
3508 2307 3637 2348 cum

1996 2405 2241 2475 conjuge
2271 2406 2329 2457 et
2356 2400 2489 2454 ﬁliis
2522 2399 2576 2453 in
2609 2395 2845 2451 exilium
2882 2391 3123 2460 miserit,
3170 2391 3457 2443 Romanos
3504 2382 3645 2436 duo-

2000 2496 2106 2550 bus
2132 2491 2350 2563 pr:eliis
2370 2487 2601 2557 vicerit,
2623 2487 2802 2541 duces
2823 2484 3279 2537 Beneventorum
3296 2470 3640 2542 subjecerit,

1999 2561 2216 2637 Grecos
2240 2581 2293 2635 in
2311 2576 2573 2635 Calabria
2589 2580 2646 2629 et
2664 2572 2865 2644 Apulia
2889 2567 3276 2640 superaverit,
3293 2568 3449 2619 terra
3468 2561 3641 2613 Saxo-

2000 2672 2127 2727 nica
2161 2685 2334 2726 venas
2369 2665 2595 2735 argenti
2629 2661 2946 2735 aperuerit,
2990 2657 3294 2729 imperium
3344 2666 3472 2708 cum
3524 2648 3642 2703 filio

2000 2760 2106 2817 sibi
2139 2759 2434 2829 tUQUtVOCO
2468 2769 2636 2825 quam
2673 2750 2974 2819 magnifice
3003 2743 3355 2811 dilataverit,
3405 2737 3641 2808 majoris

2000 2854 2086 2905 est
2117 2827 2329 2919 cperis,
2379 2846 2625 2913 ideoque
2670 2838 2960 2895 conscribi
3008 2851 3117 2891 non
3162 2832 3316 2888 valet
3368 2845 3397 2885 a
3453 2827 3637 2884 nobis.

2004 2941 2255 3009 (launra.
2290 2936 2451 2991 Hist.
2481 2933 2619 3003 Ott.)
2654 2933 2765 2985 Hoc
2792 2918 3638 2985 tantumbreviternotandum,

2004 3026 2152 3097 quod
2181 3040 2210 3079 a
2237 3025 2495 3079 Iohanne
2524 3034 2671 3090 papa
2705 3016 2919 3071 litteris
2952 3012 3299 3084 suppliciter
3343 3009 3638 3073 exoratus,

2004 3094 2278 3185 quatinus
2302 3127 2406 3182 pro
2432 3123 2624 3164 amore
2648 3106 2742 3161 Dei
2768 3112 3221 3170 sanctorumque
3244 3094 3641 3169 apostolorer

2003 3184 2159 3259 Petri
2205 3206 2259 3256 et
2316 3199 2475 3255 Pauli
2526 3201 2786 3254 sanctam
2839 3195 3150 3247 Romanam
3201 3184 3524 3243 {ecclesiam
3573 3196 3642 3236 ex

2004 3292 2270 3348 faucibus
2296 3285 2625 3356 Berengarii
2660 3294 3011 3350 suorumque
3044 3278 3343 3340 liberaret,
3376 3273 3645 3328 aliorum-

2002 3398 2113 3452 que
2149 3379 2461 3435 multorum
2491 3374 2904 3445 episcoporum
2939 3367 3301 3435 alteriusque
3333 3361 3556 3418 ordinis
3585 3362 3643 3413 ct

2003 3451 2278 3526 laicorum
2314 3464 2623 3536 questibus
2670 3466 2879 3529 motus,
2929 3458 3108 3513 tilium
3158 3468 3322 3510 suum
3373 3451 3644 3506 Ottonem

2003 3564 2202 3615 contra
2235 3569 2449 3611 morem
2478 3553 2740 3624 priorum
2773 3550 2825 3602 in
2864 3545 3185 3619 puerilibus
3234 3539 3401 3596 annis
3450 3552 3643 3605 regem

2002 3646 2391 3712 constituens,
2428 3643 2481 3697 in
2526 3639 2770 3696 Saxonia
2823 3632 3157 3703 dereliquit,
3208 3630 3330 3700 ipse
3382 3624 3648 3683 collectis

2003 3732 2426 3805 copiisltaliam
2455 3729 2713 3801 percitus
2730 3725 2906 3793 venit,
2925 3718 3334 3789 Bcrengarium
3357 3730 3485 3772 cum
3512 3728 3647 3769 uxo-

2006 3839 2064 3880 re
2081 3802 2187 3879 sua
2209 3821 2380 3877 “illa
2405 3825 2464 3875 et
2487 3819 2605 3874 lilio
2624 3816 2937 3872 Adelberto
2953 3810 3214 3881 captivos
3229 3806 3566 3872 Babenberg
3591 3802 3642 3856 in

2003 3912 2237 3969 exilium
2261 3910 2437 3976 misit,
2463 3907 2556 3963 ubi
2583 3910 2638 3961 et
2666 3905 2815 3959 idem
2851 3899 3219 3968 Beringarius
3246 3895 3557 3951 defunctus
3588 3896 3648 3945 et

2005 4001 2271 4072 sepultus
2289 4001 2377 4053 est
2408 4014 2422 4061 ;
2450 3997 2570 4065 ipse
2588 4008 2729 4049 vero
2748 3994 2981 4045 Romam
3006 3986 3264 4051 veniens,
3292 3982 3536 4037 mirifico
3561 3995 3653 4050 ap-

2005 4070 2212 4161 paratu
2245 4087 2576 4155 susceptas,
2611 4086 2666 4135 et
2701 4082 2772 4135 ab
2801 4078 3003 4133 eodem
3034 4072 3358 4144 apostolico
3389 4070 3647 4125 Iohanne

2007 4174 2289 4249 imperiali
2326 4171 2597 4229 unctione
2627 4173 2686 4224 et
2716 4164 3120 4223 benedictione
3151 4160 3520 4227 sublimatus,
3548 4156 3649 4211 im-

2009 4270 2245 4340 perator
2275 4277 2332 4319 ei.
2360 4264 2643 4331 angustus
2667 4263 2752 4314 est
2797 4253 3147 4327 appellatus.
3203 4249 3515 4318 Aliquanto
3553 4261 3649 4301 au-

2011 4335 2124 4412 tem
2155 4359 2417 4423 tempore
2450 4349 2505 4404 in
2540 4346 2803 4419 partibus
2846 4344 2960 4399 illis
3009 4342 3416 4405 commoratus,
3473 4335 3648 4390 lilium

2012 4458 2179 4501 suum
2208 4422 2476 4497 Ottonei'u
2511 4436 2581 4493 ad
2613 4450 2672 4491 se
2699 4433 2896 4490 venire
2931 4432 3102 4495 fecit;
3135 4428 3231 4499 qui
3264 4432 3320 4483 et
3368 4426 3421 4480 in
3473 4422 3649 4479 natali

257 4527 551 4597 viderunt,
581 4528 968 4600 obstupefacti
991 4530 1324 4599 nostrisque
1347 4529 1691 4597 intermixti,
1716 4530 1900 4584 extiu-
1929 4525 1980 4584 D
2012 4529 2235 4587 Domini
2268 4539 2542 4584 coronam
2574 4522 2733 4591 regni
2768 4523 2840 4576 ab
2863 4518 3182 4591 apostolico
3204 4514 3450 4585 accepit.
3478 4511 3650 4566 Missa

256 4615 335 4671 cti
364 4620 519 4671 sunt.
553 4617 890 4672 Ccterorum
920 4631 1057 4672 vero
1085 4616 1181 4671 alii
1208 4618 1376 4689 cquis
1427 4619 1687 4689 fatigatis
1735 4617 1902 4673 villas

258 4703 552 4774 proximas
580 4704 817 4773 intrant,
855 4704 1310 4776 circumfusique
1338 4707 1598 4773 armatis,
1625 4722 1903 4763 cummae-

258 4790 431 4846 nibus
458 4790 678 4860 pariter
711 4794 1179 4862 coneremantur,
1211 4792 1305 4848 alii
1332 4793 1541 4849 flumen
1564 4795 1902 4864 contiguum

256 4880 717 4945 transnatantes,
753 4878 886 4934 dum
923 4880 1044 4950 ripa
1077 4879 1320 4936 ulterior
1367 4882 1752 4938 ascendentes
1793 4898 1902 4938 non

260 4965 534 5037 sustinet,
567 4967 799 5022 [lumine
827 4968 1222 5024 obvolvuntur
1252 4974 1308 5022 et
1335 4973 1599 5040 pereunt.
1624 4972 1907 5027 Cliuonra-

260 5053 371 5109 dus
425 5059 617 5108 autem
648 5055 763 5110 dux
793 5056 1026 5110 fortiter
1054 5071 1334 5127 pugnans,
1362 5056 1530 5112 animi
1571 5058 1797 5114 fervore
1846 5065 1902 5114 et

258 5140 406 5197 solis
433 5141 661 5211 ardore,
694 5142 790 5211 qui
817 5157 885 5196 eo
914 5142 1006 5198 die
1034 5143 1245 5199 nimius
1266 5148 1413 5213 erat,
1448 5146 1736 5213 aestuavit,
1787 5147 1906 5201 vin-

258 5229 528 5300 culisque
542 5229 736 5285 loricze
751 5230 983 5300 solutis,
1008 5232 1139 5287 dum
1157 5246 1355 5287 auram
1369 5233 1646 5304 captavit,
1664 5234 1906 5291 vulnere

260 5315 494 5387 sagittae
526 5317 582 5372 in
609 5316 857 5372 adverso
905 5320 1166 5388 gutturis
1205 5318 1407 5375 defixae
1452 5321 1684 5377 cecidit.
1730 5323 1907 5393 Cujus

257 5419 474 5475 corpus
505 5403 746 5475 imperio
776 5406 929 5475 regis
980 5407 1299 5462 honorifice
1343 5407 1673 5479 collectum,
1720 5413 1908 5467 trans-

2014 4615 2492 4685 etiamlegatione
2526 4607 3109 4680 ConstantinOpolim,
3138 4606 3311 4660 tiliam
3341 4603 3652 4672 imperato-

2015 4704 2454 4775 risTheophanu
2470 4700 2698 4756 nomine
2716 4699 2847 4754 inde
2861 4696 3105 4766 accepit,
3128 4708 3317 4764 quam,
3334 4686 3652 4746 celebratis

2015 4796 2071 4850 in
2103 4793 2266 4849 Italia
2299 4790 2543 4861 nuptiis,
2575 4788 2763 4844 eidem
2789 4786 2906 4841 tilio
2925 4800 3030 4842 suo
3054 4779 3353 4851 conjunxit
3373 4778 3467 4847 (cf.
3509 4775 3649 4830 (11w.

2028 4882 2133 4952 W.,
2172 4882 2400 4937 Inuera.
2438 4878 2476 4934 ι.
2513 4878 2551 4932 ι.
2576 4875 2822 4930 —Wm.
2859 4889 2939 4942 Ill,
2975 4872 3179 4939 ’ΤΟ-73).

2088 4951 2267 5043 (Win.
2302 4984 2382 5037 m,
2415 4971 2503 5035 75,
2551 4966 2666 5036 '76.)
2716 4965 2855 5019 Post
2901 4963 3022 5017 inec
3048 4970 3356 5027 regressus
3388 4953 3457 5007 de
3487 4951 3651 5006 Italia

2016 5060 2336 5129 imperator
2367 5056 2505 5110 Otto
2534 5068 2659 5108 cum
2694 5051 2814 5105 filio
2848 5050 3025 5104 re'rc’.
3063 5044 3301 5099 Calliam
3352 5042 3654 5110 ingressus

2016 5140 2858 5214 eet,indeGermaniamtransi!
2882 5154 2981 5192 "ru
3000 5133 3423 5205 ‘IUMPA'JXianln
3443 5129 3653 5200 pascha

2017 5233 2485 5302 Quitilingaburg
2516 5228 2945 5294 celebraturus,
2980 5225 3209 5279 Manens
3240 5225 3431 5277 autem
3452 5218 3531 5272 ibi
3560 5217 3658 5272 de-

2016 5338 2139 5379 cem
2165 5327 2222 5379 et
2248 5325 2469 5391 septem
2491 5317 2716 5385 diebus,
2745 5312 3045 5370 descendit
3068 5311 3222 5381 inde,
3256 5308 3655 5365 ascensionem

2015 5411 2242 5466 Domini
2274 5408 2425 5480 apud
2459 5406 2793 5476 Maresburg
2823 5402 3252 5460 celebraturus.
3285 5398 3487 5457 Tercia
3517 5410 3656 5455 vero

1621 5509 1858 5565 VARI/l3
1898 5509 1983 5567 LE
1994 5508 2301 5569 CTIONES.

334 5569 424 5604 ⁸⁸³⁷
444 5571 784 5643 junctantes
815 5580 860 5629 1.
960 5574 1049 5609 ³⁸³⁸
1080 5576 1525 5647 circuentesque
1556 5584 1604 5634 1.
