3972 6042
117 151 227 213 929

994 145 1429 209 CHRONICA.
1462 181 1542 191 --
1570 138 2644 243 CHRONICONOUNIVERSALE.

3424 145 3543 208 930

145 300 275 342 num
304 284 586 340 bonorum
618 281 873 338 omnium
900 281 1164 338 datorem
1197 281 1410 337 habere
1427 280 1641 349 delegit
1673 280 1765 333 ha-
1802 281 1854 337 Α.
1891 292 2035 348 sque
2088 281 2179 333 est
2234 274 2571 349 Babenberg
2620 275 2672 331 in
2722 276 3035 348 epyscopio
3075 293 3102 334 a
3145 294 3208 336 se
3262 282 3435 353 facto,
3482 300 3536 340 m

124 374 332 442 redem,
367 377 648 441 sextoque
683 371 844 440 regni
880 371 967 426 sui
1002 386 1151 426 anno
1185 370 1431 441 sapienti
1464 369 1553 401 “‘6
1582 370 1771 425 censi-

129 464 199 519 lio
226 463 624 533 episcopatum
670 462 1009 529 Babenberg
1038 461 1090 514 in
1125 462 1340 514 limior.)
1384 460 1566 515 sancti
1614 459 1770 514 Petri
1818 500 1835 527 ,

123 552 418 621 sanctique
449 551 675 619 Georgii
710 550 1044 619 constituit,
1085 549 1390 619 locumque
1426 550 1611 620 ipsum
1645 565 1773 618 pre-

124 640 341 695 diorum
384 639 604 694 divitiis
634 642 693 693 et
736 637 888 691 omni
930 644 1172 692 ornatus
1216 637 1447 705 decore,
1488 644 1549 691 ut
1584 638 1772 706 inpre-

124 728 438 783 seutiarum
481 727 761 795 cernitur,
808 726 1216 795 copiosissime
1258 726 1465 780 ditavit
1501 728 1672 795 (237).
1710 725 1766 778 1n

124 816 435 871 meridiana
476 830 707 885 quoque
749 819 916 885 parte
960 815 1222 869 civitatis
1264 814 1679 869 monasterium
1716 814 1769 867 in

124 904 340 959 honore
378 903 561 958 sancti
605 903 881 972 Stephani
927 903 1376 973 protomartyris
1419 903 1528 957 sub
1571 901 1772 956 ordine

124 992 403 1049 canonico
435 996 806 1061 construens,
844 1007 915 1046 ex
947 991 1135 1046 altera
1178 1006 1347 1059 vero,
1388 992 1494 1045 hec
1525 997 1609 1046 est
1646 990 1773 1058 aqui

126 1080 335 1149 lonari,
361 1080 516 1136 aliud
555 1080 969 1135 monasterium
1004 1081 1113 1135 sub
1148 1079 1453 1134 monachili
1488 1079 1683 1147 regula
1718 1079 1772 1133 in

140 1171 361 1226 honore
397 1170 583 1225 sancti
615 1169 950 1225 Michahelis
1002 1169 1330 1237 archangeli
1368 1169 1673 1238 sanctique
1700 1170 1774 1223 Bc

132 1259 349 1314 nedicti
376 1258 604 1313 abbatis
627 1258 1016 1326 constituens,
1042 1257 1152 1312 sibi
1180 1273 1415 1327 suicqnc
1437 1257 1658 1311 civitati
1685 1273 1777 1313 su-

128 1363 230 1417 pra
258 1351 481 1417 petram
509 1346 849 1416 BDOSlOliCtD
876 1346 1170 1400 firmitatis
1197 1346 1469 1414 fundatze,
1498 1360 1776 1415 muroque

128 1439 183 1489 et
211 1433 668 1505 propugnaculis
702 1434 1041 1489 meritorum
1077 1434 1261 1488 sancti
1296 1434 1521 1503 Georgii
1554 1439 1777 1489 cetero-

125 1538 369 1593 rumque
403 1527 739 1577 sanctorum
770 1522 1005 1577 munitze
1030 1536 1094 1576 ac
1119 1526 1435 1590 exornatae,
1461 1528 1659 1577 contra
1698 1523 1777 1577 in-

124 1611 393 1666 centivos
443 1610 714 1665 vitiorum
760 1610 1018 1678 jactatus
1063 1610 1273 1664 turrim
1328 1610 1689 1666 fortitudinis
1720 1611 1770 1665 in
1808 1629 1857 1685 Β

121 1697 434 1768 Stephano,
472 1702 527 1752 et
564 1700 765 1752 contra
802 1697 1149 1765 refrigerant
1194 1712 1220 1750 s
1254 1697 1426 1750 flatus
1460 1697 1638 1764 illius,
1676 1698 1772 1767 qui

127 1785 179 1840 in
204 1785 499 1856 aquilone,
526 1785 677 1841 unde
701 1784 909 1840 malum
931 1800 1097 1839 omne
1124 1785 1430 1854 pandetur,
1456 1786 1651 1840 sedem
1675 1800 1776 1856 p0-

121 1886 257 1928 nere
284 1872 597 1943 disposuit,
631 1873 917 1941 refugium
948 1878 1169 1927 certum
1196 1873 1249 1926 in
1276 1873 1536 1940 angelico
1572 1888 1774 1943 prepa-

121 1963 271 2018 ravit
306 1962 565 2033 presidio
598 1963 766 2034 (238),
800 1966 917 2017 uta
943 1961 1169 2016 dextris
1191 1966 1249 2016 et
1272 1976 1300 2015 a
1327 1962 1579 2017 sinistris
1604 1962 1774 2031 justi-

120 2051 223 2106 cizc
247 2050 426 2107 armis
447 2050 679 2106 vallatze
704 2051 759 2105 in
786 2050 945 2105 nullo
970 2050 1216 2105 sufficiat
1241 2050 1549 2104 insidiator
1573 2064 1773 2120 preva-

121 2137 259 2194 Iere.
300 2139 444 2194 Aliis
474 2153 703 2208 quoque
735 2141 1069 2193 sanctorum
1096 2137 1240 2193 locis
1266 2153 1366 2208 per
1390 2139 1548 2205 regni
1580 2137 1774 2192 latitu-

119 2227 307 2282 dinem
353 2244 462 2283 non
506 2228 711 2296 minus,
761 2232 937 2298 prout
973 2240 1121 2298 opus
1165 2233 1311 2295 erat,
1364 2225 1772 2282 munificentiae

116 2333 235 2374 suae
268 2316 590 2387 impertivit
622 2315 975 2385 largitatem,
1025 2316 1287 2385 quaedam
1321 2314 1541 2385 dilapsa
1567 2315 1681 2384 jam
1716 2314 1771 2369 in

116 2406 329 2462 melius
367 2407 707 2476 restituens,
745 2405 1088 2475 quibusdam
1120 2420 1246 2474 quae
1278 2404 1466 2459 minus
1498 2403 1774 2474 subpete-

116 2494 255 2548 bant
281 2493 588 2563 adjiciens.
616 2493 787 2562 Regis
807 2497 998 2547 autem
1024 2493 1206 2547 frater
1229 2497 1357 2547 erat
1382 2494 1555 2559 Brun,
1583 2495 1774 2560 Augu-

113 2581 337 2636 stcnsis
366 2582 523 2636 sedis
545 2582 871 2651 episcopus,
901 2582 995 2650 qui
1028 2580 1294 2636 felicibus
1318 2580 1519 2635 fratris
1540 2579 1771 2634 actibus

114 2668 408 2738 invidens,
450 2670 662 2725 multas
691 2669 742 2724 ei
777 2670 1197 2725 adversitatum
1233 2669 1475 2739 injurias
1508 2668 1563 2723 in
1597 2682 1774 2738 quan-

118 2763 240 2813 tum
282 2758 476 2828 potuit
522 2758 828 2826 inferebat,
868 2762 923 2813 et
959 2760 981 2782 *
1014 2758 1106 2813 ubi
1141 2773 1244 2827 per
1278 2772 1337 2811 se
1370 2772 1479 2812 non
1514 2760 1770 2827 poterat,

119 2846 514 2902 inferentibus
544 2861 605 2902 se
638 2846 1010 2915 adjungebat,
1047 2847 1137 2901 vel
1170 2846 1315 2901 alios
1344 2845 1413 2900 ad
1444 2845 1772 2901 infcrendas

118 2934 511 3005 exhortando,
539 2934 809 2990 stimulos
831 2934 915 2989 eis
934 2934 1294 2989 incitationis
1315 2935 1641 3002 subigebat.
1671 2934 1771 2990 Cui

118 3022 306 3079 frater
357 3038 469 3078 non
521 3023 709 3079 solum
768 3023 1042 3077 talionem
1087 3038 1194 3076 ne:
1248 3023 1522 3092 reddidit,
1574 3038 1771 3078 verum

113 3112 294 3167 etiam
322 3112 580 3167 fraterna
604 3114 650 3135 "
672 3111 1002 3167 instructus
1036 3111 1367 3180 dilectione,
1391 3112 1579 3166 omnia
1604 3111 1774 3167 dissi-

114 3198 396 3255 mulando
417 3204 477 3254 et
495 3200 789 3269 patienter
809 3199 1175 3269 sustinendo,
1194 3198 1353 3253 illum
1373 3200 1520 3255 bono
1541 3200 1773 3255 vincere

110 3287 444 3357 satagebat.
492 3290 707 3343 Horum
750 3303 1034 3356 sororem,
1081 3289 1245 3343 bonae
1282 3288 1574 3344 memoriae
1620 3288 1774 3342 femi-

108 3389 265 3444 nam,
292 3366 545 3429 GiSelam
565 3373 673 3445 “‘7,
696 3389 795 3429 rex
818 3374 1197 3443 Ungariorum
1220 3374 1317 3444 qui
1348 3375 1416 3397 ἠ
1449 3374 1775 3444 Stephanus

107 3463 433 3520 dicebatur
466 3463 521 3518 in
554 3461 884 3532 conjugium
926 3462 1230 3534 expetivit,
1269 3463 1370 3517 sed
1403 3477 1528 3518 eam
1557 3461 1647 3494 “‘3
1676 3462 1775 3518 du-

108 3567 248 3609 eere
281 3567 400 3608 non
435 3551 779 3623 promeruit,
821 3552 1002 3606 donec
1025 3567 1085 3607 se
1108 3551 1444 3607 christianze
1476 3550 1775 3619 religionis

109 3641 454 3699 rudimenta
501 3645 557 3696 et
610 3640 762 3695 sacri
816 3640 1184 3710 baptismatis
1236 3644 1596 3695 sacramenta
1644 3654 1774 3694 cum

111 3729 270 3785 omni
300 3732 483 3799 gente
506 3741 610 3783 sua
635 3731 1045 3798 suscepturum
1081 3727 1363 3797 promisit.
1400 3727 1579 3792 Quam
1612 3724 1776 3797 polli-

112 3818 467 3874 citationem
501 3814 598 3872 ubi
637 3815 811 3870 rebus
863 3814 1130 3886 perfecit,
1185 3814 1495 3883 religiosus
1544 3817 1776 3884 Deoque

111 3906 370 3964 devotus
415 3907 623 3976 postea
675 3903 730 3959 in
779 3903 1154 3958 exsecutione
1206 3901 1489 3958 bonorum
1538 3917 1776 3972 operum

112 3993 481 4065 permansit;
506 3991 662 4063 quod
681 3990 872 4046 divina
893 3990 1081 4061 pietas
1101 3995 1236 4060 post
1256 3992 1501 4044 mortem
1520 3989 1645 4058 ejus
1664 3990 1781 4046 evi-

111 4083 400 4141 dentibus
446 4080 700 4151 indiciis,
733 4079 804 4136 ad
837 4078 1197 4151 sepulturam
1226 4079 1352 4148 ejus
1382 4078 1551 4134 factis
1589 4079 1781 4149 signo-

110 4187 240 4230 rum
300 4169 631 4240 miraculis,
686 4168 1129 4225 demonstravit.
1179 4199 1247 4207 —
1295 4168 1418 4223 Rex
1458 4168 1552 4189 ““
1586 4173 1779 4225 autem

108 4261 461 4328 Heinricus,
490 4262 797 4329 postquam
830 4258 996 4313 bona:
1028 4255 1322 4328 opinionis
1346 4254 1585 4311 odorem
1610 4255 1779 4327 longe

109 4348 352 4420 lateque
397 4346 672 4405 redolere
723 4346 941 4401 fecerat
989 4344 1297 4414 locumque
1344 4342 1454 4398 sibi
1502 4342 1778 4399 dilectum
1808 4333 1862 4393 D

108 4452 243 4493 cum
265 4434 507 4492 ceteris
530 4433 900 4490 monasteriis
918 4433 1155 4489 ditando
1178 4437 1239 4487 et
1259 4430 1519 4487 ornando
1537 4435 1595 4486 et
1613 4446 1781 4486 exco-

111 4524 289 4582 lendo
330 4524 407 4580 ad
458 4522 780 4593 perfectum
833 4521 1177 4591 adduxerat,
1233 4520 1426 4576 divina
1477 4519 1781 4576 vocatione

110 4615 264 4671 viam
298 4612 604 4670 universas
643 4610 838 4665 carnis
879 4610 1198 4679 ingressus,
1235 4611 1349 4666 Deo
1382 4607 1639 4663 reddidit
1666 4608 1783 4663 ani-

113 4717 268 4759 mam
294 4699 578 4769 feliciter,
606 4703 669 4755 ut
692 4697 1002 4766 credimus,
1030 4700 1079 4752 3.
1107 4697 1245 4752 Idus
1264 4695 1421 4767 Julii,
1449 4710 1596 4750 anno
1621 4694 1784 4765 regni

115 4792 206 4848 sui
230 4793 354 4861 240,
391 4786 624 4859 imperii
657 4790 851 4842 autem
888 4790 1001 4855 11°,
1034 4784 1168 4842 vitai
1200 4799 1338 4841 vero
1370 4790 1485 4854 52°,
1523 4784 1785 4855 sepultu-

1805 2980 1854 3041 C

1888 366 2073 421 sancti
2109 365 2259 420 Petri
2296 365 2545 435 apostoli
2594 365 2965 420 monasterio.

2102 459 2120 476 '
2154 458 2211 509 et
2234 487 2301 493 —
2324 455 2626 523 subigebat
2662 454 2874 510 desum!
2907 457 2963 509 E.

2038 545 2120 619 ,“
2155 544 2424 619 fraternae
2443 542 2773 619 (lilv‘ctiouis
2790 547 2851 619 et
2873 544 3176 613 patiencize
3201 546 3355 602 bono
3378 547 3537 604 illum

2170 614 2399 667 vincere
2430 612 2676 667 studuit.
2714 615 2774 666 Ι).
2812 616 2870 668 Ε.

2158 693 2258 816 ριιέ
2296 696 2497 818 ιίἳὸἓέἱι
2538 693 2865 762 Stephanus
2914 694 2965 747 in
3014 695 3301 766 baptismo
3338 697 3535 754 dictus

2168 778 2231 818 es
2268 804 2279 816 .
2364 805 2375 817 .
2455 804 2465 816 .

2168 778 2279 818 CSL.
2314 778 2375 818 U.
2408 778 2465 817 Β.

2017 854 2112 874 "“
2147 854 2265 928 Rex
2286 882 2352 892 -ι
2376 852 2727 928 monasterio
2752 852 2966 909 desunt
2989 852 3093 910 hoc
3116 854 3236 911 loco
3260 858 3319 911 E.
3348 857 3423 928 (υ.
3450 858 3545 915 in-

2158 922 2273 997 fra
2301 938 2356 978 (ι.
2398 926 2576 993 1024.)

1958 1018 2007 1065 2.
2058 1010 2222 1080 (Cler.
2283 1012 2387 1078 lli)
2432 1013 2492 1065 Α.
2532 1014 2587 1064 fl.
2626 1015 2781 1065 1002.
2829 1012 3133 1068 lleinricus
3174 1027 3273 1069 rex
3317 1016 3538 1072 Heinri-

1887 1114 2015 1154 cum
2080 1099 2465 1154 marchionem
2517 1104 2575 1154 et
2635 1100 2778 1154 alios
2838 1100 2945 1156 sibi
3004 1100 3353 1159 resistentes
3407 1119 3537 1161 cum

1888 1187 2151 1242 exercitu
2198 1186 2365 1256 petit.

1959 1281 2008 1329 3.
2046 1285 2107 1329 Α.
2145 1278 2203 1329 D.
2244 1278 2401 1330 1003.
2446 1274 2750 1331 lieinricus
2794 1291 2892 1331 rex
2938 1275 3181 1348 Italiam,
3228 1279 3536 1351 Boemiam,

1891 1362 2204 1418 Bolizlaum
2246 1363 2453 1419 ducem
2482 1378 2610 1418 cum
2644 1362 2795 1418 omni
2829 1364 3167 1420 Sclavorum
3200 1370 3374 1435 gente
3408 1367 3541 1424 sub-

1882 1450 2127 1521 jugavit.

1962 1545 2010 1596 4.
2048 1544 2110 1595 Α.
2146 1542 2207 1595 D.
2246 1544 2399 1596 1004.
2438 1542 2635 1597 Fames
2667 1543 2686 1563 ‘
2719 1556 2919 1609 magna
2955 1540 3045 1574 “‘9
3078 1543 3226 1597 facta
3258 1548 3345 1599 est
3376 1546 3443 1599 “.

2030 1632 2049 1653 *
2080 1632 2139 1683 D.
2178 1631 2237 1684 Ε.
2266 1649 2277 1683 :
2307 1632 2573 1684 Cometes
2605 1628 2775 1697 longe
2796 1633 3060 1697 tempore
3092 1637 3355 1700 apparet,
3380 1637 3444 1688 et
3464 1633 3541 1687 fa-

2102 1674 2874 1768 mes.validavsubsequ’itur.
2914 1674 3537 1759 iiéiﬁri‘éu‘s‘VEleiiiiE-

2101 1785 2204 1825 nas
2242 1804 2281 1809 —
2320 1771 2646 1845 invaserat:
2668 1770 2773 1845 Qui
2802 1770 3047 1845 gratiam
3089 1772 3246 1845 regis
3271 1778 3327 1828 et
3355 1774 3539 1845 ipsum

2098 1842 2440 1917 castrumin
2469 1842 2813 1917 beneficium
2844 1841 2953 1896 sibi
2988 1842 3109 1896 dari
3143 1841 3390 1912 pecunia
3411 1860 3542 1917 pro-

2097 1913 2325 1967 meruit.
2360 1913 2425 1965 ‘1
2456 1925 2530 1967 ea:
2565 1911 2771 1983 .S'igeb.
2811 1927 2867 1967 α.
2910 1918 3060 1979 1006,
3098 1918 3255 1968 1007.

2015 2002 2061 2023 "
2094 2004 2206 2054 5-—
2245 2005 2298 2053 11
2327 2000 2559 2073 addunt
2590 2019 2611 2073 :7
2640 2001 2906 2073 Cometes
2949 1999 3123 2070 longo
3155 1999 3245 2034 “5°
3277 2007 3541 2073 tempore

1994 2133 1999 2136 _
2100 2070 2397 2141 apparuit.
2437 2083 2511 2125 ea:
2538 2070 2750 2141 Sigeb.

2025 2158 2112 2227 *1)
2148 2159 2239 2213 Et.
2292 2156 2445 2223 (alia
2472 2160 2677 2227 manu)
2728 2158 2787 2213 et
2829 2163 2863 2212 2
2910 2158 3181 2215 addunt:
3218 2159 3539 2218 Gisilherus

2099 2229 2205 2281 ΙΙυε
2236 2228 2453 2296 Magad.
2498 2227 2973 2299 archiepiscopus
3010 2230 3177 2286 obiit.

1954 2321 2005 2371 5.
2043 2319 2109 2372 A.
2143 2319 2203 2372 D.
2252 2322 2385 2372 1005
2414 2320 2463 2371 *.

2025 2408 2046 2428 ‘
2078 2407 2140 2459 D.
2174 2407 2232 2481 Ε.
2259 2406 2537 2481 Αιιιίςίιιηίε
2565 2406 2907 2477 Ilelpericus
2929 2437 2995 2446 -
3017 2407 3270 2477 compoti
3296 2408 3539 2481 scripsit

2095 2490 2169 2530 ex
2192 2476 2407 2546 Sigeb.

1955 2566 2006 2618 6.
2053 2564 2115 2617 Α.
2162 2566 2232 2618 'D.
2284 2563 2436 2619 1006.
2473 2567 2491 2586 '
2524 2565 2908 2636 EpyscOpium
2951 2566 3290 2636 Babenberg
3331 2581 3360 2622 a
3401 2581 3538 2639 rege

1886 2650 2155 2707 lleinrico
2181 2652 2582 2722 constituitur,
2618 2658 2674 2708 ct
2705 2653 3079 2710 Eberhardus
3111 2654 3190 2709 ibi
3220 2655 3534 2727 episCOpus

1888 2740 2208 2811 preficitur.

2028 2830 2049 2853 "
2077 2831 2138 2883 Ι).
2192 2830 2251 2883 Ε.
2287 2829 2562 2886 addunt:
2600 2831 2969 2887 Burchardus
3018 2830 3323 2888 ordinatur
3374 2834 3536 2888 Wor-

2101 2901 2292 2973 ma_ti:e
2333 2900 2666 2971 episcopus,
2709 2902 2804 2972 qui
2838 2933 2904 2943 —-
2935 2901 3299 2973 defloratum,
3335 2917 3409 2958 ea:
3435 2904 3539 2960 Si-

2093 2971 2221 3040 yeb.
2254 2986 2310 3027 α.
2350 2975 2505 3027 1008.

1956 3065 2006 3114 7.
2044 3063 2106 3115 Α.
2150 3061 2211 3113 Ι).
2257 3064 2393 3114 1007
2431 3062 2471 3113 ”.

2026 3150 2047 3170 ⁶
2087 3149 2149 3201 Ι).
2204 3148 2270 3218 E.
2316 3147 2549 3203 addunt
2581 3165 2593 3203 :
2628 3147 2891 3218 Eclypsis
2921 3145 3010 3180 “‘1
3048 3179 3095 3188 ο-

2095 3217 2298 3289 Sigeb.
2325 3232 2379 3274 α.
2412 3222 2566 3273 1009.

1955 3309 2005 3359 8.
2045 3307 2107 3359 Α.
2145 3306 2205 3360 D.
2245 3309 2398 3362 1008.
2454 3306 2625 3374 Brun,
2680 3304 2990 3376 episcopus
3036 3320 3109 3361 ex
3162 3306 3465 3374 monacho,
3509 3320 3541 3361 a

1888 3394 2091 3449 Prucis
2124 3392 2322 3450 multis
2354 3393 2658 3464 suppliciis
2692 3394 2962 3464 afflictus,
2997 3400 3056 3450 et
3089 3395 3356 3452 manibus
3387 3394 3545 3467 pedi-

1889 3478 2113 3550 busque
2165 3481 2432 3549 abscisis,
2494 3485 2786 3550 postremo
2834 3482 3027 3552 capite
3078 3481 3301 3552 plexus,
3354 3482 3541 3539 cmlos

1890 3568 2077 3639 petiit.
2102 3599 2169 3607 —
2195 3569 2565 3625 Eberhardus
2594 3572 2615 3591 '
2646 3568 2958 3640 episcOpus
2988 3569 3314 3626 ordinatur.

2028 3658 2048 3679 *
2076 3657 2136 3711 E.
2170 3673 2221 3711 e.
2248 3672 2299 3711 ο.
2333 3657 2546 3713 desunt
2563 3659 2625 3713 D.
2661 3658 2720 3712 E.

1958 3749 2048 3800 10.
2086 3747 2149 3800 A.
2184 3746 2248 3798 Ι).
2284 3750 2424 3800 1010
2457 3747 2504 3799 '.

2027 3835 2049 3856 ‘
2080 3833 2140 3885 D.
2178 3833 2237 3886 E.
2281 3832 2503 3906 addant
2534 3851 2544 3884 :
2575 3832 2967 3906 Theodericus
3005 3832 3381 3906 Mettensium
3419 3833 3546 3906 cpi-

2105 3918 2337 3972 scopus,
2385 3903 2581 3957 dotem
2614 3908 2671 3956 et
2709 3902 3117 3972 patrimonium
3151 3904 3365 3973 regina
3398 3902 3547 3961 Cliu-

2102 3973 2396 4042 nigundis,
2443 3989 2570 4042 quae
2613 3988 2785 4028 soror
2815 3978 2941 4028 erat
2972 3988 3095 4042 sua,
3131 3974 3411 4031 :ecclesiae
3442 3976 3546 4030 Ba-

2105 4044 2501 4115 benbcrgensi
2527 4058 2556 4097 a
2589 4057 2726 4113 rege
2757 4043 3038 4114 delegari,
3078 4044 3304 4115 dolens,
3337 4051 3543 4103 contra

2103 4115 2293 4186 ipsum
2326 4114 2593 4169 rebellat.

1964 4209 2047 4260 11.
2084 4205 2146 4259 A.
2182 4204 2243 4258 D.
2280 4206 2413 4258 1011
2461 4202 2509 4258 “.

2033 4294 2055 4315 *
2075 4293 2136 4346 D.
2161 4292 2219 4346 Ε.
2244 4296 2274 4346 5
2294 4320 2363 4330 —-
2383 4294 2438 4345 11
2466 4287 2729 4345 addunt:
2755 4289 3061 4349 Heinricus
3085 4307 3187 4348 rex
3209 4291 3429 4349 Mettim
3457 4289 3547 4325 “”

2108 4364 2307 4435 urbem
2338 4361 2589 4429 obsidet,
2624 4360 2820 4435 donec
2841 4364 3131 4435 mediante
3159 4364 3402 4434 juﬂicia
3434 4377 3546 4435 pax

2107 4433 2260 4488 inter
2290 4448 2389 4488 eos
2423 4432 2829 4504 convenitcf.
2862 4434 3066 4504 Sigeb.
3102 4432 3348 4491 (1.1009.
3382 4432 3449 4490 DI
3480 4435 3541 4489 Ε.

2092 4505 2392 4574 pergunt:
2421 4506 2577 4558 [nter
2618 4502 2837 4558 milites
2882 4502 3134 4561 Baldrici
3177 4505 3547 4563 Leodicensis

2105 4573 2371 4651 epiScopi
2409 4589 2478 4651 eo
2517 4579 2791 4651 presente
2833 4577 2889 4629 et
2930 4576 3300 4651 haiiibertum
3333 4575 3423 4609 1‘”
3452 4591 3548 4651 co-

2107 4644 2760 4717 mitem’Lovaniensem
2810 4647 2964 4717 apud
3013 4646 3210 4702 villam
3259 4647 3549 4717 Hugardis

2108 4714 2320 4789 dictam
2356 4716 2558 4785 proelio
2581 4714 2884 4789 conserto,
2930 4717 3244 4789 epiSCOpus
3278 4714 3549 4773 —'infor-

2107 4784 2290 4855 tunio,
2322 4784 2396 4843 ea;
2419 4787 2625 4859 Sigeb.
2657 4802 2712 4846 α.
2751 4784 2906 4844 1013.

3139 3148 3414 3218 secunda,
3466 3161 3543 3206 ea:

1504 4908 1740 4964 VARLE
1772 4907 2174 4966 LECTIONES.

190 5038 288 5073 1446
318 5052 369 5095 3.
407 5049 553 5094 usus
582 5033 642 5091 Ε,
721 5032 811 5067 “‘7
840 5033 910 5091 ἰφι
938 5030 1293 5102 φηαγθίπβέι

114 5125 234 5186 pus
267 5113 360 5167 10.
398 5109 489 5165 11.
569 5102 658 5140 1‘“
684 5103 972 5178 Eclypsis
1000 5104 1097 5160 D1.

1375 5028 1464 5063 “‘3
1495 5044 1624 5086 eum
1659 5036 1706 5087 1.
1787 5036 1837 5088 5.
1874 5045 2025 5090 corr.
2070 5046 2194 5088 eam
2228 5034 2311 5087 10.
2394 5028 2485 5062 1‘“
2515 5030 2679 5088 deest
2703 5036 2789 5087 10-
2828 5037 2913 5090 11-

1184 5099 1275 5136 "“
1304 5105 1653 5160 mettensem
1684 5107 1737 5159 5.
1772 5107 1990 5161 metum
2018 5106 2105 5162 10.
2138 5105 2222 5160 11.
2303 5098 2393 5136 “”
2424 5100 2774 5174 lampertum
2802 5104 2901 5162 E1.

2995 5034 3085 5069 “'0
3126 5034 3363 5106 longum
3400 5036 3544 5093 tem-

1731 5226 1957 5285 NOTE.

198 5354 356 5429 (237)
378 5352 478 5429 _Cf.
514 5348 1147 5429 Vitam_He_inrici_Vol.
1184 5349 1254 5429 ιγ
1285 5347 1522 5429 editam,
1557 5348 1725 5429 cujus

127 5418 347 5484 auctor
376 5425 510 5483 haec
535 5423 873 5498 exscripsit,
910 5421 1015 5483 sed
1038 5419 1257 5482 chartis
1278 5418 1523 5493 aliisque
1547 5420 1724 5479 docu-

1869 5351 2081 5408 mentis
2121 5348 2461 5409 illustravit.

1940 5421 2091 5499 (238)
2121 5421 2160 5479 i.
2193 5437 2243 5482 θ.
2280 5419 2465 5481 sancti
2495 5417 2811 5485 Michaelis.
