3994 6062
173 311 324 370 Anni
353 310 446 348 1‘"
477 308 804 370 Cbuonardi
834 309 911 368 ll.

249 441 412 496 Anno
429 438 740 496 Dominicze
768 437 1186 494 incarnationis
1231 441 1385 504 1025,
1413 437 1483 492 ab
1512 437 1661 491 Urbe
1690 449 1825 491 con-

173 526 296 583 dita
331 530 486 598 1776,
521 525 922 586 Chuonradus.
971 541 1040 580 ex
1071 526 1232 596 regni
1270 525 1625 598 primoribus
1656 540 1820 594 unus,

171 615 280 672 sed
312 629 490 686 regno
523 621 690 672 antea
725 630 831 686 per
861 614 1297 671 rebellationem
1331 614 1636 684 adversus,
1673 613 1826 686 prin-

172 705 410 776 eipibus
437 722 542 778 pro
583 707 710 776 ejus
755 705 1039 762 electione
1089 703 1538 773 dissidentibus,
1573 705 1826 760 Aribone

172 797 371 849 autem
394 794 722 864 Mogontino
736 794 1250 865 archiepiscopoet
1266 793 1600 850 Eberhardo
1615 793 1828 849 Baben-

173 882 446 952 bergensi
473 881 706 954 presule
727 882 840 940 sibi
862 881 1209 952 faventibus,
1226 884 1322 937 85°
1339 879 1438 956 :“0
1460 882 1590 940 loco
1619 883 1690 938 ab
1724 886 1828 940 Au-

169 976 366 1040 gusto,
403 985 643 1041 regnum
692 973 981 1043 suscepit,
1015 976 1072 1028 et
1105 972 1268 1028 annis
1303 977 1363 1028 15
1395 975 1687 1042 regnavit.
1729 977 1829 1032 Su-

172 1058 452 1117 blimatus
511 1066 700 1118 autem
736 1061 790 1116 in
842 1061 1002 1131 regni
1044 1060 1203 1130 sede,
1259 1061 1508 1118 consilio
1541 1051 1829 1121 Brunonis

170 1149 437 1221 episcopi
468 1151 876 1221 Augustensis,
910 1150 1108 1206 fratris
1139 1151 1394 1207 Heinrici
1428 1151 1823 1225 imperatoris,

173 1238 274 1309 qui
297 1252 545 1310 semper,
569 1244 630 1296 ut
657 1254 830 1310 supra
856 1238 1072 1295 dictum
1097 1243 1209 1310 est,
1247 1239 1514 1298 felicibus
1537 1241 1663 1310 ejus
1688 1243 1827 1299 invi-

171 1326 350 1384 debat
374 1328 624 1398 actibus,
649 1329 1191 1398 Babenbergensem
1216 1335 1634 1401 epyscopatum
1655 1332 1830 1387 medi-

173 1415 412 1473 tabatur
430 1418 758 1488 destruere,
777 1417 908 1488 quia
927 1417 1077 1473 idem
1103 1419 1254 1474 Brun
1279 1418 1591 1490 episcopus
1613 1420 1828 1490 promi-

172 1504 249 1560 sit
275 1506 491 1574 reginze
521 1505 747 1574 Giselae,
774 1505 961 1562 omnia
984 1505 1184 1576 predia
1218 1506 1721 1577 hereditariojure
1751 1508 1821 1564 ad

173 1607 236 1650 se
264 1595 622 1666 pertinentia
645 1594 765 1650 filio
792 1595 918 1666 ejus
941 1595 1208 1652 Heinrico
1230 1595 1598 1652 contradere.
1636 1598 1822 1653 Locus

1043 169 1484 272 canorum.
1520 209 1596 219 —
1627 165 2106 235 GHRONICON
2150 171 2710 243 UNIVERSALE.

1853 305 1911 366 Α
1941 307 2172 366 omnino
2196 309 2509 382 abdicavit,
2536 327 2714 384 seque
2737 313 2794 369 in
2815 315 2992 372 Deum
3021 318 3079 372 et
3113 317 3169 373 in
3201 323 3438 378 sanctos
3457 321 3587 392 ejus

3472 179 3590 248 934

1939 402 1995 452 et
2031 398 2084 453 in
2120 401 2357 456 fratrem
2415 417 2582 459 suum
2635 418 2936 474 peccasse,
2967 404 3148 462 libera
3183 407 3413 464 tandem
3445 424 3586 467 voce

1938 485 2338 557 proclamavit.
2377 490 2467 546 Sic
2499 492 2693 562 itaque
2719 493 2908 548 divina
2933 494 3122 564 pietas
3148 509 3250 566 per
3284 498 3489 554 merita
3513 501 3590 556 fa-

1938 577 2075 632 muli
2109 579 2218 646 sui,
2255 593 2324 634 ne
2379 595 2501 650 spe,
2538 595 2706 650 quam
2741 581 2795 636 in
2847 597 2908 637 se
2944 583 3156 654 posuit,
3190 585 3584 658 fraudaretur,

1937 666 2297 722 omniaillius
2328 683 2521 738 prava}
2553 671 3483 741 conspirationismachinamenta
3501 690 3590 731 re-

1936 755 2175 826 pressit,
2197 755 2370 828 idque
2403 757 2556 828 quod
2589 759 2660 814 ab
2691 773 2759 814 eo
2789 760 2934 814 bene
2967 765 3223 832 emptum
3255 767 3346 818 est
3379 764 3590 820 conﬁr-

1939 845 2166 910 mando,
2185 860 2412 916 semper
2439 847 2733 903 exindead
2768 847 3004 904 meliora
3047 851 3459 920 provexit*.—
3492 853 3588 910 Se-

1938 932 2128 989 cundo
2151 933 2329 1002 igitur
2359 935 2522 1004 regni
2555 935 2638 991 sui
2671 951 2819 992 anno
2851 937 3232 994 Chuonradus
3261 953 3364 995 rex
3399 939 3580 998 filium

1939 1036 2105 1077 suum
2139 1023 2471 1079 Heinricum
2503 1038 2696 1092 regem
2733 1025 2886 1095 fecit,
2921 1031 2981 1080 et
3025 1026 3152 1096 ipse
3184 1027 3424 1083 Romam
3453 1043 3586 1100 per-

1938 1124 2098 1180 gens,
2125 1110 2196 1165 im
2210 1111 2480 1182 perialem
2516 1113 2982 1170 benedictionem
3006 1115 3252 1184 accepit.
3293 1117 3432 1172 Post
3459 1117 3583 1175 haec

1939 1199 2152 1268 Knuth,
2178 1201 2334 1269 regis
2354 1202 2662 1270 Danorum,
2695 1202 2889 1273 filiam,
2907 1203 3136 1259 nomine
3161 1204 3583 1277 Cunigundam,

1937 1287 2057 1344 filio
2075 1303 2178 1345 suo
2199 1288 2520 1359 conjunxit,
2555 1305 2735 1360 seque
2766 1291 2837 1346 ad
2867 1291 3012 1348 bene
3044 1293 3330 1362 agendum
3361 1293 3586 1351 studio-

1937 1375 2060 1432 sius
2091 1376 2362 1432 accinxit.
2399 1379 2456 1432 ln
2491 1379 2728 1449 proprio
2778 1379 2990 1450 quippe
3022 1380 3271 1437 castello
3301 1381 3584 1454 Lintburg

1937 1465 2114 1534 dicto,
2141 1467 2211 1521 ad
2255 1466 2401 1522 alios
2435 1482 2574 1523 usus
2607 1467 2898 1538 quondam
2929 1469 3037 1524 sibi
3069 1474 3258 1540 grato,
3292 1475 3584 1528 monaste-

1938 1554 2084 1609 rium
2117 1555 2464 1625 construxit,
2511 1557 2966 1628 prediorumquc
2995 1557 3158 1629 ecpia
3191 1557 3333 1614 illud
3367 1559 3578 1632 ditans,

1636 1645 1822 1742 ἱξεῖξᾶ
1851 1661 1907 1722 Β
1937 1645 2346 1700 monachorum
2374 1646 2890 1715 congregationem
2919 1648 3028 1702 sub
3042 1647 3272 1704 abbatis
3300 1649 3583 1720 provisio-

1333 1727 1346 1754 ,
1937 1747 2003 1754 ν...
2023 1732 2157 1754 211--,.
2175 1733 2323 1754 ε..ι..-
2341 1733 2496 1754 ,ιη-,ιι
2541 1734 2706 1754 laetu,
2756 1735 2821 1754 0..
2839 1735 3022 1754 :,_-_-A
3077 1750 3138 1754 μη
3159 1751 3174 1754 -
3197 1751 3293 1754 μμ--
3350 1751 3365 1754 _
3384 1753 3403 1754 η
3465 1752 3479 1754 Α
3501 1753 3510 1754 ,,

170 1775 397 1827 certum
433 1771 806 1842 perducatur.
840 1773 1022 1828 Nocte
1054 1787 1215 1842 vero,
1249 1788 1376 1844 qua:
1408 1773 1558 1828 diem
1594 1789 1823 1848 preces-

173 1863 336 1916 serat
366 1859 421 1914 in
445 1874 553 1931 qua
571 1861 696 1918 haac
726 1860 1060 1918 ventilanda
1085 1868 1270 1931 erant,
1299 1863 1672 1922 Eberhardus
1703 1865 1821 1936 epi-

170 1949 388 2018 s‘00pus
417 1947 488 2004 ad
527 1949 846 2006 tentorium
876 1949 1126 2020 predicti
1151 1951 1433 2008 Brunouis
1454 1951 1602 2008 clam
1635 1967 1825 2011 acces-

171 2035 274 2104 sit,
308 2035 578 2108 lectoque
627 2037 754 2108 ejus
809 2037 1095 2108 assidens,
1129 2039 1312 2096 multa
1360 2055 1537 2112 super
1565 2042 1673 2099 hac
1705 2060 1823 2102 mo-

168 2125 384 2194 nendo,
419 2126 804 2198 obsecrando,
836 2127 1169 2184 memoriam
1202 2128 1403 2186 fratris
1433 2131 1623 2188 animo
1647 2131 1824 2190 incul-

168 2213 378 2284 cando,
431 2229 558 2271 cum
607 2215 810 2272 eodem
869 2215 1158 2273 sollicitus
1212 2217 1330 2286 egit
1411 2218 1518 2284 Qui
1554 2221 1650 2276 ubi
1704 2222 1818 2291 jam

171 2300 353 2358 multa
373 2303 564 2359 noctis
580 2303 720 2360 hora
735 2308 1034 2361 transacta
1049 2311 1393 2377 recesserat,
1409 2311 1468 2363 et
1482 2309 1820 2381 episcopum

169 2406 276 2460 pro
299 2391 516 2448 auditis
539 2391 918 2450 sollicitatum
955 2410 1192 2452 somnus
1223 2396 1628 2468 obpresserat,
1658 2398 1822 2456 visus

169 2483 264 2536 est
285 2479 338 2536 ei
374 2480 554 2537 frater
575 2496 719 2538 suus
738 2482 1056 2553 imperator
1079 2484 1386 2542 Heinricus
1406 2485 1563 2543 lecto
1595 2502 1702 2544 suo
1731 2503 1822 2544 as-

171 2571 353 2638 stare,
381 2567 700 2639 faciemque
737 2585 900 2626 suam
921 2571 1098 2626 barba
1119 2585 1190 2626 ex
1223 2587 1334 2627 una
1361 2576 1530 2644 parte
1562 2573 1818 2646 depilata

168 2661 466 2728 turpatam
519 2658 838 2729 objectare.
877 2660 975 2716 Cui
1035 2675 1212 2732 super
1241 2661 1348 2718 hac
1381 2675 1443 2717 re
1495 2662 1732 2735 stupido
1761 2671 1820 2722 et

171 2745 523 2816 ammiranti,
574 2762 640 2803 ac
689 2747 819 2817 quis
849 2752 967 2804 tam
1016 2751 1358 2806 temerarios
1387 2767 1564 2808 ausus
1598 2753 1656 2808 in
1689 2768 1819 2810 eum

171 2841 532 2904 presumeret
549 2835 936 2905 interroganti
955 2855 966 2890 :
990 2839 1094 2908 Ta,
1121 2839 1221 2908 ait,
1239 2838 1361 2897 hac
1357 2841 1593 2913 fecisti,
1610 2842 1719 2913 qui
1729 2857 1820 2899 me

167 2923 470 2981 εἰσαφισέοε
499 2925 632 2994 Dei,
657 2925 1037 2996 quaerebam
1070 2929 1190 2984 Deo
1212 2929 1701 2990 miohiconeessis
1722 2932 1820 2989 da.

168 3013 313 3083 taoi,
331 3013 1040 3086 despoliaredisposaisti.
1063 3017 1358 3088 C’aoejae."
1381 3021 1818 3094 alteriussaper
1849 3014 1900 3079 C-

165 3099 641 3173 haotemeritate,
665 3117 739 3159 ne
771 3104 1005 3176 incepta
1038 3106 1403 3178 laasmagna
1429 3109 1812 3181 infelicitate.

167 3189 254 3244 Ad
277 3188 399 3246 haec
420 3189 521 3246 ille
551 3193 1016 3262 expergefactus,
1052 3209 1118 3250 ac
1135 3195 1205 3250 de
1237 3195 1458 3252 visione
1473 3212 1581 3254 non
1613 3213 1816 3269 parum

166 3277 543 3349 perterritus,
565 3280 954 3337 membrorum
971 3297 1202 3353 quoque
1219 3284 1465 3342 horrore
1480 3301 1547 3342 ae
1565 3291 1817 3344 tremore

166 3379 282 3423 non
301 3365 512 3424 leniter
531 3373 622 3424 est
653 3374 930 3427 attactus.
965 3372 1125 3428 Mane
1148 3377 1341 3430 autem
1369 3376 1538 3446 facto,
1563 3390 1697 3432 cum
1717 3377 1816 3436 diu

165 3461 548 3529 exspectatus
579 3459 652 3514 ad
684 3466 1034 3516 conventum
1067 3477 1372 3533 procerum
1405 3480 1517 3522 non
1567 3467 1814 3540 veniret,

169 3545 623 3618 reginaprofilio
649 3547 925 3620 sollicita,
959 3551 1622 3612 nunciismissisobnixe
1655 3572 1821 3628 roga-

166 3633 275 3704 vit,
302 3637 366 3690 ut
385 3635 702 3692 adveniens
715 3637 999 3707 promissa
1030 3641 1359 3710 perficeret.
1385 3641 1486 3698 Ille
1509 3659 1649 3700 vero
1673 3645 1821 3702 amr-

169 3721 386 3793 mabat,
411 3738 472 3780 se
493 3727 654 3780 tanta
689 3724 1025 3782 infirmitate
1047 3729 1300 3800 gravari,
1337 3737 1400 3786 ut
1431 3746 1532 3788 nec
1565 3733 1634 3788 de
1667 3733 1821 3792 lecto

167 3825 414 3881 surgere
442 3826 546 3868 nec
575 3813 784 3884 pedem
818 3819 1018 3886 posset
1043 3831 1334 3888 quoquam
1369 3834 1622 3878 movere.
1657 3823 1822 3882 Cum-

167 3913 282 3970 que
312 3907 642 3972 rogaretur,
679 3907 742 3960 ut
771 3917 832 3959 se
864 3903 923 3959 in
955 3903 1108 3961 lecto
1140 3906 1210 3961 ad
1235 3913 1588 3968 conventum
1621 3913 1822 3985 depor-

167 3987 282 4044 tari
313 3994 638 4062 pateretur,
673 4006 788 4063 quo
816 3991 910 4051 vel
958 3993 1043 4052 sic
1071 3997 1376 4066 promissio
1411 4001 1816 4074 perficeretur,

1937 1732 2502 1790 ncillucintroduxit
2539 1734 2709 1805 (240);
2755 1735 3028 1804 Spirense
3069 1750 3302 1806 quoque
3341 1751 3584 1808 epysco-

1935 1821 2091 1890 pium
2116 1823 2436 1893 provehere
2463 1826 2757 1889 statuens,
2774 1823 2877 1878 sed
2892 1823 3123 1880 vivendi
3139 1828 3290 1880 meta
3312 1839 3382 1881 eo
3399 1841 3585 1896 usque

1935 1925 2047 1966 non
2067 1912 2421 1982 pertingens,
2448 1911 2564 1966 filio
2581 1927 2686 1968 suo
2703 1911 2971 1968 Heinrico
2984 1926 3104 1968 suae
3116 1912 3438 1969 voluntatis
3452 1915 3589 1970 effe-

1935 2006 2092 2058 ctum
2107 2001 2418 2071 commisit,
2446 2015 2615 2070 quem
2640 2001 2765 2071 ip'se
2780 2001 3083 2070 magniﬁce
3098 2001 3410 2072 coepit,sed
3425 2001 3582 2060 [llius

1933 2090 2213 2159 ejusitem
2229 2089 2536 2146 Heinricus
2568 2089 3040 2159 magnificentius
3062 2090 3329 2160 perfecit.

2075 2199 2196 2254 *E.
2248 2198 2489 2269 pergit:
2549 2197 2742 2252 Primo
2799 2197 2996 2266 itaque
3056 2190 3221 2268 reg'ni
3281 2198 3370 2255 sui
3427 2213 3582 2255 anno

2148 2287 2529 2342 Chuonradus
2559 2301 2662 2340 rex
2691 2285 2745 2340 in
2768 2285 3010 2357 proprio
3031 2287 3278 2342 castello
3302 2287 3585 2357 Lintburg

2145 2407 2212 2416 -—
2240 2375 2508 2445 perfecit.
2554 2373 2850 2430 Dissensio
2897 2387 3100 2443 magna
3153 2373 3278 2446 ipso
3317 2381 3583 2447 tempore

2146 2469 2349 2520 contra
2384 2463 2789 2520 Chuonradum
2815 2463 2871 2518 in
2902 2477 3081 2534 regno
3109 2468 3152 2518 t.
3187 2479 3233 2520 s.
3271 2464 3327 2519 d.
3361 2480 3414 2520 c.
3458 2479 3506 2520 s.

2004 2579 2053 2628 1.
2093 2572 2259 2642 (σὴν.
2309 2571 2624 2641 W.)Primo
2657 2571 2855 2640 itaque
2887 2570 3214 2627 Chuonradi
3241 2571 3398 2640 regis
3431 2585 3580 2628 anno

1935 2661 2222 2718 dissensio
2253 2675 2456 2730 magna
2503 2664 2708 2716 contra
2727 2673 2857 2716 eum
2881 2659 2936 2714 in
2962 2674 3140 2730 regno
3159 2659 3578 2730 tumultuatur,

1933 2749 2034 2808 sed
2067 2749 2351 2806 divinitus
2383 2749 2501 2805 cito
2523 2747 2792 2804 sedatur.

2002 2861 2054 2914 2.
2077 2859 2143 2912 A.
2167 2858 2228 2911 D.
2260 2859 2413 2911 1026.
2455 2853 2780 2924 Ileinricus,
2834 2841 3162 2910 Chuonradi
3195 2853 3352 2924 regis
3399 2853 3574 2925 filius,

1933 2945 2330 3010 rexeﬁicitur;
2374 2942 2752 3000 Chuonradus
2773 2957 2908 2998 vero
2931 2943 3165 2998 Romam
3190 2941 3452 3011 tendens,
3480 2941 3580 2997 im-

1931 3034 2138 3107 periali
2173 3033 2581 3090 benedictione
2607 3031 2966 3102 provehitur.

2003 3146 2051 3196 3.
2088 3143 2148 3197 A.
2184 3143 2246 3196 D.
2284 3143 2438 3196 1027.
2503 3141 2656 3195 Brun
2712 3137 3100 3208 Augustensis
3157 3137 3471 3208 episcopus
3519 3142 3580 3194 et

1930 3230 2150 3286 Welefo
2207 3244 2400 3286 comes
2449 3229 2658 3300 predas
2711 3231 2767 3283 et
2801 3225 3068 3282 incendia
3124 3225 3278 3282 inter
3307 3241 3370 3283 se
3399 3225 3580 3283 confi-

1929 3318 2116 3376 ciunt.

2003 3428 2052 3480 4.
2088 3427 2150 3480 A.
2184 3425 2245 3479 D.
2282 3425 2436 3479 1028.
2489 3424 2694 3477 Ernest
2731 3421 2847 3477 dux
2881 3419 3328 3477 Alamannorum
3361 3423 3420 3476 et
3450 3423 3578 3476 We-

1931 3516 2047 3572 lefo
2079 3529 2276 3571 comes
2333 3511 2680 3568 Chuonrado
2735 3509 3075 3582 imperatori
3115 3508 3187 3565 ad
3220 3508 3576 3566 deditionem

1931 3604 2193 3663 veniunt.

2005 3720 2054 3770 5.
2093 3715 2155 3768 Α.
2191 3713 2253 3766 D.
2287 3712 2435 3765 1029.
2459 3709 2612 3764 Brun
2645 3705 3030 3776 Augustensis
3059 3705 3377 3778 episcopus
3397 3704 3574 3772 obiit,

1934 3803 2026 3861 cui
2060 3799 2435 3857 Eberhardus
2465 3795 2776 3852 successit.

2005 3914 2056 3966 6.
2094 3911 2156 3962 A.
2192 3908 2255 3962 D.
2283 3908 2438 3961 1030.
2459 3901 2840 3958 Chuonradus
2878 3899 3574 3972 imperatorStephanum

1934 4002 2246 4055 Pannonia:
2270 4005 2465 4062 regem
2487 4005 2617 4047 cum
2635 3988 2902 4046 exercitu
2921 3989 3091 4060 petit.
3117 3989 3347 4044 Interea
3367 3987 3423 4043 in
3450 3987 3582 4052 Ala.

1520 4157 1757 4216 VARIE
1823 4151 2224 4215 LECTIONES.

240 4239 333 4276 “5°
362 4240 575 4303 desunt
601 4251 650 4302 1.
682 4244 746 4302 D.
781 4247 848 4304 E.
933 4245 1024 4282 ¹⁸⁶⁰
1051 4247 1369 4309 LXXVII“.
1405 4255 1476 4308 Β·
1514 4255 1583 4313 Ε-

1757 4324 1991 4384 ΝΟΤΛΕ.

167 4387 204 4439 6
233 4416 303 4426 —
329 4390 387 4442 9°
407 4393 760 4458 receperunt
795 4407 807 4443 :

949 4486 1324 4568 {exoptem
1349 4492 1597 4568 stemma
1625 4495 1859 4566 oonfert
1875 4496 1964 4568 (α)
1999 4485 2382 4568 Ottom‘eafbg
2416 4495 2609 4568 regna
2637 4481 2740 4554 (ο),

957 4557 1137 4634 Τθηει
1159 4561 1699 4634 ᾳαῃαειοδίσωιρωη,
1717 4557 1898 4624 'mare
1926 4557 2208 4634 terragae
2235 4557 2510 4617 christos.

1063 4629 1338 4709 Uadide
1369 4633 1624 4692 nobilior
1649 4629 2050 4696 Heinr-ictam
2077 4629 2268 4690 decor.

246 4727 307 4782 In
336 4729 449 4786 E1.
491 4743 668 4804 super
698 4733 1006 4789 stemmate
1040 4734 1262 4806 primus
1294 4737 1512 4810 legitur
1541 4755 1767 4800 versus.
1804 4772 1871 4783 —-
1899 4741 2057 4800 Idem
2090 4737 2188 4810 qui
2219 4740 2461 4793 stemma
2486 4728 2826 4787 Karolorum
2850 4723 3179 4798 praamittit,
3213 4721 3460 4779 tercium
3480 4722 3578 4780 ad-

177 4815 268 4873 dit
297 4815 407 4876 hoc
443 4838 455 4874 :

1531 4898 1885 4958 C’oanradas
1910 4897 2242 4973 imperator

1523 4988 1567 5058 -ι-
1593 4988 1922 5047 Heinr-ioue
1949 4985 2278 5061 imperator

1523 5083 1854 5144 Heinr-ioue
1879 5083 2226 5158 imperator.

643 5189 998 5251 (taumatia:
1019 5205 1149 5251 rex.
1261 5193 1590 5255 Heinrious
1618 5210 1749 5256 rea.

251 5298 400 5373 (240)
430 5303 511 5358 Cf.
545 5303 800 5376 diploma
831 5307 890 5364 in
919 5308 1084 5365 Actis
1103 5307 1281 5382 palat.
1311 5309 1404 5382 Vi,
1436 5325 1495 5383 p.
1529 5313 1660 5369 274.

251 5405 632 5490 (Φίϋοιιΐθι-ει
657 5421 708 5478 8.
741 5426 826 5482 9°.
862 5437 1018 5485 corr.
1057 5425 1292 5484 confert
1317 5429 1378 5484 7.
1417 5430 1500 5487 9|.

253 5487 334 5559 (ι)
363 5491 624 5551 attonica
653 5495 710 5549 8.

1929 5199 1973 5270 -ι-
2000 5195 2283 5258 Adetheit
2302 5204 2458 5255 acor
2487 5185 2768 5262 ΜαροΜὶ
2779 5183 3167 5244 marehioute.

1935 5426 2010 5500 (ο)
2040 5426 2244 5500 regina
2271 5437 2449 5495 corr.,
2481 5419 2804 5482 utoidetur
2833 5429 3013 5490 regna
3047 5418 3108 5472 9°
