3972 6042
388 107 506 169 935

1547 101 2029 166 EKKEHARDI
2073 103 2626 168 URAUGIENSIS

3669 103 3786 173 936

387 240 611 299 mannia
640 241 848 294 Est-est
883 237 998 294 dux
1024 242 1078 294 ct
1113 237 1492 296 Werinherus
1521 255 1714 296 comes
1742 253 1872 296 cum
1901 236 2029 294 aliis
2057 241 2112 300 A
2215 239 2652 298 tuit.—-Petrus
2671 243 3302 313 quoqueUngariorum
3316 259 3417 312 rex
3439 245 3625 302 eidem
3651 244 3782 302 duci

390 330 590 386 multis
619 329 984 397 occiduntur,
1022 331 1087 384 16
1111 326 1240 384 Kal.
1277 328 1434 400 Sept.

458 423 512 475 7.
549 421 610 472 A.
644 419 706 472 D.
745 421 907 472 1031.
967 416 1294 486 Stephanus
1349 432 1452 472 rex
1483 431 1585 488 per
1618 416 1840 486 legatos
1897 430 2026 472 cum

389 509 740 580 imperatore
770 506 1128 576 pacificatur.

457 603 508 656 8.
543 600 605 653 Α.
641 598 702 651 Ι).
743 598 894 650 1032.
929 595 1293 650 *Ruodolfus
1351 609 1452 650 rex
1511 593 1857 663 Burgundim
1913 609 2030 651 mo-

387 687 560 755 riens,
597 685 856 740 diadema
909 697 1072 738 suum
1107 681 1450 738 Chuonrado
1481 682 1817 752 imperatori
1851 683 2022 739 misit.

525 777 544 798 '
570 776 632 829 D.
661 775 720 828 Ε.
747 771 1012 828 addunt:
1044 772 1367 842 Rutpcrtus
1391 770 1619 827 ηδε-σιω
1649 771 1974 828 Richardus
1995 786 2024 828 a

597 861 940 916 Normannia
981 859 1252 930 digressi,
1312 861 1575 932 Apuliam
1627 865 1912 932 expetunt
1966 865 2023 916 et

595 948 881 1020 patriotas
914 947 1144 1002 fortiter
1174 947 1492 1004 debellant.
1519 963 1594 1004 ex
1619 947 1825 1019 Sigeb.

451 1041 501 1093 9.
541 1040 603 1092 A.
639 1038 700 1090 D.
729 1039 887 1092 1033.
931 1035 1338 1105 Meginhardus
1369 1037 1684 1108 episcopus
1709 1037 2024 1093 Wircibur-

377 1125 577 1195 gensis
608 1125 780 1180 obiit.
822 1125 1204 1180 Chuonradus
1234 1125 1548 1196 imperator
1578 1125 1635 1180 in
1666 1124 1853 1181 hieme
1885 1127 2025 1181 Bur-

379 1215 652 1283 gundiam
684 1213 856 1284 petit.
914 1213 1174 1284 Eclypsis
1224 1212 1366 1270 solis
1399 1215 1548 1270 facta
1581 1219 1674 1270 est
1704 1219 1734 1268 3
1770 1212 2012 1272 Kalend.

375 1301 530 1373 Julii,
563 1302 702 1358 hora
731 1301 822 1334 1‘“
843 1306 1026 1358 sexta.

448 1391 531 1446 10.
567 1393 632 1446 A.
667 1393 730 1446 D.
766 1395 922 1446 1034.
958 1393 1278 1462 imperator
1321 1392 1613 1448 Franciam
1638 1391 1785 1463 petit
1815 1396 2018 1449 contra

375 1479 680 1536 Outonem.
717 1482 854 1536 item
887 1479 976 1512 ¹⁴⁶⁶
997 1481 1385 1549 Burgundiam
1414 1485 1626 1538 vastat.

450 1572 530 1624 1|.
561 1571 624 1623 A.
659 1571 724 1624 Ι).
756 1574 912 1624 1033.
969 1569 1281 1625 Wirbinam
1313 1571 1641 1636 castellum,
1681 1572 1732 1625 in
1767 1571 2018 1628 confinio

375 1658 638 1713 Saxoniaa
662 1658 935 1728 positum,
963 1659 1167 1728 pagani
1201 1659 1296 1728 qui
1325 1659 1528 1714 I..iutici
1563 1659 1836 1716 dicuntur
1869 1661 2018 1716 obti-

373 1751 532 1816 nent,
567 1746 768 1802 multis
799 1761 870 1801 ex
899 1747 1238 1802 christiauis
1277 1747 1488 1805 occisis
1519 1754 1576 1803 et
1606 1749 1816 1820 captis.
1854 1750 2016 1816 Quod

372 1833 690 1905 imperator
719 1849 848 1890 cum
881 1835 1144 1890 exercitu
1179 1836 1346 1906 petit.

439 1944 531 1996 12.
571 1943 634 1996 Α.
661 1943 722 1995 Ι).
757 1945 914 2011 1036,
961 1942 1337 1998 Gebehardus
1362 1943 1650 1999 secundus
1683 1945 2014 2016 Ratisponae

365 2028 673 2098 episcopus
705 2029 880 2093 obiit;
915 2045 1019 2100 pro
1063 2045 1175 2099 quo
1212 2030 1346 2085 item
1385 2032 1760 2087 Gcbehardus
1795 2033 2015 2090 tercius

368 2117 764 2173 successit.--—
785 2115 1072 2188 He'inrico,
1103 2120 1471 2190 imperatoris
1498 2121 1833 2186 lilio,Knuth
1861 2123 2014 2192 regis

369 2207 656 2262 Danorum
727 2204 842 2261 ﬁlia
905 2207 1304 2276 conjungitur.
1342 2209 1650 2264 ——Luitici
1717 2209 2012 2266 tributarii

371 2293 506 2349 facti
553 2299 689 2349 sunt
735 2294 1094 2365 imperatori.
1127 2327 1179 2336 —-
1201 2297 1514 2366 Piligrinus
1544 2297 1905 2355 Coloniensis
1928 2314 2016 2355 ar-

367 2381 775 2454 chiepiscopus
830 2385 1116 2450 moritur;
1168 2401 1272 2456 pro
1303 2399 1418 2456 quo
1454 2387 1832 2443 llerimannus
1863 2389 2011 2443 ordi-

367 2476 558 2526 natur.

438 2564 524 2614 13.
561 2561 624 2615 Α.
660 2562 722 2616 D.
759 2565 916 2616 1037.
977 2562 1358 2640 Chuonradus
1414 2565 1732 2636 imperator
1791 2565 2014 2622 Italiam

367 2663 496 2704 cum
530 2650 792 2706 exercitu
845 2652 1014 2722 petit,
1043 2657 1099 2706 et
1147 2653 1630 2711 Mediolaneusem
1677 2655 2014 2728 episcopum

366 2736 419 2791 in
442 2739 768 2794 custodiam
789 2739 1000 2805 mittit;
1044 2741 1138 2810 qui
1167 2741 1298 2811 fuga
1327 2743 1526 2814 lapsus
1559 2743 1895 2816 imperatori
1929 2759 2016 2800 re-

365 2825 823 2884 bellat.—Outo
877 2829 1152 2900 princeps
1187 2830 1628 2902 Karo-lingorum
1665 2847 1695 2888 a
1728 2833 2015 2890 Gozelone

361 2913 763 2972 Lotbariorum
794 2918 941 2973 duce
973 2933 1164 2988 pugna
1197 2919 1410 2992 victus,
1437 2921 1782 2993 fugiensque
1817 2935 1846 2977 a
1875 2937 2015 2992 quo-

360 3001 490 3058 dam
523 3003 706 3061 milite
739 3006 1049 3063 occiditur.

431 3111 516 3166 14.
567 3115 628 3166 Α.
671 3113 733 3166 D.
782 3117 938 3169 1038.
973 3114 1304 3186 Stephanus
1331 3117 1715 3186 Ungariorum
1746 3132 1846 3172 rex
1880 3118 2012 3174 reli-

356 3197 560 3267 giosus
591 3200 756 3254 obiit.

431 3308 516 3360 15.
553 3307 615 3360 A.
650 3307 719 3377 Ι).
780 3309 945 3362 1039.
1015 3307 1345 3378 Chunigunt
1401 3309 1760 3383 imperatrix,
1825 3319 2009 3371 mater

357 3405 696 3463 pauperum,
721 3393 884 3451 dives
904 3395 1050 3467 ipsa,
1073 3395 1312 3453 divitem
1337 3399 1607 3468 migravit
1629 3400 1698 3456 ad
1716 3401 2005 3459 Clu-istum

354 3485 385 3534 5
417 3481 553 3537 Non.
603 3483 813 3538 Martii.
837 3515 907 3523 —
937 3485 1323 3544 Herimannus
1367 3486 1485 3544 dux
1531 3489 2002 3564 Alamannorum,

354 3567 508 3625 filius
555 3570 750 3628 Gisilas
798 3571 1208 3646 imperatricis,
1243 3576 1409 3632 obiit.
1491 3578 1875 3638 Chuonradus
1904 3581 2007 3636 im-

353 3662 591 3729 perator
619 3660 766 3715 obiit
792 3665 826 3716 2
856 3663 999 3718 Non.
1031 3664 1207 3737 Junii,
1241 3671 1298 3722 et
1323 3667 1591 3739 sepultus
1611 3675 1702 3725 est
1729 3672 1928 3741 Spll'm.

351 3745 750 3814 Reginboldus
765 3749 1058 3820 Spirensm
1071 3754 1304 3826 episcop
1314 3771 1382 3812 us
1401 3757 1548 3812 obiit
1566 3761 1596 3812 3
1611 3758 1746 3814 ldus
1762 3759 1998 3816 Octobr.

379 3865 420 3873 —
448 3834 712 3908 Eclypsis
741 3839 879 3895 solis
907 3840 1058 3897 facta
1091 3846 1178 3899 est
1215 3847 1272 3900 11
1308 3845 1435 3902 Kal.
1477 3848 1865 3918 Septembris.

421 3941 566 3996 Anni
601 3943 672 3998 ab
704 3943 868 4000 initio
897 3951 1061 4002 £5000.

347 4028 496 4085 Anni
527 4031 778 4089 Heinrici
813 4035 978 4090 tercii
993 4077 1006 4090 .

423 4140 479 4192 1.
518 4138 682 4194 Anno
728 4139 1044 4198 Dominicaa
1076 4141 1496 4202 incarnationis
1525 4146 1832 4206 millesimo
1864 4165 2002 4224 qua-

348 4221 700 4295 dragesimo,
732 4227 804 4280 ab
830 4229 983 4284 Urbe
1007 4234 1201 4286 autem
1234 4233 1468 4289 condita
1503 4239 1662 4308 179i,
1696 4221 1998 4295 Heinricus

2141 333 2346 384 contra
2381 343 2576 398 regem
2609 331 2824 387 auxilia
2856 332 3044 390 misit.

2207 441 2258 490 3.
2288 438 2350 491 A.
2378 439 2632 494 0.1042.
2681 438 2919 507 Ilngarii
2969 439 3255 510 quendam
3280 440 3534 498 Ovonem
3557 441 3666 498 sibi
3700 457 3786 498 rc-

2135 538 2264 594 gem
2299 526 2592 596 fecerunt,
2627 532 2682 582 et
2718 529 2952 583 Petrum
2987 542 3180 598 regem
3212 543 3380 585 suum
3409 529 3782 600 expulerunt.

2137 613 2242 680 Qui
2278 615 2560 684 profugus
2605 620 2666 670 et
2727 615 2916 685 exsul,
2978 617 3228 672 Hemrici
3273 617 3450 687 regis,
3481 618 3574 674 cui
3606 618 3782 690 priori

2135 717 2286 758 anno
2308 702 2636 774 rebellavit,
2661 705 2908 774 gratiam
2951 704 3145 775 querit
3175 711 3234 761 et
3263 706 3502 762 invenit.
3526 739 3596 747 —
3618 707 3784 763 llein-

2135 791 2294 848 ricus
2307 801 2408 846 rex
2443 793 2731 848 Boemiam
2763 793 3082 864 ingressus,
3107 795 3236 865 igne
3259 795 3555 868 predaque
3573 802 3780 853 cuncta

2136 879 2502 949 devastat,et
2529 879 2804 937 rebellem
2832 882 3032 938 ducem
3053 883 3287 940 obsides
3309 883 3449 940 dare
3474 884 3780 955 ipsumque

2137 971 2270 1040 post
2303 983 2366 1024 se
2397 968 2770 1050 Ratisponam
2797 971 2866 1026 ad
2899 970 3252 1028 deditionem
3277 972 3653 1030 humillimam
3687 988 3782 1028 ve-

2135 1057 2256 1114 nire
2291 1057 2521 1128 sibique
2574 1059 2954 1129 jurejurando
3005 1061 3342 1118 fidelitatem
3373 1077 3440 1118 ac
3469 1063 3781 1118 servicium

2133 1146 2474 1203 confirmare
2505 1153 2754 1204 coartat.
2779 1181 2849 1188 —-
2871 1150 2991 1206 Ovo
3013 1165 3115 1206 rex
3146 1151 3551 1222 Ungariorum,
3586 1153 3660 1207 ob
3690 1168 3784 1208 su-

2133 1241 2398 1308 sceptum
2428 1252 2458 1293 a
2490 1253 2627 1308 rege
2661 1239 2930 1295 Hcinrico
2965 1241 3199 1297 Petrum
3227 1255 3258 1296 a
3283 1255 3346 1297 se
3367 1241 3695 1312 expulsum,
3721 1242 3782 1296 fi-

2133 1340 2234 1381 nes
2267 1325 2543 1396 Bajoarim
2575 1327 2774 1398 predis
2805 1327 3236 1400 depopulatur;
3271 1329 3372 1386 sed
3402 1345 3602 1400 magna
3639 1346 3780 1402 pars

2131 1415 2428 1470 exercitus
2445 1415 2570 1486 ejus
2591 1416 2664 1471 ab
2694 1415 3062 1473 Adelbcrone
3086 1417 3418 1475 marchione
3437 1417 3670 1476 deletur
3685 1461 3698 1474 .

2204 1523 2260 1576 4.
2293 1523 2362 1575 A.
2397 1522 2463 1576 D.
2496 1524 2658 1578 1043.
2700 1523 3004 1580 Heinricus
3033 1539 3136 1580 rex
3167 1525 3517 1582 Pannoniam
3559 1525 3780 1595 ingres-

2052 1610 2100 1668 Β
2131 1622 2253 1676 sus,
2287 1608 2432 1664 duas
2493 1611 2975 1680 populosissimas
3008 1613 3279 1671 civitates
3307 1616 3542 1685 evertit,
3576 1614 3778 1686 plures

2131 1696 2429 1753 deditione
2458 1699 2569 1754 sibi
2627 1700 2902 1770 subjecit.
2935 1733 3003 1742 ——
3036 1702 3225 1759 Gisela
3253 1701 3596 1774 imperatrix
3627 1704 3776 1760 obiit

2135 1789 2196 1839 16
2227 1786 2352 1841 Kal.
2395 1788 2563 1842 Mart.
2603 1791 2659 1842 et
2695 1789 2978 1860 sepelitur
3009 1791 3216 1862 Spirae.

2197 1895 2254 1945 δ.
2287 1895 2354 1946 Α.
2390 1893 2455 1945 D.
2507 1896 2668 1948 1044.
2709 1895 3015 1952 Heinricus
3043 1911 3147 1953 rex
3180 1897 3391 1955 iterum
3423 1899 3776 1956 Pannoniam

2129 1979 2426 2050 invadens,
2461 1981 2918 2039 satisfactionem
2952 1989 3010 2040 et
3039 1985 3275 2043 obsides
3305 2002 3372 2043 ac
3405 2003 3645 2044 munera
3682 2004 3779 2060 pa-

2127 2067 2327 2138 cisque
2359 2069 2858 2127 confirmationem
2891 2087 2995 2144 per
3019 2073 3422 2143 jusjurandum
3455 2077 3774 2149 accipiens,

2129 2156 2436 2224 discessit;
2471 2159 2720 2229 indeque
2765 2176 3054 2233 reversus,
3086 2165 3306 2234 synodo
3338 2167 3776 2222 Constantiensi

2129 2244 2314 2311 affuit,
2358 2245 2450 2301 ubi
2485 2247 2715 2304 cunctis
2758 2249 2811 2303 in
2846 2265 2906 2305 se
2957 2251 3432 2322 delinquentibus
3461 2253 3658 2310 debita
3689 2255 3778 2310 di-

2131 2333 2709 2406 misit,omnibusque
2742 2337 3422 2412 inimicieiisdcstruetis,
3445 2357 3646 2413 pacem
3679 2343 3779 2400 ha-

2129 2425 2336 2478 ctenus
2369 2423 2684 2480 inauditam
2719 2431 2834 2481 tam
2868 2427 2924 2482 in
2958 2431 3078 2483 tota
3109 2429 3315 2485 Suevia
3351 2445 3520 2500 quam
3553 2433 3610 2487 in
3643 2432 3781 2489 aliis

2129 2511 2292 2578 regni
2319 2511 2408 2566 sui
2433 2515 2753 2582 provinciis
2775 2530 2882 2584 per
2900 2515 3154 2573 edictum
3181 2519 3353 2587 regia:
3367 2534 3634 2576 censura}
3649 2536 3785 2577 con-

2129 2597 2405 2654 firmavit.
2465 2601 2604 2656 Dein
2653 2606 2955 2673 Agnetem,
3006 2605 3340 2662 Willihelmi
3389 2608 3783 2666 Pictaviensis

2129 2687 2408 2758 principis
2456 2689 2651 2762 filiam,
2713 2693 2863 2763 apud
2898 2695 3246 2762 Mogontiam
3309 2697 3440 2766 ungi
3473 2698 3690 2754 faciens
3722 2699 3780 2754 in

2127 2777 2404 2846 reginam;
2460 2780 2758 2847 regalibus
2791 2781 2900 2836 sibi
2951 2783 3168 2854 nuptiis
3199 2785 3350 2856 apud
3384 2786 3780 2854 Ingelenheim

2123 2865 2452 2935 copulavit;
2477 2868 2626 2923 unde
2643 2867 2922 2926 infinitam
2938 2871 3288 2930 histrionum
3303 2881 3362 2930 et
3379 2875 3780 2945 joculatorum

2044 2967 2092 3030 α
2123 2953 2556 3011 multitudinem
2581 2971 2689 3012 non
2717 2957 2904 3014 solum
2929 2963 3285 3032 muneribus,
3313 2963 3420 3020 sed
3442 2965 3616 3021 etiam
3641 2967 3780 3023 cibo

2125 3045 2386 3112 potuque
2418 3059 2656 3100 vacuam
2711 3052 2770 3101 et
2801 3055 3118 3105 merentem
3173 3051 3336 3107 abire
3371 3053 3666 3124 permisit.
3706 3087 3780 3096 —-

2123 3129 2469 3201 Luitpoldus
2502 3135 2781 3205 marchio,
2835 3136 3135 3194 Adelberti
3171 3138 3346 3210 filius,
3382 3142 3626 3198 maxima
3661 3144 3776 3199 Un-

2117 3219 2413 3287 gariorum
2437 3220 2652 3292 clades,
2681 3224 2986 3282 immature
3007 3228 3171 3284 obiit.
3191 3230 3466 3286 —Pestis
3479 3231 3776 3302 pecudum

2119 3307 2386 3378 maxima,
2419 3309 2602 3366 hiems
2634 3313 2776 3368 dura
2812 3313 2920 3370 fuit
2951 3319 3010 3370 et
3042 3317 3266 3374 nivosa.

2185 3417 2244 3468 6.
2288 3417 2356 3470 A.
2398 3416 2466 3470 D.
2514 3421 2646 3473 1045
2693 3420 2846 3476 Brun
2902 3421 3396 3494 Wirciburgensis
3453 3427 3780 3500 episcopus

2114 3501 2256 3556 obiit
2282 3508 2314 3556 0
2344 3502 2466 3558 Kal.
2499 3505 2679 3562 Junii.
2721 3509 2832 3564 Pro
2864 3525 2978 3580 quo
3010 3511 3301 3570 Adelbero
3327 3514 3664 3574 ordinatur.
3704 3549 3776 3559 —

2112 3591 2418 3648 Ileinricus
2449 3608 2554 3649 rex
2588 3597 2774 3652 tercio
2808 3599 3158 3656 Pannoniam
3192 3602 3513 3676 ingressus,
3545 3606 3774 3676 Deique

2115 3679 2344 3736 favente
2398 3681 2706 3740 clementia
2763 3687 2953 3744 victor
3005 3689 3267 3762 effectus,
3322 3692 3578 3749 Ovonem
3633 3710 3770 3753 cum

2114 3783 2296 3825 uxore
2330 3775 2388 3826 et
2439 3771 2576 3828 filiis
2606 3788 2672 3830 ac
2717 3777 2998 3847 cognatis,
3059 3779 3272 3850 quibus
3304 3779 3470 3839 locus
3503 3783 3768 3853 fugiendi

2111 3863 2259 3929 erat,
2291 3859 2606 3932 effugahat,
2635 3864 2869 3920 Petrum
2895 3867 3158 3924 restituit
3187 3868 3243 3924 in
3267 3884 3530 3942 regnum,
3567 3873 3769 3929 subdi-

2112 3951 2287 4018 toque
2319 3949 2431 4004 sibi
2468 3951 2851 4020 Ungariorum
2883 3969 3082 4027 regno,
3117 3973 3247 4014 cum
3277 3959 3498 4017 honore
3536 3977 3768 4020 summo

2112 4037 2456 4094 revertitur.
2486 4070 2556 4078 —
2577 4039 2912 4099 Gotefridus
2930 4043 3044 4100 dux
3059 4047 3464 4106 Lotbariorum
3489 4051 3766 4110 Heinrico

2111 4124 2232 4192 regi
2267 4125 2577 4198 rebellans,
2637 4127 2709 4184 ad
2741 4129 3093 4189 deditionem
3127 4139 3390 4207 coactus,
3426 4137 3483 4193 in
3512 4139 3764 4196 castello

2111 4210 2542 4270 Gibiehenstein
2577 4230 2760 4288 usque
2809 4219 2877 4274 ad
2913 4219 3142 4291 dignam
3175 4224 3636 4284 satisfactionem
3667 4244 3765 4286 cu-

351 4311 591 4383 tercius,
626 4313 954 4372 Chuonradi
1007 4319 1380 4390 imperatoris
1413 4322 1587 4394 filius,
1631 4299 1748 4394 jam
1779 4327 1994 4384 dudum
2027 4329 2078 4388 D
2113 4299 2318 4356 δίθάίίθ
2346 4304 2741 4376 mammam"-
2783 4309 2836 4362 Ἴ

347 4404 514 4470 patre
545 4402 778 4459 vivente
834 4419 938 4461 rex
969 4409 1355 4480 constitutus,
1388 4413 1484 4466 86°
1505 4411 1596 4445 “‘7
1625 4412 1752 4471 loco
1786 4418 1857 4471 ab
1885 4421 2000 4474 Au-

345 4492 542 4559 gusto,
579 4491 731 4562 patri
763 4495 1077 4566 successit,
1113 4501 1173 4552 et
1209 4502 1270 4553 17
1295 4499 1460 4556 annis
1493 4503 1782 4572 regnavit.
1821 4505 1998 4562 Eber-

344 4573 566 4634 hardus
589 4577 681 4613 1‘“
701 4580 924 4652 primus
956 4583 1456 4656 Babenbergensis
1485 4590 1800 4664 episcopus
1823 4593 1990 4650 obiit.

2248 4409 2301 4462 '1
2341 4413 2430 4464 10.
2473 4413 2566 4466 11.
2607 4411 2881 4470 addunt:
2919 4415 3058 4473 Otto
3087 4417 3207 4475 dux
3233 4420 3555 4480 Suevorum
3583 4423 3762 4482 efﬁci-

2317 4499 2442 4553 tur.
2480 4512 2556 4555 ea:
2579 4501 2903 4560 Bernoldo.

2273 4623 2344 4678 A.
2380 4624 2442 4680 D.
2487 4627 2653 4682 1046.
2688 4627 2994 4688 Heinricus
3036 4645 3140 4689 rex
3169 4631 3394 4691 Italiam
3427 4634 3754 4711 ingressus,

412 4689 462 4741 2.
517 4683 682 4798 (ait:
731 4687 857 4798 ξπ..)
890 4690 954 4744 Α.
1069 4693 1212 4798 ¹1041
1233 4695 1632 4798 11ρὶηῄωῆ
1653 4715 1755 4798 rex
1787 4700 1992 4798 ducem
2104 4723 2133 4765 a
2156 4709 2430 4768 Romanis
2453 4713 2693 4785 paciﬁca
2715 4683 3756 4798 suseipitur—{papastrEs-nznvd'i'g'n'e

339 4772 594 4832 Poemize
621 4777 970 4835 Fratizlaum
993 4779 1146 4839 bello
1172 4783 1371 4856 petiit;
1392 4787 1496 4845 sed
1518 4787 1718 4848 multis
1739 4792 1994 4862 proceri-

2102 4800 2836 4874 constitutossynodaliter
2851 4806 3144 4882 deposuit,
3159 4811 3636 4887 etSuidegerum,
3655 4815 3761 4873 Ba-

343 4863 528 4964 buset
549 4864 909 4976 militibusin
924 4875 1356 4942 prestructionc
1379 4877 1538 4936 silvae
1559 4881 1708 4937 citra
1724 4882 1992 4954 ultraque
2103 4887 2212 4945 ben
2225 4863 2528 4960 bergensis
2541 4892 2808 4952 ecclesiae
2822 4863 3144 4956 secundum
3165 4863 3526 4974 episcopum,
3543 4863 3758 4976 papam

335 4953 556 5012 occisis
584 4955 679 5012 vel
699 4958 912 5031 captis,
955 4960 1034 5018 nil
1065 4965 1340 5022 memoria
1372 4967 1608 5038 dignum
1636 4970 1865 5029 eﬁicere
1895 4953 1994 5046 po-

2100 4977 2444 5050 constituit;
2477 4996 2508 5038 a
2568 4997 2682 5056 quo
2713 4983 2838 5058 ipse
2891 4990 2949 5044 et
3007 4989 3263 5062 conjunx
3315 4991 3444 5063 ejus
3475 4991 3670 5064 Agnes
3697 4993 3760 5051 in

1701 5147 1940 5207 VARIIE
1979 5151 2378 5215 LECTIONES.

402 5290 564 5382 “ff”
591 5299 927 5382 Rodbertus
946 5307 1008 5364 E.
1087 5307 1179 5382 if“
1204 5311 1269 5367 h.
1298 5325 1353 5382 is.
1383 5312 1599 5373 demt
1621 5322 1674 5374 7.
1753 5316 1843 5352 1‘“
1867 5321 2082 5382 Item—

331 5366 554 5428 bardus
573 5402 644 5414 —
663 5372 807 5431 obiit
825 5377 896 5436 in
918 5381 1194 5454 margine
1209 5366 1240 5440 ⁷1
1272 5366 1569 5446 metu:

2086 5329 2277 5384 vastat
2315 5325 2810 5392 desectam—11.
2855 5331 2948 5370 ³⁸⁸⁷
2973 5333 3182 5396 LXXX.
3219 5337 3283 5394 D.
3315 5338 3377 5399 E.
3457 5337 3552 5378 “"
3575 5339 3757 5432 Ebor-
