3972 6042
194 161 299 223 941

1072 157 1510 220 (JHRUNICA.
1547 193 1623 203 ——
1650 156 2129 219 CHRONICON
2175 159 2726 222 UNIVERSALE.

3482 169 3597 227 942

191 311 443 369 Heinrici
499 308 871 382 lmperatoris
900 308 1073 377 filius,
1115 309 1424 365 admodum
1485 323 1648 379 puer,
1685 308 1839 379 patri
1870 297 1925 357 Α
1956 310 2065 365 dus
2085 324 2299 379 genere
2327 314 2552 369 Saevus
2574 328 2601 368 a
2624 313 2907 370 militibus
2933 315 3450 382 regisintertlcitur
3473 323 3594 387 (an.

192 401 513 457 succedens
562 413 804 467 regnare
836 398 1014 469 coapit
1047 398 1096 421 “
1124 416 1137 463 ;
1170 402 1227 453 et
1263 397 1492 468 quando
1549 398 1669 452 haec
1710 412 1843 452 con-

191 488 432 560 scriptio
459 488 605 543 facta
632 492 744 555 est,
769 501 916 542 anno
940 488 1006 540 42
1038 484 1127 519 ¹⁴⁷⁶
1150 487 1218 509 “*
1260 486 1545 556 regnavit,
1579 489 1675 540 870
1715 485 1842 540 loco

194 578 264 633 ab
289 580 576 646 Augusto.
606 574 861 643 —(C’ltr.
902 575 1024 644 W.)
1053 576 1239 642 Agnes
1274 576 1633 645 imperatrix,
1663 578 1845 627 mater

120 668 125 671 ⁷
197 665 400 736 ipsius,
425 665 703 720 ducatum
728 662 1010 733 Bajoarire
1037 662 1292 732 suscepit
1353 694 1421 701 -—
1446 662 1842 729 Gebebardus,

198 753 292 823 qui
354 756 411 809 et
442 752 663 822 Victor,
719 752 981 822 pontifex
1014 753 1323 819 Romanus,
1360 750 1556 805 multis
1615 751 1757 804 bene
1791 749 1845 803 in

199 841 501 898 Germania
515 841 763 909 aliisque
784 840 942 908 regni
960 839 1199 894 Romani
1226 839 1489 909 partibus
1510 838 1845 909 pontificum

199 930 284 985 vel
323 930 651 1001 principum
705 927 1057 983 secularium
1108 927 1352 983 consilio
1384 926 1710 997 dispositis,
1746 927 1851 979 Ro-

197 1033 345 1074 mam
371 1032 501 1074 cum
524 1030 667 1087 pace
699 1016 893 1085 rediit,
926 1015 1238 1085 incipiente
1263 1016 1395 1069 anni
1422 1015 1579 1070 illius
1604 1016 1849 1084 quadra-

197 1105 437 1176 gesima.
477 1105 575 1161 llic
624 1105 802 1159 etiam
862 1104 1062 1159 eodem
1094 1117 1243 1158 anno
1278 1103 1463 1156 ﬁnivit
1496 1104 1707 1167 vitam;
1744 1117 1847 1173 pro

193 1210 308 1265 quo
364 1194 723 1263 Fridericus,
760 1191 1038 1247 Gotet’ridi
1071 1191 1236 1247 ducis
1276 1191 1477 1259 frater,
1510 1192 1625 1260 jam
1658 1206 1850 1247 mona-

191 1284 337 1340 chus
360 1283 569 1351 factus,
596 1297 627 1337 a
666 1282 940 1337 Romanis
972 1281 1229 1351 pontifex
1272 1281 1599 1350 ordinatur,
1635 1284 1691 1335 et
1728 1281 1851 1336 Ste-

194 1372 418 1443 phanus
433 1385 461 1426 a
476 1369 792 1442 ppellatur.
809 1402 878 1409 —
893 1372 1168 1435 Saxones,
1190 1374 1549 1437 congregato
1563 1370 1845 1441 exercitu,

193 1465 427 1528 gentJm
477 1459 718 1514 efferam
761 1458 1138 1513 Luiticiornm
1175 1456 1263 1489 “77
1299 1457 1594 1512 hostiliter
1626 1458 1850 1513 invase-

201 1555 357 1619 runt,
394 1548 757 1617 diversisque
800 1547 965 1602 malis
1019 1560 1143 1601 eam
1197 1545 1542 1614 aﬂligentes,
1578 1546 1848 1603 Romanae

199 1639 409 1694 ditioni
435 1637 844 1706 subdiderunt,
866 1640 925 1690 et
958 1635 1220 1705 acceptis
1250 1635 1555 1691 obsidibus
1577 1650 1642 1690 ac
1665 1636 1850 1692 tribu-
1880 1653 1934 1713 Β

198 1729 301 1797 tis,
319 1726 391 1783 ad
409 1725 645 1798 pr0pria
667 1726 992 1781 redierunt.
1017 1756 1086 1764 —
1113 1724 1321 1779 Eodem
1347 1725 1849 1795 temporequidam

202 1816 533 1872 Fridericus
564 1823 622 1869 et
659 1815 875 1870 fratres
903 1813 1028 1882 ejus
1060 1813 1114 1868 in
1144 1813 1462 1869 Germaniae
1488 1814 1752 1883 partibus
1779 1818 1859 1884 ty.

198 1905 479 1962 ranniden
514 1908 863 1959 exercentes
892 1906 1102 1958 contra
1167 1902 1469 1972 imperium
1520 1904 1853 1985 Romanum,

205 1997 278 2051 ab
304 1997 522 2064 Agnete
548 1992 923 2064 imperatrice
946 1996 1003 2046 et
1025 1990 1390 2062 principibus
1411 1991 1570 2059 regni
1594 1991 1760 2059 victi,
1786 1993 1857 2047 ad

207 2083 560 2139 deditionem
586 2085 892 2137 venerunt.
920 2114 989 2121 —
1017 2081 1154 2135 Otto
1179 2080 1248 2135 de
1273 2080 1567 2136 Suinfurte
1593 2080 1708 2135 dux
1731 2081 1864 2136 Sue'

206 2188 410 2229 vorum
445 2174 476 2225 4
510 2170 751 2226 Kalend.
809 2170 1051 2226 Octobr.
1118 2169 1283 2237 obiit,
1317 2175 1376 2224 et
1434 2168 1756 2225 Ruodolfus
1790 2170 1859 2225 de

210 2258 553 2327 Rinveldon,
577 2259 673 2327 qui
709 2262 910 2329 postea
938 2273 1041 2313 rex
1061 2259 1160 2281 “"
1181 2272 1310 2313 esse
1351 2256 1674 2326 contendit,
1696 2258 1867 2334 duca.

206 2355 334 2404 tum
366 2348 626 2419 accepit;
652 2348 804 2417 quod
828 2362 1096 2417 magnum
1136 2347 1238 2402 fuit
1265 2345 1356 2379 1⁸⁷⁸
1380 2346 1751 2401 seminarium
1774 2361 1867 2407 ea-

210 2454 339 2494 rum
373 2438 587 2507 quibus
644 2450 881 2505 regnum
936 2437 1321 2507 perturbatur
1378 2436 1857 2491 commotionum.

210 2526 468 2582 Eundem
520 2539 773 2595 namque
827 2524 1123 2594 ducatum,
1173 2524 1402 2580 vivente
1432 2524 1621 2579 adhuc
1654 2524 1866 2580 Ottone

203 2617 378 2686 (luce,
408 2614 714 2670 Heinricus
760 2614 1083 2685 imperator
1117 2614 1433 2683 Bcrhtolglo
1467 2613 1662 2669 comiti
1694 2614 1865 2685 (“242),

206 2706 307 2776 qui
333 2710 463 2776 post
485 2703 920 2759 Carinthiorum
940 2703 1167 2774 accepit
1185 2703 1478 2771 ducatum,
1498 2703 1867 2784 promiserat,

202 2793 629 2865 eiqueanulum
666 2808 834 2848 suum
868 2793 1030 2848 velut
1060 2792 1235 2861 hujus
1263 2792 1342 2847 rei
1365 2791 1868 2847 commonitorium

205 2883 454 2939 dederat
474 2899 487 2949 ;
506 2896 675 2951 quem
694 2880 788 2937 ille
806 2880 1124 2951 diligenter
1145 2895 1402 2948 servans,
1423 2885 1551 2951 post
1571 2881 1869 2935 amborum

206 2972 458 3041 obitum,
517 2970 894 3042 imperatoris
927 2970 1157 3025 scilicet
1191 2974 1244 3025 et
1299 2969 1480 3038 ducis,
1514 2968 1868 3040 imperatrici

209 3060 426 3129 Agneti
459 3059 765 3131 imperium
813 3062 955 3114 tunc
990 3057 1328 3129 disponenti
1361 3057 1595 3125 obtulit,
1630 3072 1872 3127 eamque

209 3148 454 3205 anulum
473 3152 883 3218 agnoscentem
913 3163 1014 3218 pro
1045 3148 1258 3203 ducatu
1283 3147 1391 3201 sibi
1420 3146 1700 3216 promisso
1730 3162 1855 3201 com

212 3238 463 3294 monuit.
493 3238 600 3293 Sed
627 3236 759 3307 quia
782 3236 1087 3307 predictus
1112 3235 1442 3291 Ruodulfus
1464 3249 1592 3289 mox
1618 3240 1749 3305 post
1778 3235 1876 3288 im-

210 3327 520 3401 peratoris
542 3326 763 3381 obitum
783 3324 957 3379 filiam
981 3324 1123 3393 ejus,
1144 3322 1427 3379 Rumoldo
1444 3323 1876 3381 Constantiensi

211 3417 499 3489 episcopo
517 3412 982 3470 commendatam
997 3444 1064 3451 —
1086 3419 1281 3468 utrum
1297 3411 1541 3468 consilio
1558 3417 1782 3482 raptam
1808 3426 1877 3466 an

213 3504 357 3562 dolo
397 3503 738 3561 nescitur—~
761 3516 1001 3556 uxorem
1046 3500 1232 3561 duxit.
1274 3499 1643 3570 receptojam
1669 3500 1722 3553 in
1752 3511 1880 3569 gra'

214 3595 361 3650 tiam
386 3591 633 3649 eundem
660 3591 934 3647 ducatum
956 3588 1048 3622 1‘"
1072 3589 1155 3643 illi
1178 3604 1356 3645 causa
1380 3589 1511 3645 filia:
1536 3587 1880 3659 imperatrix

216 3683 419 3749 dedit;
450 3680 603 3751 quod
637 3678 891 3734 animum
919 3677 1217 3734 Berhtoldi
1250 3693 1360 3731 non
1394 3692 1599 3747 parum
1632 3692 1883 3732 commo-

216 3773 327 3829 vit.
348 3773 460 3827 Pro
477 3768 991 3840 quacommotione
1010 3766 1270 3822 lenienda
1289 3766 1539 3821 ducatus
1556 3765 1882 3820 Karintbio-

219 3875 356 3917 rum
393 3859 445 3914 ei
477 3857 869 3914 committitur
900 3857 1022 3927 (an.
1076 3859 1254 3926 1061),
1292 3869 1461 3925 quem
1513 3859 1711 3925 postea
1761 3853 1881 3908 filio

222 3965 339 4008 suo
357 3948 659 4019 tequivoco
689 3945 873 4017 ipsius
886 3949 1090 4013 rogatu
1114 3958 1216 3999 rex
1239 3940 1879 4007 Heinricuseommisit;

220 4037 337 4097 sed
362 4035 729 4109 postmodum
747 4032 1108 4105 quorundam
1136 4032 1417 4087 instinctu
1440 4031 1685 4087 eundem
1711 4030 1883 4085 duca-

220 4132 356 4184 tum
382 4123 632 4181 Luitolfo
654 4121 744 4155 ¹⁴⁸⁰
760 4120 1195 4191 consanguineo
1224 4135 1329 4176 suo
1353 4119 1533 4189 dedit,
1562 4119 1763 4188 sicque
1787 4132 1884 4189 pa-

221 4222 383 4274 trem
418 4218 476 4269 et
509 4217 706 4271 natum
740 4210 1191 4284 parvipendens,
1226 4209 1486 4264 offendit.
1524 4208 1682 4263 Unde
1714 4207 1880 4277 quasi

222 4305 516 4361 renovata
539 4302 733 4373 priore
762 4300 972 4370 injuria
995 4314 1123 4355 cum
1148 4296 1500 4353 Bet‘htcldus
1520 4297 1636 4352 dux
1660 4310 1884 4367 permo-

220 4396 474 4450 veretur
505 4390 694 4446 omnia
726 4389 1106 4445 consiliorum
1155 4387 1637 4455 machinamenta,
1675 4384 1886 4454 quibus
1914 4362 1967 4422 D

228 4482 386 4541 satis
415 4479 506 4513 “9°
535 4479 814 4552 pollebat,
849 4479 918 4534 ad
953 4478 1060 4534 hoc
1090 4478 1378 4545 vertebat,
1416 4480 1477 4530 ut
1507 4476 1579 4530 ab
1612 4478 1883 4542 utroque,

228 4571 296 4627 id
325 4574 412 4626 est
439 4583 575 4639 rege
602 4573 659 4624 et
712 4566 1017 4635 Ruodolfo;
1040 4581 1102 4622 se
1128 4565 1532 4631 ulcisceretur,
1558 4565 1629 4618 ab
1655 4564 1763 4618 hoc
1784 4561 1891 4616 sci-

229 4661 401 4728 licet,
440 4658 706 4731 quoniam
725 4671 752 4712 a
790 4657 1006 4712 ducatu
1036 4655 1144 4710 sibi
1165 4655 1448 4726 promisso
1471 4670 1532 4709 se
1558 4652 1892 4723 subplanta-

226 4750 346 4818 vit,
373 4749 444 4803 ab
465 4748 566 4804 illo
592 4763 730 4802 vero
756 4745 867 4815 “82,
896 4745 1027 4815 quia
1056 4758 1117 4797 se
1141 4748 1382 4813 accepto
1414 4742 1682 4813 privavit.
1705 4741 1893 4795 Multa:

228 4838 480 4895 interim
496 4852 689 4893 causa:
727 4850 854 4906 qua:
881 4832 1206 4890 inconsulte
1250 4838 1385 4887 tunc
1404 4833 1759 4899 gerebantur
1782 4828 1894 4884 sibi

225 4927 671 4986 concurrebant
712 4930 769 4980 et
796 4924 929 4981 huic
964 4921 1374 4977 machinationi
1398 4920 1738 4975 occasiones
1773 4932 1898 4989 prc-

227 5017 492 5075 bebant:
524 5016 660 5072 Otto
702 5016 817 5072 dux
854 5011 1249 5083 Bajoariorum
1276 5009 1574 5079 dcjicitur;
1609 5008 1899 5063 Chuonra-

1959 398 2138 470 1070),
2164 404 2224 454 et
2248 401 2412 470 quasi
2443 415 2471 456 a
2500 416 2633 471 rege
2660 402 2879 471 jussum
2904 402 2997 467 sit,
3028 404 3132 473 ipsi
3155 404 3374 460 crimen
3399 407 3599 463 indici-

1961 491 2073 541 tur.
2110 489 2417 559 Conspirat
2465 480 2651 558 igitur
2675 490 2812 544 Otto
2846 489 2900 545 in
2935 490 3202 561 Saxonia,
3250 492 3598 551 Berhtoldus

1961 573 2014 629 in
2052 576 2286 641 Suevia;
2335 576 2478 632 fiunt
2513 582 2699 633 motus
2731 582 2785 633 et
2820 583 3142 634 conventus
3176 580 3505 650 utrobique,
3542 582 3596 638 in

1961 663 2171 733 quibus
2203 664 2334 719 odia
2369 665 2422 720 in
2448 679 2639 733 regem
2665 666 3027 721 suscitantur
3050 671 3105 722 et
3132 667 3359 724 invidiaa
3381 685 3395 733 ;
3421 669 3598 725 multa

1961 766 2190 821 quoque
2217 753 2437 808 interea
2484 753 2537 807 in
2567 768 2743 821 regno
2776 754 3019 817 flebant;
3046 770 3173 825 quae
3204 762 3481 826 utrosque
3504 772 3602 828 po-

1962 840 2131 910 pulos
2153 840 2331 909 justis
2364 844 2418 895 et
2470 841 2819 897 necessariis
2851 846 2915 897 ut
2944 842 3254 898 videbatur
3282 846 3495 915 causis,
3531 861 3601 901 ne

1962 928 2083 997 regi
2126 929 2494 995 adhererent,
2541 932 2916 997 avertebant;
2962 946 3145 1001 eoque
3170 934 3290 955 “’“
3324 951 3337 997 ;
3375 949 3466 989 res
3500 949 3601 1004 per

1964 1016 2134 1071 ducta
2179 1020 2287 1085 est,
2326 1021 2389 1071 ut
2434 1017 2756 1073 Ruodolfus
2790 1019 2842 1072 in
2899 1018 3363 1089 dampnationem
3397 1020 3486 1076 sui
3517 1037 3604 1077 re-

1961 1119 2134 1173 gnum
2162 1103 2891 1174 invaderetdominumque
2911 1121 3077 1161 suum
3100 1122 3292 1177 regem
3313 1110 3603 1179 deponere

1963 1198 2059 1249 aut
2087 1192 2414 1248 interficere
2440 1198 2712 1263 quereret
2737 1192 2838 1261 (an
2858 1199 3029 1265 1076).
3050 1197 3158 1252 Sed
3184 1200 3303 1253 hmo
3320 1213 3413 1253 res
3434 1213 3602 1269 quem

1962 1281 2230 1337 effectum
2260 1282 2520 1351 haberet,
2557 1296 2659 1336 nec
2687 1283 2937 1338 rusticos
2965 1283 3134 1339 latet.

2103 1363 2126 1385 ‘
2162 1363 2225 1439 (ζ.
2266 1361 2753 1439 itanglleinricus
2784 1368 3044 1432 quartus,
3081 1366 3327 1439 Heinrici
3364 1367 3607 1439 impera-

2177 1432 2325 1486 toris
2351 1431 2522 1497 tilius,
2550 1433 2852 1507 admodum
2892 1450 3052 1507 puer,
3092 1437 3237 1505 patri
3263 1431 3603 1507 succedens,

2178 1517 2421 1582 regnare
2443 1503 2620 1582 cepit,
2646 1509 2739 1557 87°
2768 1504 2891 1582 loco
2923 1505 2993 1559 ab
3020 1503 3298 1582 Augusto,
3326 1513 3380 1561 et
3408 1503 3609 1582 regna;

2177 1575 2259 1647 vit
2293 1575 2458 1626 annis
2483 1578 2567 1647 tit).
2598 1576 2784 1647 Agnes
2810 1575 3169 1645 imperatrix,
3199 1583 3382 1633 mater
3406 1578 3605 1647 ipsius,

2179 1644 2751 1718 ducattun__Bajoarim
2773 1647 3051 1715 suscepit.
3073 1644 3301 1703 ViCtore
3325 1644 3469 1718 papa
3497 1644 3611 1703 me?

2179 1715 2395 1787 diante,
2452 1715 2816 1787 Baldewinus
2845 1721 2903 1769 et
2963 1718 3293 1774 Gotefridus
3325 1715 3421 1774 ad
3457 1719 3611 1787 regis

2178 1784 2423 1853 gratiam
2454 1786 2837 1853 reducuntur,
2872 1792 2930 1841 et
2954 1802 3152 1843 omnes
3187 1789 3469 1844 bellorum
3496 1784 3613 1845 ino-

2183 1861 2292 1929 tus
2310 1855 2590 1910 sedantur
2620 1858 2721 1925 (cf.
2745 1858 2992 1928 Sigei).
3026 1860 3353 1914 Fridericus
3381 1860 3612 1929 quidam

2181 1931 2235 1980 et
2260 1927 2881 1999 fratres—venerunt.
2909 1930 3203 1999 utSt/p721.
3233 1931 3293 1985 In
3319 1927 3513 1985 Fresia
3554 1962 3612 1972 —-

2179 1997 2889 2072 refrenantur_.exSi_7eb.
2933 1997 3143 2054 Eodem
3174 2016 3321 2056 amo
3355 2002 3615 2072 profatus

2180 2068 2538 2141 apostolicus
2556 2069 2787 2141 Romam
2808 2084 3079 2127 reversus
3096 2068 3423 2141 presentém
3440 2072 3613 2127 vitam

2184 2139 2389 2211 finivit.
2410 2140 2567 2211 rOtto
2597 2140 2710 2193 dux
2742 2142 3057 2196 Suevorum
3082 2139 3247 2211 obiit,
3280 2149 3339 2198 et
3369 2142 3617 2198 Ruodol-

2186 2210 2294 2275 fus,
2323 2210 2419 2288 qui
2442 2214 2642 2279 postea
2676 2224 2779 2265 rex
2807 2212 3168 2270 constitutus
3190 2210 3307 2283 'eSt,
3342 2215 3615 2270 ducatum

2108 2354 2160 2377 η
2186 2285 2627 2426 ῗζέιξίῗηίξΧΧΧῐο
2680 2351 2793 2417 (ita
2819 2353 3205 2426 infraretiam
3236 2356 3335 2426 D.)
3369 2356 3516 2411 Loco
3546 2354 3618 2410 ab

2083 2496 2158 2518 Μ
2191 2424 2475 2547 ἒὸιςὲδιο,
2509 2426 2563 2476 et
2594 2424 2858 2491 regnavit
2880 2424 3051 2479 annis
3078 2430 3170 2480 50.
3199 2426 3260 2481 E.

2057 2566 2159 2589 “"
2192 2566 2307 2620 Rex
2338 2564 2697 2619 constitutus
2729 2570 2815 2619 est
2849 2565 2910 2619 d.
2950 2567 3018 2621 D.
3060 2568 3100 2621 E

2031 2637 2160 2661 nm
2193 2637 2385 2704 quue
2408 2666 2477 2674 —
2501 2634 2638 2690 latet
2674 2635 2887 2691 desunt
2914 2638 2982 2691 D.
3022 2638 3065 2692 E

2050 2726 2461 2781 2.Α.ῐ).1()58.
2494 2723 2822 2779 Fridericus
2843 2726 2884 2793 *,
2912 2724 3008 2794 qui
3034 2731 3091 2779 et
3115 2725 3459 2795 Stephanus,
3489 2740 3625 2796 pon-

1983 2814 2123 2869 tifex
2150 2814 2457 2880 Romanus,
2486 2812 2658 2865 vitam
2690 2811 2892 2881 finivit,
2920 2819 2978 2867 et
3004 2813 3330 2869 Alexander
3356 2812 3627 2870 Lucensis

1981 2902 2294 2972 episcopus
2310 2901 2361 2954 ei
2380 2901 2687 2955 successit.
2720 2901 2898 2969 llujus
2918 2907 3029 2956 tem
3042 2918 3179 2972 pore
3205 2900 3622 2971 [liltibrandus,

1903 3009 1951 3070 ρ
1987 2995 2184 3061 postea
2215 2988 2495 3059 pontifex,
2532 2989 3040 3045 archiidaconatus
3070 2990 3255 3046 olllcio
3282 2990 3514 3045 functus
3537 2991 3627 3045 est

1983 3080 2202 3133 Romre.

2125 3159 2167 3211 ‘.
2207 3156 2276 3212 0.
2311 3156 2404 3211 ila
2437 3175 2448 3210 :
2486 3155 2831 3221 Fridericus,
2866 3155 3016 3211 filius
3049 3155 3384 3212 Gothelonis
3441 3156 3628 3225 ducis,

2198 3226 2447 3283 clericus
2481 3229 2662 3297 sancti
2713 3227 3007 3295 Lantperti
3042 3228 3429 3287 LcOdiCuttsiS,
3463 3242 3632 3296 quem

2199 3313 2435 3353 exosum
2466 3299 2799 3367 imperatori
2835 3300 3101 3353 llcinrico
3124 3304 3496 3352 etcxtorretn
3531 3311 3635 3366 pro

2203 3370 2337 3425 odio
2373 3370 2569 3422 fratris
2598 3369 3007 3436 suitiotefridi,
3038 3371 3144 3423 Leo
3170 3384 3313 3438 papa
3346 3369 3455 3423 sibi
3490 3368 3639 3423 as:i-

2188 3446 2311 3496 tum
2368 3442 2584 3494 fecerat
2634 3441 2942 3509 septimum
2977 3441 3207 3495 levitam
3238 3444 3292 3493 et
3353 3438 3640 3495 cancella-

2206 3512 2351 3566 rium
2379 3512 2644 3565 Romana)
2672 3512 2977 3580 aacclesiae,
3006 3512 3099 3580 qui
3129 3516 3257 3581 post
3289 3509 3638 3578 legationem

2208 3581 2913 3651 Constantinopolitanam
2954 3581 3105 3652 apud
3132 3580 3497 3636 'Casinenses
3525 3594 3642 3635 mo-

2207 3655 2426 3710 nachus
2450 3653 2659 3720 factus,
2688 3654 2863 3706 etiam
2890 3655 3069 3707 abbas
3093 3652 3489 3707 Casinensium
3514 3665 3643 3722 pro-

2208 3732 2401 3781 motus
2451 3724 2660 3792 fuerat,
2712 3736 2740 3775 a
2791 3724 3063 3778 Romanis
3115 3738 3267 3794 papa
3304 3723 3551 3794 electus,
3583 3726 3640 3776 et

2208 3800 2431 3851 mutato
2452 3796 2681 3849 nomine
2698 3795 3025 3864 Stephanus
3042 3793 3323 3851 tecclesiaa
3344 3793 3638 3865 praasidet.

2206 3884 2279 3925 ex
2297 3865 2499 3936 Sigea.
2526 3868 2731 3921 Annus
2752 3866 2925 3921 cacat
2946 3867 3004 3919 E.

2066 3964 2123 4015 3.
2166 3960 2493 4013 18.0.1059.

2172 4040 2195 4061 "
2229 4037 2287 4091 C.
2326 4036 2391 4087 D.
2435 4036 2503 4103 Ε.
2542 4052 2552 4085 :
2593 4033 2924 4102 Stephanus
2950 4047 3094 4103 papa
3123 4031 3313 4098 obiit;
3347 4030 3437 4103 cui
3472 4030 3651 4103 Gerar

2247 4106 2356 4161 dus
2380 4102 2487 4173 ωδ,
2522 4103 2617 4173 qui
2648 4100 2711 4157 et
2748 4100 3081 4172 Niehol’aus,
3132 4102 3441 4158 successit.
3480 4100 3649 4173 Hein-

2249 4177 2405 4232 rieus
2438 4170 2771 4229 rex'Gallize
2804 4174 2969 4242 obiit,
3024 4170 3082 4229 et
3115 4173 3461 4242 Phillippus,
3495 4170 3649 4226 filius

2247 4250 2397 4318 ejus,
2433 4246 2695 4314 regnavit
2729 4260 2829 4315 pro
2862 4259 2959 4300 eo.
2996 4259 3070 4301 ea:
3096 4244 3309 4314 .S'z'yeb.

2070 4332 2129 4383 4.
2171 4331 2233 4384 Α.
2271 4329 2334 4383 1).
2380 4328 2537 4381 1000.
2602 4324 2945 4395 Luitpoldus
3003 4324 3477 4394 archiepiscopus
3529 4321 3645 4377 Mo-

1998 4419 2316 4490 gontinus'
2360 4416 2598 4477 obiit";
2651 4415 2742 4469 cui
2778 4413 3086 4483 Sigifridus
3134 4412 3441 4468 Fuldensis
3471 4410 3651 4467 abbas

2000 4506 2315 4571 successit;
2370 4504 2467 4574 qui
2514 4510 2714 4574 postea
2748 4518 2878 4559 cum
2912 4502 3042 4559 aliis
3092 4507 3299 4559 contra
3357 4500 3651 4557 dominum

2003 4611 2166 4654 suum
2202 4610 2392 4663 regem
2424 4593 2750 4648 consensit.

2181 4687 2205 4707 "
2239 4684 2311 4737 M.
2344 4683 2655 4753 episcopus
2685 4683 2748 4735 C.

2180 4756 2245 4778 ""
2269 4746 2445 4819 Oblti;
2481 4746 2583 4823 pro
2618 4769 2730 4822 quo
2751 4751 3059 4820 Sigifridus
3082 4752 3138 4805 F.
3162 4766 3218 4806 a.
3251 4746 3650 4805 constituitur.

2256 4826 2319 4879 C.
2362 4827 2429 4879 Ι).
2470 4827 2509 4878 li
2576 4824 2939 4894 ubireligua
2964 4823 3199 4878 desunt.

2080 4922 2139 4973 5.
2178 4916 2248 4971 Α.
2290 4915 2359 4969 D.
2406 4914 2564 4969 1062.

2147 5007 2171 5030 "
2201 5006 2266 5060 C.
2299 5004 2448 5062 add:
2479 5007 2641 5059 Anno
2665 5000 3144 5071 archiepiscopus
3165 4994 3657 5054 Coloniensiscon

1588 5122 1825 5179 VARL‘E
1886 5122 2281 5179 LECTIONES.

318 5227 409 5265 tm
431 5231 575 5287 an.
615 5233 674 5286 4,
757 5225 849 5262 ιιττ
883 5226 1032 5285 leui.
1065 5226 1138 5283 Α,
1222 5223 1312 5258 1⁴⁷⁸
1342 5238 1394 5281 8.
1436 5222 1471 5279 ι’.
1535 5223 1607 5281 Α.

246 5302 352 5340 1⁸⁸³
384 5302 717 5361 Gerhardus
738 5302 809 5358 D.
848 5299 921 5357 E.

1690 5220 1780 5256 “7°
1808 5220 1972 5279 deest
1998 5223 2069 5278 A.

2154 5217 2244 5255 ι⁴⁸⁰
2279 5215 2525 5277 tiutoldo
2587 5218 2657 5272 A.
2746 5212 2836 5248 ¹⁴⁸ί
2868 5211 2968 5271 ille
3025 5210 3173 5270 satis
3205 5212 3279 5268 Α.
3362 5208 3453 5246 ω’
3508 5208 3669 5267 deest

1842 5361 2045 5426 NOTE
2060 5401 2075 5421 .

344 5445 494 5523 (262)
522 5445 602 5503 De
617 5444 896 5517 Zaringen
914 5487 927 5503 .
