3972 6042
347 175 465 243 943

1520 154 2001 232 EKKEHARDI
2044 152 2576 226 URAUGENSIS
2634 188 2637 193 ·

3627 141 3738 215 944

560 312 691 370 silio
734 320 1054 383 primorum
1107 308 1289 383 regni,
1324 306 1497 383 quasi
1540 302 1772 383 indigne
1806 303 1991 357 feren-
2019 306 2073 362 A
2104 295 2405 368 cujusdam
2438 294 2624 352 Italici
2654 298 2713 350 et
2746 288 3306 383 Adelheidze‘ﬁliam,
3341 288 3573 360 accepit
3608 303 3742 343 uxo-

556 387 702 455 tium
735 375 845 454 per
886 375 1310 455 imperatri—cem
1337 375 1542 455 utpote
1576 375 1840 455 feminam
1875 385 1987 427 non

558 449 809 510 viriliter
864 449 983 508 rem
1043 450 1353 521 publicam,
1398 449 1732 521 gubernari,
1795 457 1989 521 regem

561 538 802 597 puerum
856 513 1146 597 violenter
1174 525 1232 597 ct
1266 513 1555 597 industrie
1613 521 1848 596 captum
1882 513 1991 568 sub

557 587 744 652 tutela
775 608 878 649 sua
905 592 1149 660 redegit,
1183 595 1241 644 et
1274 588 1500 660 imperii
1526 587 1781 656 regimen
1816 598 1847 639 a
1880 598 1993 660 ma-

561 672 651 722 tre
681 666 807 736 ejus
840 655 1105 736 removit,
1136 655 1196 736 et
1229 660 1299 736 de
1321 655 1428 736 hac
1459 672 1518 736 re
1542 655 1737 736 coram
1760 655 1993 736 cunctis

558 728 783 793 ratione
830 728 1098 799 reddita,
1132 730 1345 785 domini
1396 729 1483 785 sui
1536 728 1690 799 regis
1744 728 1991 799 gratiam

559 805 800 876 recepit,
828 809 886 860 et
904 817 1033 928 dper
1057 797 1242 871 ipsum
1294 799 1473 879 filium
1506 797 1575 853 ad
1604 797 1849 878 gratiam
1880 808 1993 849 ma-

559 878 667 928 tris
689 876 814 928 eius
838 889 898 928 re
945 874 1028 928 iit.
1059 874 1249 928 Agnes
1274 886 1413 926 vero
1439 872 1780 928 imperatrix
1802 879 1993 921 neces-

558 878 667 932 tris
689 870 814 945 ejus
838 870 1028 929 rediit.
1059 870 1249 945 Agnes
1274 886 1413 926 vero
1439 870 1780 945 imperatrix
1802 879 1994 945 neces;

557 939 788 1003 sitatem
812 948 1049 1000 vertens
1080 939 1133 996 in
1164 939 1539 1009 voluntatem,
1569 944 1629 994 ut
1653 939 1991 993 Obstrueret

556 1033 624 1073 os
668 1014 1031 1085 loquentium
1064 1013 1278 1086 iniqua,
1316 1025 1436 1086 non
1459 1009 1642 1086 multo
1698 1014 1833 1078 post
1879 1020 1990 1086 non

556 1075 990 1143 solum'honore
1040 1075 1223 1151 regni,
1259 1075 1360 1137 sed
1391 1080 1566 1136 etiam
1599 1075 1777 1151 onere
1810 1075 1990 1151 seculi

555 1157 793 1227 rejecto,
842 1157 1034 1227 Romm
1068 1147 1136 1209 ad
1171 1147 1371 1227 limina
1400 1150 1801 1227 apostolorum
1828 1147 1994 1227 prin-

553 1218 703 1297 cipis
730 1218 882 1281 Petri
908 1240 967 1280 se
998 1223 1269 1297 contulit,
1298 1218 1493 1292 ibique
1516 1234 1702 1291 usque
1727 1218 1794 1274 ad
1824 1218 1992 1297 finem

554 1289 689 1353 vitae
721 1312 841 1353 suae
874 1294 1025 1351 omni
1089 1289 1371 1349 virtutum
1401 1289 1661 1360 genere,
1721 1289 1993 1360 omnibus

559 1368 726 1424 bonis
755 1366 1021 1435 exemplo
1043 1370 1103 1421 et
1135 1363 1415 1420 miraculo
1437 1359 1584 1419 ’fuit.
1618 1376 1693 1417 em
1714 1359 1919 1430 Sigeb.

593 1457 664 1512 D.
706 1458 869 1511 1063.
906 1458 927 1477 "

554 1547 620 1601 C.
658 1547 721 1599 D.
757 1545 818 1599 Ε.
854 1542 1127 1599 addunt:
1162 1540 1475 1596 Nicholaus
1505 1553 1649 1610 papa
1681 1536 1865 1610 obiit;
1901 1527 1997 1592 cui

553 1616 883 1692 Alexander
910 1613 1182 1692 [Lucensis
1204 1608 1522 1692 episcopus
1537 1608 1839 1692 successit,
1860 1622 1996 1692 quo-

937 1658 1540 1760 };armensirepiscropo
1570 1658 1995 1760 papatumtur-
2023 1658 2077 1718 Β

557 1755 707 1826 piter
732 1755 1022 1826 ambiente
1045 1758 1102 1826 e_t
1126 1747 1317 1826 usque
1349 1753 1420 1807 ad
1445 1747 1744 1826 sanguinis
1766 1747 1990 1826 effusio-

555 1819 686 1881 nem
709 1824 921 1880 Christi
947 1819 1271 1880 aecclesiam
1302 1820 1737 1878 scandalizante
1759 1819 1863 1892 (cf.
1892 1819 1994 1875 Si-

547 1894 740 1966 geb.);
774 1893 877 1966 sed
903 1893 1090 1966 multo
1135 1898 1264 1966 post
1296 1908 1401 1963 p.~r
1450 1894 1746 1946 Annonem
1775 1889 1996 1966 episco-

554 1959 697 2036 pum
716 1959 1721 2036 Coloniensem,'u[tramentanarum
1743 1959 1993 2036 partium

557 2031 693 2092 tunc
728 2035 1017 2104 legatione
1049 2031 1402 2103 fungentem,
1450 2048 1516 2088 ac
1548 2033 1854 2104 universos
1885 2031 1995 2085 Ita-

555 2106 647 2162 lia:
678 2100 963 2177 praesules
995 2100 1202 2177 eadem
1232 2107 1320 2159 est
1350 2100 1755 2177 centroversia
1789 2100 1996 2177 direm-

554 2170 693 2248 pta;
709 2175 1041 2248 Parmensis
1071 2174 1397 2244 abdicatus,
1425 2171 1771 2243 Alexander,
1809 2175 1870 2227 ut
1898 2170 1994 2241 jus

553 2246 701 2316 erat,
735 2246 1133 2302 confirmatus.
1168 2248 1229 2301 '1

480 2336 562 2405 ‘1)
583 2337 678 2390 E1.
714 2335 870 2405 (alia
896 2338 1103 2405 manu)
1137 2334 1271 2405 em.
1302 2330 1994 2405 adduutr:g_Eggilbardus

552 2403 955 2475 Vllm'Magad.
994 2404 1470 2475 archiepiscopus
1503 2403 1668 2459 obiit.

411 2497 463 2550 8.
500 2496 561 2551 A.
596 2496 667 2549 D.
711 2497 872 2549 1064.
913 2492 1220 2562 Sigifridus
1238 2494 1549 2563 episcopus
1570 2488 1997 2563 Mogontiacen-

342 2582 426 2638 sis
457 2587 514 2638 et
576 2582 909 2639 Guntherus
965 2558 1466 2651 babenbergensis
1512 2583 1567 2635 et
1602 2558 1995 2633 Willibelmus

339 2670 728 2740 Trejectensis
770 2670 987 2740 aliique
1051 2684 1218 2739 quam
1253 2668 1453 2739 plures
1486 2666 1755 2738 presules
1784 2664 1878 2721 vel
1900 2679 2000 2720 no-

344 2759 491 2815 biles
515 2758 695 2814 multo
717 2757 999 2814 comitatu
1023 2757 1469 2813 Hierosolimam
1495 2754 1827 2821 tendentes,
1855 2753 1999 2809 mul-

339 2851 434 2903 tas
464 2846 872 2909 infestationes
904 2862 933 2902 a
969 2846 1237 2902 barbaris
1260 2845 1522 2916 perpessi
1554 2848 1709 2912 sunt,
1739 2841 1999 2897 tandem-

342 2950 453 3007 que
485 2935 869 3007 pervcntione
904 2935 1163 2991 fruentes
1194 2938 1415 3005 optata,
1451 2946 1691 2989 numero
1729 2934 1785 2987 et
1822 2931 1999 2987 rebus

342 3023 648 3080 admodum
682 3024 997 3093 attenuari,
1031 3023 1360 3079 redierunt.

485 3115 506 3135 ‘
528 3117 587 3168 et
615 3115 698 3168 W.
731 3114 794 3168 T.
835 3111 1050 3170 desunt
1076 3115 1140 3168 C.

414 3203 464 3255 9.
504 3204 565 3257 A.
601 3203 670 3255 D.
714 3204 874 3256 1065.
928 3201 1257 3256 Guntherus
1302 3199 1617 3269 episcopus
1670 3196 1997 3252 Babenber-

342 3288 541 3357 gensis
555 3289 627 3343 ab
643 3287 1025 3343 Hierosolima
1041 3287 1296 3355 rediens,
1325 3286 1378 3341 in
1408 3285 1698 3340 Pannonia
1726 3283 1990 3353 moritur,

345 3375 725 3447 perlatusque
782 3376 1141 3444 Babenberg,
1179 3374 1257 3429 ibi
1286 3372 1611 3443 sepelitur;
1656 3375 1789 3443 post
1823 3386 1992 3443 quem

344 3465 728 3520 Herimannus
758 3463 1084 3520 ordinatur.
1110 3462 1510 3518 —Gozwinus
1539 3476 1737 3517 comes
1772 3461 1826 3515 in
1860 3475 1995 3531 epy-

342 3553 544 3623 scopio
570 3552 1027 3622 Wirciburgcnsi
1052 3551 1414 3621 tyrannidem
1429 3564 1730 3619 exercens,
1758 3564 1786 3605 a
1822 3538 2017 3605 comi-‘

348 3641 505 3697 tibus
529 3641 909 3697 Adelberonis
942 3640 1200 3712 presulis
1232 3639 1463 3695 occisus
1494 3643 1604 3694 est.

421 3743 513 3794 10.
555 3740 624 3794 A.
663 3741 735 3793 D.
793 3742 959 3794 1060.
1006 3740 1272 3794 Cometes
1306 3751 1408 3808 per
1443 3740 1625 3791 totum
1660 3737 1860 3791 orbem
1894 3733 1992 3791 diu

349 3827 640 3898 apparuit.
677 3830 698 3850 '
719 3859 787 3867 —
809 3829 1021 3884 Eodem
1052 3842 1199 3883 anno
1228 3826 1434 3895 Anglia
1458 3840 1559 3896 per
1581 3822 1991 3880 Willihelmum

347 3916 815 3971 Nortmannicum
844 3914 1259 3971 miserabiliter
1283 3913 1491 3970 afflicta
1517 3912 1866 3982 tandemque
1899 3925 1994 3967 su-

349 4004 541 4071 bacta,
575 4003 698 4075 ipse
750 4019 854 4061 rex
884 4004 1011 4074 ejus
1058 4004 1301 4060 effectus
1330 4006 1446 4058 est.
1487 4002 1593 4069 Qui
1628 4018 1760 4057 mox
1791 4015 1991 4058 omnes

345 4107 491 4164 pene
536 4093 699 4164 regni
750 4092 1011 4163 ejusdem
1064 4092 1330 4164 presules
1357 4090 1557 4161 exilio,
1592 4091 1819 4147 nobiles
1849 4104 1990 4146 vero

345 4181 519 4237 morti
543 4180 878 4251 destinavit,
920 4181 1246 4237 mediocres
1268 4186 1462 4237 autem
1487 4179 1610 4236 suis
1630 4178 1987 4235 militibusin

345 4270 710 4340 servitutem,
768 4284 978 4325 uxores
1027 4269 1426 4338 indigenarum
1459 4267 1862 4325 universorum
1894 4265 1982 4322 ad-

344 4355 509 4412 venis
540 4356 595 4411 in
630 4357 1058 4413 matrimonium
1092 4356 1443 4427 subjugavit.
1478 4358 1545 4409 *2

484 4454 505 4477 "
528 4454 585 4508 C.
619 4453 828 4510 addit:
862 4453 1398 4525 [Iarwich—annis
1425 4457 1514 4525 21.
1542 4467 1617 4510 ea:
1634 4451 1862 4525 Siyeb.,
1898 4465 1989 4511 re-

561 4525 732 4595 liqua
750 4538 885 4580 vero
916 4524 1098 4594 hujus
1120 4526 1269 4581 aum’
1299 4524 1528 4581 dzsuut.

482 4622 571 4693 2*)
606 4625 690 4675 10.
728 4626 811 4676 1-1.
860 4620 1093 4693 udduut
1123 4639 1147 4693 :A
1169 4619 1508 4693 Cuonradus
1540 4621 1612 4676 de
1641 4619 1983 4693 Phullingen

554 4691 722 4763 ortus
744 4691 896 4763 apud
919 4691 1208 4763 Treverim
1232 4691 1476 4759 electus,
1505 4706 1533 4747 a
1558 4692 1772 4763 comite
1796 4692 1986 4748 Dicte-

551 4760 951 4889 ;iclqzopassus,
986 4760 1224 4831 Dolegio
1265 4765 1355 4818 est
1414 4762 1697 4834 sepultus.
1736 4776 1812 4818 ea:
1836 4763 1981 4818 Ber-

593 4848 625 4889 o
732 4877 744 4888 .

414 4927 495 4980 11.
534 4925 596 4979 A.
630 4924 692 4978 D.
731 4924 885 4978 1067.
910 4921 1262 4979 ‘Heinricus
1303 4935 1406 4977 rex
1430 4920 1721 4991 Berhtam,
1751 4920 1980 4977 Ottonis

2103 400 2245 456 rem,
2282 385 2514 455 nuptias
2542 383 2849 440 celebrans
2880 378 3188 436 Triburiaa.

2243 476 2265 496 θ
2297 475 2359 544 C.
2390 475 2453 544 Ι).
2488 474 2547 527 Ε.
2581 469 2815 544 addunt
2843 487 2865 544 :_
2887 466 3230 544 Cuonradus
3249 464 3741 544 primiceriusagc-

2314 543 2506 598 clesiae
2541 539 2921 607 (Iolonicnsis,
2974 536 3314 607 des‘gnatus
3343 552 3372 592 a
3412 550 3548 607 rege
3578 536 3743 607 Hein-

2315 613 2436 668 rico
2458 605 3208 683 Treverisepiseo_pus,'ab
3242 607 3432 683 ipsius
3460 605 3625 683 urbis
3656 618 3745 683 co-

2316 684 2453 738 mite
2474 676 2828 753 Theoderico
2851 676 3101 753 capitur,
3118 684 3219 753 eta
3241 676 3602 753 satellitibus
3624 676 3745 753 ejus

2316 756 2369 808 in
2396 753 2599 809 silvam
2634 752 2864 820 ductus,
2898 747 2968 804 de
2993 747 3533 820 montiscacumine
3566 747 3744 820 tereio

2314 825 2728 896 precipitatur,
2758 828 2817 877 et
2835 815 2965 877 cum
2983 820 3177 896 adhuc
3195 818 3399 896 ill_esus
3419 824 3601 888 esset,
3630 815 3745 885 gla-

2315 888 2411 951 dio
2441 888 2973 950 transver'bcratur.
3000 905 3075 947 ea:
3099 888 3313 961 Sigeb.

2178 988 2268 1038 12‘.
2293 985 2363 1038 A.
2390 984 2460 1037 D.
2493 986 2656 1038 1068.
2685 980 2990 1035 Heinricus
3011 979 3033 1003 *
3050 993 3153 1033 rex
3176 975 3595 1033 adolescentiae
3609 989 3747 1031 usus

2104 1071 2400 1141 libertate,
2435 1070 2741 1126 Saxoniam
2793 1067 2971 1123 solam
3004 1080 3074 1121 ex
3105 1066 3259 1121 omni
3287 1067 3545 1121 Romano
3574 1064 3748 1134 impe-

2105 1159 2191 1215 rio
2220 1160 2400 1230 coapit
2420 1157 2694 1227 incolere,
2721 1155 3012 1227 principes
3050 1154 3369 1225 deSpicere,
3398 1152 3625 1209 nobiles
3654 1151 3749 1207 ob-

2106 1247 2381 1319 primere,
2408 1246 2716 1302 inferiores
2732 1242 3069 1311 sustollere,
3091 1242 3347 1311 venatui,
3364 1240 3751 1297 lusibuscete-

2107 1335 2307 1405 risque
2338 1333 2670 1405 hujusmodi
2702 1331 3002 1387 exercitiis
3035 1330 3165 1401 plus
3192 1344 3362 1399 quam
3389 1329 3651 1398 justiciis
3675 1330 3748 1384 fa-

2106 1422 2347 1493 ciendis,
2373 1427 2433 1477 ut
2458 1423 2762 1478 incusatus
2785 1425 2897 1490 est,
2931 1433 3166 1491 operam
3216 1419 3377 1487 dare,
3412 1416 3561 1473 filias
3591 1416 3750 1473 illus-

2110 1511 2285 1566 trium
2311 1509 2671 1581 quihuslibet
2693 1509 2946 1563 obScure
2981 1506 3134 1562 natis
3163 1504 3497 1579 conjugare,
3526 1505 3748 1577 privata

2111 1598 2380 1668 presidia,
2401 1597 2670 1653 nimirum
2698 1594 3032 1666 potentibus
3050 1593 3211 1664 regni
3233 1609 3346 1650 non
3378 1593 3526 1649 satis
3543 1593 3747 1662 fidens,

2108 1686 2446 1741 instituere.
2488 1685 2588 1741 His
2639 1682 2946 1739 discordiae
2979 1682 3311 1738 seminariis
3342 1680 3586 1751 contigit
3633 1680 3749 1751 regi

2108 1789 2276 1844 quam
2326 1773 2609 1844 plurimos
2661 1772 3037 1827 insidiatores
3072 1775 3186 1826 tam
3218 1771 3354 1827 vitae
3386 1785 3557 1841 quam
3592 1769 3749 1839 regni

2107 1876 2508 1919 succrescere.
2552 1861 2657 1928 Qui
2710 1864 2902 1916 tamen
2935 1874 3065 1915 cum
3116 1859 3475 1915 maturitatis
3506 1857 3749 1915 necdum

2107 1948 2274 2019 plene
2331 1949 2624 2018 attigisset
2683 1962 2887 2017 annos,
2920 1951 3084 2002 erant
3116 1947 3211 2017 qui
3247 1962 3356 2003 non
3415 1952 3530 2001 tam
3562 1947 3751 2017 ipsum

2108 2050 2275 2106 quam
2309 2036 2687 2092 Adelbertum
2720 2034 2809 2068 ¹⁴⁸⁴
2843 2036 3211 2091 Premensem
3244 2034 3751 2106 archiepiscopum

2104 2124 2455 2197 culpandum
2481 2125 2835 2196 judicarent,
2870 2124 3024 2194 quod
3057 2138 3184 2194 ejus
3206 2122 3456 2180 consilio
3490 2124 3615 2181 lucc
3636 2138 3756 2180 om-

2105 2213 2196 2269 nia
2230 2218 2448 2283 ageret,

2246 2304 2269 2326 ”
2299 2303 2357 2357 C.
2394 2302 2673 2373 hocaqu
2691 2320 2710 2373 7:
2746 2302 3106 2359 Fluminibus
3126 2301 3532 2373 —prosternit
3558 2305 3616 2356 et
3637 2305 3757 2373 ter-

2320 2387 2440 2427 ram
2465 2372 2638 2427 nimia
2669 2372 3125 2444 depopulatione
3139 2370 3455 2429 atterit.ea:
3475 2370 3684 2441 Sigeb.

2180 2465 2265 2515 13.
2297 2463 2367 2516 A.
2406 2463 2465 2516 D.
2508 2465 2668 2516 1062.
2702 2460 2792 2494 1⁸⁸⁸
2823 2464 3013 2531 Agnes
3057 2459 3418 2532 imperatrix,
3454 2464 3640 2516 mater
3673 2475 3761 2517 re-

2106 2549 2195 2619 gis
2217 2549 2491 2619 Heinrici,
2522 2549 2676 2605 tedio
2705 2549 2930 2616 affecta,
2956 2548 3047 2605 vel
3078 2548 3277 2620 potius
3299 2548 3580 2605 divinitus
3602 2563 3767 2605 com-

2110 2641 2343 2707 puncta,
2368 2637 2639 2693 ducatum
2667 2637 2943 2706 Bajoariae
2969 2636 3259 2708 deposuit,
3285 2641 3341 2693 et
3363 2636 3524 2707 regni
3546 2637 3763 2706 guber-

2107 2725 2311 2780 nacula
2357 2725 2624 2795 penitens
2669 2724 2758 2757 ¹⁴⁸⁶
2781 2731 3202 2797 contempnens
3232 2740 3337 2796 pro
3362 2726 3613 2795 Christo,
3651 2727 3763 2781 Ro-

2111 2828 2255 2868 mam
2284 2828 2347 2869 se
2366 2814 2635 2883 contulit,
2659 2813 2855 2884 ibique
2880 2813 3069 2884 dignis
3089 2814 3450 2886 poenitentiae
3467 2815 3766 2871 fructibus

2111 2903 2252 2959 mira
2286 2903 2611 2959 inservnens
2662 2902 3012 2973 humilitate,
3049 2908 3182 2974 post
3229 2902 3452 2973 aliquot
3486 2917 3669 2959 annos
3704 2904 3764 2959 in

2030 3011 2078 3073 α
2110 2991 2351 3046 Domino
2382 2995 2711 3062 presentem
2744 2991 2920 3047 vitam
2953 2991 3168 3048 ﬁnivit.

2248 3081 2270 3103 "
2301 3080 2366 3134 C.
2406 3079 2617 3136 addit:
2644 3079 2877 3148 Ungarii
2900 3111 2969 3119 —
2991 3080 3363 3136 refrenantur
3383 3093 3459 3136 ea:
3474 3078 3681 3150 Sigeb.

2179 3172 2270 3223 14.
2314 3171 2383 3223 A.
2426 3169 2493 3223 D.
2528 3173 2690 3224 1070.
2721 3167 2830 3223 “’7.
2856 3168 2979 3223 Teti
3011 3168 3270 3224 marchio
3296 3183 3408 3224 non
3427 3168 3553 3224 sine
3579 3168 3767 3223 Saxo-

2107 3257 2217 3313 niae
2237 3257 2562 3328 principum
2587 3256 2831 3313 consilio
2847 3256 3209 3326 tyrannidem
3242 3258 3296 3311 in
3331 3261 3530 3328 partes
3558 3256 3761 3327 regias

2106 3345 2355 3416 orditur,
2392 3360 2518 3415 quae
2570 3351 2761 3401 tamen
2795 3360 2929 3401 mox
2973 3344 3193 3401 caelesti
3227 3345 3393 3402 simul
3426 3350 3488 3400 et
3520 3350 3764 3402 terrena

2106 3433 2410 3503 majestate
2435 3434 2850 3505 compescitur,
2873 3435 3101 3491 scilicet
3123 3433 3389 3491 castellis
3413 3434 3538 3490 suis
3563 3434 3761 3490 Bichi-

2107 3521 2303 3591 lingon
2335 3527 2394 3576 et
2441 3523 2791 3593 Schidingon
2833 3523 2981 3593 (243)
3014 3538 3044 3579 a
3076 3537 3213 3593 rege
3256 3522 3600 3592 destructis,
3639 3522 3765 3579 ﬁlio

2105 3625 2229 3679 suo,
2256 3625 2420 3681 aeque
2443 3611 2678 3667 militari
2702 3612 2847 3682 viro,
2870 3626 2899 3667 a
2926 3612 3162 3683 proprio
3188 3626 3358 3667 servo
3378 3611 3759 3683 interempto,

2106 3699 2349 3770 ipsoque
2381 3700 2666 3757 communi
2701 3706 2887 3756 morte
2916 3701 2971 3755 in
3006 3700 3167 3757 brevi
3200 3700 3383 3756 finito.
3421 3702 3472 3755 *1

2246 3788 2324 3859 *1)
2356 3792 2446 3844 10.
2479 3793 2573 3844 11.
2603 3789 2867 3860 addunt:
2903 3788 3260 3860 Constanciae
3284 3785 3609 3844 Rumoldus
3633 3787 3758 3860 epi-

2315 3873 2534 3930 scopus
2565 3859 2737 3915 obiit.
2775 3873 2851 3916 ea:
2877 3859 3208 3922 Beruoldo.

2175 3951 2266 4002 15.
2295 3949 2367 4002 A.
2396 3949 2464 4003 D.
2511 3950 2669 4004 1071.
2701 3948 2840 4004 Otto
2867 3946 2983 4004 dux
3007 3947 3284 4017 Bajoariae
3311 3947 3588 4005 ducatum
3616 3946 3762 4003 ami-

2101 4034 2198 4091 sit.
2243 4035 2346 4091 Hic
2373 4036 2569 4107 itaque
2604 4036 2754 4091 Saxo
2793 4050 3027 4107 genere,
3066 4036 3155 4092 vir
3184 4035 3560 4108 amplissima
3587 4036 3762 4092 nobi-

2102 4122 2304 4196 litatis,
2342 4124 2652 4195 prudentia
2702 4126 2992 4196 rebusque
3023 4125 3248 4181 bellicis
3278 4124 3587 4196 perpaucis
3622 4129 3757 4181 erat

2101 4212 2536 4284 comparabilis,
2570 4218 2629 4269 et
2657 4213 2712 4268 in
2763 4218 2920 4269 tanta
2949 4213 3103 4285 apud
3133 4213 3440 4270 universos
3469 4212 3759 4285 primates

2101 4301 2450 4358 excellentia
2482 4300 2739 4374 habitus,
2772 4306 2833 4359 ut
2865 4317 2989 4372 rex,
3022 4303 3117 4372 qui
3136 4302 3254 4373 jam
3278 4302 3607 4358 Saxonibus
3637 4316 3765 4358 om-

2018 4362 2073 4423 Β
2101 4389 2701 4463 nlno“”susspectus
2732 4395 2791 4447 et
2816 4390 3194 4461 invisuserat,
3222 4391 3415 4462 ipsum
3447 4394 3658 4447 contra
3690 4404 3759 4447 se

2100 4479 2156 4534 in
2181 4479 2343 4549 regni
2368 4478 2663 4550 fastigium
2690 4478 2905 4535 elevari
2946 4493 3117 4550 posse
3145 4478 3513 4547 formidaret,
3537 4477 3585 4534 si
3610 4479 3635 4503 ‘
3658 4492 3760 4533 res

2096 4581 2201 4624 sua
2232 4582 2401 4624 secus
2427 4568 2690 4624 cederet.
2724 4568 2865 4624 Hinc
2898 4562 3303 4638 perversitatis
3332 4566 3639 4623 materiam
3664 4581 3760 4622 ar-

2097 4655 2315 4727 ripiens
2361 4656 2591 4726 quidam
2629 4656 2830 4727 Egino,
2864 4655 3142 4712 mediocri
3175 4654 3304 4712 loco
3336 4658 3529 4725 natus,
3566 4654 3757 4712 rebus

2095 4743 2404 4801 admodum
2427 4744 2637 4814 tenuis,
2679 4744 2920 4802 audacia
2945 4747 3173 4801 tantum
3193 4748 3251 4801 et
3297 4743 3559 4814 nequitia
3596 4743 3758 4800 satis

2095 4833 2444 4902 diffamatus,
2473 4832 2979 4904 patrocinantibus
3000 4832 3111 4889 sibi
3135 4831 3485 4905 quibusdam
3509 4832 3671 4903 regis
3696 4830 3764 4887 ﬂ-

2094 4921 2343 4993 delibus,
2367 4920 2587 4979 curiam
2621 4922 2878 4995 irrepsit,
2906 4926 2962 4979 et
3012 4936 3280 4994 magnum
3311 4920 3475 4979 illum
3507 4921 3759 4978 heroem

1696 5044 1935 5100 VARLE
1973 5045 2373 5103 LECTIONES.

408 5159 499 5195 ³⁸³⁸
524 5159 933 5235 adelberonem
954 5163 1019 5218 A.
1082 5158 1192 5235 _“'f
1213 5160 1558 5235 AnuiA1069.
1585 5159 1845 5235 historia
1873 5162 1942 5219 in
1966 5164 2020 5235 4.
2042 5163 2189 5235 post
2210 5177 2267 5220 α.
2302 5166 2458 5235 1070.
2486 5162 2733 5234 legitur.
2811 5161 3080 5235 “"irzfgtagl
3117 5161 3355 5235 penitus
3388 5162 3457 5219 E.
3542 5158 3640 5197 “'7
3663 5160 3762 5221 In

334 5232 610 5304 margine
637 5232 839 5290 5.alz'a
861 5246 1048 5291 mauu
1076 5231 1339 5305 legitur:
1375 5233 1520 5290 Nota
1551 5233 1625 5289 ab
1653 5231 1770 5290 ista
1801 5239 1965 5290 parte
1998 5231 2205 5307 incipit
2235 5233 2468 5294 cronica
2501 5231 2803 5292 moderna.

2889 5232 2980 5268 ¹⁴⁸⁸
3006 5232 3174 5292 duit
3197 5238 3269 5292 A.

1911 5356 2114 5416 ΝΟΤΛΕ
2128 5399 2143 5416 .

408 5426 558 5499 (243)
584 5423 671 5480 Cf.
713 5439 885 5499 supra
916 5426 1285 5487 Lambertum
1317 5441 1377 5487 a.
1415 5431 1585 5489 1069.
