3994 6062
217 308 339 376 049

437 528 805 606 sustentatus
836 532 1212 606 percantata,
1247 545 1424 606 quam
1452 530 1872 606 priusiincepe-

437 598 527 653 rat
558 596 659 653 sed
699 597 949 655 nondum
985 596 1229 657 finierat.
1264 596 1346 676 cf.
1381 596 1761 661 Bérnoldum.

296 709 382 762 21.
419 709 483 763 Α.
519 704 611 740 ¹⁵⁰⁹
637 709 700 762 D.
739 711 893 763 1077.
936 708 1302 767 Ruodoll‘us'
1326 710 1591 781 indigena
1626 712 1870 783 Suevizc,

224 811 357 867 quae
382 794 476 829 “1°
505 796 718 867 regalis
749 798 982 854 omnino
1023 800 1347 857 stemmatis
1382 806 1470 857 est
1513 801 1724 872 aliena,
1759 816 1874 859 me-

223 885 525 943 diantibus
573 884 858 956 Sigefrido
909 889 1361 959 metropolitano
1404 895 1463 945 et
1506 889 1872 948 Adelberone

223 974 683 1046 Wirciburgensi
707 975 1003 1047 episcopo,
1028 978 1325 1034 Berbtolfo
1349 994 1579 1049 quoque
1602 980 1750 1037 duce
1774 981 1874 1038 Ca-

221 1063 456 1121 rintbim
483 1078 548 1120 ac
576 1064 844 1135 predicto
874 1064 1085 1121 Ottone
1118 1065 1364 1137 aliisque
1395 1067 1688 1125 nonnullis
1721 1069 1873 1139 prin-

220 1153 475 1224 cipibus,
504 1152 557 1208 in
585 1154 880 1224 presentia
914 1154 1576 1223 qlinrundaeromanae
1607 1157 1765 1214 sedis
1793 1157 1875 1214 le-

220 1245 515 1312 gatorum,
549 1255 665 1297 non
691 1240 1020 1298 voluntarie
1051 1245 1445 1309 annuentium.
1480 1245 1629 1315 apud
1665 1246 1873 1303 Forbe-

221 1329 376 1385 heim
410 1329 466 1385 in
502 1344 693 1399 regem
721 1329 1007 1387 elevatur.
1044 1334 1085 1386 A
1120 1333 1330 1403 quibus
1370 1332 1542 1389 etiam
1585 1334 1873 1393 deductus

223 1419 591 1488 Mogontiam,
620 1419 673 1474 in
698 1419 883 1475 media
908 1420 1351 1491 quadragesima
1376 1429 1443 1481 12
1463 1424 1610 1496 (253)
1631 1424 1866 1483 Kalend.

223 1506 407 1579 April.
444 1522 473 1562 Δ
509 1507 782 1576 Sigiirido
815 1508 1092 1580 episcopo
1134 1510 1187 1566 in
1231 1526 1422 1580 regem
1467 1512 1720 1583 ungitur.
1762 1515 1869 1571 Ubi

220 1595 424 1653 eodem
448 1596 564 1667 die,
593 1596 844 1667 pessimo
866 1598 1148 1669 auspicio,
1173 1600 1464 1657 sedicione
1491 1602 1661 1671 facta,
1689 1603 1868 1661 multa

221 1683 393 1739 turba
444 1682 601 1752 vulgi
650 1697 799 1739 cassa
850 1689 941 1741 est
990 1686 1062 1741 ab
1102 1686 1228 1755 ejus
1282 1687 1566 1745 militibus
1595 1691 1681 1755 “;
1716 1690 1869 1747 unde

220 1770 432 1841 vulgus
473 1784 779 1828 accensum
812 1772 868 1827 in
904 1773 1061 1843 ipsos
1092 1776 1336 1843 exarsit,
1372 1777 1709 1847 magnisque
1740 1778 1868 1835 icti-
1897 1808 1950 1867 Β

222 1860 331 1917 bus
368 1858 588 1917 multos
623 1860 1004 1932 obtruncans,
1047 1867 1280 1920 ceteros
1311 1864 1368 1919 in
1400 1869 1624 1921 curtem
1664 1864 1866 1937 palatii

220 1947 463 2017 fugavit,
494 1946 770 2020 ipsasque
794 1949 986 2017 regias
1008 1949 1165 2007 aedes
1190 1952 1501 2008 incendere
1524 1952 1727 2023 voluit,
1754 1954 1868 2012 nisi

219 2035 378 2109 quod
425 2037 739 2107 episcopus
781 2037 1091 2106 Sigifridus
1132 2055 1234 2110 pro
1274 2040 1461 2097 veloci
1504 2040 1866 2098 discessione

218 2123 486 2183 Ruodolil
527 2125 791 2182 obsidem
823 2140 883 2183 se
912 2126 1286 2199 interposuit.
1329 2130 1411 2185 lta
1456 2129 1778 2186 Ruodoll‘us
1805 2135 1863 2185 et

218 2213 416 2271 cuncti
435 2214 681 2283 quicum
700 2228 769 2271 eo
788 2220 1072 2272 venerunt
1096 2217 1269 2287 ejecti
1295 2222 1461 2281 sunt;
1487 2218 1612 2288 ipse
1633 2232 1864 2289 quoque

220 2300 533 2372 Sigit‘ridus
570 2303 887 2374 episcopus
928 2319 1148 2373 magnis
1192 2306 1568 2377 blasphemiis
1607 2305 1866 2362 elimina-

217 2392 335 2458 tus,
366 2390 715 2461 Mogontiam
748 2406 859 2446 non
892 2391 1133 2448 intravit
1173 2393 1441 2464 amplius.
1478 2392 1738 2450 Collecto
1768 2393 1865 2449 de-

220 2476 354 2535 hinc
387 2491 416 2534 a
450 2478 695 2534 Saxonia
725 2480 984 2535 exercitu
1017 2481 1257 2552 copioso
1288 2481 1509 2554 (Aug),
1544 2481 1865 2539 Ruodolfus

217 2566 745 2637 Wirciburgenses,
795 2568 1063 2625 Heinrico
1101 2570 1222 2639 regi
1265 2570 1432 2625 fidem
1470 2574 1775 2627 servantes
1803 2576 1864 2628 et

217 2660 336 2711 tam
376 2654 714 2726 episcopum
756 2669 924 2712 suum
966 2656 1391 2713 Adelberonem
1434 2673 1602 2729 quam
1636 2673 1698 2715 se
1730 2673 1864 2716 con-

218 2748 606 2815 tempnentes,
631 2742 896 2811 obsedit;
927 2744 1028 2801 sed
1054 2745 1170 2815 jam
1205 2747 1453 2803 diversis
1486 2748 1768 2804 machinis
1790 2747 1862 2805 ad

216 2832 379 2889 urbis
417 2832 911 2904 obpugnationem
954 2833 1283 2901 instructis,
1334 2839 1562 2892 terrore
1608 2836 1861 2893 Heinrici

213 2921 391 2991 regis,
414 2920 571 2977 circa
594 2920 687 2954 ¹⁸¹¹
708 2920 946 2979 Kalend.
971 2921 1083 2977 Jul.
1111 2923 1183 2979 ab
1204 2923 1370 2979 Italia
1395 2924 1641 2989 reversi,
1666 2925 1859 2981 inacte

212 3008 567 3080 regreditur.
597 3040 668 3049 —
699 3010 1007 3068 Heinricus
1052 3014 1245 3067 autem
1304 3026 1405 3067 rex
1464 3012 1858 3069 Alamanniam

210 3112 343 3154 cum
374 3098 638 3154 exercitu
669 3099 816 3170 petit
858 3098 978 3167 (an.
1017 3100 1199 3170 1078),
1244 3100 1437 3169 ibique
1469 3101 1754 3171 quendam
1786 3116 1859 3157 ex

212 3185 503 3257 indigenis
530 3166 826 3257 nugonem
857 3166 1005 3260 (254)
1038 3166 1300 3259 aliosque
1331 3166 1567 3245 sibimet
1598 3189 1738 3246 inibi
1769 3204 1860 3247 re-
1892 3166 1940 3229 Ο

209 3273 415 3346 belles,
457 3289 568 3331 non
612 3276 739 3333 sine
779 3290 982 3346 magna
1011 3277 1271 3346 ejusdem
1314 3279 1629 3349 provincia;
1666 3283 1860 3336 vasta-

209 3363 386 3434 tione,
414 3364 690 3421 debellat.
721 3364 1108 3422 Berhctoldus
1130 3365 1220 3399 ¹⁸¹²
1242 3371 1434 3424 autem
1458 3368 1529 3423 de
1548 3368 1852 3439 Zaringon,

207 3450 323 3509 dux
345 3453 634 3523 quondam
659 3454 991 3523 Carinthiae,
1015 3454 1070 3510 in
1097 3455 1344 3526 quodam
1368 3456 1582 3528 oppido
1604 3472 1709 3513 suo
1732 3456 1858 3513 Lin-

207 3544 412 3612 tperge
443 3540 592 3614 (255)
626 3541 978 3598 naturaliter
1008 3543 1230 3599 munito
1260 3544 1506 3614 positus,
1533 3544 1667 3600 dum
1699 3545 1857 3602 vide-

207 3633 300 3686 ret
317 3643 390 3686 ex
411 3630 656 3687 arbitrio
684 3630 839 3699 regis
866 3631 1099 3702 impune
1125 3636 1334 3688 cuncta
1367 3632 1604 3702 vastari,
1631 3647 1734 3704 pre
1758 3633 1855 3690 do-

206 3716 332 3774 lore
353 3718 376 3741 *
399 3717 573 3774 animi
604 3717 822 3775 dicitur
846 3733 916 3776 eo
936 3720 1139 3776 morbo
1168 3734 1339 3789 quem
1366 3719 1573 3776 medici
1598 3721 1850 3777 frcnesin

202 3810 410 3862 vocant
442 3810 765 3879 occupatus
797 3807 1001 3877 fuisse,
1035 3812 1376 3880 septemque
1408 3808 1617 3865 diebus
1647 3813 1852 3880 postea

202 3899 527 3965 superstes,
553 3894 733 3951 multa
758 3896 1024 3952 amentiae
1047 3896 1223 3952 verba
1249 3896 1413 3967 quasi
1442 3895 1699 3953 delirans
1724 3912 1854 3969 pro-

198 3981 429 4052 tulisse,
476 3982 680 4053 sicque
726 3983 905 4038 vitam
954 3982 1349 4039 finisse—In
1380 3998 1445 4039 ea
1478 3983 1851 4055 expeditione

199 4069 313 4126 Uto
338 4070 706 4128 Trevirorum
746 4070 1227 4143 archiepiscopus
1266 4072 1577 4129 defunctus
1604 4076 1714 4127 est.
1759 4074 1842 4127 Ἴ.

339 4159 363 4181 *
404 4158 461 4215 C.
498 4159 605 4217 hoc
632 4172 787 4216 anno
810 4159 905 4231 ita
938 4178 949 4214 :
987 4158 1124 4216 Gelu
1158 4191 1221 4231 έ-
1261 4174 1443 4231 usque
1492 4160 1563 4231 ad
1612 4160 1851 4230 equino-

410 4231 592 4286 ctium
625 4230 863 4287 vernale
897 4230 1233 4300 permansit.
1269 4229 1572 4300 ea‘Sigeb.
1603 4229 1844 4287 c.1076.

412 4301 718 4372 ﬁeinricus
736 4315 839 4357 rex
860 4301 1014 4357 ultra
1036 4305 1261 4358 montes
1277 4302 1598 4372 profectus,
1616 4307 1850 4372 aposto-

412 4369 528 4427 lico
552 4372 607 4427 in
632 4372 923 4443 Canusino
953 4377 1151 4443 castro
1180 4369 1389 4443 posito,
1422 4373 1592 4428 nimis
1622 4369 1849 4443 humili-

411 4444 503 4499 ter
535 4441 928 4513 satisfaciens,
963 4441 1334 4499 absolutione
1357 4447 1415 4498 ct
1439 4442 1845 4499 communione

1104 311 1547 379 CHRONICA.
1584 348 1657 363 -
1689 307 2171 380 CHRONICON
2217 310 2750 381 UNIVERSALE

436 465 543 511 suo
591 449 873 511 restituit.
924 452 1095 512 Prius
1139 460 1328 514 tamen
1371 455 1548 516 missa
1581 458 1651 517 ad
1684 419 1872 518 altare
1900 447 1958 509 A

3514 312 3635 385 950

2198 452 2256 507 et
2286 448 2651 521 Adelberone
2684 450 2766 506 W.
2799 463 2848 507 e.
2885 449 2944 506 Β.
2979 464 3033 521 q.
3068 447 3125 507 d.
3161 451 3219 508 C.
3255 456 3310 507 et
3336 451 3634 514 Welet’ona

2202 520 2596 591 Bajoariorum
2625 521 2795 592 duce,
2820 520 3163 580 Ruodoll‘um
3193 523 3397 581 ducem
3426 528 3636 586 Suevo-

2201 607 2325 648 rum
2366 597 2424 666 et
2468 594 2940 666 Burgundiorum
2979 608 3156 665 super
3194 609 3253 650 se
3293 610 3485 666 regem
3521 598 3635 657 ele-

2199 668 2353 738 vant,
2390 663 2445 718 in
2485 665 2776 738 presentia
2817 663 3445 738 scilicet‘quorundam
3483 669 3638 738 lega-

2197 736 2395 806 torum
2436 735 2594 790 sedis
2636 736 2973 806 apostolicae
3017 741 3129 791 non
3170 736 3497 796 voluntarie
3539 735 3638 796 an-

2199 803 2520 882 nuentiu-m,
2559 811 2616 860 et
2650 803 2838 882 ipsum
2860 806 3289 882 apostolicum,
3326 810 3479 867 sicut
3510 811 3636 882 ipse

2196 882 2397 948 postea
2429 877 2619 932 facere
2648 876 2893 948 solebat,
2920 878 2992 948 ab
3016 877 3125 932 hoc
3151 894 3434 938 consensu
3466 876 3640 938 excu-

2198 946 2468 1018 Santium.
2532 947 2855 1004 Perductus
2915 947 3109 1016 itaque
3166 951 3510 1018 Mogontiam
3562 984 3633 992 —

2198 1017 2464 1095 lleinrici
2489 1018 2741 1095 adventu
2772 1019 3035 1095 territus
3063 1017 3325 1095 recessit,
3356 1023 3425 1079 ut
3450 1037 3637 1095 supra

2197 1087 2401 1161 (panic
2440 1088 2718 1159 brevius).
2771 1090 2898 1160 ipse
2944 1090 3096 1161 enim
3142 1087 3369 1161 Alpium
3416 1087 3538 1150 eir.’
3563 1109 3637 1151 ex

2194 1159 2393 1235 Sjyeb,
2425 1159 2825 1235 licinricnsé
2852 1160 3131 1235 debellat.
3152 1159 3441 1235 at'sapra.
3470 1164 3637 1220 Hein-

2200 1231 2357 1303 ricus
2389 1262 2468 1303 -έ,
2490 1231 2907 1286 fortitudinem.
2972 1245 3047 1286 ex
3095 1231 3325 1303 Sigeb.‘
3357 1248 3412 1291 a.
3475 1238 3629 1291 1078.

2200 1301 2549 1357 Bertholdus
2586 1311 2779 1357 autem
2823 1303 2939 1358 dux
2980 1301 3269 1370 quondam
3322 1305 3632 1361 Carinthiaa

2191 1373 2304 1443 jam
2344 1386 2542 1443 senex,
2583 1378 2643 1427 et
2685 1372 3154 1442 sapientissimus
3182 1374 3237 1429 in
3268 1389 3447 1442 regno
3476 1376 3635 1432 habi-

2195 1448 2309 1509 tus,
2339 1442 2508 1518 cujus
2537 1446 2592 1497 et
2628 1443 2875 1518 consilio
2911 1459 3011 1518 rex
3044 1458 3222 1518 super
3253 1460 3448 1518 regem
3481 1447 3634 1518 posi-

2198 1518 2291 1587 tus
2316 1517 2428 1587 est,
2456 1513 2509 1568 in
2540 1514 2789 1583 quodam
2835 1514 3017 1587 opido
3052 1528 3160 1587 suo
3206 1513 3496 1587 Lint’perg'
3524 1517 3628 1575 etc.

2124 1583 2172 1607 “
2196 1584 2287 1658 51.,
2324 1583 2448 1654 ipse
2476 1589 2668 1658 autem
2706 1599 2836 1658 cum
2876 1583 3147 1658 Sigil‘rido
3179 1583 3630 1658 metrOpolitano

2193 1655 2471 1727 episcopo
2495 1655 2782 1727 Mogontia
2810 1669 3104 1727 egressus,
3134 1656 3186 1710 in
3213 1655 3514 1714 Saxoniam
3538 1664 3631 1715 est

2239 1726 2515 1800 refectus,
2576 1726 2672 1781 ubi
2732 1725 3307 1800 coll_ccto_cxercit_u
3355 1730 3626 1800 copioso,

2239 1742 2515 1795 rorectus,
2576 1742 2672 1781 llDl
2734 1742 2983 1780 COllOCtO
3040 1742 3307 1783 exercitu
3366 1743 3413 1784 Ο(

2193 1742 2700 1865 θνὶιὊὶὺυιυςθηεθε
2732 1797 2792 1851 D.
2831 1797 2889 1849 E.
2925 1796 3134 1853 ceteris
3159 1798 3413 1855 omissis.

2139 1868 2161 1892 ‘
2191 1867 2253 1922 V.
2299 1866 2468 1941 animi
2507 1866 2705 1921 dolore
2742 1867 3061 1941 morboque
3090 1882 3120 1922 c
3149 1868 3355 1941 trporis
3386 1882 3631 1941 occupa-

2196 1942 2311 2007 tus,
2342 1938 2518 1993 vitam
2552 1942 2879 2007 presentem
2912 1936 3113 1991 ﬁnivit.
3146 1936 3212 1993 C.‘
3237 1940 3298 1993 D.
3330 1940 3391 1995 E.

2138 2009 2161 2033 ‘
2191 2012 2239 2065 1.
2272 2013 2356 2064 10.
2392 2008 2773 2080 11._addani:
2807 2008 3018 2080 Agnes,
3050 2010 3326 2080 mater‘H.
3354 2008 3533 2080 regis,
3561 2013 3630 2066 29

2194 2079 2360 2134 annis
2394 2078 2587 2147 vidua,
2621 2079 2814 2133 Romae
2846 2078 3016 2145 obiit,
3047 2078 3099 2132 in
3130 2078 3374 2135 ecclesia
3408 2078 3629 2137 sanctae

2192 2148 2539 2204 Petronellze
2573 2148 2821 2219 sepulta.
2857 2162 2931 2205 ea:
2958 2149 3269 2205 Bemoldo.

2048 2239 2135 2293 22.
2180 2239 2241 2292 Α.
2279 2238 2341 2292 D.
2388 2240 2544 2293 1078.
2600 2236 2903 2294 lleinricus
2954 2251 3053 2293 rex
3107 2238 3445 2311 properanti
3496 2253 3643 2305 con-_

1978 2324 2068 2379 tra
2099 2336 2161 2379 se
2191 2338 2319 2380 cum
2369 2325 2550 2381 multo
2578 2324 2842 2380 exercitu
2873 2325 3159 2381 Ruodolfo
3201 2325 3366 2396 juxta
3411 2325 3628 2383 Strowi

1977 2414 2267 2479 occurrit;
2295 2414 2553 2484 initoque
2578 2413 2778 2485 praelio
2807 2415 2977 2486 (Aug.
3003 2418 3081 2486 7),
3112 2428 3226 2471 non
3250 2414 3417 2485 pauci
3440 2429 3512 2470 ex
3534 2413 3626 2470 his

1977 2506 2152 2571 atque
2199 2502 2317 2559 illis
2364 2507 2843 2575 prosternuntur,
2892 2519 2955 2561 ac
2995 2504 3215 2561 incerta
3252 2503 3316 2560 ﬁt
3352 2504 3621 2573 victoria,

1975 2589 2241 2660 utrisque
2264 2591 2531 2645 certatim
2558 2591 2916 2658 fugientibus
2939 2590 3009 2647 ad
3033 2591 3291 2663 propria.
3322 2592 3425 2647 Ubi
3449 2606 3479 2648 a
3504 2589 3626 2648 vul-

1973 2678 2215 2747 garibus
2258 2678 2590 2734 hominibus
2633 2678 2811 2734 Wecil
2853 2679 3404 2749 Magadeburgensis
3438 2678 3623 2736 archi-

1974 2766 2285 2838 episcopus
2311 2766 2367 2822 in
2394 2767 2524 2835 fuga
2545 2765 2856 2836 occiditur,
2884 2765 3025 2836 sive,
3052 2771 3117 2822 ut
3140 2766 3373 2837 quidam
3397 2766 3619 2837 dicunt,

1973 2853 2374 2924 suspenditur,
2413 2854 2647 2923 Magnus
2676 2853 2793 2908 dux
2822 2852 3207 2924 despoliatur,
3240 2852 3625 2911 Herimannus

1974 2956 2185 3011 comes,
2212 2940 2469 3012 ejusdem
2500 2942 2681 3010 Magni
2714 2944 2980 3011 patruus,
3006 2945 3064 2996 et
3088 2940 3440 2997 Adelbertus
3464 2943 3622 2997 Wor-

1974 3030 2283 3087 maciensis
2330 3030 2644 3102 episcopus
2695 3027 3122 3099 comprehensi,
3166 3042 3231 3084 ac
3273 3028 3508 3100 plurimi
3550 3030 3620 3087 de

1974 3116 2261 3173 militibus
2312 3117 2613 3173 Saxonicis
2663 3115 2917 3186 turpiter
2965 3120 3101 3171 sunt
3148 3114 3503 3187 interempti.
3539 3118 3619 3172 Ex

1972 3211 2141 3277 parte
2191 3220 2423 3278 quoque
2470 3205 2626 3275 regis
2660 3203 2749 3238 ¹⁵¹³
2780 3204 3032 3260 Heinrici
3078 3205 3276 3276 Poppo
3318 3205 3487 3275 (256),
3532 3205 3619 3263 vir

1971 3294 2114 3352 mire
2149 3295 2338 3364 fortis,
2374 3294 2673 3351 occubuit.
2702 3295 2769 3350 *2

2111 3386 2178 3439 '2
2207 3389 2255 3439 5.
2289 3382 2499 3440 addit:
2526 3379 2814 3454 Hildoll‘us
2844 3379 3202 3454 Coloniensis
3230 3379 3617 3454 archiepisco-

2182 3468 2292 3525 pus
2320 3454 2496 3519 obiit;
2533 3452 2625 3510 cui
2658 3452 2984 3522 Sigewinus
3023 3451 3330 3508 successit.

2038 3544 2125 3598 23.
2162 3544 2225 3597 Α.
2254 3543 2318 3596 D.
2350 3544 2504 3598 1079.
2534 3541 2749 3596 Iterum
2780 3539 2992 3595 bellum
3020 3540 3083 3594 fit
3108 3537 3261 3593 inter
3285 3538 3614 3597 lleinricum

1965 3634 2023 3686 et
2048 3630 2393 3687 Ruodolfum
2420 3630 2473 3685 in
2500 3628 2629 3685 loco
2653 3628 2750 3699 qui
2775 3628 2991 3685 dicitur
3016 3627 3417 3683 Fladehcheim
3442 3627 3612 3700 (257),

1965 3717 2153 3775 hieme
2198 3719 2368 3775 nimis
2415 3732 2617 3790 aspera
2671 3716 2790 3787 (an.
2846 3718 3001 3787 1080,
3051 3719 3191 3773 Jan.
3244 3719 3368 3787 27);
3415 3716 3511 3773 ubi
3557 3717 3611 3773 in

1967 3807 2154 3879 primo
2180 3821 2498 3876 congressu
2526 3807 2781 3861 Saxones
2806 3809 2839 3860 tv
2868 3819 2968 3874 rga
2990 3808 3230 3860 vertunt
3249 3802 3359 3861 ιω.
3386 3804 3469 3860 lbi
3490 3802 3612 3862 ~dux

1964 3896 2215 3952 Boemiae
2249 3894 2571 3951 Fratizlaus
2607 3893 2857 3964 regalem
2898 3892 3154 3949 lanceam
3190 3893 3453 3949 Ruodolﬂ
3480 3894 3611 3951 ade-

1964 3987 2100 4055 ptus
2150 3988 2268 4048 est;
2321 3997 2449 4053 quae
2489 3980 2698 4038 exinde
2746 3981 3130 4053 permissione
3167 3980 3326 4050 regis
3360 3982 3610 4038 Heinrici

1964 4085 2195 4143 semper
2240 4071 2505 4142 quemvis
2552 4069 2711 4125 illius
2751 4069 2946 4137 gentis
2984 4069 3201 4125 ducatu
3238 4068 3523 4137 insignem
3552 4070 3607 4125 in

1961 4159 2115 4216 omni
2142 4158 2345 4215 festiva
2370 4156 2751 4230 processione
2775 4155 3057 4226 precedit.
3087 4157 3160 4211 At
3180 4170 3282 4211 rex
3300 4155 3607 4215 Heinricus

1962 4246 2218 4322 propriis
2239 4246 2453 4303 castris
2475 4244 2759 4313 redditus,
2783 4244 2854 4299 de
2872 4243 3181 4312 armigeris
3196 4257 3342 4313 quos
3359 4242 3607 4315 relique-

1962 4338 2050 4391 rat
2079 4348 2223 4407 pene
2256 4332 2474 4391 nullum
2509 4332 2758 4395 invenit;
2793 4346 2900 4388 una
2932 4331 3145 4402 quippe
3178 4344 3249 4387 ex
3281 4329 3607 4400 legionibus

1960 4423 2248 4480 Saxonum
2296 4422 2351 4478 in
2400 4422 2585 4495 primo
2630 4435 2954 4490 congressu
3006 4432 3252 4490 pugnam
3299 4418 3601 4489 deserens,

414 4517 671 4593 recepta,
704 4506 1117 4593 pacemjfecit;
1140 4513 1255 4593 sed
1294 4514 1546 4593 qualiter
1575 4514 1710 4593 ipsa.
1734 4528 1843 4584 pax
1874 4520 1929 4583 D
1961 4512 2093 4583 quia
2116 4512 2402 4568 obscurus
2429 4514 2553 4566 erat
2584 4523 2704 4579 aer,
2735 4508 2933 4565 furtim
2962 4512 3157 4564 castra
3184 4507 3342 4577 regis
3369 4506 3601 4577 invasit,

409 4582 567 4639 inter
594 4582 835 4653 regnum
866 4589 926 4640 et
951 4582 1342 4640 sacerdotium
1373 4584 1428 4639 in
1462 4582 1624 4640 brevi
1656 4582 1846 4641 disru-

410 4658 508 4726 pta
533 4654 632 4725 sit,
656 4653 949 4726 totusjam
974 4656 1222 4726 mundus
1245 4656 1377 4712 inde
1401 4655 1572 4711 nimis
1594 4670 1847 4712 commo-

412 4725 507 4798 t_us
520 4725 777 4796 agnovit.
798 4725 1261 4798 lnterimquippe
1279 4727 1413 4783 dum
1431 4728 1552 4783 hac
1566 4733 1841 4796 aguntur,

410 4796 739 4879 Saxoneset
755 4796 1052 4879 Alemanni
1065 4796 1201 4879 cuin
1212 4798 1339 4879 suis
1350 4798 1649 4879 episcopis
1667 4804 1843 4879 atque

408 4866 1195 4940 principibus,mediantibus
1210 4866 1496 4937 Sigel‘rido
1510 4866 1842 4939 Mogontino

1957 4600 2291 4672 multosque
2311 4614 2524 4671 pueros
2538 4613 2664 4655 com
2674 4595 3059 4669 prehendens,
3085 4594 3489 4666 strangulabat
3505 4609 3605 4653 eos

1957 4688 2257 4760 multaque
2285 4686 2574 4745 abradens
2600 4686 2805 4758 spolia,
2841 4686 3030 4756 fugam
3060 4684 3210 4741 iniit.
3241 4685 3360 4740 Rex
3385 4686 3597 4753 autem,

1955 4776 2196 4835 dimisso
2219 4776 2505 4846 exercitu,
2531 4775 2584 4832 in
2609 4773 2952 4831 orientalem
2980 4771 3280 4829 Franciam
3308 4786 3437 4828 cum
3467 4785 3602 4842 pau-

1954 4865 2040 4924 cis
2068 4864 2329 4922 divertit.
2348 4867 2379 4888 τ
2403 4869 2433 4919 3

1572 4988 1808 5046 VARIIE
1850 4989 2249 5048 LECTIONES.

267 5085 360 5121 ¹¹⁰⁹
391 5087 553 5145 Anno

684 5086 953 5161 indigena
983 5088 1053 5145 in
1081 5086 1368 5161 locgraso
1401 5093 1450 5144 1.
1508 5086 1620 5161 _‘“°
1644 5102 1851 5161 qugr.
1886 5103 1952 5161 o._
1976 5091 2049 5145 st.
2084 5102 2135 5144 ο.
2171 5086 2357 5144 aliena
2392 5084 2680 5161 desunt}.

185 5172 335 5218 raso
366 5164 419 5216 1.
500 5157 590 5194 ω’
630 5149 961 5218 berhtoll‘us
1007 5161 1071 5216 A.
1151 5157 1240 5192 1⁸1³
1268 5160 1339 5216 Η.
1398 5158 1552 5230 regis
1590 5149 1678 5216 A.’
1733 5158 1821 5193 1‘“
1852 5174 1902 5216 c.
1939 5159 2258 5231 imperator
2288 5162 2451 5225 terga
2486 5154 2668 5210 vertit
2697 5155 2789 5209 E2.
2826 5152 2957 5209 alia
2983 5164 3168 5208 manu
3196 5150 3262 5206 in
3292 5149 3409 5207 loco
3435 5163 3592 5207 raso.

1775 5281 1978 5341 ΝΟΤίΕ
1992 5324 2006 5340 .

264 5377 415 5455 (259)
448 5380 593 5455 Lege
622 5392 754 5438 cum
785 5379 1053 5438 Brunone
1079 5384 1165 5437 :7.
1191 5378 1338 5439 Kal.
1369 5378 1621 5455 Aprilis,
1652 5380 1840 5440 Domi-

187 5450 321 5509 nica
355 5449 595 5508 Latare.

267 5519 415 5593 (254)
460 5523 545 5594 pe
589 5521 919 5594 Tublngen;
950 5536 1003 5577 v.
1045 5520 1227 5578 Stalin
1269 5523 1414 5580 Hist.
1458 5522 1760 5594 Wirtemb.
1795 5524 1836 5593 Ι,

191 5610 247 5667 p.
285 5592 406 5648 561.
459 5592 592 5650 Hinc
623 5597 682 5650 et
712 5592 841 5665 quas
885 5597 1211 5665 sequuntur
1241 5609 1297 5651 a.
1337 5599 1493 5653 1078.
1527 5592 1840 5654 tribuenda

1950 5384 2170 5513 ⁸⁰ῗέὲω
2210 5450 2399 5513 Prope
2430 5445 2756 5503 Kirchheim
2790 5442 3297 5513 Wertembergiczc
3329 5441 3589 5501 ditionis.

2044 5454 2146 5508 255
2210 5451 2323 5505 Pro
2370 5462 2399 5503 e
2430 5451 2697 5503 Kirchhei

2022 5451 2170 5667 £256)
2199 5521 2277 5577 De
2310 5464 2705 5599 [renncnberg

2045 5596 2173 5664 257)
2206 5589 2519 5648 Flarcheun
2555 5602 2705 5660 prop!

2045 5585 2173 5664 257)
2206 5589 2519 5648 Flarcheim
2555 5585 2733 5660 prope
2766 5585 3161 5644 Muhlhausen.

2761 5081 2849 5115 13“
2879 5081 3046 5165 girca
3079 5110 3147 5120 —
3178 5076 3343 5165 Italia
3373 5079 3441 5136 in
3480 5078 3600 5136 loco
3708 5152 3717 5165 θ
