3994 6062
254 289 376 360 958

1132 290 1574 358 CHRONICA.
1615 329 1687 341 —-
1719 288 2198 359 CHRONICON
2241 290 2790 362 UNIVERSALE.

3548 289 3669 370 954

260 441 688 517 Cbuonradum,
735 443 901 505 ducis
956 446 1206 505 Boemiae
1266 447 1531 519 fratrem,
1565 451 1621 505 et
1652 445 1908 519 Luitpol-

2033 436 2308 492 statutum
2333 436 2565 507 tempus
2586 431 2696 505 1'“,
2722 435 2957 492 Romam
2989 432 3161 491 rediit
3189 430 3417 505 (Noe);
3449 432 3552 493 sed
3574 414 3677 468 ¹⁸¹⁷

260 537 396 594 dum
422 534 513 569 1⁸³³
537 535 924 592 marchionem
945 535 1318 592 commissum
1343 542 1439 592 est
1463 540 1510 593 4.
1537 538 1671 594 ldus
1690 538 1814 594 Mai.
1839 568 1909 577 —

264 628 406 682 Item
430 623 589 681 aliud
608 625 762 679 inter
783 624 1133 681 Alamannos
1150 629 1210 680 et
1226 624 1522 695 Bajoarios
1540 630 1592 681 3.
1610 626 1744 682 Idus
1762 629 1905 695 Aug.

257 714 425 784 juxta
446 713 766 769 Danubium
815 713 968 784 apud
1001 713 1312 770 llochstein
1338 713 1508 786 (262),
1543 715 1641 770 ubi
1666 714 1907 786 palatini

262 802 494 859 comitis
522 801 853 857 Chuononis
888 801 1042 858 ﬁlius
1074 804 1310 858 Chuono
1353 803 1584 859 occisus
1604 806 1715 858 est.
1740 804 1765 826 *
1791 808 1835 857 1.

474 891 537 944 D.
575 890 635 946 E.
662 889 902 961 (addunt
932 909 943 944 :
978 891 1215 959 Magnus
1244 921 1312 930 —
1346 890 1702 961 portendens
1736 892 1908 960 forte,

479 965 541 1017 ut
574 960 920 1030 quibusdam
953 962 1138 1017 visum
1168 965 1278 1031 est,
1316 960 1704 1019 imminens—
1727 961 1911 1018 doluit

478 1037 537 1086 et
568 1031 755 1088 adhuc
783 1031 968 1087 dolet.
1003 1046 1076 1088 ea:
1101 1033 1307 1103 Sigeb.

406 1121 454 1144 “
484 1120 558 1191 νϐ.
590 1122 755 1191 Ι).Ε.
788 1121 1046 1177 addunt:
1076 1121 1362 1190 Magontia
1386 1137 1457 1176 ex
1477 1122 1719 1177 maxima
1748 1125 1912 1191 parte

479 1190 747 1263 incendio
776 1192 1180 1260 conﬂagravit,
1215 1191 1520 1263 principali
1551 1190 1821 1263 :cccleSia
1851 1196 1912 1246 et

481 1261 680 1388 ιιθὶιέᾋὲ
725 1263 1094 1387 monasteriis
1120 1260 1471 1318 combustis.
1511 1264 1587 1335 cf.
1644 1260 1830 1333 Sigeb
1857 1262 1913 1318 et

470 1347 535 1404 ρ.
687 1374 698 1386 .
731 1347 790 1389 π.
906 1375 920 1388 .

410 1420 486 1490 *1)
522 1420 599 1476 1b.
640 1425 697 1475 5.
729 1420 990 1477 addunt:
1026 1412 1439 1476 Monasterium
1471 1422 1656 1477 sancti
1682 1421 1913 1476 Martini

481 1491 785 1561 Mogontiaa
809 1507 936 1547 cum
981 1492 1167 1547 tribus
1195 1492 1600 1561 adjacentibus
1624 1496 1915 1549 monaste-

483 1563 588 1617 riis
610 1570 880 1618 exustum
914 1567 1024 1631 est,
1054 1568 1112 1617 et
1144 1578 1289 1633 pene
1321 1564 1507 1619 omnis
1537 1565 1747 1619 civitas
1778 1580 1915 1620 exu-

483 1637 712 1705 stacst.
771 1633 1075 1688 Heinricus
1125 1634 1368 1688 nominis
1426 1635 1597 1705 hujus
1649 1635 1908 1705 quintus,

485 1704 582 1776 qui
617 1707 839 1776 patrem
873 1718 1050 1771 regno
1085 1705 1352 1776 privavit,
1387 1710 1558 1761 natus
1579 1712 1688 1763 est.
1723 1707 1806 1768 cf.
1838 1707 1907 1761 Α.

496 1774 710 1832 Wirzb.

344 1865 441 1918 26.
482 1864 546 1919 A.
582 1864 644 1917 D.
680 1865 845 1917 1082.
886 1862 1271 1919 Herimannus
1303 1865 1555 1934 quidam,
1590 1865 1679 1920 vir
1709 1879 1915 1936 prepo-

281 1956 414 2008 tens
446 1966 510 2008 ac
544 1951 755 2007 nobilis
798 1966 870 2007 ex
902 1953 1225 2023 Germania,
1262 1967 1292 2008 a
1320 1954 1643 2010 Saxonibus
1701 1960 1760 2009 et
1789 1954 1919 2011 Ala-

273 2040 497 2096 mannis
530 2055 634 2096 rex
653 2040 1037 2097 constituitur
1063 2041 1229 2112 (263).
1263 2043 1361 2099 Cui
1398 2059 1527 2099 cum
1562 2043 1685 2099 suis
1708 2044 1764 2098 in
1791 2055 1919 2114 par-

273 2128 453 2199 tibus,
488 2129 595 2185 hoc
618 2130 641 2152 *
669 2132 763 2185 est
818 2129 873 2184 in
906 2130 1276 2199 Lotharingia
1335 2132 1426 2187 vel
1466 2132 1789 2200 Germania,
1823 2144 1918 2187 ne-

272 2232 365 2273 mo
397 2217 625 2273 bellicis
660 2218 713 2272 in
748 2219 924 2274 rebus
960 2223 1134 2289 atque
1171 2218 1393 2277 divitiis
1424 2225 1622 2292 posset
1670 2221 1920 2291 mquipe-

274 2306 411 2375 rari,
449 2310 679 2376 sumpto
732 2307 891 2376 regis
925 2307 1153 2362 nomine
1189 2312 1301 2362 tam
1363 2308 1485 2364 suis
1518 2324 1685 2379 quam
1718 2307 1922 2364 alienis

274 2394 452 2465 coepit
484 2395 539 2449 in
575 2394 735 2451 brevi
769 2394 1085 2466 despectus
1116 2396 1344 2451 haberi.

415 2484 440 2507 "
478 2484 584 2539 hoc
616 2487 705 2538 est
741 2482 797 2538 in
832 2484 895 2538 L.
932 2499 983 2538 v.
1023 2485 1090 2539 G.
1132 2485 1348 2541 desunt
1372 2486 1436 2539 C.

345 2574 439 2626 27.
474 2573 535 2625 A.
572 2573 639 2626 D.
668 2575 824 2627 1083.
864 2572 1249 2627 Herimannus
1279 2588 1407 2629 cum
1444 2573 1644 2645 paucis
1671 2574 1924 2629 orienta-

275 2657 385 2713 lem
413 2658 710 2715 Franciam
738 2659 1032 2715 hostiliter
1058 2660 1298 2730 invadit,
1324 2665 1383 2716 et
1408 2676 1509 2732 per
1532 2661 1769 2717 eandem
1795 2677 1926 2733 par-

271 2750 385 2802 tem
417 2747 578 2803 visus
610 2752 699 2804 est
734 2748 900 2818 quasi
942 2749 1202 2818 equitum
1228 2750 1570 2805 discurrens
1601 2751 1919 2821 exercitus,

273 2850 516 2905 quorum
540 2841 733 2891 tamen
753 2837 997 2907 vestigia
1015 2837 1174 2893 nullo
1190 2838 1359 2893 modo
1376 2842 1642 2910 poterant
1661 2841 1917 2908 agnosci.

266 2953 335 2963 —
359 2924 666 2981 Heinricus
724 2939 825 2979 rex
878 2925 1087 2996 pascha
1120 2926 1440 2982 celebravit
1471 2927 1622 2998 apud
1655 2929 1921 2983 Sanctam

269 3012 560 3083 Ruﬁnam,
615 3027 861 3082 moxque
905 3014 1140 3069 Romam
1173 3014 1441 3085 tendens,
1504 3019 1696 3071 castra
1733 3016 1924 3087 posuit

274 3100 371 3155 ubi
394 3102 451 3156 et
478 3101 661 3171 prius,
688 3101 758 3157 ad
783 3102 1208 3157 occidentalem
1238 3106 1459 3174 partem
1484 3103 1708 3161 castelli
1734 3105 1919 3159 sancti

270 3188 456 3259 Petri,
486 3195 776 3261 captaque
824 3194 916 3246 est
951 3192 1089 3246 urbs
1122 3193 1154 3245 4
1185 3193 1331 3246 Non.
1371 3193 1544 3261 Junii,
1583 3193 1721 3248 feria
1758 3198 1920 3248 sexta

272 3280 406 3332 ante
444 3280 706 3333 octavam
743 3281 1137 3349 pentecostes.
1171 3280 1286 3335 Hoc
1325 3285 1582 3351 tempore
1613 3281 1925 3336 lliltibran—

272 3362 383 3421 dus
411 3379 557 3436 papa
592 3365 650 3420 in
683 3365 927 3422 castello
961 3367 1301 3437 Crescentii,
1334 3368 1486 3437 quod
1521 3367 1691 3437 vulgo
1720 3369 1925 3425 domus

270 3453 615 3509 Theoderici
651 3452 1002 3525 appellatur,
1030 3454 1314 3526 inclusus,
1342 3458 1722 3527 exspectabat
1756 3471 1925 3514 even-

272 3547 395 3599 tum
426 3543 529 3598 rei.
568 3544 686 3599 Rex
730 3558 869 3599 vero
917 3544 971 3598 in
1006 3544 1269 3600 Palatino
1322 3549 1515 3601 monte
1548 3545 1923 3602 munitionem

275 3631 615 3701 instituens,
651 3647 763 3688 non
816 3647 1032 3703 paucos
1065 3648 1212 3703 quos
1246 3634 1298 3689 in
1332 3634 1590 3705 presidio
1623 3639 1920 3705 posuerat,

273 3724 720 3787 ingravescente
737 3734 916 3791 super
932 3735 1034 3776 eos
1048 3722 1236 3777 aestati
1246 3737 1273 3777 s
1289 3722 1516 3777 insueto
1532 3722 1927 3792 fervore,ami-

272 3805 383 3862 sit:
416 3807 517 3863 sed
541 3812 601 3862 et
636 3807 783 3863 alios
817 3808 887 3863 de
917 3809 1181 3865 exercitu
1208 3809 1422 3864 multos
1442 3809 1641 3864 eadem
1670 3808 1927 3864 mortali-

275 3899 367 3948 tas
389 3895 730 3966 absumpsit.
756 3926 826 3935 —
849 3896 1063 3951 Eodem
1106 3899 1371 3967 tempore
1404 3896 1577 3963 legati
1610 3897 1923 3952 Grecorum

271 3989 579 4053 venerunt,
641 3999 879 4039 munera
913 3985 1093 4041 multa
1128 3989 1186 4039 et
1249 3998 1450 4052 magna
1483 3984 1538 4039 in
1571 3998 1714 4039 auro
1745 3987 1803 4039 et
1837 3998 1927 4040 ar-

271 4076 450 4140 gento
501 4071 774 4143 vasisque
832 4087 895 4127 ac
952 4073 1160 4128 sericis
1216 4073 1553 4128 atl‘erentes.
1593 4072 1922 4128 —Romani

274 4163 466 4214 autem
489 4159 692 4228 viginti
716 4158 951 4216 obsides
993 4160 1112 4229 regi
1148 4160 1355 4216 dantes
1377 4158 1467 4192 ¹⁵²³
1498 4174 1568 4215 ex
1599 4160 1919 4230 nobilibus,

272 4246 569 4319 petierunt
625 4248 776 4303 diem
832 4248 1132 4318 constitui,
1168 4248 1224 4303 in
1285 4263 1397 4317 quo
1431 4261 1576 4319 papa
1635 4252 1691 4303 et
1726 4262 1925 4304 omnes

272 4338 579 4391 senatores
611 4335 667 4390 in
701 4334 789 4368 ¹δ²⁴
826 4337 1180 4407 presentiam
1213 4337 1340 4406 ejus
1371 4336 1637 4392 venirent
1670 4335 1776 4391 ιω.
1815 4336 1921 4403 Qui

273 4422 426 4479 diem
451 4427 715 4480 statuens
728 4423 848 4480 Kal.
866 4425 1230 4493 Novembris,
1259 4424 1382 4496 ipse
1405 4426 1474 4481 ad
1502 4429 1770 4481 montana
1789 4440 1922 4481 con-

2022 538 2168 596 papa
2195 524 2248 580 in
2280 525 2631 595 presentiam
2664 524 2792 595 ejus
2821 539 2933 581 non
2963 523 3147 579 venit.
3179 524 3201 547 *
3228 523 3389 580 Unde
3420 522 3662 579 Romani

2022 613 2313 684 commoti,
2366 629 2567 670 manus
2599 614 2721 683 regi
2763 613 3071 683 dederunt,
3110 611 3540 671 Hiltibrandum
3574 609 3666 645 1‘"

2021 718 2161 759 vero
2196 718 2399 774 papam
2424 703 2772 759 unanimiter
2795 702 2886 736 “’9
2907 703 3277 759 abdicarunt.
3300 701 3407 768 Qui
3430 700 3662 757 occulte

2024 791 2267 860 fugiens,
2306 791 2599 847 Salernam
2625 793 2887 861 secessit,
2914 792 3111 862 ibique
3144 789 3235 824 ¹⁶³⁰
3257 790 3327 847 ad
3348 790 3497 847 diem
3518 803 3665 845 mor-

2023 880 2099 936 tis
2122 895 2238 937 suaa
2289 879 2949 951 permansit.—Eodem
3008 895 3156 935 anno
3193 879 3435 949 Welefo,
3473 877 3669 948 Bajoa-

2024 968 2243 1025 riorum
2266 972 2432 1025 antea
2467 970 2512 992 “
2537 969 2670 1037 dux,
2707 971 3027 1039 Augustam
3058 968 3357 1024 civitatem
3391 965 3480 999 1⁵³1
3514 982 3668 1023 sum-

2024 1071 2115 1112 mo
2144 1072 2307 1112 mane
2354 1057 2593 1113 intravit
2634 1058 2801 1129 (264),
2837 1057 3109 1127 Sigifrido
3144 1054 3233 1089 ¹⁶³²
3263 1056 3540 1127 episcopo
3570 1054 3667 1111 vix

2023 1144 2326 1215 evadente,
2360 1146 2685 1216 Wigoldum
2719 1146 3025 1217 quendam,
3053 1146 3312 1215 ejusdem
3347 1143 3463 1201 loci
3496 1157 3667 1201 cano-

2024 1233 2237 1304 nicum,
2276 1234 2678 1291 intronizavit.

2162 1334 2184 1356 "
2215 1333 2394 1403 venit,
2430 1333 2528 1389 sed
2563 1333 2793 1389 occulte
2828 1334 2886 1389 C.
2910 1335 2972 1389 D.
3001 1334 3067 1388 E.
3098 1331 3311 1391 ceteris
3336 1331 3592 1390 omissis.

2163 1413 2211 1436 ’*
2241 1412 2399 1471 deest
2422 1416 2487 1469 C.

2098 1513 2186 1565 18.
2229 1512 2298 1564 Α.
2347 1511 2416 1565 D.
2480 1512 2643 1565 1084.
2712 1507 3134 1565 Heinricus1m
3190 1509 3383 1563 natale
3436 1502 3663 1562 Domini

2022 1596 2216 1653 Romae
2276 1597 2427 1669 apud
2481 1598 2750 1653 Sanctum
2810 1599 3042 1652 Petrum
3103 1595 3443 1665 celebravit,
3506 1593 3663 1649 circa

2023 1685 2309 1741 Kalendas
2345 1702 2482 1741 vero
2531 1685 2826 1742 Februarii
2861 1686 2915 1741 in
2948 1685 3313 1754 Campaniam
3346 1682 3661 1749 transiens,

1941 1791 1995 1851 Β
2028 1774 2211 1845 ipsam
2243 1773 2332 1807 “3‘
2365 1780 2425 1830 et
2484 1789 2743 1843 magnam
2774 1774 2997 1845 Apuliae
3049 1778 3272 1845 partem
3304 1772 3486 1843 cepit.
3526 1771 3665 1824 l’ost

2031 1865 2153 1919 haec
2189 1878 2292 1935 per
2341 1862 2566 1932 legatos
2598 1865 2984 1919 Romanorum
3017 1867 3259 1931 rogatus
3290 1865 3354 1917 ut
3396 1858 3671 1931 paciﬁcus

2028 1952 2268 2023 rediret,
2329 1956 2564 2009 Romam
2598 1952 2792 2022 rediit,
2823 1956 2881 2006 et
2940 1951 3013 2008 ad
3069 1956 3294 2022 portam
3327 1951 3671 2005 Lateranen-

2028 2055 2145 2096 sem
2177 2046 2371 2097 castra
2422 2055 2659 2112 ponens,
2694 2055 2893 2097 omnes
2925 2039 3014 2073 1⁵³⁸
3044 2039 3359 2096 dediticios
3391 2034 3480 2071 “3‘
3507 2049 3671 2092 acce-

2031 2130 2133 2200 pit,
2170 2129 2427 2199 ipsisque
2458 2129 2481 2153 *
2515 2129 2871 2199 petentibus,
2925 2134 2988 2185 ut
3046 2127 3155 2197 “3",
3189 2128 3321 2198 quia
3355 2125 3663 2181 Hiltibran.

2030 2218 2139 2274 dus
2170 2219 2241 2273 ab
2270 2216 2411 2288 ipsis
2457 2217 2763 2273 abdicatus
2808 2218 3133 2287 aufugerat,
3187 2216 3547 2285 Wigpertum
3579 2210 3670 2245 1⁵³⁸

2030 2309 2420 2362 Ravennatem
2450 2305 2540 2338 “3°
2588 2307 2926 2378 episcopum
2956 2306 3041 2361 eis
3092 2304 3471 2376 apostolicum
3502 2300 3671 2373 preﬁ-

2030 2399 2212 2464 ceret,
2248 2401 2305 2450 11
2350 2394 2565 2450 Kalend
2626 2396 2844 2466 Aprilis
2905 2396 3071 2468 (265),
3122 2394 3264 2449 feria
3290 2394 3322 2445 6
3353 2396 3487 2448 ante
3518 2391 3670 2446 diem

2035 2483 2375 2555 palmarum,
2414 2483 2611 2538 multis
2660 2484 2929 2554 stipatus,
2982 2498 3109 2539 cum
3143 2496 3345 2551 magna
3377 2480 3561 2550 gloria
3593 2478 3675 2533 in-

2031 2570 2232 2641 travit,
2269 2571 2487 2627 ducens
2521 2586 2714 2629 secum
2742 2572 3068 2642 predictum
3099 2572 3146 2594 “
3171 2569 3528 2640 episcopum.
3565 2565 3671 2634 Qui

2034 2660 2303 2729 sequenti
2361 2660 2647 2716 dominica
2707 2659 2896 2729 (Mart
2922 2664 3009 2716 24‘
3043 2674 3143 2730 per
3198 2656 3414 2714 multos
3444 2654 3674 2727 pontifi-

2031 2749 2259 2821 ces‘m,
2284 2751 2610 2821 apostolico
2659 2750 2875 2807 nomiui
2920 2750 3172 2819 dicatus,
3200 2760 3519 2817 nomenque
3550 2743 3673 2800 Cle-

2034 2840 2245 2895 mentis
2275 2839 2588 2910 accipiens,
2618 2842 2951 2895 reverenter
2972 2839 3044 2862 “*
3074 2842 3160 2893 est
3195 2834 3599 2892 intronizatus.
3628 2833 3672 2887 A

2035 2943 2147 2999 quo
2177 2943 2279 2983 rex
2309 2943 2437 2983 cum
2473 2928 2669 2997 regina
2702 2927 2911 2982 Bertha
2943 2925 3031 2960 1‘“
3064 2926 3115 2981 in
3147 2924 3457 2980 15"sancta
3492 2921 3676 2977 domi-

2033 3018 2160 3072 nica
2222 3016 2451 3088 pascha:
2527 3015 2811 3086 imperiali
2864 3015 3267 3071 benedictione
3323 3011 3674 3069 sublimatus

2033 3110 2143 3161 est.
2167 3106 2266 3130 *Μ
2288 3106 2423 3161 Post
2463 3104 2586 3160 haec
2610 3104 2928 3175 imperator
2971 3103 3275 3159 Heinricus
3306 3102 3376 3157 de
3398 3098 3564 3155 Italia
3593 3097 3677 3154 di-

2032 3192 2326 3263 grediens,
2390 3196 2704 3262 Augustam
2761 3192 3057 3247 civitatem
3092 3190 3182 3224 1⁸⁸⁸
3211 3191 3283 3246 ab
3344 3186 3678 3244 Alamannis

2034 3280 2285 3336 invasam
2319 3280 2551 3335 obsedit
2582 3285 2638 3335 et
2673 3280 2825 3350 cepit
2857 3278 2967 3333 ιω.
3004 3309 3069 3319 -
3101 3279 3382 3333 Defuncto
3408 3273 3677 3344 Sigifrido

2034 3369 2474 3440 archiepiscopo
2506 3368 2850 3438 Mogontino,
2886 3365 3066 3422 Wecil
3096 3364 3185 3399 “‘5
3215 3363 3525 3422 successit.

2144 3457 2310 3529 [Anni
2339 3456 2565 3527 imperii
2598 3455 2850 3511 Heinrici
2882 3455 3076 3525 quarti
3110 3454 3194 3524 1.]

2209 3572 2231 3595 "
2293 3571 2417 3697 [isis1
2424 3604 2493 3699 —C-
2507 3572 2816 3695 plreiiceret
2829 3569 3112 3628 omz'ttzmt
3123 3571 3178 3625 C.
3197 3569 3257 3623 D.
3276 3568 3338 3623 E.
3342 3565 3678 3639 pergentes;

2497 3658 2525 3698 a
2564 3684 2577 3697 .

2497 3658 2577 3698 31.

2198 3723 2244 3746 “
2277 3722 2603 3793 predictum
2634 3721 2996 3792 Wigbertum
3020 3720 3360 3791 episcopum
3391 3719 3455 3774 C.
3495 3719 3563 3773 D.
3600 3717 3669 3772 Ε.

2177 3803 2247 3826 “"
2286 3816 2343 3857 a.
2386 3802 2685 3858 cathedrae
2717 3801 2875 3856 Petri
2910 3803 2975 3856 C.
3012 3801 3075 3854 D.
3101 3801 3143 3854 E

2142 3882 2241 3905 ’Μ
2276 3880 2564 3936 i.nomine
2595 3885 2685 3936 est
2720 3882 2853 3937 s.C.
2894 3882 2962 3935 D.
3004 3881 3065 3935 E.

2105 3990 2199 4043 29.
2240 3992 2298 4043 2.
2340 3989 2411 4042 A.
2451 3988 2521 4041 D.
2564 3990 2727 4042 1085.
2780 3986 3045 4057 Synodus
3099 3983 3400 4053 Mogontiaa
3433 3983 3683 4038 habetur

2035 4073 2385 4146 (Mai.),cui
2443 4073 2705 4128 interfuit
2764 4074 3114 4143 imperator;
3150 4071 3249 4127 ubi
3309 4069 3679 4140 presentibus

2038 4162 2246 4232 legatis
2283 4162 2729 4229 Romanorum‘,
2748 4174 2949 4216 omnes
2963 4157 3488 4230 episcopirebelles
3505 4158 3577 4212 im
3588 4172 3680 4228 pe-

2036 4251 2219 4306 ratori
2272 4249 2601 4322 deponendi
2653 4246 2742 4281 1⁸⁵⁸
2784 4247 3142 4317 judicantur,
3202 4245 3386 4303 ceteri
3417 4243 3507 4277 “‘7
3538 4259 3679 4301 vero

2037 4339 2426 4409 anathemate,
2478 4343 2536 4395 ut
2559 4336 2649 4371 1⁸⁸⁸
2670 4336 2999 4406 videbatur,
3038 4335 3558 4406 condcmpnantur.
3594 4332 3680 4387 Ibi

2036 4428 2211 4483 etiam
2235 4426 2521 4482 communi
2561 4440 2848 4482 consensu
2874 4429 3048 4495 atque
3092 4422 3337 4479 consilio
3359 4421 3682 4478 constituta

273 4511 502 4568 scendit
529 4511 784 4567 intrante
803 4512 975 4581 Iulio,
1006 4512 1202 4582 ibique
1233 4528 1601 4569 commorans
1634 4528 1817 4584 usque
1849 4513 1919 4569 ad
1954 4502 2005 4560 Β
2035 4521 2122 4569 est
2156 4529 2268 4584 pax
2294 4512 2396 4569 Dei
2448 4512 2624 4583 (266).
2687 4513 2807 4568 Non
2840 4510 3023 4566 multo
3056 4514 3182 4583 post
3242 4508 3580 4565 substitutis
3612 4507 3682 4562 ab

1638 4636 1873 4693 VARUE
1913 4637 2312 4693 LECTIONES.

344 4731 432 4807 ιφ
461 4730 1011 4807 luitbolduinporr.
1029 4731 1380 4807 luitppldum
1411 4741 1467 4790 1-
1499 4734 1679 4807 Ῐίιιιρχ
1703 4739 1763 4807 εἲ·

268 4803 534 4861 venirent
557 4807 616 4858 2.
679 4801 769 4837 1⁸³⁸
801 4803 963 4861 deest
987 4805 1057 4858 A.

271 4873 484 4930 ibidem
516 4873 588 4929 ad
621 4878 710 4929 10.
752 4877 842 4930 11.
958 4873 1043 4907 ¹⁵⁸¹
1078 4876 1278 4930 urbem
1311 4877 1365 4929 4.

267 4958 486 5025 aesque
518 4946 606 5024 Α..
677 4942 764 4976 ’⁵³⁸
795 4943 1117 5025 deditiosos
1143 4948 1244 5025 D1.
1277 4948 1351 5025 "4;

1846 4732 1933 4806 ιω
1956 4734 2331 4806 Itinefolium
2360 4733 2583 4806 excidit
2600 4734 2665 4789 in
2689 4738 2743 4787 1.

1158 4803 1248 4837 "’7
1281 4804 1384 4860 sed
1416 4809 1472 4860 et
1508 4808 1565 4859 4.
1615 4803 1731 4839 "5”
1763 4804 2004 4861 hiltcbr.
2045 4803 2116 4860 Α.

1454 4874 1542 4957 “ff
1581 4876 1924 4957 sisefﬂdoﬁ
1972 4946 1981 4957 .
2016 4880 2240 4957 19:.“-

1414 4938 1673 5001 dedicios
1724 4948 1825 5001 El.
1864 4947 1917 5002 in
1952 4946 2308 5003 deditionem
2348 4951 2435 5000 11.
2479 4953 2549 5001 A.
2589 4945 2651 5000 S.
2736 4943 2825 4978 “3"
2857 4938 3340 5010 ut—Iaufugerat
3358 4938 3584 5010 (desunt
3609 4942 3667 4993 2.

2829 4730 2995 4787 ""v.
3028 4730 3083 4787 in
3190 4743 3261 4801 ep
3295 4731 3356 4785 A.
3441 4725 3529 4759 ¹⁵²⁶
3546 4735 3692 4782 con‘

2830 4818 2893 4834 an
2935 4806 2956 4834 ι
3094 4800 3111 4834 1
3141 4800 3228 4834 ³ο;
3294 4812 3475 4834 “anno
3509 4797 3575 4834 ad
3613 4799 3644 4834 Α

2202 4804 2291 4839 ³⁵³9
2322 4805 2576 4860 unanimi
2607 4818 2894 4861 consensu
2931 4806 2987 4858 4.
3094 4797 3187 4834 ¹⁸³⁰
3216 4797 3258 4856 ἴ.
3294 4797 3579 4870 usquead
3612 4799 3669 4851 4.

2326 4874 2417 4908 1⁸³³
2450 4877 2519 4931 Η.
2586 4890 2689 4930 rex
2716 4875 2778 4929 E.
2858 4872 2946 4905 1'“
2973 4873 3273 4943 ipsamque
3304 4865 3407 4943 4.:
3444 4865 3536 4900 ¹⁸³⁵
3566 4882 3681 4943 om-

270 5008 409 5085 quia
515 5014 854 5085 episcopum
904 5016 1122 5072 desunt
1145 5019 1194 5071 4.
1277 5015 1367 5048 ¹⁸³⁸
1398 5016 1799 5072 wchebertum
1831 5022 1889 5071 2.
1976 5016 2064 5050 “3°
2097 5031 2514 5072 ravenncnsem
2547 5019 2605 5071 9.
2674 5013 2782 5085 ν¹³⁸⁰
2811 5013 3127 5085 episcopos
3303 5008 3390 5042 ‘3“
3419 5009 3581 5085 deest
3611 5010 3668 5064 4.

272 5084 436 5143 berta
471 5086 540 5141 E1
555 5084 574 5140 ζ
659 5084 747 5118 ¹⁸⁸¹
778 5086 831 5141 i6
859 5086 950 5141 die

982 5102 1037 5157 p.
1074 5088 1129 5142 4.
1216 5085 1305 5159 ¹⁷⁴ἒ
1341 5087 1538 5159 urbem
1571 5089 1627 5141 4.
1712 5087 2064 5159 ““fgccepit
2098 5093 2182 5143 10.
2220 5092 2310 5159 11A.

2398 5086 2487 5119 1‘“
2515 5084 2684 5144 wezil
2717 5087 2822 5141 D1.
2850 5079 2958 5141 '10.
3004 5079 3086 5139 11.
3121 5079 3298 5137 wicil.
3329 5085 3388 5136 2.
3474 5079 3565 5113 ‘m
3593 5093 3681 5136 re-

269 5155 521 5229 ponendi
555 5159 613 5213 4.
698 5155 787 5189 ¹⁵⁴⁷
815 5156 911 5213 alii
946 5155 1006 5213 ut
1040 5173 1101 5213 v.
1143 5157 1492 5212 anathemati
1526 5171 1583 5213 c.
1624 5160 1680 5211 4.
1766 5157 1856 5190 ¹δ⁸⁸
1890 5162 1948 5213 ut
1981 5155 2042 5213 v.
2081 5157 2299 5215 desunt
2326 5159 2397 5213 A.

1856 5271 2057 5327 NOTAE
2070 5313 2081 5325 .

344 5366 487 5438 (262)
521 5366 877 5434 Hochstedt;
906 5369 989 5423 cf.
1030 5369 1183 5423 Ann.
1222 5370 1471 5438 August.
1519 5371 1575 5422 et
1613 5366 1885 5424 Bernold.

345 5453 665 5652 (3633mm.
706 5522 763 5563 a.
808 5510 960 5578 1081,
997 5512 1148 5580 Aug.
1186 5512 1244 5564 9.

370 5581 476 5634 264
531 5579 619 5635 Cf.
661 5579 813 5635 Ann.
852 5582 1104 5650 August.
1144 5595 1200 5637 a.
1242 5603 1244 5608 ί

370 5579 496 5650 264)
531 5579 619 5635 Cf.
661 5579 813 5635 Ann.
852 5579 1106 5650 August.
1144 5595 1200 5637 a.
1242 5583 1405 5638 1084.

2045 5368 2259 5509 ze(265))
2285 5366 2522 5509 Rpetgtggs
2543 5365 2666 5422 dies
2683 5379 2937 5436 sequens
2955 5364 3135 5422 statui
3155 5361 3417 5431 videtur;
3437 5363 3683 5421 cf.Sten-

2292 5478 2583 5565 Editauest
2616 5521 2773 5563 mon.
2812 5508 2989 5579 Legg.
3030 5507 3098 5579 Ιῐ,
3136 5521 3199 5580 p.
3238 5510 3306 5563 55
