3994 6062
178 290 338 362 957.

1072 296 1513 364 CHRONICA.
1550 334 1623 347 -—
1655 294 2136 365 CHRONICON
2177 298 2729 370 UNIVERSALE.

3476 306 3597 371 958

262 432 352 532 112.
375 435 439 491 .5.
467 430 529 489 Α.
551 431 628 532 ‘D.
692 434 848 491 1088.
908 433 1120 492 Berhta
1165 435 1526 509 imperatrix,
1579 437 1724 495 obiit
1780 440 1842 495 et

1975 458 2047 516 rel
2078 458 2191 515 tria
2221 459 2275 515 in
2301 457 2670 530 longitudine
2698 460 3057 530 viderentur,
3091 473 3379 532 occupare
3401 457 3593 517 densi-

187 522 375 595 Spirae
401 523 628 593 sepulta
654 527 841 579 cst.—
876 525 1068 593 Buggo
1093 525 1593 584 Halberstatensis
1615 530 1816 599 episco

187 627 303 683 pus
335 611 627 669 occiditur
656 611 937 669 Goslarise
962 616 1197 682 (271)-
1231 617 1528 684 Augusta‘
1560 618 1701 672 urbs
1760 616 1843 672 in-

189 700 367 756 sidiis
391 700 705 757 Suevorum
724 701 778 757 in
793 716 957 758 creua
974 702 1196 757 Domini
1216 706 1363 774 (272)
1387 719 1450 758 ca
1463 703 1838 774 pta,secunda

190 788 287 822 "3‘
312 789 452 845 feria
480 789 707 860 paschae
739 790 1064 846 destruitur
1089 791 1251 860 (Apr.
1289 795 1587 857 13-17;)et
1623 792 1843 861 Sigitri-

195 878 309 935 dus
339 878 597 948 ejusdem
620 879 784 934 urbis
818 879 1130 950 episcopus
1154 880 1434 935 custodiae
1459 879 1838 952 mancipatur.

195 966 504 1036 Wigoldus
535 980 693 1035 vero,
726 967 961 1022 invasor
993 966 1256 1035 ejusdem
1316 968 1615 1037 aecelesiae,
1690 970 1841 1024 intra

196 1070 423 1127 paucos
453 1056 577 1110 dies
626 1054 891 1109 moritur.
945 1086 1015 1094 —
1064 1056 1473 1125 Meginhardus
1531 1056 1843 1128 episcopus

198 1143 695 1213 Wirciburgensis
751 1143 899 1198 obiit
931 1161 945 1209 ;
979 1144 1072 1201 cui
1135 1145 1488 1200 Emehardus
1531 1147 1838 1216 successit,

197 1232 433 1289 vivente
453 1233 561 1288 adh
574 1249 640 1288 uc
665 1232 1027 1289 Adelberone
1049 1233 1235 1288 ι⁵⁸³.-
1263 1234 1439 1289 Wecil
1457 1236 1842 1306 archiepisco-

198 1337 311 1394 pus
327 1322 692 1392 Mogontinus
707 1321 870 1386 obiit;
887 1322 979 1378 cui
1002 1323 1374 1379 Ruothardus
1390 1324 1766 1379 successit“.
1786 1326 1841 1379 ‘2

374 1413 397 1435 "
431 1413 689 1478 Augusta
728 1411 1349 1468 moritur—desueta
1384 1414 1444 1467 D.
1484 1414 1549 1467 E.

341 1483 388 1505 *‘
413 1483 470 1536 C.
508 1484 567 1553 Ι).
602 1484 661 1537 Ε.
697 1482 946 1538 addunt:
982 1483 1359 1538 Gebehardus
1394 1484 1840 1553 Salzhurgensis

414 1552 1131 1624 archiepiscopusgqobiit;
1188 1556 1250 1608 D.
1314 1556 1371 1609 E.
1426 1555 1693 1611 addat-nt:
1752 1558 1836 1611 17.

413 1623 487 1693 (7.
522 1625 564 1677 E
604 1626 620 1694 )
657 1622 792 1677 Kal.‘
820 1622 977 1678 Julii.

340 1694 363 1717 "
390 1694 446 1763 2)
478 1699 527 1749 5.
565 1694 756 1751 addit:
778 1696 1171 1751 Gerraemotns
1203 1696 1389 1750 factus
1411 1699 1500 1749 est
1540 1711 1780 1764 magnus
1812 1703 1841 1753 5

754 1769 921 1820 -10.
976 1767 1357 1863 ﬁnd/ﬁdunt:
1407 1768 1843 1863 'Pc'trusitlba-
1872 1804 1925 1863 Β

412 1836 609 1908 neusis
630 1837 944 1906 episcopus
959 1837 1103 1892 obiit
1120 1880 1131 1890 .
1146 1840 1261 1892 Iste
1278 1852 1380 1907 per
1398 1838 1676 1908 judicium
1696 1839 1843 1907 ignis

412 1906 726 1962 inmensam
748 1908 1144 1979 pertransiens
1168 1906 1385 1965 illaesus
1403 1906 1411 1908 ⁷
1428 1910 1631 1979 piram,
1662 1906 1839 1965 vesti-

405 1979 616 2033 mentis
646 1980 818 2034 etiam
855 1993 957 2049 per
983 1980 1265 2035 ﬂammam
1316 1980 1704 2036 volitantibus
1745 1980 1843 2036 sed

414 2050 472 2103 in
502 2049 664 2122 nullo
696 2050 874 2122 laesis,
902 2052 1134 2107 Petrum
1172 2051 1564 2107 Florentinum
1623 2052 1848 2122 episco-

416 2135 548 2190 pum
583 2120 905 2192 declaravit
937 2122 1340 2185 simouiacum;
1360 2122 1509 2178 unde
1527 2127 1584 2177 ct
1611 2120 1733 2191 ipse
1752 2137 1846 2192 p0-

415 2191 791 2317 :teaoigheus
865 2198 953 2248 est
1013 2193 1370 2264 appellatus.
1429 2207 1503 2249 ea:
1552 2191 1848 2250 Bemoldo

276 2352 363 2404 33.
398 2354 449 2405 6.
483 2352 545 2404 A.
581 2352 649 2405 D.
688 2354 851 2408 1089.
877 2350 1015 2405 Otto
1049 2351 1499 2421 Ratisponensis
1540 2350 1850 2422 episcopus

206 2438 456 2495 moritur
488 2454 632 2509 ;pro
666 2454 778 2508 quo
807 2438 1184 2494 Gebehardus
1243 2439 1585 2495 adolescens
1639 2440 1854 2496 consti-

208 2527 857 2597 tuitur.——Imperator
902 2528 1137 2597 nuptias
1198 2527 1453 2583 Colonia)
1509 2528 1849 2595 celebravit,

209 2616 498 2686 quandam
534 2617 779 2672 Utonis'
821 2616 1172 2672 marchionis
1222 2616 1477 2687 viduam,
1537 2618 1851 2673 Ruscorum

210 2704 368 2773 regis
387 2704 584 2770 tiliam,
617 2704 836 2760 ducens
868 2705 1275 2760 uxorem.Post
1318 2705 1446 2759 haec
1499 2709 1855 2773 congregato

210 2792 497 2861 exercitu,
523 2792 799 2863 oppidum
835 2790 1123 2861 quoddam
1159 2793 1511 2849 marchionis
1556 2793 1853 2862 Eggiberti

209 2878 265 2933 in
295 2879 605 2947 Thuringia
640 2879 893 2949 positum
921 2878 1092 2934 nimis
1116 2879 1361 2950 lii-mum,
1390 2880 1587 2935 Gliche
1633 2881 1852 2936 dictum

208 2966 757 3038 1³⁸⁸⁸(273),01)ερί1ἰι.
796 2968 854 3021 In
916 2966 1111 3037 vigilia
1146 2982 1282 3024 vero
1344 2967 1556 3023 natalis
1608 2969 1849 3039 Domini,

208 3055 496 3112 dominico
529 3055 758 3111 scilicet
790 3054 905 3123 die,
935 3071 1066 3111 cum
1111 3070 1313 3125 magna
1346 3071 1481 3127 pars
1542 3057 1851 3127 primatum

210 3143 283 3199 ob
315 3141 467 3199 diem
500 3143 703 3198 testem
729 3141 846 3212 jam
872 3143 1079 3210 abiret,
1116 3144 1464 3212 Eggibertus
1490 3143 1614 3199 suis
1646 3159 1855 3201 consu-
1885 3150 1932 3209 (ι

211 3230 358 3299 lens,
392 3229 671 3285 audacter
693 3229 1106 3300 imperatorem
1140 3229 1381 3299 invadit,
1417 3235 1476 3287 et
1498 3231 1725 3287 naviter
1742 3232 1855 3302 pri-

213 3333 304 3374 mo
330 3318 723 3387 resistentem,
746 3318 977 3373 tandem
1003 3318 1212 3374 cedere
1235 3319 1554 3390 compellit.
1601 3320 1683 3375 lbi
1718 3321 1855 3376 Bur-

144 3458 157 3471 .
213 3406 467 3463 chardus
500 3407 774 3462 Losannze
806 3406 1140 3478 episcopus,
1165 3407 1259 3477 qui
1290 3422 1355 3461 ea
1388 3405 1479 3439 1³⁸⁷
1512 3407 1603 3463 die
1627 3423 1852 3463 sacram

214 3494 590 3566 imperatoris
620 3494 877 3551 lanceam
913 3495 1159 3563 ferebat,
1194 3495 1428 3551 occisus
1460 3493 1550 3527 ⁸⁸⁸⁸
1580 3499 1695 3553 est.

353 3583 378 3606 “
409 3582 660 3640 Heinrici
692 3585 829 3639 C.D.
863 3584 931 3638 Ε.

287 3674 381 3727 34.
408 3676 469 3727 7.
511 3674 572 3728 Α.
610 3674 670 3727 Ι).
731 3675 893 3727 1090.
936 3670 1241 3727 Heinricus
1274 3671 1590 3742 imperator
1628 3670 1852 3727 Italiam

219 3777 424 3819 rursus
457 3762 806 3831 ingreditur,
845 3761 1041 3831 ibique
1067 3764 1188 3817 fere
1240 3777 1341 3833 per
1400 3767 1622 3833 septem
1674 3776 1854 3818 annos

216 3854 583 3907 moratur.—
612 3850 922 3906 Predictus
954 3851 1302 3920 Eggibertus
1333 3865 1362 3905 a
1393 3850 1735 3921 quibusdam
1757 3850 1857 3906 im-

215 3940 508 4011 peratoris
540 3938 814 3996 fidelibus
843 3938 896 3993 in
933 3938 1183 4009 quodam
1214 3938 1546 3994 molendino
1571 3939 1852 4009 pausandi

213 4026 401 4097 gratia
428 4027 843 4099 deprehensus,
862 4026 1120 4098 turpiter
1142 4027 1448 4083 occubuit.
1484 4026 1855 4083 —Adelbero

218 4112 802 4183 Wirciburgensisde
834 4114 971 4168 sede
1026 4128 1127 4169 sua
1155 4112 1271 4181 jam
1328 4113 1424 4169 diu
1466 4113 1769 4183 depulsus,
1798 4114 1853 4169 in

216 4200 483 4271 Bajoaria
514 4202 763 4257 moritur
796 4199 905 4270 15”,
971 4201 1167 4272 ibique
1220 4202 1274 4257 in
1333 4207 1685 4257 monasterio
1751 4217 1855 4259 suo

220 4289 505 4346 Lambahc
537 4289 819 4361 sepelitur
851 4287 1020 4361 (274).

290 4381 377 4432 35.
401 4380 451 4434 8.
487 4380 550 4434 Α.
583 4380 645 4434 D.
680 4382 834 4434 1091.
862 4378 978 4433 Visi
1011 4382 1148 4434 sunt
1180 4391 1286 4448 per
1339 4377 1552 4435 multas
1584 4378 1855 4448 regiones

1954 555 2076 606 tate
2101 566 2239 608 vero
2272 568 2371 607 sua
2406 553 2586 622 ipsam
2613 552 2962 609 solislucem
3001 552 3173 608 terris
3213 567 3442 622 negare.
3479 553 3591 609 Per

1954 655 2122 710 quam
2157 641 2553 711 prodigiosam
2587 641 2862 696 visionem
2899 640 3071 711 illam,
3109 656 3236 712 qua:
3286 646 3412 713 post
3460 655 3595 712 qua-

1954 727 2278 785 driennium
2316 730 2462 786 facta
2480 736 2589 795 est,
2615 729 3050 785 llierosolimam
3087 730 3449 786 tendentium
3464 744 3593 802 pro-

1954 818 2262 873 fectioncm
2294 818 2916 889 quidaminterprctati
2956 823 3088 874 sunt
3127 818 3382 888 figurari.

2023 909 2107 963 36.
2146 913 2195 963 9.
2227 911 2287 962 A.
2326 910 2385 963 D.
2420 913 2572 963 109'2.
2610 908 2950 963 Pestilentia
2973 908 3063 941 “9°
3096 923 3297 978 magna
3325 909 3472 965 facta
3506 912 3591 965 est

1953 996 2244 1053 hominum
2279 1002 2452 1066 atque
2488 997 2793 1067 pecudum.

2022 1085 2107 1139 3'7.
2148 1088 2237 1141 10.
2278 1088 2338 1139 Α.
2375 1087 2434 1139 1).
2474 1090 2628 1140 1093.
2661 1084 2981 1141 Fratislaus
3012 1083 3101 1117 ¹⁶⁹¹
3133 1084 3251 1141 dux
3273 1084 3502 1140 Bocmiae
3536 1085 3591 1141 in

1951 1178 2163 1229 venatu
2201 1181 2439 1245 repente
2481 1174 2696 1230 cadens
2730 1174 2798 1228 de
2830 1190 3000 1243 equo,
3037 1173 3341 1230 subitanca
3403 1178 3592 1229 morte
3624 1164 3637 1171 ’

1952 1263 2097 1317 obiit
2140 1263 2816 1333 (275.)—Chuonradus,
2891 1262 3263 1333 imperatoris
3323 1261 3479 1317 filius
3534 1265 3594 1316 et

1953 1351 2594 1422 Bcrhtaeimpcratricis
2638 1353 2788 1422 patri
2824 1351 3140 1406 rebellasse
3176 1351 3594 1407 infamatur.—

1950 1441 2124 1496 Visus
2155 1447 2243 1496 est
2270 1442 2544 1511 splendor
2576 1439 2806 1511 quidam
2833 1440 2995 1509 quasi
3025 1426 3210 1495 facula
3246 1438 3446 1494 volans
3490 1453 3594 1510 per

1954 1543 2144 1584 aerem
2179 1530 2248 1584 ab
2277 1529 2498 1584 oriente
2524 1528 2579 1583 in
2630 1528 3018 1583 occidentem.
3053 1558 3117 1566 —
3156 1526 3415 1597 Eclypsis
3449 1526 3591 1583 solis

1956 1617 2102 1673 facta
2128 1622 2214 1673 est
2249 1623 2279 1672 9
2316 1617 2554 1672 Kalend.
2598 1617 2867 1672 Octobris
2891 1617 3029 1671 hora
3064 1617 3266 1685 tercia,
3321 1620 3379 1670 et
3443 1630 3591 1671 mor-

1952 1706 2155 1761 talitas
2189 1720 2389 1775 magna
2423 1708 2739 1761 subsecuta
2755 1710 2872 1760 est.

2096 1796 2425 1850 ‘narratur
2455 1797 2511 1848 C.
2549 1795 2615 1847 D.
2668 1795 2736 1849 E.

2027 1887 2117 1938 38.
2161 1888 2253 1938 11.
2291 1885 2353 1937 Α.
2390 1885 2450 1937 Ι).
2516 1887 2680 1938 1094.

1957 1986 2155 2027 mensa
2190 1971 2612 2027 incredibiliter
2655 1975 2879 2026 vastata
2919 1969 3281 2039 est,insuper
3322 1968 3599 2040 pestilen-

1956 2060 2422 2129 tia,turbinibus,
2456 2060 2726 2115 imbrium
2790 2057 3266 2114 inundationibus
3321 2057 3597 2114 diversis-

1959 2164 2068 2219 que
2100 2148 2364 2205 cladibus
2396 2148 2633 2203 nimium
2668 2147 2905 2202 amicta.

2031 2243 2114 2294 39.
2144 2241 2312 2293 12.Α.
2350 2238 2416 2291 D.
2459 2238 2614 2292 1095.
2645 2234 2949 2292 Ladizlaus
2984 2250 3087 2291 rex
3134 2235 3464 2303 Pannoniae,
3500 2234 3602 2290 mi-

1961 2325 2299 2382 sericordiae
2329 2324 2607 2395 operibus
2634 2323 2869 2394 plenus,
2901 2323 3075 2379 vitam
3110 2322 3294 2377 ﬁnivit
3330 2322 3384 2376 in
3418 2320 3603 2376 Domi-

1960 2430 2058 2470 no.
2105 2446 2159 2453 —
2203 2413 2548 2484 Luitpoldus
2579 2427 2809 2483 quoque
2859 2412 3137 2480 marchio,
3180 2425 3403 2467 necnon
3438 2410 3603 2465 Hein-

1962 2504 2122 2559 ricus
2156 2502 2453 2574 palatinus
2486 2517 2678 2558 comes
2701 2500 2790 2534 ¹⁵⁹²
2811 2502 3109 2557 obierunt.
3145 2501 3202 2554 *3

2102 2604 2125 2625 '
2158 2606 2187 2657 3
2217 2602 2606 2657 6-11arldzmt:
2631 2598 3000 2655 Burchardus
3025 2598 3199 2653 etiam
3222 2597 3603 2654 abbastrans-

2178 2689 2284 2745 ivit
2316 2689 2385 2745 ad
2410 2689 2709 2744 Dominum
2749 2692 2808 2743 13
2844 2686 3085 2742 Kalend.
3126 2685 3291 2742 Febr.

2034 2790 2126 2842 40.
2169 2791 2260 2841 13.
2448 2787 2637 2841 ANNO
2668 2786 2909 2840 DOMINI
2939 2785 3180 2839 MXCVI.
3282 2802 3289 2807 ‘

2034 2884 2270 2951 Welel‘o.
2307 2882 2422 2939 dux
2456 2888 2623 2939 antea
2654 2884 2918 2953 Noricus,
2964 2883 3061 2953 qui
3123 2883 3192 2938 ab
3244 2882 3601 2953 imperatore

1958 2972 2073 3042 jam
2107 2972 2323 3029 dudum
2359 2972 2727 3041 ahjuraverat
2753 2977 2811 3027 et
2842 2973 2916 3027 ob
2950 2972 3004 3026 id
3030 2971 3304 3027 ducatum
3335 2969 3603 3041 perdide-

1965 3063 2075 3129 rat,
2111 3061 2165 3115 in
2199 3060 2447 3129 gratiam
2478 3061 2605 3128 ejus
2640 3059 2810 3113 rediit
2836 3059 3239 3128 “ducatumque
3271 3057 3523 3127 recepit.

2036 3149 2271 3217 Signum
2294 3148 2348 3203 in
2384 3148 2505 3205 sole
2528 3147 2797 3218 apparuit
2829 3152 2859 3201 5
2893 3148 3043 3203 Νοη.
3083 3149 3283 3216 Mart.,
3344 3145 3485 3202 feria
3515 3159 3603 3202 se-

1964 3236 2510 3307 cundaincipientis
2572 3235 3056 3306 quadragesimae.
3088 3235 3327 3290 Diversa
3368 3246 3601 3304 quoque

1967 3322 2231 3394 prodigia
2267 3324 2515 3379 mundus
2550 3323 2875 3392 parturisse
2909 3322 3123 3391 ubique
3158 3322 3551 3377 referebatur.
3580 3320 3601 3342 ‘

1965 3413 2090 3468 Mox
2120 3426 2193 3467 ex
2222 3412 2489 3467 omnibus
2513 3426 2658 3482 pene
2693 3411 2999 3480 terrae,sed
3035 3410 3279 3466 maxime
3325 3409 3396 3464 ab
3454 3407 3605 3465 occi-

1967 3498 2287 3555 dentalium
2314 3513 2623 3568 regnorum
2660 3500 3069 3569 partibus,tam
3104 3512 3302 3567 regum
3353 3499 3409 3551 et
3444 3494 3605 3553 nobi-

1967 3586 2103 3644 lium
2139 3603 2308 3659 quam
2340 3588 2513 3643 etiam
2536 3587 2627 3621 1"”
2658 3587 2815 3656 vulgi
2868 3586 3172 3656 utriusque
3226 3602 3403 3642 sexus
3440 3584 3605 3640 innu-

1968 3674 2277 3732 merabiles
2311 3681 2515 3732 turmae
2548 3679 2766 3731 armata
2804 3690 2971 3730 manu
3006 3673 3447 3730 Hierosolimam
3482 3674 3606 3728 ten-

1969 3765 2106 3820 dere
2129 3768 2433 3834 coeperunt
2456 3763 2772 3833 “,exeitati
2794 3763 3019 3819 scilicet
3036 3764 3092 3817 in
3116 3763 3303 3818 zelum
3338 3763 3606 3832 frequen-

1966 3853 2126 3909 tibus
2150 3852 2380 3909 nunciis
2402 3866 2577 3922 super
2600 3852 2984 3922 obpressione
3010 3851 3283 3907 dominici
3306 3848 3601 3922 sepulchri

1969 3958 2035 3999 ac
2068 3941 2430 3998 desolatione
2470 3940 2725 3996 omnium
2782 3939 3180 3995 aecclesiarum
3230 3939 3321 3972 “9‘
3354 3939 3607 3994 orienta-

1969 4029 2282 4098 lium,quas
2314 4041 2457 4096 gens
2490 4026 2844 4082 ferocissima
2870 4027 3209 4082 Turicorum
3237 4042 3340 4097 per
3378 4026 3605 4095 aliquot

1969 4130 2150 4172 annos
2210 4129 2316 4171 suo
2349 4114 2895 4170 subactasdominio
2927 4114 3206 4169 inauditis
3261 4113 3608 4169 calamitati-

2746 1881 3024 1937 Eeclesia
3076 1879 3437 1937 mortalitate
3493 1880 3598 1936 im-

1969 4202 3126 4272 busjamjamquedeleverat.Quibus‘",
3154 4206 3219 4257 ut
3240 4201 3458 4257 dictum
3488 4204 3602 4269 est,

1967 4292 2278 4349 subvenire
2310 4289 2821 4359 statuentes,sicut
2853 4289 3104 4345 diversis
3141 4288 3490 4358 agminibus,
3524 4287 3603 4343 ita

1965 4381 2213 4437 diversis
2232 4386 2289 4435 et
2303 4378 2541 4436 incertis
2557 4379 2818 4449 plerique
2832 4378 3080 4434 ducibus
3092 4376 3606 4448 properabant.""“

217 4466 522 4524 vermiculi
556 4467 727 4522 nimis
756 4466 964 4535 ignoti,
999 4466 1299 4536 nonlonge
1331 4471 1533 4523 aterra
1567 4468 1850 4538 volantes,
1885 4499 1938 4558 D
1967 4468 2145 4525 Primi
2168 4484 2415 4539 namque
2433 4469 2668 4523 Petrum
2693 4466 2978 4538 quendam
2999 4466 3338 4522 monachum
3362 4478 3608 4535 sequen-

2288 4558 2408 4579 itit.

217 4556 327 4612 hoc
355 4560 440 4612 est
468 4555 818 4612 utvelmanu
844 4554 929 4609 vel
962 4554 1122 4624 virga
1154 4556 1312 4625 tangi
1350 4561 1605 4628 possent,
1639 4557 1856 4627 grossi-

216 4644 417 4701 tudine
474 4645 705 4715 quidem
758 4642 974 4699 muscis
1003 4643 1281 4715 aequales,
1339 4646 1441 4701 sed
1493 4645 1856 4715 longitudine

214 4733 363 4790 satis
391 4732 788 4798 deductiores;
807 4747 1052 4803 quorum
1069 4736 1184 4788 tam
1204 4732 1469 4791 inﬁnitus
1483 4736 1677 4791 extitit
1694 4749 1857 4791 exer-

214 4822 390 4892 citus,
428 4822 484 4877 in
515 4836 689 4878 unum
725 4835 869 4893 pene
903 4819 1213 4876 miliarium
1245 4821 1298 4876 in
1358 4822 1687 4894 latitudine,
1743 4823 1857 4881 duo

1969 4565 2258 4627 tes,quem
2288 4558 2408 4579 m“
2450 4561 2644 4612 tamen
2669 4560 2866 4627 postea
2908 4553 2999 4587 “‘95
3047 4554 3213 4610 multi
3245 4553 3606 4625 hypocritam

1970 4647 2150 4704 fuisse
2182 4644 2583 4713 1mdicebant,
2619 4644 2687 4699 ad
2714 4649 2885 4700 15000
2906 4642 3182 4713 estimati,
3229 4656 3331 4713 per
3380 4641 3611 4697 Germa-

1969 4736 2119 4791 niam
2153 4734 2401 4804 indeque
2423 4747 2528 4805 per
2560 4732 2880 4803 Bajoariam
2906 4736 3082 4802 atque
3123 4728 3475 4785 Pannoniam
3509 4739 3608 4796 pa-

1970 4826 2126 4880 sunt.

1576 4946 1811 5000 VARle
1855 4945 2248 5002 LECTIONES.

288 5040 378 5076 “°‘
428 5043 471 5099 f.
503 5056 550 5098 s.
588 5044 657 5097 Α.
688 5040 779 5075 ¹⁵⁸⁸
814 5039 1011 5098 adalb.
1052 5044 1112 5097 Α.
1176 5039 1265 5073 im
1317 5041 1476 5098 deest
1532 5044 1595 5096 Α.
1632 5041 1720 5074 ¹⁵⁸⁷
1750 5042 1951 5097 eadem
1984 5044 2046 5097 Α.
2110 5040 2201 5074 ¹⁸⁸⁸
2230 5040 2520 5097 occiditur
2547 5050 2841 5109 superscr.
2876 5034 2967 5109 vel
3000 5033 3232 5109 occisus
3262 5036 3350 5109 est
3392 5034 3455 5088 A.
3520 5029 3611 5109 if”

219 5113 383 5171 deest
408 5116 471 5170 Α.
537 5110 628 5146 ¹⁵⁹⁰
669 5113 884 5170 desunt
927 5117 978 5168 6.
1010 5110 1098 5145 “9‘
1128 5111 1431 5168 fratizlaus
1489 5115 1550 5168 A.
1588 5112 1654 5167 Ε.
1696 5111 1785 5146 ¹⁵⁹²
1847 5112 2009 5169 deest
2060 5114 2117 5167 C.
2169 5110 2260 5144 ¹⁸⁹³
2307 5111 2470 5168 deest
2526 5113 2588 5165 A.
2621 5104 2737 5141 ’1⁸³⁸
2769 5107 2931 5164 deest
2981 5109 3030 5161 5.
3081 5107 3140 5159 9°
3172 5104 3470 5173 regionum
3508 5107 3599 5159 11.

217 5200 313 5241 or.
351 5197 643 5258 superscr.
704 5188 752 5240 1.

813 5183 978 5240 deest
1030 5186 1093 5239 A.
1154 5181 1342 5237 1mm.
1379 5198 1434 5254 p.
1462 5184 1522 5237 Α.
1563 5181 1652 5215 ¹⁵⁹⁸
1700 5197 1831 5240 esse
1878 5186 1941 5239 Α.

1802 5289 2023 5345 NOTAE.

289 5378 440 5522 £271)
473 5379 554 5436 Cf.
591 5376 823 5435 Stenzel
856 5377 926 5447 ll,
963 5392 1024 5449 p.
1054 5377 1210 5458 290..

311 5453 438 5521 272)
471 5453 632 5522 Ann.
662 5452 915 5522 August.
956 5450 1029 5522 h._
1060 5464 1132 5522 a_._
1156 5448 1210 5504 d1

311 5446 438 5531 272)
471 5453 632 5531 Ann.
659 5446 919 5531 August.
956 5446 1030 5531 ᾗ..
1060 5464 1132 5531 a:_
1156 5448 1307 5531 diem
1331 5446 1763 5521 praecedentem
1819 5452 1852 5503 2

215 5519 353 5578 ldus
384 5519 574 5592 April.
614 5520 699 5589 (d.
737 5524 805 5576 12
834 5522 976 5647 Agr.
1017 5519 1302 5576 indicant.

290 5592 439 5662 (273)
498 5590 818 5656 Gleichen;
916 5604 999 5647 aee
1053 5604 1111 5646 a.
1205 5592 1302 5646 108

916 5604 999 5647 aee
1053 5604 1111 5646 a.
1205 5592 1343 5647 1089
1398 5591 1648 5645 exeunte
1700 5589 1851 5645 facta

2036 5376 2296 5448 (27t)Cf.
2327 5374 2525 5448 Vitam
2583 5370 2968 5448 Adalberonis
3014 5373 3267 5448 auctore
3331 5369 3610 5428 monacho

1965 5440 2337 5503 Lambaeensi
2369 5460 2458 5515 ap.
2496 5447 2607 5499 Pez
2639 5445 2740 5500 SS.
2772 5445 2975 5499 Austr.
3014 5440 3150 5497 Vol.
3186 5442 3259 5497 Il.

2037 5519 2183 5587 (275)
2218 5517 2279 5571 d.
2323 5521 2387 5571 15
2425 5518 2666 5572 Januar.
