3972 6042
137 109 252 177 961

1009 102 1451 176 canoram.
1484 146 1564 202 -ε
1594 98 2068 177 canoram»:
2111 104 2669 177 UNIVERSALE.
3423 112 3542 181 962

350 250 536 321 etiam
552 251 621 308 in
648 254 703 305 1.
744 247 1045 321 leguntur,
1082 245 1189 306 sed
1223 245 1552 306 abauctoro
1577 248 1788 321 postea
1816 245 1874 307 A

355 320 549 379 deleta
559 321 716 379 sunt.

338 397 361 418 ‘
395 394 457 448 Α.
482 393 573 449 ita
584 391 781 462 pergit
798 387 1166 462 :Gotefridus
1179 388 1328 462 (278)
1352 389 1469 445 dux
1486 389 1789 462 ceterique

354 465 411 519 in
436 459 645 519 itinere
664 459 722 517 et
746 460 941 518 studio
955 459 1296 530 supradicto
1310 459 1787 529 eonsociati,eum

357 534 526 590 Nicea
572 538 743 604 capta
771 530 1193 604 discederent,
1215 530 1345 604 plus
1380 545 1549 604 quam
1583 534 1793 587 300000

355 601 709 660 armatorum
770 602 1091 657 habebant.
1153 601 1222 655 Et
1282 602 1417 657 licet
1450 602 1573 657 haec
1626 605 1789 656 tanta

352 672 667 731 multitudo
698 672 1030 729 universam
1087 673 1421 727 Romaniam
1478 685 1787 742 occupare,

358 744 591 801 ﬂumina
653 747 916 814 epotare,
990 747 1225 811 segetes
1265 757 1482 814 omnes
1526 756 1636 814 una
1677 742 1791 814 _(_lic

356 811 951 887 depascere'posset,
987 816 1147 887 tanta
1192 817 1397 887 tamen
1430 811 1792 887 plenitudine

356 882 636 942 conduxit
675 882 810 941 vita)
829 882 1162 939 necessaria
1191 884 1362 951 Deus,
1394 882 1457 939 ut
1507 884 1578 938 de
1609 882 1793 938 ariete

357 971 648 1025 nummus,
685 955 756 1011 de
805 955 959 1025 bove,
989 954 1085 1025 vix
1122 953 1428 1025 duodecim
1461 953 1794 1025 acciperen-

353 1033 471 1083 tur.
523 1023 801 1081 Preterea
831 1029 888 1079 et
913 1023 962 1079 si
996 1023 1284 1094 principes
1326 1028 1384 1079 et
1409 1038 1577 1092 reges
1598 1023 1794 1078 Sarra-

355 1112 629 1155 cenorum
654 1100 859 1152 contra
891 1108 993 1149 eos
1032 1098 1437 1163 surrexerunt,
1456 1095 1571 1149 Deo
1598 1097 1792 1148 tamen

355 1168 590 1224 volente
610 1165 778 1223 facile
803 1164 943 1221 victi
964 1167 1020 1220 et
1045 1164 1371 1220 conculcati
1387 1173 1542 1219 sunt.
1561 1164 1646 1219 0b
1669 1163 1790 1220 bzec

357 1239 554 1308 itaque
605 1236 859 1308 feliciter
891 1239 1029 1308 acta
1062 1234 1193 1308 quia
1225 1235 1457 1308 quidam
1506 1235 1792 1308 intumue-

358 1305 512 1388 runt,
544 1307 815 1388 opposuit
849 1306 937 1362 eis
967 1306 1121 1386 Deus
1171 1305 1552 1388 Antiochiam,
1575 1305 1790 1388 “urbem

357 1374 636 1435 humanis
678 1377 904 1433 viribus
964 1376 1492 1446 inexpugnabilem,
1532 1374 1629 1431 tibi
1678 1388 1791 1446 per

360 1463 564 1505 novem
620 1462 851 1503 menses
895 1444 1180 1503 dedentes
1216 1446 1270 1500 in
1304 1445 1604 1502 obsidione
1636 1444 1790 1513 ejus-

360 1520 490 1576 dem
522 1519 600 1574 ita
632 1534 735 1575 eos
786 1516 1135 1585 humiliavit,
1173 1520 1233 1572 ut
1282 1517 1471 1571 omnis
1498 1516 1788 1587 superbire

360 1588 592 1646 illorum
617 1593 810 1645 tumor
830 1587 1148 1644 desideret.
1173 1587 1360 1656 Igitur
1382 1587 1466 1642 sic
1487 1588 1573 1642 eis
1606 1587 1788 1642 humi-
1817 1593 1872 1654 Β

360 1659 555 1725 liatus,
590 1664 650 1715 ut
700 1659 756 1714 in
790 1662 914 1714 toto
945 1658 1209 1713 exercitu
1243 1657 1341 1712 vix
1382 1662 1617 1712 centum
1652 1656 1787 1712 boni

359 1731 495 1800 equi
524 1731 945 1801 reperirentur,
963 1728 1201 1801 aperuit
1228 1730 1383 1801 Deus
1413 1728 1637 1801 copiam
1666 1743 1787 1801 suae

362 1797 788 1857 benedictionis
817 1803 875 1855 et
900 1797 1339 1868 misericordiae,
1374 1797 1590 1867 eosque
1625 1797 1679 1852 in
1712 1798 1790 1853 ci-

360 1871 597 1927 vitatem
628 1870 878 1940 induxit,
913 1873 1118 1940 atque
1153 1869 1443 1940 _Thurcos
1479 1873 1556 1940 et
1588 1882 1788 1924 eorum

360 1942 550 1997 omnia
598 1938 879 2009 potestati
907 1938 1114 1995 horum
1146 1938 1496 2009 “Nitribuit.
1533 1939 1789 2009 Cumque

360 2017 418 2069 et
450 2008 685 2068 haeem'
716 2012 881 2081 quasi
914 2010 1139 2066 viribus
1169 2008 1609 2081 suisacquisita
1640 2008 1791 2081 obti-

362 2088 588 2152 nerent,
634 2078 959 2152 nec'Deum,
1008 2081 1103 2151 qui
1133 2080 1221 2136 eis
1252 2078 1495 2152 meum
1531 2079 1791 2135 contule-

364 2159 474 2222 rat,
490 2150 661 2222 digne
677 2150 1134 2222 magniﬁcarent,
1150 2154 1315 2222 tanta
1338 2150 1788 2222 sarracenorum

363 2196 661 2280 ixi'ﬁlﬁl'iiéﬁ
669 2196 1322 2292 πῖὲ“‹ῗιᾶἓὸζεῖἐᾘὶῐί,’ὖὶ’ᾆέ
1339 2196 1688 2276 Eia-{£53111
1697 2196 1790 2276 ἴιὶἓ

362 2308 436 2348 ex
492 2299 651 2351 tanta
684 2294 858 2349 turba
906 2292 1102 2362 egredi
1139 2290 1444 2348 auderet.
1512 2293 1789 2346 Preterea

364 2362 543 2420 fames
574 2365 630 2420 in
657 2364 899 2420 civitate
955 2364 1035 2418 ita
1066 2364 1465 2431 convaluerat,
1498 2365 1559 2417 ut
1594 2362 1689 2416 vix
1717 2362 1789 2416 ab

363 2433 629 2491 humanis
662 2434 910 2505 dapibus
931 2448 993 2490 se
1023 2432 1202 2505 aliqui
1230 2432 1619 2505 continerent.
1652 2432 1790 2505 Lon-

404 2519 496 2560 um
526 2510 611 2561 est
638 2501 913 2560 enarrare
968 2501 1234 2559 miserias
1266 2517 1395 2573 qum
1439 2502 1494 2556 in
1550 2501 1788 2573 civitate

391 2588 546 2631 uere.
580 2575 919 2646 Respiciens
953 2581 1145 2646 autem
1175 2572 1449 2646 Dominus
1491 2572 1787 2644 populum,

363 2659 533 2715 quem
563 2651 681 2701 tam
698 2643 810 2702 'diu
840 2643 1256 2714 ﬂagellaverat,
1311 2643 1767 2715 benigne’conso

363 2713 543 2787 tatur,
575 2730 641 2787 ac
670 2716 854 2787 primo
887 2715 1051 2785 quasi
1096 2728 1200 2786 pro
1252 2714 1657 2787 satisfactione
1690 2713 1792 2787 tri-

363 2784 685 2864 bulationis
711 2784 968 2864 lanceam
1003 2784 1187 2855 suam,
1220 2798 1329 2864 qua
1376 2784 1431 2839 in
1462 2799 1638 2864 cruce
1669 2784 1791 2841 vul-

361 2860 606 2912 neratus
637 2861 757 2927 est,
796 2869 1002 2927 munus
1036 2870 1148 2927 non
1194 2859 1467 2927 visumwa
1524 2859 1790 2927 tempore

360 2924 784 2996 apostolorum,
826 2926 1035 2996 pignus
1082 2925 1347 2981 victoriae
1379 2924 1498 2996 illis
1531 2924 1787 2991 obtulit;

364 2995 572 3054 deinde
632 2998 808 3053 corda
828 2995 1133 3052 hominum
1184 2997 1326 3051 adeo
1380 2995 1672 3065 animavit,
1727 3001 1793 3052 ut

363 3066 501 3138 illis,
534 3067 749 3138 quibus
777 3068 1048 3137 egritudo
1080 3067 1172 3122 vel
1224 3067 1420 3138 fames
1458 3066 1790 3138 ambulandi

364 3137 522 3193 vires
553 3135 964 3206 denegaverat,
999 3151 1156 3192 arma
1182 3135 1425 3193 sumend
1454 3141 1514 3191 et
1542 3136 1791 3191 viriliter

366 3212 567 3265 contra
592 3208 793 3264 hostes
814 3207 1124 3263 dimicandi
1140 3208 1417 3263 virtutem
1434 3206 1789 3263 infunderet.

362 3278 590 3349 Deinde
620 3294 751 3336 cum
810 3278 1183 3349 triumphatis
1231 3277 1498 3349 hostibus
1554 3277 1701 3349 fame
1732 3280 1791 3333 et

366 3346 525 3405 tedio
552 3350 854 3405 exercitus
877 3346 1151 3405 deﬁceret
1175 3347 1517 3417 Antiochiae,
1545 3347 1793 3404 maxime

366 3424 608 3490 propter
675 3419 997 3476 discordias
1052 3419 1396 3490 principum,
1463 3418 1793 3490 in_Syriam

366 3488 635 3561 profecti,
662 3491 894 3547 Barram
923 3495 983 3545 et
1013 3488 1276 3559 Marram,
1321 3489 1499 3561 urbes
1530 3488 1796 3561 Sarrace-

364 3558 591 3640 norum,
621 3558 1141 3640 ‘exp‘ugnaverunt,
1162 3565 1222 3639 et
1262 3558 1524 3640 Castella‘
1534 3559 1793 3639 regionis

364 3628 769 3687 obtinuerunt.
789 3628 1077 3701 _Cumque
1107 3628 1205 3701 ibi?
1242 3642 1461 3701 moram
1492 3628 1795 3700 disposue-

366 3707 524 3769 runt,
542 3706 702 3758 tanta
733 3703 913 3756 fames
936 3699 1278 3757 in‘exereitu
1305 3699 1433 3769 fuit,
1459 3704 1524 3755 ut
1547 3699 1793 3770 cer-pora

364 3772 818 3850 Sarracenorum
838 3772 953 3850 jam
971 3771 1285 3850 fetentium
1319 3783 1349 3825 a
1401 3769 1617 3850 populo
1645 3769 1795 3850 chri-

364 3843 554 3898 stiano
587 3840 852 3899 comesta‘
869 3842 1006 3898 sint.
1033 3840 1248 3897 Deinde
1271 3840 1413 3896 cum
1434 3840 1630 3896 diviuo
1650 3845 1794 3896 nutu

364 3913 420 3992 in
468 3913 748 3992 interiora
800 3913 1102 3992 Hyspaniae
1136 3911 1648 3992 progrederentur,
1684 3911 1797 3991 lar-

358 3983 654 4053 gissimam
688 3980 866 4053 atque
893 3980 1327 4040 misericOrdém
1349 3986 1409 4037 et
1437 3980 1797 4037 victoriosis-

360 4052 562 4124 simam
596 4052 825 4110 manum
883 4054 1300 4124 omnipotentis
1344 4052 1795 4124 Patristsecum

360 4123 709 4181 habuerunt.
734 4125 959 4180 Etenim
992 4122 1151 4181 cives
1180 4129 1239 4180 et
1269 4122 1575 4179 castellani
1609 4123 1795 4192 regio-

362 4195 641 4277 nis_illiu_s
664 4210 766 4267 per
783 4210 960 4277 quem
992 4194 1409 4277 procedebant,
1429 4192 1508 4277 ad
1538 4207 1641 4277 eos
1663 4208 1794 4277 eum

364 4265 564 4323 multis
591 4264 851 4323 donariis
873 4264 1099 4335 legatos
1116 4264 1588 4391 (praemittebant,
1607 4264 1793 4334 parati

366 4336 588 4391 servire
612 4342 669 4391 et
685 4337 896 4391 onnida
920 4351 1022 4391 sua
1048 4350 1110 4391 re
1155 4335 1314 4391 dere.
1343 4335 1451 4390 Sed
1478 4335 1611 4391 auia
1629 4349 1793 4391 exer-

366 4336 588 4408 servire
612 4342 669 4392 et
685 4337 896 4408 oppida
920 4351 1022 4392 sua
1048 4335 1327 4408 reddere_._
1343 4335 1451 4390 Sed
1478 4335 1611 4408 quia
1629 4349 1796 4391 exer-

363 4407 520 4464 citus
545 4422 657 4464 non
683 4404 900 4463 uiduus
922 4410 1050 4462 erat
1084 4412 1145 4463 et
1175 4406 1230 4461 in
1264 4404 1624 4461 Hierusalem
1657 4418 1795 4461 una-

361 4477 596 4533 nimiter
632 4478 1007 4548 festinabant,
1056 4476 1316 4548 acceptis
1348 4475 1788 4548 securitatibus,

356 4548 706 4605 tributarios
730 4562 830 4604 eos
856 4545 1139 4617 fecerunt,
1170 4545 1382 4617 quippe
1404 4561 1535 4603 cum
1569 4560 1679 4617 una
1720 4545 1791 4601 de

356 4618 718 4689 civitatibus,
742 4633 869 4689 quae
887 4619 944 4673 in
960 4616 1401 4689 maritimisil’lis
1422 4616 1792 4689 sunt,plures

358 4688 623 4761 homines
639 4688 907 4755 haberet,
928 4704 1099 4761 quam
1118 4689 1173 4744 in
1188 4688 1451 4761 exercitu
1469 4688 1790 4761 christiano
1896 4752 1897 4755 η

360 4760 627 4831 fuissent.
652 4762 908 4831 Cumque
932 4757 1192 4817 auditum
1214 4765 1374 4816 esset
1396 4757 1718 4831 Antiochiae
1730 4761 1787 4813 et

360 4830 642 4888 Laodicia
671 4836 731 4903 et
754 4828 967 4903 Rohas,
994 4831 1130 4903 quia
1151 4845 1353 4903 manus
1374 4828 1667 4903 Dominies
1698 4832 1788 4903 set
1872 4828 1898 4889 ίε

2112 263 2295 325 usque
2319 247 2407 325 ad
2438 247 2798 325 Hierusalem
2819 255 3250 325 pervenerunt.
3287 253 3541 325 Cumque

2116 319 2172 374 in
2203 317 2506 375 obsidione
2532 318 2689 374 illius
2720 317 2962 375 multum
2988 319 3282 377 laboraret
3321 317 3544 381 exerci-

2114 396 2228 460 tus,
2263 391 2515 461 maxime
2540 393 2777 461 propter
2804 404 2970 461 aqua;
3003 390 3252 461 inopiam
3279 411 3291 448 :
3341 395 3541 451 habito

2114 460 2382 528 concilio,
2428 460 2777 531 epise0piet
2810 460 3113 531 principes
3146 463 3539 521 eireinandam

2113 530 2569 605 esse‘civitatem
2592 530 3037 605 nudispedibus
3065 532 3537 605 predicaverunt,

2114 605 2176 672 ut
2210 601 2328 670 ille,
2365 603 2461 672 qui
2508 615 2610 671 pro
2634 600 2962 672 hominibus
2984 600 3108 656 eam
3133 603 3188 657 in
3214 600 3542 662 humilitate

2114 671 2420 746 ingressus
2437 676 2559 746 est,
2595 687 2697 746 per
2741 671 3126 746 humilitatem
3159 673 3400 746 istorum
3433 691 3539 746 pro

2116 756 2179 797 se
2211 742 2281 797 ad
2322 741 2606 812 judicium
2635 741 2704 797 de
2733 742 2858 797 suis
2888 741 3155 798 hostibus
3214 741 3538 803 faciendum

2117 811 2239 883 illis
2265 826 2389 868 eam
2414 811 2688 883 aperiret.
2717 812 2990 867 Placatus
3016 813 3210 883 itaque
3234 816 3340 870 hac
3360 816 3541 872 humi-

2116 882 2359 953 liatione
2379 882 2671 952 Dominus,
2693 887 2902 938 octavo
2925 887 3054 953 post
3080 882 3538 943 humiliationem

2117 952 2337 1023 illorun
2362 953 2455 1008 die
2468 953 2864 1023 eivitatemeis
2886 952 3148 1023 tradidit,
3174 969 3243 1010 eo
3269 956 3541 1014 videlicet

2117 1022 2210 1078 die
2241 1038 2356 1097 quo
2374 1022 2957 1097 primitjvaaecclesia
2990 1022 3371 1097 inde'abjeeta
3407 1029 3535 1097 fuit,

2117 1108 2246 1165 cum
2280 1093 2497 1165 festum,
2552 1095 2622 1150 de
2655 1093 3019 1165 diASpersione
3077 1093 3476 1165 apostolorum
3510 1093 3541 1153 ἁ

2117 1163 2320 1220 multis
2345 1164 2617 1220 ﬁdelibus
2637 1163 2992 1219 celebratur.
3016 1166 3094 1219 De
3111 1163 3377 1223 hostibus
3403 1184 3540 1224 vero

2118 1234 2196 1288 ibi
2229 1236 2480 1306 repertis
2525 1234 2694 1306 quid,
2723 1239 2915 1289 actum
2971 1235 3068 1302 sit,
3105 1236 3153 1290 si
3209 1237 3340 1306 quis
3369 1252 3541 1295 nosse

2115 1305 2332 1375 querit,
2355 1306 2501 1361 sciat
2524 1305 2656 1375 quia
2678 1305 2738 1375 in
2763 1305 2990 1375 porticu
3010 1320 3136 1375 quae
3153 1305 3542 1365 diciturSalo-

2114 1374 2301 1447 monis
2340 1382 2399 1431 et
2428 1377 2483 1430 in
2514 1374 2732 1447 templo
2760 1374 2887 1444 ejus
2915 1376 3168 1432 victores
3195 1379 3537 1447 equitabant

2114 1445 2169 1501 in
2202 1447 2484 1515 sanguine
2530 1445 2986 1517 Sarracenorum
3041 1461 3222 1517 usque
3253 1445 3326 1503 ad
3351 1463 3536 1517 genua

2111 1530 2413 1590 equorum.
2440 1516 2657 1590 Deinde
2700 1532 2829 1590 cum
2863 1516 3193 1590 ordinatum
3225 1516 3406 1590 esset,
3441 1522 3538 1590 qui

2115 1586 2412 1642 civitatem
2455 1586 2709 1643 retinere
2733 1586 3090 1655 debuissent,
3125 1594 3183 1643 et
3213 1588 3308 1643 alii
3344 1586 3538 1647 amore

2114 1656 2318 1728 patriae
2349 1662 2410 1713 et
2466 1658 2682 1728 pietate
2717 1662 3027 1728 parentum,
3077 1673 3313 1714 suorum
3345 1661 3540 1718 redire

2111 1727 2479 1797 voluissent,
2510 1728 2845 1783 nunciatum
2868 1733 2952 1782 est
2980 1727 3086 1797 eis,
3113 1730 3266 1798 quod
3307 1744 3409 1785 rex
3443 1732 3541 1786 Ba-

2115 1798 2465 1855 biloniorum
2492 1798 2833 1854 Ascalonam
2848 1798 3106 1854 venisset
3128 1814 3257 1854 cum
3283 1800 3540 1857 innume-

2113 1869 2283 1950 {abili
2351 1868 2727 1950 multitudine
2778 1882 3179 1950 paganorum,
3251 1869 3540 1950 ducturus

2113 1939 2365 1995 Francos
2389 1939 2485 2009 qui
2535 1938 3124 2011 Hierosolimis‘erant
3152 1938 3207 1994 in
3239 1942 3541 2011 captivita-

2114 2014 2228 2083 tem
2252 2016 2312 2064 et
2349 2008 3213 2083 expugnaturusAntiochiam,
3233 2008 3386 2083 sicut
3413 2012 3538 2083 ipse

2113 2079 2372 2144 dixerat;
2398 2079 2570 2135 aliter
2592 2084 2780 2135 autem
2806 2079 3081 2134 Dominus
3104 2080 3173 2134 de
3202 2080 3292 2137 his
3322 2079 3541 2139 stat—ue-

2112 2156 2221 2205 rat.
2240 2153 2594 2253 [tatis-tecum
2620 2149 3008 2253 in'veritgte‘hli
3026 2150 3538 2253 quiJherosolimis

2112 2227 2280 2275 erant
2327 2219 2436 2290 ,⁶⁰⁷,
2471 2221 2793 2275 exercitum
2838 2219 3272 2276 Babiloniorum
3306 2223 3539 2279 Ascalo-

2108 2290 2217 2347 niae
2245 2305 2395 2361 esse,
2429 2291 2858 2361 contenderunt
2881 2290 3109 2345 obviam
3136 2291 3276 2361 illis,
3314 2294 3539 2350 relictis

2111 2361 2356 2417 sarcinis
2383 2359 2444 2416 et
2479 2360 2722 2415 infirmis
2755 2359 2875 2416 suis
2927 2360 2981 2415 in
3014 2359 3375 2418 Hierusalem
3405 2378 3534 2420 cum

2113 2431 2388 2501 presidio.
2409 2432 2663 2501 Cumque
2677 2430 3184 2487 exercitushorum
3200 2439 3259 2487 et
3281 2435 3535 2490 hostium

2114 2502 2768 2573 secircumspexissent,
2790 2502 3356 2573 christianigenibus
3372 2505 3539 2563 ﬂexis

2110 2569 2287 2628 Deum
2321 2569 2685 2642 invocarunt,
2728 2569 2788 2627 ut
2822 2572 2997 2642 quiin
3022 2569 3150 2628 aliis
3171 2575 3536 2631 necessitati-

2115 2643 2221 2718 bus
2245 2643 2369 2700 suis
2392 2642 3042 2718 legemchristianorum
3065 2644 3530 2718 conﬁrmaverat,

2115 2713 2171 2767 in
2205 2715 2480 2787 presenti
2506 2713 2676 2787 bello,
2700 2714 3016 2769 confractis
3038 2715 3262 2787 viribus
3289 2713 3539 2787 pagano-

2115 2783 2237 2840 rum
2268 2790 2326 2840 et
2369 2783 2605 2852 diaboli,
2642 2798 2883 2852 regnum
2932 2785 3143 2840 Christi
3167 2791 3227 2841 et
3256 2783 3538 2845 aece'lesiaa

2113 2856 2313 2926 amari
2337 2869 2520 2925 usque
2535 2828 2606 2909 ad
2621 2828 2779 2911 mare
2795 2869 2900 2925 usq
2910 2828 3210 2926 uequaquc
3227 2828 3530 2915 diiEEAE'E

2113 2924 2229 2980 Nec
2261 2924 2449 2989 mora;
2493 2925 2886 2981 clamantibus
2920 2924 3017 2980 ad’
3050 2924 3290 2983 se‘Deus
3350 2929 3533 2993 aﬂ'uit,

2114 3001 2290 3075 atque
2321 2999 2518 3075 tantas
2559 2995 2817 3075 audaciae
2861 2995 3015 3052 vires
3064 2996 3433 3075 ministravit,
3472 3006 3534 3056 ut

2117 3066 2213 3135 qui
2245 3080 2347 3121 eos
2380 3066 2435 3120 in
2474 3066 2702 3137 hostem
2731 3080 2972 3122 currere
3021 3067 3269 3137 videret,
3319 3066 3535 3125 fontem

2114 3150 2279 3205 aqua;
2302 3137 2448 3191 vivae
2471 3136 2763 3208 sitientem
2798 3151 3033 3193 cervum
3057 3136 3291 3206 segnem
3316 3139 3537 3208 adjudi-

2115 3210 2308 3271 caret;
2343 3208 2489 3263 miro
2518 3206 2793 3263 videlicet
2820 3208 3006 3277 modo,
3041 3222 3169 3263 cum
3194 3208 3251 3263 in
3273 3206 3535 3267 exercitu

2116 3277 2435 3349 christiano
2493 3292 2604 3333 non
2656 3277 2787 3348 plus
2844 3292 3012 3349 quam
3068 3279 3323 3349 quinque
3381 3280 3538 3337 milia

2115 3347 2377 3417 equitum
2434 3351 2490 3402 et
2539 3347 2711 3420 15000
2769 3347 3030 3419 peditum
3092 3347 3359 3420 fuissent,
3394 3356 3450 3406 et
3482 3352 3540 3407 in

2116 3420 2382 3474 exercitu
2434 3419 2688 3490 hostium
2722 3424 2966 3490 centum,
3004 3420 3159 3475 milia
3188 3421 3448 3490 equitum
3478 3426 3538 3477 et

2115 3492 2328 3545 400000
2358 3488 2618 3560 peditum
2641 3503 2773 3560 esse
2807 3488 3158 3559 potuissent.
3184 3488 3339 3546 Tunc
3370 3492 3539 3548 mira-

2117 3560 2251 3615 bilis
2273 3560 2329 3616 in
2354 3559 2541 3632 Servis
2561 3559 2685 3615 suis
2709 3560 2861 3615 Deus
2877 3560 3164 3632 apparuit,
3192 3576 3344 3632 eum,
3380 3568 3537 3619 ante-

2119 3645 2287 3702 quam
2334 3631 2734 3702 conlligerent,
2769 3645 2874 3702 pro
2905 3630 3030 3686 solo
3086 3634 3305 3702 impetu
3331 3630 3539 3689 eorum

2117 3700 2264 3774 hanc
2313 3700 2744 3757 multitudinem
2771 3700 2884 3774 'iu
2914 3702 3105 3774 fugam
3135 3700 3445 3774 convertit,
3480 3708 3538 3759 et

2114 3772 2304 3826 omnia
2346 3787 2547 3828 eorum
2588 3785 2745 3827 arma
2775 3771 3041 3841 diripuit,
3075 3773 3154 3829 ita
3188 3778 3270 3841 ut,
3304 3773 3349 3830 si
3381 3771 3542 3830 dein-

2116 3855 2256 3912 ceps
2288 3816 2437 3897 istis.
2458 3816 2809 3912 repugnare“
2820 3816 3058 3910 vellent,
3075 3816 3090 3827 ’
3113 3816 3539 3901 Eoﬁ'llé'bé‘iéiit

2118 3911 2275 3967 arma
2317 3911 2371 3966 in
2405 3911 2617 3982 quibus
2649 3916 2973 3985 sperarent.
3034 3915 3112 3968 De
3165 3913 3369 3985 spoliis
3399 3930 3541 3971 vero

2116 3996 2231 4038 non
2283 3985 2376 4037 est
2405 3982 2780 4051 quaerendum
2841 3988 3118 4106 q‘uantum
3179 3982 3411 4055 captum
3443 3985 3538 4056 sit,

2118 4052 2215 4106 ubi
2235 4052 2491 4106 thesauri
2517 4052 2671 4106 regis
2717 4052 2856 4106 Babi
2884 4052 3029 4106 oniae
3059 4055 3329 4106 occupati
3364 4061 3529 4106 sunt.

2118 4052 2215 4125 ubi
2235 4052 2671 4125 thesaurisregis
2717 4052 3029 4107 Babiloniae
3059 4052 3329 4125 occupati
3364 4052 3529 4111 sunt."

2119 4122 2467 4203 Ceciderunt
2499 4123 2576 4203 ibi
2596 4122 2748 4203 plus.
2769 4137 2945 4203 quam
2976 4122 3398 4203 centumZuIilia
3430 4126 3540 4203 Ma-

2118 4208 2311 4265 rorum
2330 4192 2426 4265 ζθοθ
2476 4192 2704 4265 gladio;
2735 4193 2913 4265 timor
2942 4197 3139 4265 autem
3191 4193 3307 4251 illis
3337 4200 3538 4253 tantus

2111 4262 2384 4336 :m‘era—t,
2418 4269 2479 4336 ut
2512 4264 2576 4336 i_n_
2595 4268 2761 4335 porta
2794 4263 3051 4336 civitatis
3073 4263 3158 4336 ad,
3193 4269 3334 4336 2000
3363 4265 3540 4321 sum)-

2115 4333 2232 4390 cati
2255 4333 2406 4402 sint;
2429 4335 2500 4389 de
2524 4333 2614 4389 his
2646 4348 2783 4389 vero
2807 4335 2900 4404 qui
2928 4334 2986 4389 in
3019 4334 3162 4389 mari
3187 4335 3539 4393 interierunt

2114 4419 2227 4479 non
2257 4409 2350 4461 est
2384 4419 2711 4479 numerus;
2764 4404 2999 4479 spineta
3054 4406 3230 4462 etiam
3259 4422 3333 4479 ex
3370 4408 3535 4479 ipsis

2115 4474 2330 4531 multos
2343 4476 2745 4531 obtinuerunt.
2764 4474 3238 4545 Pugnabatcerte
3252 4474 3540 4535 orbis’ter-

2116 4560 2311 4620 rarum
2343 4562 2447 4620 pro
2473 4545 3065 4620 scbrist_ianis._Et_nis_i
3099 4547 3280 4620 spolia
3313 4554 3537 4606 castro-

2115 4631 2241 4672 rum
2274 4615 2358 4672 de'
2376 4617 2517 4690 ipsis
2551 4615 2781 4690 multos
2820 4615 3234 4690 detinuism'nt,
3266 4620 3434 4690 pauci
3467 4622 3540 4677 de

2115 4633 2241 4672 rum
2274 4633 2344 4672 ac
2376 4633 2517 4740 φειδ
2564 4633 2781 4672 multos
2827 4633 3234 4689 oeununsmnt,
3266 4634 3434 4690 pauci
3467 4633 3536 4677 de

2115 4691 2277 4742 tanta
2291 4701 2384 4768 mu
2417 4687 2947 4768 titudi‘nehostiumﬁ
2956 4693 3155 4768 essent
3172 4690 3270 4768 qui
3295 4690 3365 4746 de
3382 4689 3536 4746 bello

2117 4758 2461 4832 renunciare
2506 4758 2862 4832 potuissent,
2909 4759 3106 4832 Pridie
3138 4764 3331 4816 autem
3365 4775 3537 4832 quam

2115 4826 2330 4884 bellum
2345 4826 2532 4898 fieret,
2551 4828 2729 4885 multa
2747 4827 2902 4884 milia
2916 4828 3269 4886 camelorum
3283 4836 3343 4885 et
3362 4826 3536 4888 boum

2114 4903 2174 4972 et
2196 4900 2387 4957 ovium
2407 4898 2565 4972 cepit
2587 4899 2904 4972 exercitus.
2925 4899 3355 4972 Cumquejussu
3383 4902 3538 4972 prin-

357 4971 437 5045 ibi
460 4962 742 5045 remansit
770 4962 1232 5045 consecuti'sunt
1254 4986 1355 5029 eos
1378 4972 1530 5044 apud
1555 4962 1819 5045 Tyrum}
1869 4962 1898 5045 Ι
2111 4969 2305 5042 cipum
2349 4962 2616 5045 populus,
2654 4971 2776 5045 haec
2833 4962 3257 5045 dimisissetad
3289 4962 3539 5045 pugnam

353 5043 444 5100 Sic
499 5042 700 5115 itaque
750 5031 866 5103 Deo
897 5031 1255 5103 conviatore
1313 5048 1375 5100 et
1404 5031 1819 5114 cooperatore!
1869 5031 1898 5109 I
2111 5031 2516 5113 progrediens,
2544 5041 2810 5099 mirabile
2833 5041 3023 5100 dictu!
3062 5031 3539 5103 multas'etvmul-

1497 5131 1735 5187 VARIA']
1774 5128 2173 5187 LECTIONES.

205 5220 301 5254 1‘“
320 5234 521 5299 eorum
552 5225 617 5299 ᾼ.
694 5221 924 5299 ίθοξμὶξθο
946 5224 1009 5299 ᾼ.
1040 5234 1289 5299 semper.
1372 5218 1469 5299 “if
1494 5219 1601 5299 hoe
1647 5217 2151 5299 lepojapsntqgtus
2172 5217 2486 5299 antiquior
2537 5218 2764 5278 desinit
2784 5219 2853 5277 in
2884 5223 2930 5274 1.
3011 5218 3101 5253 ¹⁶⁰⁷
3133 5218 3296 5278 deest
3311 5234 3545 5295 compe~

134 5292 361 5351 rissent
386 5306 451 5351 υ.
483 5293 678 5368 infra.
758 5292 849 5329 ³⁸⁸⁸
873 5292 968 5354 vel
997 5287 1355 5351 arma—torum
1384 5288 1715 5363 adscripsit
1740 5287 1795 5350 οἱ
1868 5288 1959 5324 ¹⁶⁰⁹
1987 5287 2106 5347 illis
2136 5292 2179 5346 t.
2215 5287 2336 5345 illis
2365 5302 2416 5346 e.
2447 5301 2495 5348 ο.

1733 5377 1958 5438 NOTE.

212 5468 364 5545 (278)
393 5471 531 5545 Haec
559 5471 756 5545 brevis
782 5469 1100 5545 bellissacri
1120 5467 1399 5545 narratio
1430 5470 1663 5545 sumpta
1692 5470 1786 5545 est
1893 5461 2673 5545 ualibus_S._Dy_sibodi(quos
2692 5466 3222 5544 vulgobudeohino
3242 5467 3543 5544 tribqu

135 5536 496 5622 ox‘opi'stola
525 5543 855 5626 principum
877 5543 950 5609 ad
969 5542 1309 5609 Paschalen
1328 5542 1401 5621 Il,
1431 5536 1653 5617 quaa'in
1674 5541 1787 5603 Διι-
1897 5554 1960 5605 a.
2023 5542 2161 5604 “00
2187 5536 2436 5615 legitur.

355 4916 486 4959 eum
520 4915 606 4973 eis
632 4901 731 4973 qui
756 4898 1041 4973 abierant,
1081 4901 1277 4975 plures
1308 4900 1380 4957 de
1397 4898 1662 4955 exercitu
1692 4898 1818 4969 qui.
1888 4904 1898 4916 '

357 4971 437 5053 ibi
460 4972 742 5030 remansit
770 4972 1070 5032 consecuti
1096 4975 1232 5030 sunt
1254 4986 1355 5029 eos
1378 4972 1530 5044 apud
1555 4962 1819 5041 Tyrum!
1869 4908 1898 5109 Η

355 5043 444 5100 Sic
499 5042 700 5109 itaque
750 5047 866 5103 Deo
918 5043 1255 5103 conviatore
1313 5048 1375 5100 et
1404 5031 1819 5109 cooperatore!
