3994 6062
411 152 527 211 968

1568 142 2049 205 EKKEHARDI
2092 141 2653 207 URAUGIENSIS

3694 150 3810 208 965

628 278 861 351 tiplices
908 281 1132 354 turmas
1180 277 1464 354 fecerunt
1498 280 1725 349 cameli,
1784 278 2055 354 similiter
2085 280 2140 339 A
2241 279 2625 337 Cbuonradus
2643 295 2779 337 vero
2799 296 3030 339 causam
3047 280 3585 339 rebellationissua
3608 285 3818 354 paucis

629 349 822 406 autem
857 355 912 403 et
950 350 1126 404 boves
1146 354 1203 403 et
1237 365 1390 405 oves.
1422 351 1552 406 Hae
1571 356 1761 407 autem
1787 349 2054 405 animalia

629 423 704 477 ita
754 420 1188 475 comitabantur
1218 422 1562 487 exercitum,
1597 428 1658 477 ut
1687 438 1816 476 cum
1847 420 2053 476 stanti-

630 493 737 547 bus
751 497 997 557 starent,
1019 506 1148 545 cum
1172 492 1626 561 procedentibus
1647 493 2051 561 procederent,

542 562 547 565 ’
629 576 758 617 cum
792 561 1171 617 currentibus
1205 568 1529 616 currerent.
1558 561 1747 616 Nubes
1778 564 1951 616 etiam
1984 563 2055 617 ab

628 638 757 687 estu
782 632 926 686 solis
948 631 1301 686 christianos
1326 632 1711 687 defendebant
1732 638 1791 688 et
1821 633 2057 701 refrige-

633 704 859 758 rabant.
914 703 1213 757 Celebrate
1248 703 1444 771 itaque
1477 703 1741 769 victoria,
1780 718 2052 759 reversus

628 780 720 829 est
744 772 1039 828 exercitus
1072 772 1447 842 Hierusalem,
1474 780 1531 828 et
1556 774 1764 829 relicto
1798 775 1872 829 ibi
1908 776 2053 828 duce

630 844 947 905 Gotel‘rido,
1005 844 1349 909 Reginmunt
1379 859 1574 899 eomes
1619 846 1810 899 Sancti
1845 845 2051 913 Egidii,

629 922 684 970 et
718 916 1078 983 Ruotpertus
1136 928 1328 968 comes
1375 915 1780 984 Non-inmunia,
1817 923 1875 972 et
1911 919 2055 969 Ruoo

631 990 862 1055 tpertus
890 998 1088 1055 comes
1136 984 1439 1051 Flandria,
1476 986 1796 1040 Laodiciam
1831 986 2052 1041 reversi

630 1054 796 1120 sunt;
822 1054 899 1108 ibi
942 1054 1185 1108 classem
1218 1054 1552 1111 Pisanorum
1578 1062 1636 1111 et
1664 1058 2053 1111 Boemundum

630 1127 996 1196 invenerunt.
1027 1126 1283 1194 Cumque
1306 1127 1784 1196 archiepiscopus
1811 1128 2054 1182 Pisanus

631 1195 1020 1251 Bocmundum
1072 1199 1129 1250 et
1180 1196 1323 1249 alios
1356 1211 1482 1250 cum
1511 1195 1584 1251 eo
1644 1195 2054 1252 discordantes

627 1265 984 1338 concordare
1000 1267 1708 1338 fecisset,7Regimnundus
1735 1285 1837 1338 pro
1861 1271 1973 1323 Deo
1997 1272 2056 1321 et

630 1352 736 1408 pro
758 1336 1037 1391 fratribus
1068 1337 1293 1402 regredi
1329 1338 1648 1407 disposuit;
1683 1336 1881 1407 magna
1918 1354 2054 1393 vero

630 1408 964 1475 multitudo,
1005 1412 1064 1461 ut
1096 1422 1270 1480 supra
1303 1408 1521 1463 dictum
1555 1416 1667 1477 est,
1705 1413 1771 1464 ad
1809 1410 2053 1480 patriam

630 1493 889 1534 remeare
918 1477 1217 1532 contendit
1245 1495 1258 1542 ;
1291 1480 1471 1534 ceteri
1504 1480 1599 1548 qui
1625 1477 2051 1547 remanserunt,

630 1555 864 1621 terram,
922 1550 1036 1602 Deo
1096 1548 1462 1618 diSponcnte,
1515 1552 1794 1606 hactenus
1826 1553 1879 1604 in
1918 1564 2055 1621 pace

2167 371 2391 425 tantum
2424 369 2653 439 sibique
2711 371 3174 426 familiarissimis
3207 371 3261 425 in
3293 386 3470 441 regno
3504 372 3811 441 detegens,

2167 464 2465 528 assumpto
2504 458 2750 528 quodam
2783 474 2856 515 ex
2886 458 3088 514 ordine
3112 459 3576 516 ministerialium
3598 461 3810 530 patris,

2166 559 2330 614 aque
2355 546 2702 602 Cbuonrado
2717 547 2964 613 nomine,
2984 547 3118 602 forti
3141 547 3443 604 admodum
3459 553 3516 605 et
3535 547 3811 618 prudenti

2166 633 2311 702 viro,
2341 649 2443 705 per
2466 636 2745 705 quosdam
2789 635 2969 691 Italia
3003 642 3197 706 partes
3220 642 3276 692 et
3302 650 3507 692 nomen
3543 643 3601 691 et
3624 636 3814 705 digni-

2168 726 2346 777 tatem
2378 724 2531 793 regis
2578 724 2741 779 annis
2802 724 2920 780 fere
2947 728 2980 779 9
3006 724 3279 793 obtinuit,
3339 730 3564 781 tantum
3596 724 3811 781 indolis

2166 826 2286 868 sua
2329 828 2432 883 per
2475 814 2673 869 orbem
2714 814 3031 869 Romanum
3059 813 3388 870 diffundens
3414 814 3647 870 interim
3676 814 3814 870 edo-

2169 914 2307 970 rem,
2337 905 2398 957 ut
2424 917 2591 957 nemo
2617 901 2950 971 religiosus,
2974 918 3142 958 nemo
3166 903 3399 972 sapiens
3421 902 3475 958 in
3498 904 3627 973 ipso
3660 903 3813 958 salu—

2167 993 2282 1045 tem
2308 988 2397 1022 1‘“
2418 991 2497 1046 rei
2543 991 2792 1061 publica
2824 990 3294 1047 constituendam
3328 992 3451 1045 fore
3474 990 3803 1046 dubitaret.

2167 1078 2304 1132 Erat
2327 1078 2476 1133 enim
2529 1079 2621 1133 vir
2649 1093 2753 1149 per
2784 1078 2971 1133 omnia
3026 1078 3349 1133 catholicus
3377 1083 3433 1134 et
3468 1078 3811 1149 apostolica

2167 1164 2290 1221 sedi
2324 1165 2813 1235 subjectissimus,
2876 1167 3005 1239 plus
3049 1167 3314 1236 religioni
3349 1182 3517 1237 quam
3554 1168 3811 1223 fascibus

2168 1253 2259 1307 vel
2280 1254 2455 1309 armis
2479 1256 2745 1321 deditus;
2772 1256 3112 1311 fortitudine
3136 1255 3653 1312 tamenetaudacia
3668 1256 3810 1311 satis

2167 1345 2225 1396 et
2254 1357 2431 1412 super
2482 1343 2825 1413 instructus,
2878 1344 3113 1399 lectioni
3148 1358 3316 1413 quam
3347 1343 3572 1399 lusibus
3602 1358 3809 1399 vacare

2168 1430 2451 1497 malebat;
2480 1432 3208 1495 miserisomnimodis,sed
3237 1431 3808 1503 precipuemilitibus

2170 1520 2358 1591 inopia
2393 1521 2639 1591 strictis,
2667 1522 3069 1593 compassione
3092 1525 3148 1577 et
3176 1521 3592 1577 misericordia
3618 1521 3809 1576 fructu

630 1609 1037 1691 obtinuerunt.
1078 1609 1219 1691 Hae
1248 1622 1425 1676 antea
1450 1609 1723 1676 etiamin
1757 1626 1805 1689 1,
1829 1609 2055 1691 sbr'ipla
2087 1630 2141 1690 Β
2172 1610 2469 1680 βνοκίιηυε
2504 1610 2711 1678 ﬁebat;
2747 1611 2958 1666 ηθιιιίηί
2989 1615 3405 1680 contemptum,
3437 1609 3651 1665 ηθιηίηί
3679 1609 3807 1679 Vim.

634 1691 823 1756 erant,
850 1689 1052 1762 ibique
1072 1690 1390 1762 etiamnum
1416 1706 1601 1762 usque
1624 1707 1727 1747 nec
1758 1693 1932 1747 Deum
1950 1689 2056 1761 qui

635 1775 721 1816 eis
750 1761 927 1834 tineis
953 1760 1241 1834 subducta
1271 1760 1514 1817 exstant
1535 1780 1559 1829 ;
1582 1764 1819 1834 reliqua
1839 1765 1898 1834 f.
1936 1760 2055 1819 184.

634 1832 1159 1958 ἓὲἕὶεέσφὲἐῇιέαααι
1174 1845 1346 1887 erasa
1368 1836 1509 1889 sunt
1527 1835 1635 1889 aut
1650 1832 1897 1904 penitus
1902 1834 2062 1905 folio

865 1998 934 2051 A.
976 1998 1045 2052 ι).
1084 1998 1297 2053 MCXIX
1327 1997 1417 2031 ιοιο
1447 2000 1621 2072 (279).

497 2089 558 2142 *1
594 2085 899 2142 Heinricus
931 2085 1250 2157 imperator
1293 2088 1541 2143 natalem
1566 2088 1786 2144 Domini
1817 2089 2065 2146 Colonia

428 2175 790 2239 bolcbravit;
824 2175 878 2230 in
929 2175 1249 2245 epyphania
1282 2190 1421 2231 vero
1481 2177 1826 2247 Aquisgrani
1886 2177 2065 2233 lilium

428 2279 595 2320 suum
620 2263 908 2333 juniorem
966 2262 1295 2319 lleinricum
1352 2264 1649 2333 quintum‘
1680 2281 1870 2334 regem
1907 2266 2060 2335 fecit,

424 2353 741 2424 reprobato
764 2353 809 2376 “
855 2351 1071 2422 majore
1125 2352 1243 2408 filio
1278 2353 1641 2421 Chuonrado,
1696 2368 1863 2424 quem
1903 2355 2064 2425 prius

423 2439 742 2497 coronavit.
779 2441 850 2463 "‘

571 2530 674 2602 '1)»
710 2529 768 2582 E.
807 2533 851 2602 1.
878 2528 1009 2602 alia
1035 2543 1219 2602 manu
1249 2530 1386 2602 add.
1421 2531 1488 2586 in
1526 2545 1718 2602 marg.
1756 2551 1767 2585 :
1805 2530 2066 2586 Hillibol-

645 2600 766 2672 dus
798 2600 977 2654 abbas
1026 2601 1243 2672 Sancti
1300 2601 1577 2672 Johannis
1638 2600 1908 2672 baptista
1944 2607 2067 2657 10‘"

643 2668 948 2741 ordinatus
1005 2676 1113 2739 est,
1149 2670 1246 2741 qui
1278 2671 1539 2726 ordinem
1598 2668 2065 2741 Ilirsaugiensem

640 2738 914 2795 instituit.

568 2812 590 2834 '
620 2809 781 2866 deest
807 2811 872 2864 C.

568 2882 616 2905 “
652 2881 787 2945 Quae
816 2880 872 2935 Ιι.
904 2893 961 2935 a.
994 2881 1325 2950 sequuntur
1353 2881 1565 2938 desunt
1585 2884 1786 2939 omnia
1816 2884 1875 2938 C.

572 2952 641 2975 “"
675 2955 734 3006 Α.
769 2952 1111 3031 itapergit:
1138 2954 1273 3007 Post
1308 2953 1426 3008 hac
1453 2954 1769 3031 Bajoariam
1793 2954 2060 3031 tendens,

643 3022 888 3094 eundem
921 3022 1118 3091 lilium,
1170 3038 1337 3092 quem
1393 3036 1582 3092 regem
1616 3025 1702 3057 1°“
1731 3026 2061 3094 constituit,

640 3092 731 3149 his
761 3094 856 3163 qui
915 3094 1080 3163 prius
1112 3109 1219 3148 non
1257 3094 1566 3157 affuerunt,
1596 3102 1869 3163 utregem
1904 3092 2063 3150 illum

642 3163 941 3229 haberent,
968 3166 1419 3220 commendavit.
1452 3167 1690 3219 —-lnter
1713 3166 1833 3221 hac
1863 3166 2067 3234 palati-

641 3249 751 3289 nus
783 3250 979 3289 comes
1010 3236 1262 3304 Ratpoto
1294 3240 1352 3289 et
1386 3238 1668 3304 patruelis
1697 3236 1824 3304 ejus
1858 3236 2068 3290 Oudal-

644 3304 823 3377 ricus,
861 3319 1027 3377 quem
1086 3306 1326 3360 multum
1379 3307 1615 3360 divitem
1672 3307 2063 3377 appellabant,

644 3375 900 3430 defuncti
956 3379 1109 3428 sunt.
1150 3406 1171 3411 η
1240 3377 1564 3444 Imperator
1623 3391 1760 3430 vero
1817 3375 2066 3432 natalem

645 3445 1045 3515 apostolorum
1092 3445 1431 3513 Babenberg
1478 3460 1676 3514 agens,
1713 3446 1781 3502 de
1837 3461 2069 3502 conser-

648 3515 832 3572 vanda
858 3515 1107 3570 ﬁdeliter
1122 3531 1262 3585 pace
1280 3517 1522 3572 multum
1547 3518 1895 3572 obtestando
1919 3534 2070 3573 com-

647 3587 869 3658 monuit
929 3586 1156 3642 illarum
1218 3588 1469 3656 partium
1533 3588 1845 3658 principes,
1907 3595 1965 3643 et
2006 3591 2069 3644 ut

646 3656 1067 3711 latrocinantes
1093 3658 1379 3727 furtisque
1403 3656 1962 3728 studentes—absque
1986 3673 2074 3714 re-

645 3727 934 3800 tractione
982 3730 1412 3800 persequendo
1490 3727 1892 3800 dampnarent’,
1964 3730 2071 3785 sub

638 3796 1017 3866 jurisjurandi
1044 3796 2073 3865 sacramentoconstrinxit;advoca-

644 3867 722 3924 tis
763 3882 1013 3938 quoque,
1076 3884 1144 3923 ne
1176 3872 1286 3925 sub
1338 3885 1396 3925 se
1456 3870 1602 3926 alios
1664 3872 1982 3927 advocatos
2016 3872 2072 3926 in

646 3938 1118 4011 depredationem
1144 3941 1338 4011 populi
1361 3947 1417 3995 et
1443 3943 1840 3999 acclesiarum
1860 3942 2077 3998 consti-

645 4015 904 4084 tua-rent,
934 4010 1193 4066 funditus
1226 4010 1323 4065 inti
1350 4012 1559 4077 rdixit;
1586 4014 1686 4067 scd
1739 4015 1845 4069 hoc
1878 4028 2075 4084 prece-

645 4084 827 4154 ptum,
854 4080 994 4154 bent
1036 4096 1237 4150 parum
1262 4084 1578 4151 convaluit,
1622 4087 1753 4153 quia
1780 4080 2075 4154 principes

642 4151 851 4225 turmis
880 4151 1125 4225 militum
1159 4169 1362 4225 carere
1382 4151 1668 4223 nolentes,
1697 4151 1839 4225 quas
1860 4151 2076 4209 talibus

646 4222 891 4294 maxime
925 4223 1224 4279 beneficiis
1278 4226 1389 4280 sibi
1423 4222 1905 4294 conciliaverunt,
1944 4240 2073 4281 mox

646 4292 1000 4363 imperatore
1060 4294 1419 4364 discedente,
1473 4296 1648 4350 solito
1681 4303 1741 4350 et
1772 4292 2075 4366 anti'quato

643 4377 804 4436 more
840 4379 945 4436 Ausi
998 4370 1153 4436 sunt.
1188 4395 1256 4436 τέ
1281 4368 1457 4436 Capta
1512 4371 1597 4421 est
1658 4367 2014 4423 Hierusalem
2047 4381 2077 4421 a

642 4433 983 4505 Christianis
1008 4435 1091 4490 ld.
1135 4434 1291 4505 Julii,
1329 4433 1488 4491 féria-
1518 4442 1568 4491 6.
1600 4468 1669 4477 —
1702 4440 2081 4494 Chuonradus

648 4504 1036 4583 Trejectensis
1070 4504 1386 4583 episcopus
1411 4508 1501 4562 his
1540 4508 1761 4583 diebus
1784 4524 1811 4563 a
1838 4510 1959 4564 suis
1987 4525 2081 4583 oc-

651 4578 813 4630 cisus
842 4582 951 4631 est.
975 4608 1045 4617 —
1078 4578 1476 4633 Ileremannus
1517 4579 2084 4635 Coloniensisarchi-

651 4645 965 4725 episcopus
1007 4648 1169 4703 obiit.
1195 4680 1263 4725 -_—
1290 4650 1581 4725 Urbanus
1604 4665 1750 4719 papa
1782 4649 2082 4725 obiitzicui

649 4715 911 4772 Pascalis
975 4722 1275 4793 successit,
1312 4720 1500 4775 adhuc
1530 4715 1762 4777 vivente
1795 4737 1939 4793 papa
1973 4722 2087 4777 Wi-

649 4794 884 4860 gperto,
924 4790 1021 4861 qui
1052 4796 1110 4847 et
1142 4792 1424 4848 Clemens.

2173 1698 2382 1753 nemini
2416 1700 2798 1769 prejudicium
2827 1699 3155 1768 intendens,
3177 1700 3332 1755 omni
3352 1713 3614 1771 persona
3634 1698 3814 1753 omni-

2173 1801 2283 1857 que
2306 1786 2628 1842 conditioni
2655 1788 2763 1842 fuit
2794 1787 3073 1851 affabilis;
3106 1787 3355 1857 indeque
3388 1802 3499 1844 non
3522 1786 3813 1842 immerito

2171 1876 2288 1932 Deo
2318 1880 2376 1930 et
2410 1876 2739 1932 hominibus
2763 1890 2993 1946 semper
3023 1876 3218 1932 extitit
3249 1875 3538 1933 amabilis.
3571 1874 3814 1931 Caliba-

2174 1968 2269 2019 tus
2285 1964 2564 2034 pudorem
2597 1965 3272 2034 perpetualiterservare
3304 1980 3434 2020 eum
3478 1964 3818 2036 proposuis-

2174 2057 2284 2121 set,
2310 2057 2549 2108 coaetus
2570 2056 2762 2109 tamen
2788 2066 2816 2107 a
2840 2053 2961 2108 suis
2991 2052 3163 2108 ﬁliam
3189 2052 3464 2109 Ruotkeri
3489 2053 3657 2108 ducis
3679 2051 3818 2107 Sici-

2177 2141 2289 2209 lia,
2310 2141 2673 2197 famosissimi
2705 2155 2850 2211 pene
2876 2147 3207 2197 nostrorum
3225 2146 3548 2212 temporum
3562 2140 3695 2208 viri,
3718 2140 3820 2196 du-

2175 2230 2257 2287 xit
2286 2246 2544 2300 uxorem,
2561 2231 2728 2300 cujus
2743 2236 2860 2286 tam
2876 2234 3039 2287 caste
3056 2247 3194 2288 usus
3206 2246 3299 2287 θει
3310 2230 3740 2301 conjunctione.
3759 2234 3820 2285 ut

2178 2320 2273 2376 vix
2295 2321 2640 2375 crederetur
2658 2335 2785 2375 eam
2810 2335 3060 2390 unquam
3086 2321 3453 2391 cognovisse.
3470 2318 3713 2389 ‘Legale
3736 2316 3826 2350 ¹⁶¹³

2176 2407 2318 2465 illud
2335 2414 2674 2480 preceptum
2695 2428 2706 2461 :
2740 2409 3195 2479 Turpitudinem
3210 2409 3409 2480 patris
3435 2409 3527 2465 tui
3541 2421 3828 2480 nonreee_

2176 2497 2330 2554 labis
2349 2497 2555 2561 (Leuit.
2574 2510 2731 2562 XVIII,
2752 2503 2831 2567 7),
2852 2498 3130 2568 itemque:
3149 2499 3393 2554 Honora
3400 2497 3633 2568 patrem
3647 2496 3816 2551 tuum

2176 2587 2418 2656 (Matth.
2460 2602 2573 2657 XIX,
2620 2588 2730 2657 19),
2771 2601 3048 2655 murmur,
3081 2586 3234 2656 quod
3266 2601 3369 2656 per
3400 2590 3586 2640 totum
3615 2585 3821 2639 Roma-

2175 2690 2310 2731 num
2347 2675 2651 2746 imperium
2685 2675 2871 2745 patris
2900 2675 2991 2730 sui
3023 2689 3213 2730 mores
3240 2674 3515 2741 laniabat,
3547 2672 3820 2743 quodque

2176 2764 2365 2835 ipsum
2389 2764 2499 2819 sibi
2530 2763 2764 2819 offensa
2816 2763 3003 2833 patris
3026 2776 3093 2817 ac
3125 2778 3246 2818 sua
3278 2763 3349 2817 ab
3382 2762 3480 2817 illo
3512 2760 3824 2817 discessio-

2178 2852 2270 2909 nis
2300 2867 2474 2908 causa
2507 2852 2727 2916 extitit,
2761 2852 3003 2908 auribus
3037 2850 3289 2922 propriis
3320 2864 3609 2920 nunquam
3644 2848 3827 2919 patie-

2180 2942 2353 2997 batur
2381 2941 2606 3010 inferri,
2641 2956 2871 3011 semper
2904 2940 3063 2995 illum
3089 2940 3383 2996 dominum
3426 2954 3593 2994 suum
3627 2944 3685 2993 et
3715 2952 3826 2993 ca-

2179 3045 2369 3086 sarem
2404 3030 2493 3085 vel
2529 3031 2941 3100 imperatorem
2973 3028 3417 3097 cognominans;
3456 3026 3764 3083 universos
3795 3040 3824 3080 a

2182 3118 2397 3189 palatio
2414 3119 2599 3190 patris
2624 3118 3007 3174 adventantes
3046 3118 3156 3173 sub
3178 3115 3568 3188 appellatione
3588 3130 3828 3171 conser-

2178 3222 2402 3277 vorum,
2439 3207 2578 3262 licet
2609 3206 2856 3276 infimos,
2885 3205 3085 3261 sociali
3120 3204 3511 3261 benivolentia
3538 3210 3823 3259 tractans.

2180 3296 2384 3351 Preter
2414 3296 2586 3350 animi
2653 3297 2902 3350 virtutes
2952 3309 3291 3364 morumque
3345 3293 3826 3365 compositionem

2182 3398 2430 3455 corpore
2456 3384 2564 3439 fuit
2596 3385 2857 3455 apprime
2881 3384 3132 3439 decorus
3159 3398 3221 3438 ac
3250 3387 3477 3438 statura
3510 3396 3820 3453 procerus.

2323 3566 2344 3586 '
2377 3562 2514 3628 Qua
2540 3567 2730 3617 tamen
2770 3560 3065 3617 turturina
3098 3559 3578 3615 ““nihilominus
3601 3557 3828 3629 predita

2396 3634 2507 3688 fide
2541 3634 2831 3688 secundos
2882 3632 3035 3687 ultra
3068 3632 3475 3687 detestabatur
3504 3630 3826 3700 amplexus,

2398 3706 2541 3760 adeo
2575 3711 2636 3759 ut
2689 3709 2821 3775 post
2880 3702 3137 3775 ablatum
3170 3707 3395 3759 tantum
3455 3701 3693 3775 corpori
3724 3715 3828 3756 suo

2398 3782 2595 3845 caput,
2625 3772 2910 3844 reliquum
2934 3774 3068 3829 vita
3093 3789 3214 3831 sua
3243 3780 3468 3843 tempus
3495 3772 3681 3845 labori
3700 3785 3831 3827 con-

2400 3844 2752 3926 secraverit_
2774 3847 3114 3926 sexagesim‘i
3157 3848 3381 3926 fructus
3411 3844 3712 3926 (23.30)."in
3770 3847 3820 3924 1..

2396 3919 2624 3987 scripta
2647 3918 2752 3974 sed
2765 3913 2939 3975 erasa
2962 3918 3122 3987 sunt,
3146 3919 3284 3988 jam
3299 3913 3543 3972 nonnisi
3576 3913 3831 3988 liquoris

2399 3986 2650 4047 cltemici
2677 4005 2779 4060 ope
2813 3990 3096 4061 legenda;
3130 3986 3193 4045 in
3216 3988 3287 4043 ιδ.
3308 4002 3441 4043 vero
3464 3986 3724 4041 exstant.

2261 4169 2474 4224 Eodem
2508 4172 2529 4191 ‘
2562 4183 2709 4224 anno
2791 4168 3124 4223 Gotefridus
3211 4167 3347 4234 dux,
3401 4162 3835 4233 Reginmundus

2107 4260 2160 4321 D
2192 4274 2388 4315 comes
2406 4258 2596 4312 Sancti
2620 4257 2828 4328 Egidii,
2872 4258 3206 4328 Ruopcrtus
3228 4268 3425 4310 comes
3448 4251 3831 4319 Normannia,

2192 4348 2527 4419 Ruopertus
2550 4362 2747 4403 comes
2762 4345 3296 4413 Flandrcnsis,cum
3314 4348 3633 4399 turmarum
3650 4338 3837 4411 copiis

2194 4438 2406 4507 quibus
2429 4442 2704 4508 preerant
2722 4434 2902 4504 multa
2917 4448 3101 4504 usque
3121 4431 3483 4488 Hierusalem
3497 4428 3839 4485 dilllcultate

2195 4527 2552 4597 pertingunt,
2595 4531 2804 4595 quarto
2842 4523 2955 4592 jam
2991 4537 3139 4578 anno
3188 4525 3495 4593 postquam
3522 4518 3575 4571 in
3598 4516 3840 4572 eandem

2195 4615 2461 4670 militiam
2478 4630 2581 4685 pro
2596 4613 2879 4670 eruciﬁxo
2896 4612 3003 4666 sibi
3023 4608 3414 4665 Christotanti
3440 4622 3499 4664 se
3518 4604 3839 4663 bellatores

2196 4709 2403 4775 sponte
2424 4704 2865 4759 crucitixerunt.
2903 4700 3144 4770 Reliqua
3168 4698 3318 4754 enim
3346 4694 3683 4763 multitudo,
3714 4707 3840 4765 pre-

2198 4798 2288 4847 ter
2308 4807 2409 4847 eos
2433 4792 2529 4862 qui
2577 4807 2705 4847 cum
2748 4789 3066 4847 Boimundo
3090 4788 3412 4845 Antiochia
3444 4785 3839 4843 consederant

1819 4891 2055 4947 VARIAE
2097 4892 2496 4948 LECTIONES.

508 4985 600 5019 ι⁶¹⁰
630 4989 688 5062 4.
714 4994 762 5062 t5,
803 4993 884 5043 10.
922 4988 1149 5062 addunt
1176 5005 1447 5047 numeros
1478 4994 1563 5045 43.
1598 4994 1706 5060 16.,
1739 5004 1884 5062 quos
1927 4991 2149 5049 omittit
2178 4997 2234 5062 1.

440 5059 885 5133 rempublicam
915 5065 968 5133 ὅ.
1002 5061 1207 5118 saltem
1241 5076 1358 5117 rem
1390 5062 1681 5133 publicam
1706 5059 1860 5118 629°.
1898 5066 1978 5117 10.
2010 5066 2096 5117 11.

441 5126 532 5161 ““
559 5126 893 5189 turturnina
927 5131 1003 5188 1b.

2319 4989 2407 5022 1°“
2439 5003 2573 5057 rege
2603 5002 2652 5045 ο.
2733 4987 2821 5020 ¹⁶¹²
2853 4988 3103 5044 salutem
3158 5003 3211 5043 r.
3255 5000 3308 5058 p.‘
3342 4990 3400 5041 1.
3442 4985 3544 5058 D1.
3586 4981 3841 5058 salutem

2184 5060 2273 5094 1⁸⁸³
2300 5052 2712 5133 δἐῳρίέηιίαῃι
2740 5075 2869 5117 cum
2896 5061 2954 5117 C.
2980 5075 3037 5118 a.
3068 5064 3197 5116 1101
3225 5052 3293 5125 ;'J
3303 5062 3440 5114 uxta
3464 5054 3651 5125 legale
3668 5052 3842 5111 illud.

2019 5203 2241 5259 NOTE.

529 5295 979 5380 379)Qua'_jam
1039 5303 1385 5380 sequuntur,
1442 5299 1516 5380 ab
1573 5298 1913 5380 Ekltehardo
1943 5306 2081 5380 post

438 5369 693 5443 reditum
724 5381 806 5443 ex.
827 5369 1038 5428 itinere
1069 5369 1617 5443 Hierosolymitanio,
1654 5371 1726 5427 iis
1750 5386 1878 5442 qua
1908 5369 2081 5429 ahtea

439 5433 767 5523 scripserat
784 5436 859 5523 (a.
878 5443 1036 5523 βορᾷ.
1056 5442 1213 5523 νη
1225 5433 1463 5523 deletis,
1480 5433 1706 5515 adjecta
1720 5433 1875 5504 sunt.
1892 5443 2083 5505 Pauca

437 5508 773 5570 tantum“
798 5508 1398 5585 Mimire'ﬁuutt.

2262 5298 2410 5427 $280)
2440 5298 2571 5356 Hae
2601 5298 2978 5379 Ekkehardus
3000 5297 3243 5381 delevit,
3272 5312 3405 5356 cum
3427 5295 3600 5381 vidua
3633 5298 3850 5377 postea

2262 5394 2267 5427 l
2298 5371 2476 5427 dumo
2520 5383 2643 5427 rem
2690 5369 3221 5427 Hierosolvmitano
3276 5374 3585 5427 nupserit;
3617 5381 3654 5425 ν
3685 5365 3846 5423 infra

2192 5365 2476 5430 Balduino
2520 5369 2643 5441 regi
2690 5365 3236 5441 Hierosolymitano'
3276 5368 3585 5441 nupserit;
3617 5365 3654 5425 ἦ
3685 5365 3846 5423 infra

2192 5440 2715 5519 Hierosolymitam.
