3994 6062
228 171 357 239 965

1107 173 1554 240 CHRONICA.
1586 209 1659 221 ——
1688 165 2166 238 CHRUNICON
2215 169 2768 236 UNIVERSALE.

3531 173 3650 236 966

230 311 327 368 vel
353 326 486 369 cum
516 309 850 369 Baldewino
879 309 1070 368 Rohas
1102 309 1384 380 abierant,
1411 309 1690 368 Laodicia;
1716 311 1888 382 Tyro-
1919 311 1972 371 A
2003 310 2446 380 univei-saaaque
2467 305 2848 364 circumcirca
2869 305 3152 364 aecclesiaa
3172 322 3277 379 per
3291 309 3479 366 omnia
3501 309 3651 367 ludi-

230 415 350 472 que
373 404 796 470 remanserant,
821 413 922 471 per
939 399 1204 456 diversas
1226 398 1681 470 circumquaque
1707 399 1889 469 regio-

231 504 339 546 nes
361 487 610 560 dispersi
633 493 820 544 erant.

455 577 594 642 Qui:
607 575 882 648 sequitur
897 575 1155 648 historia
1177 575 1317 632 belli
1336 577 1629 648 Hierosol.
1649 577 1755 634 hoc
1770 577 1889 632 loco

451 648 615 704 deest
639 647 700 702 D.
739 648 832 716 E.,
867 649 975 717 qui
1003 647 1377 716 singularem
1411 647 1644 704 addunt
1675 661 1890 704 narra-

451 719 668 776 tionem
687 717 872 774 ethoc
900 718 1020 774 loco
1051 731 1181 774 cum
1214 719 1271 772 C.
1308 718 1430 774 Ιιιεσ
1461 718 1694 774 tantum
1723 718 1890 773 culti-

455 789 588 844 bent
631 810 650 845 :
693 788 908 844 Eodem
957 803 1105 844 anno
1155 787 1425 843 dominus
1474 795 1675 845 noster
1721 791 1889 844 Iesus

452 859 720 915 Christus
760 859 1058 915 civitatem
1104 858 1323 928 requiei
1365 873 1486 915 suae
1529 859 1888 916 Hierusalem

452 929 725 1001 fidelibus
763 929 886 986 suis
927 929 1173 1001 aperuit,
1203 933 1261 984 et
1291 929 1604 986 eliminatis
1637 945 1740 1001 per
1777 945 1891 1001 ma-

449 999 811 1072 gnitudinem
837 999 1116 1072 potentiae
1139 1014 1258 1072 suae
1283 999 1649 1072 paganorum
1667 1000 1891 1072 spurci-

453 1071 582 1141 ciis,
646 1070 889 1126 liberum
946 1070 1281 1126 christiana:
1333 1071 1664 1127 devotionis
1701 1070 1889 1127 ‘ritum

452 1141 917 1198 misericorditer
949 1141 1086 1196 inibi
1121 1143 1495 1198 restauravit.

309 1227 412 1283 Hic
453 1227 524 1283 de
566 1227 786 1286 militia
824 1227 916 1284 vel
957 1227 1349 1299 expeditionis
1386 1227 1647 1297 ejusdem
1692 1243 1891 1304 causa,

238 1330 355 1372 non
389 1321 506 1372 tam
539 1316 876 1373 humanitus
916 1331 1085 1386 quam
1127 1315 1409 1372 divinitus
1450 1316 1738 1385 ordinata,
1783 1317 1892 1372 fert

171 1466 180 1473 _
238 1405 469 1460 animus
492 1411 748 1460 aestuans
766 1403 958 1474 aliqua
980 1403 1326 1474 prescriptis
1350 1403 1625 1474 adjicere,
1647 1404 1894 1460 maxime

235 1493 313 1547 ob
349 1491 826 1564 imprudentium,
868 1491 1040 1548 immo
1081 1491 1502 1563 impudentium
1533 1493 1892 1562 quorundam

236 1580 736 1651 redargutionem,
758 1581 855 1651 qui
878 1585 1114 1637 vetusto
1136 1594 1364 1652 semper
1381 1596 1584 1637 errore
1604 1582 1888 1651 contenti,

237 1669 558 1725 novitatem
590 1669 758 1740 hanc,
781 1669 898 1739 jam
926 1669 1257 1725 senescenti
1278 1675 1338 1724 et
1361 1683 1544 1742 prope
1571 1670 1892 1743 intereunti

238 1757 456 1814 mundo
495 1757 1010 1829 pernecessariam,
1049 1771 1152 1814 ore
1188 1757 1503 1813 temerario
1551 1764 1894 1828 presumunt

236 1845 690 1918 reprehendere,
716 1845 827 1916 ipsi
846 1845 1121 1917 epicureo
1145 1860 1303 1901 more
1326 1846 1686 1916 voluptatum
1716 1846 1892 1902 latam

235 1933 330 1968 ¹⁸¹⁸
353 1949 525 2006 quam
557 1939 744 1990 artam
776 1934 986 1992 divinae
1022 1934 1328 1991 servitutis
1359 1933 1508 1990 viam
1541 1934 1894 2006 amplecten-

237 2026 350 2093 tes,
373 2022 697 2094 appetitum
717 2023 911 2079 mundi
934 2023 1323 2094 prudentiam,
1345 2026 1742 2094 contemptum
1765 2022 1894 2092 ejus

237 2109 584 2180 stulticiam,
617 2111 725 2166 hoc
747 2114 840 2166 est
863 2125 1162 2167 carcerem
1196 2111 1466 2182 patriam,
1500 2111 1777 2167 tenebras
1811 2110 1894 2167 lu-

236 2213 384 2268 cem,
428 2198 640 2255 malum
687 2200 920 2268 bonum,
964 2202 1207 2256 mortem
1249 2198 1450 2268 vitam,
1495 2199 1640 2270 proh
1675 2198 1889 2270 pudor!

235 2287 417 2344 corde
449 2287 758 2344 cecissimo
790 2287 1232 2366 considerantes
1256 2285 1364 2341 1°“.
1393 2287 1778 2344 Lenocinatur
1807 2287 1892 2343 eis

239 2376 295 2432 in
330 2375 440 2432 hoc
467 2379 524 2432 et
554 2374 853 2432 audaciam
885 2375 1216 2446 hujusmodi
1251 2375 1654 2432 subministrat
1689 2375 1895 2446 depra-

236 2463 509 2533 vatajam
534 2463 810 2534 undique,
842 2464 940 2520 sed
971 2463 1218 2519 maxime
1245 2463 1514 2534 partibus
1536 2463 1590 2518 in
1616 2463 1772 2533 istis,
1807 2477 1894 2518 re-

238 2567 366 2610 rum
397 2552 646 2622 vertigo,
676 2553 772 2608 ubi
798 2551 1084 2624 sapientia
1121 2566 1222 2623 pre
1256 2552 1524 2608 omnibus
1548 2551 1756 2621 invisa,
1783 2551 1897 2606 vir-

239 2645 339 2698 tus
378 2640 564 2696 omnis
594 2644 682 2696 est
716 2639 940 2708 odiosa,
977 2639 1180 2710 religio
1215 2639 1560 2710 despicitur,
1593 2639 1894 2695 humilitas

240 2727 650 2799 conculcatur,
673 2728 887 2785 astutia
906 2729 1219 2799 primatum
1242 2731 1490 2800 prestat,
1510 2727 1720 2784 vicium
1741 2743 1896 2784 amo-

240 2832 363 2874 rem
391 2817 690 2888 conciliat,
723 2817 1046 2874 crudelitas
1068 2815 1465 2886 1Mtimorem,
1498 2818 1772 2888 superbia
1797 2817 1897 2873 im-

241 2910 410 2978 perat
432 2906 732 2962 honorem.
766 2906 882 2961 Nos
909 2910 1103 2960 autem
1128 2904 1183 2959 in
1208 2905 1448 2960 Domino
1472 2910 1696 2960 tantum
1718 2903 1895 2962 confl-

241 2992 468 3064 dentes,
509 3008 616 3050 nec
656 2992 1034 3065 presentibus
1071 2991 1172 3048 sed
1216 2993 1430 3048 futuris
1476 2993 1788 3063 inhiantes,
1829 3009 1895 3050 ac

241 3081 380 3139 licet
437 3086 802 3155 spectatores
845 3080 1016 3152 pigri,
1069 3081 1328 3136 fautores
1377 3089 1565 3136 tamen
1619 3081 1890 3151 benivoli,

249 3169 551 3228 laudemus
579 3169 816 3226 eosdem
844 3167 935 3201 ¹⁶¹⁸
963 3169 1148 3224 nostri
1180 3169 1464 3238 temporis
1494 3169 1652 3225 viros
1682 3169 1896 3238 glorio-

245 3273 358 3330 sos,
388 3258 775 3330 quivicerunt
805 3271 985 3328 regna
1017 3257 1235 3326 mundi,
1269 3257 1367 3328 qui
1401 3257 1624 3312 relictis
1656 3262 1898 3330 propter

247 3347 402 3418 pium
435 3346 561 3403 ovis
598 3345 929 3402 centesimae
964 3343 1319 3414 quesitorem
1351 3344 1699 3415 conjugibus
1733 3358 1798 3400 ac
1832 3345 1897 3400 li-

247 3435 425 3505 beris,
468 3434 664 3505 regnis
694 3437 752 3489 et
785 3433 1025 3502 divitiis,
1065 3435 1389 3503 posuerunt
1420 3432 1640 3488 animas
1671 3448 1807 3488 suas
1839 3433 1894 3489 in

245 3524 512 3580 manibus
540 3523 681 3592 suis,
713 3521 838 3578 zelo
867 3521 1124 3578 zelantes
1151 3536 1256 3593 pro
1280 3521 1513 3577 domino
1537 3523 1652 3577 Deo
1674 3521 1898 3577 exerci-

243 3616 430 3681 tuum,
475 3617 726 3682 utraque
763 3609 1048 3680 condigne
1091 3609 1296 3664 armati
1341 3608 1705 3678 fortitudine,
1742 3608 1894 3679 regis

245 3701 332 3758 sui
364 3700 619 3757 cmlestis
649 3699 917 3756 ineuntes
947 3698 1248 3753 servitium
1282 3696 1400 3752 “‘9.

316 3791 594 3861 Tempore
624 3788 878 3844 Heinrici
906 3789 1004 3842 llII
1035 3786 1294 3855 Romani,
1323 3790 1382 3841 et
1410 3784 1596 3841 Alexii
1621 3787 1897 3842 Constan-

183 3931 198 3948 ,
249 3877 617 3950 tinopolitani
641 3876 942 3949 principis,
958 3875 1124 3945 juxta
1145 3874 1476 3946 presagium
1495 3874 1894 3944 evangelicum

247 3967 501 4026 surrexit
533 3967 786 4036 undique
807 3979 952 4035 gens
973 3969 1178 4020 contra
1201 3968 1430 4032 gentem
1456 3967 1511 4018 et
1537 3977 1777 4032 regnum
1800 3963 1898 4018 ad-

247 4070 452 4112 versus
476 4069 739 4124 regnum,
761 4058 818 4109 et
845 4054 1215 4109 terrzemotus
1233 4051 1418 4121 magni
1439 4056 1606 4106 erant
1626 4064 1728 4120 per
1745 4050 1892 4122 loca,

246 4148 304 4200 et
331 4143 686 4215 pestilentia:
707 4147 768 4196 et
794 4142 972 4196 fames
991 4146 1366 4210 terroresque
1391 4139 1462 4195 de
1483 4139 1629 4195 calo
1652 4143 1712 4194 et
1731 4139 1895 4209 signa

247 4245 485 4302 magna;
508 4235 564 4287 et
591 4229 722 4301 quia
741 4228 858 4299 jam
880 4229 936 4285 in
959 4244 1157 4285 omnes
1173 4233 1382 4299 gentes
1397 4227 1732 4296 evangelica
1755 4228 1895 4284 tuba

241 4319 387 4390 justi
405 4319 622 4389 judicis
639 4317 949 4374 adventum
977 4318 1426 4389 preconabatur,
1453 4331 1590 4372 ecce
1611 4317 1786 4373 etiam
1811 4319 1898 4372 to-

249 4413 368 4466 tum
401 4409 858 4478 circumquaque
886 4407 1160 4463 mundum
1190 4405 1354 4475 signa
1388 4405 1732 4477 propbetata
1768 4420 1896 4478 por-
1923 4397 1980 4459 D

249 4496 585 4554 tendentem
619 4493 968 4552 universalis
995 4495 1262 4552 aacclesia
1292 4493 1741 4564 contemplatur.
1773 4494 1895 4549 Jam

252 4583 630 4640 Hierosolima
680 4583 1016 4640 Sauracenis
1056 4583 1282 4640 civibus
1321 4596 1608 4654 possessa,
1659 4580 1899 4653 Babylo-

252 4671 358 4728 niae
382 4673 552 4744 (est),
579 4685 710 4742 qua
729 4686 883 4728 nunc
905 4671 1176 4728 sedesest
1203 4671 1363 4741 regni
1386 4669 1659 4741 Adgyptii,
1685 4669 1899 4726 servie-

254 4759 370 4829 bat,
391 4761 510 4831 jam
535 4759 726 4816 tenuis
745 4760 802 4816 in
823 4775 891 4816 ea
914 4760 1251 4818 christiana)
1277 4759 1664 4831 professionis
1693 4758 1898 4827 religio

252 4848 548 4908 cotidiano
576 4863 639 4906 se
665 4850 890 4906 tributo
921 4849 1264 4906 redimebat.
1301 4848 1656 4917 Bethlehem,
1691 4847 1898 4905 domus

254 4936 417 5008 panis
449 4939 812 5009 angelorum,
845 4937 1144 4996 stabulum
1175 4939 1324 4996 facta
1357 4941 1447 4993 est
1479 4939 1894 5006 armentorum,

2002 397 2146 453 briis
2169 411 2480 453 numeroso
2499 409 2778 451 annorum
2797 395 3050 450 circuitu
3071 395 3451 464 subjaccbant
3479 414 3583 470 pag
3595 414 3650 454 a-

2001 499 2224 542 uorum.
2277 486 2417 540 Orto
2463 485 2688 539 interea
2735 482 2888 538 bello
2930 487 3090 538 sorte
3139 484 3454 542 miserabili
3499 488 3652 544 inter

1999 573 2352 629 christianos
2391 571 2729 640 orientales,
2765 571 2822 625 id
2847 575 2938 626 est
2971 571 3186 628 Grecos
3223 577 3282 627 et
3323 576 3648 645 Armenios,

1999 661 2280 731 Armenii,
2309 665 2514 732 utpote
2541 660 2733 731 regnis
2752 663 2806 714 et
2834 674 3073 715 numero
3098 661 3426 731 pauciores,
3453 663 3650 720 afﬁnes

1998 751 2295 806 asciscunt
2333 749 2441 804 sibi
2483 750 2554 804 de
2593 748 2790 803 Persia
2835 747 3149 804 bellatores
3190 748 3422 820 inclytae
3464 751 3644 820 famae,

1998 838 2287 902 Thurcos;
2345 851 2590 907 quorum
2646 835 2859 891 auxilio
2908 836 3111 891 sedata
3153 835 3319 906 juxta
3366 825 3644 908 placitum

2001 937 2167 980 suum
2211 924 2517 993 seditione,
2563 923 2911 978 dimiserunt
2945 937 3044 980 eos
3074 924 3143 980 ad
3177 925 3430 995 prepria,
3477 926 3648 982 nimis

2004 1011 2249 1068 allectos
2275 1017 2562 1068 terrarum
2595 1011 2852 1082 ipsarum
2881 1011 3042 1082 copia
3076 1015 3134 1067 et
3169 1012 3492 1068 fertilitate.
3527 1013 3648 1079 Qua

2003 1100 2074 1155 de
2105 1114 2167 1156 re
2201 1100 2342 1154 inito
2376 1104 2503 1170 post
2528 1112 2708 1153 annos
2741 1097 2960 1168 aliquot
2990 1099 3258 1164 consilio,
3287 1105 3649 1156 emerserunt

2004 1187 2075 1242 ab
2099 1186 2417 1258 aquilonali
2461 1185 2627 1258 plaga
2665 1187 2736 1241 de
2777 1191 2932 1241 terra
2973 1185 3308 1256 Gorrizana,
3353 1202 3480 1257 quas
3522 1188 3653 1259 plus

2005 1277 2297 1333 hominum
2331 1291 2499 1347 quam
2531 1276 2787 1332 victuum
2822 1275 3033 1330 fertilis
3067 1290 3193 1332 esse
3225 1281 3498 1332 narratur
3526 1291 3654 1347 pre-

2005 1365 2359 1436 scriptorum
2393 1379 2745 1436 paganorum
2775 1363 2957 1435 copiae
2991 1363 3209 1434 multae,
3236 1379 3362 1434 quae
3387 1366 3495 1420 sub
3519 1379 3656 1434 qua-

2007 1460 2140 1510 tuor
2162 1453 2409 1510 sultanis
2428 1453 2628 1509 divisze
2649 1484 2718 1492 —
2741 1452 2824 1507 sic
2847 1451 2998 1506 enim
3023 1457 3288 1523 satrapas
3312 1467 3452 1508 suos
3476 1453 3654 1508 nomi-

2007 1557 2145 1598 nare
2177 1541 2459 1598 solent—
2484 1540 2578 1596 uni
2612 1545 2832 1595 tantum
2867 1541 3103 1595 Persico
3137 1540 3473 1610 imperatori
3509 1555 3652 1611 pene

2008 1630 2185 1685 divini
2208 1628 2405 1686 cultus
2431 1643 2589 1684 more
2613 1629 2880 1698 subjecti,
2905 1644 3006 1700 per
3031 1630 3378 1698 Armeniam,
3404 1630 3653 1700 indeque

2008 1717 2388 1786 Capadociam
2423 1721 2718 1786 totamque
2745 1717 3078 1772 Romaniam
3108 1723 3282 1787 atque
3314 1717 3517 1772 Siriam
3549 1717 3654 1773 dif-

2007 1806 2117 1862 fusi
2139 1813 2294 1862 sunt.
2320 1805 2512 1860 Primo
2531 1806 2744 1876 quippe
2766 1806 3016 1874 Niceam,
3039 1804 3344 1861 catholica)
3364 1807 3653 1876 quondam

2006 1893 2141 1949 fidei
2173 1893 2378 1950 turrim
2415 1893 2824 1962 firmissimam,
2859 1900 3215 1964 expugnant,
3249 1894 3564 1950 trucidatis
3597 1895 3650 1950 in

2005 1996 2070 2037 ea
2093 1982 2432 2038 christianis
2462 1997 2608 2051 quos
2635 1985 2932 2052 ceperant,
2968 1980 3336 2037 Solomanum
3370 1983 3654 2053 quendam

2006 2070 2076 2126 de
2101 2071 2226 2126 suis
2259 2073 2563 2140 tyrannum
2603 2085 2732 2124 cum
2775 2069 3048 2140 presidiis
3089 2070 3304 2140 locant,
3354 2069 3656 2126 universas

2003 2158 2459 2228 circumquaque
2505 2158 2774 2227 regiones
2809 2172 2995 2228 usque
3027 2158 3096 2212 ad
3132 2157 3398 2228 paludem
3431 2158 3552 2214 sive
3583 2159 3656 2215 si-

2005 2261 2138 2301 num
2164 2245 2340 2301 maris
2365 2244 2462 2315 qui
2489 2244 2788 2300 brachium
2822 2245 3008 2300 sancti
3039 2245 3266 2314 Georgii
3292 2245 3510 2302 dicitur
3533 2247 3656 2302 fun-

2007 2334 2166 2390 ditus
2213 2334 2608 2402 devastantes,
2661 2331 2802 2387 nulli
2851 2333 3053 2388 anima;
3100 2333 3460 2404 christiana},
3511 2333 3652 2390 nulli

2005 2419 2290 2477 aacclcsize
2313 2420 2404 2477 vel
2431 2421 2801 2490 monasterio,
2824 2419 2995 2476 immo
3019 2435 3124 2476 nec
3151 2421 3297 2492 ipsis
3315 2427 3652 2478 sanctorum

2006 2509 2354 2578 imaginibus
2382 2513 2706 2580 parcentes.
2732 2540 2801 2548 —-
2823 2507 3082 2563 Vidimus
3106 2509 3257 2564 enim
3281 2514 3337 2564 et
3362 2508 3549 2565 adhuc
3575 2509 3656 2565 vi-

2006 2597 2143 2653 dere
2172 2597 2500 2653 miserabile
2526 2597 2918 2668 spectaculum
2942 2602 3033 2652 est
3059 2597 3113 2652 in
3138 2597 3501 2653 semidirutis
3527 2613 3657 2669 par-

2004 2687 2148 2742 tium
2181 2685 2406 2741 illarum
2439 2685 2715 2740 oratoriis
2747 2685 2932 2757 ipsam
2964 2685 3282 2741 Salvatoris
3323 2687 3506 2742 nostri
3536 2686 3657 2756 eju-

2005 2789 2148 2846 sque
2177 2773 2614 2844 gloriosissimas
2640 2773 2946 2843 genitricis
2979 2789 3083 2830 seu
3113 2774 3511 2844 quorumlibet
3543 2775 3656 2830 ele-

2003 2868 2230 2919 ctorum
2284 2862 2565 2932 picturas,
2619 2862 2908 2918 truncatis
2958 2863 3198 2918 naribus
3254 2861 3652 2934 vel,auribus,

2006 2951 2270 3006 manibus
2289 2949 2381 3004 vel
2403 2949 2666 3022 pedibus,
2685 2949 3077 3006 desolatarum
3099 2949 3496 3006 aecclesiarum
3517 2966 3657 3022 quo-

1925 3046 1975 3112 α
2005 3037 2310 3094 dammodo
2345 3037 2564 3093 luctum
2599 3037 2912 3093 visibiliter
2944 3038 3314 3110 protendere,
3359 3039 3654 3110 divinique

1999 3125 2204 3196 judicii
2228 3139 2405 3196 super
2423 3139 2486 3180 se
2505 3125 2839 3194 vigilantem
2860 3126 3079 3195 virgam
3104 3126 3292 3197 plagis
3315 3127 3480 3196 quasi
3511 3141 3656 3182 sem-

2005 3229 2109 3286 per
2141 3213 2476 3270 recc‘ntibus
2507 3217 2826 3268 ostentare.
2861 3213 2961 3269 His
2991 3219 3050 3268 te
3079 3213 3313 3283 gladiis,
3347 3229 3380 3269 ο
3414 3213 3654 3272 nobilis-

2007 3302 2150 3358 sima
2171 3301 2706 3371 Constantinopolis
2731 3316 2835 3356 nec
2860 3301 3012 3371 regis
3037 3302 3118 3356 tui
3144 3303 3358 3357 tutavit
3381 3302 3653 3358 millefor-

2004 3391 2112 3446 mis
2143 3390 2377 3460 astutia,
2405 3405 2510 3446 nec
2539 3389 2753 3445 civium
2784 3389 3145 3462 populositas
3175 3390 3504 3458 innumera;
3541 3405 3653 3446 non

2006 3484 2064 3534 te
2089 3478 2411 3549 frequentia
2438 3477 2824 3533 nundinarum
2845 3477 2931 3533 vel
2954 3478 3172 3533 inﬁnita
3196 3479 3503 3549 congeries
3525 3479 3652 3535 auri

2006 3567 2286 3631 redemit;
2329 3581 2439 3622 non
2482 3571 2537 3621 te
2575 3567 2999 3635 Waringorum,
3038 3582 3146 3622 non
3181 3572 3233 3622 te
3265 3567 3654 3638 Thurcopolo-

2005 3670 2131 3710 rum
2151 3661 2384 3710 tuorum
2403 3654 2494 3710 vel
2514 3654 2946 3710 Pincinatorum
2969 3655 3315 3712 classiumve
3339 3654 3650 3711 multitudo

2007 3742 2297 3808 defendit;
2343 3742 2527 3798 solum
2575 3741 2678 3797 tibi
2718 3742 2907 3811 stagni
2958 3744 3205 3813 prcdicti
3259 3743 3649 3800 intersticium
3711 3792 3716 3796 .

2008 3832 2260 3903 presidio
2284 3832 2412 3902 fuit,
2440 3833 2611 3888 immo
2635 3833 2758 3888 sola
2786 3837 2842 3887 te
2867 3833 3162 3889 Creatoris
3183 3835 3446 3905 operatio
3471 3833 3654 3889 muni-

2005 3921 2112 3976 vit.
2162 3920 2458 3989 Subjacuit
2510 3921 2806 3976 furoribus
2839 3921 2970 3976 istis
3001 3927 3314 3992 prepotens
3361 3923 3652 3991 quondam

2006 4007 2334 4076 Antiochia,
2378 4014 2435 4063 et
2475 4023 2546 4063 ne
2585 4009 2783 4063 multis
2825 4024 3034 4078 morer,
3083 4009 3321 4064 dextras
3361 4010 3652 4067 dederunt

2008 4101 2128 4153 tota
2161 4095 2332 4153 simul
2367 4097 2510 4152 Siria
2544 4101 2719 4167 atque
2747 4095 3058 4152 Palestina.
3079 4097 3344 4167 -—lgitur
3378 4105 3530 4154 terra
3561 4113 3652 4156 re-

2008 4185 2408 4258 promissionis
2449 4187 2712 4255 subacta,
2749 4190 2934 4240 mater
2975 4189 3187 4241 nostra:
3229 4187 3650 4258 redemptionis

2008 4289 2072 4332 ac
2099 4275 2232 4330 fidei
2253 4274 2610 4331 Hierusalem
2643 4273 2860 4346 duplici
2893 4273 3254 4345 captivitatis
3279 4275 3421 4345 jugo
3448 4290 3652 4345 grava-

2011 4369 2134 4430 tur;
2169 4363 2422 4420 solamen
2449 4368 2639 4419 tamen
2661 4367 2786 4418 erat
2813 4363 3011 4434 utique
3035 4362 3466 4435 perparvulum,
3499 4365 3651 4434 quod

2008 4451 2458 4524 opprimentium
2484 4465 2547 4506 se
2571 4451 3020 4507 Sarracenorum
3049 4451 3290 4509 Thurcis
3319 4451 3502 4508 multo
3533 4458 3652 4508 tur-

2009 4542 2136 4614 pior
2161 4539 2326 4612 plebs
2342 4555 2426 4610 aeq
2437 4554 2505 4596 ua
2524 4542 2683 4596 sorte
2700 4539 3001 4596 multatur.
3028 4540 3226 4597 Posito
3251 4540 3391 4596 inibi
3416 4539 3650 4597 sultano

2009 4638 2411 4709 militibusque
2441 4639 2786 4708 numerosis,
2822 4638 2893 4694 ad
2926 4639 3367 4696 instaurandum
3392 4645 3652 4695 antemu-

2008 4738 2128 4794 rale
2160 4737 2270 4806 “’0,
2305 4735 2459 4806 quod
2490 4736 2772 4793 hactenus
2804 4738 3085 4804 cernitur,
3139 4737 3323 4791 aliave
3373 4734 3648 4805 quaelibet

2008 4834 2273 4904 aedificia,
2299 4832 2500 4888 destru
2512 4838 2685 4889 untur
2705 4832 2802 4888 illa
2823 4848 2951 4903 quae
2972 4839 3136 4888 extra
3159 4832 3457 4888 civitatem
3481 4833 3650 4886 erant

2009 4931 2358 4990 monasteria
2379 4947 2394 4999 ;
2412 4929 2632 4987 Domini
2658 4944 2796 4986 vero
2819 4929 3191 5001 sepulchrum
3217 4931 3462 4998 questus
3487 4927 3650 4986 dum-

1607 5051 1844 5105 VARIA'I
1885 5048 2282 5107 LECTIONES.

323 5165 413 5240 5'“
441 5166 637 5238 potius
665 5166 1360 5240 latam,,ccribivpluis§_e
1404 5165 1680 5240 videtur:
1732 5169 1849 5240 tam
1879 5165 2055 5240 latam
2088 5163 2477 5240 ίαζερβιιρριο
2514 5165 2564 5216 δ·
2615 5163 2732 5240 ,ιω
2770 5174 2892 5240 σερ-
2927 5163 3394 5240 Nave-discerni.

580 5242 675 5307 net
705 5235 885 5296 addit
910 5239 972 5296 il.
1059 5237 1150 5275 “3'
1179 5237 1224 5294 l.
1264 5237 1410 5294 alios
1440 5237 1720 5307 quosdam
1753 5237 1820 5291 Η.
1897 5234 1988 5270 ιω
2015 5239 2066 5290 5.
2101 5233 2284 5293 addit
2302 5230 2587 5290 rubrum:
2615 5231 2696 5285 De
2721 5231 3080 5301 profectione
3121 5230 3637 5288 hierosolimitana.

252 5235 338 5278 im
365 5235 570 5308 “(om

253 5309 343 5344 ³⁶³⁰
373 5303 600 5367 murald
621 5323 770 5368 corr.
807 5309 1168 5367 antemurale
1203 5315 1250 5366 1.

2437 5158 2477 5217 ι.
2514 5165 2564 5216 5.
2643 5157 2732 5191 1°“
2770 5174 2892 5215 cec.
2927 5174 3113 5230 prave
3137 5157 3542 5216 discernentes
3570 5159 3640 5218 Il.

1836 5374 2058 5443 ΝΟΜ.

323 5451 472 5527 (281)
503 5451 544 5511 l.
578 5465 629 5511 e.
662 5449 848 5511 Cairo.
