3972 6042
326 116 441 184 967

1486 116 1966 182 EKKEHARDI
2009 115 2561 180 URAUGIENSIS

3619 118 3749 176 868

328 289 486 341 taxat
508 282 695 355 gratia
721 285 1128 339 intemeratum
1156 280 1539 353 relinquitur;
1569 279 1842 353 templum
1867 280 1973 336 Do-
2004 287 2056 345 Α
2090 293 2149 334 se
2181 279 2694 349 triumphaturum.
2719 279 2854 333 Mira
2885 283 3077 334 autem
3105 281 3165 333 et
3191 276 3564 334 inestimabili
3594 277 3751 333 divi-

328 373 461 427 mini
512 372 958 428 famosissimum
1003 375 1061 426 et
1103 371 1269 439 nulli,
1312 376 1372 427 ut
1416 371 1694 435 arbitror,
1741 368 1973 424 humani

327 461 525 533 cperis
554 464 873 539 structura;
904 459 1357 531 comparandum
1392 459 1694 527 sacrilegze
1730 472 1978 528 pagano-

329 565 453 605 rum
504 548 769 618 religioni
804 552 1164 612 reservatur,
1200 552 1495 615 tantaeque
1547 560 1778 615 semper
1823 545 1975 616 apud

328 637 464 693 illos
495 638 820 692 habebatur
857 635 1241 703 venerationi,
1277 640 1337 689 ut
1366 649 1656 703 nunquam
1693 633 1836 689 illud
1870 633 1976 689 nisi

328 727 498 784 nudis
517 730 574 780 et
596 725 731 781 lotis
754 724 997 795 pedibus
1018 724 1325 789 intrarent,
1342 721 1561 777 nullum
1583 736 1720 777 vero
1741 724 1810 776 de
1829 721 1980 777 chri-

329 815 554 885 stianis,
582 828 727 883 quos
752 812 952 881 utique
986 810 1231 865 maxime
1265 810 1588 865 immundos
1612 809 1974 892 judicabant,

324 921 428 977 per
452 908 541 957 tot
567 914 846 957 annorum
871 898 1164 955 curricula
1188 902 1304 953 tam
1332 900 1783 954 Sarracenorum
1809 912 1977 967 quam

320 993 674 1049 Tburcorum
696 992 958 1057 tempore
981 987 1070 1041 vel
1094 987 1243 1041 intra
1265 986 1477 1041 atrium
1500 985 1721 1054 ingredi
1745 985 1981 1056 permit-

321 1083 535 1135 terent.

395 1170 530 1222 Cum
574 1178 712 1233 ergo
754 1162 1013 1218 victores
1046 1162 1199 1218 idem
1240 1177 1391 1219 nunc
1423 1163 1620 1231 armis,
1656 1166 1719 1217 ut
1755 1177 1850 1215 res
1886 1175 1981 1231 po-

323 1256 544 1322 scebat,
578 1252 943 1320 insudarent,
976 1266 1126 1307 nunc
1149 1250 1378 1306 lusibus
1407 1266 1470 1306 ac
1496 1250 1742 1319 deliciis,
1780 1254 1981 1320 utpote

321 1360 348 1398 a
373 1342 568 1412 glarea
586 1341 783 1410 jejuna
810 1339 866 1394 in
891 1345 1106 1394 terram
1135 1338 1378 1395 maxime
1404 1339 1769 1394 fructiferam
1795 1343 1983 1392 trans-

321 1430 590 1504 plantati,
644 1421 877 1484 sibimet
935 1426 1327 1496 indulgerent,
1365 1428 1419 1481 in
1456 1426 1686 1482 illorum
1738 1424 1982 1480 servitio

323 1535 449 1591 quae
478 1522 791 1585 tormenta,
830 1530 974 1586 quas
1002 1518 1230 1585 cruces,
1268 1529 1485 1586 quasve
1522 1530 1625 1586 per
1657 1514 1845 1570 omnia
1884 1513 1985 1567 mi-

2088 366 2289 421 nitatis
2326 366 2762 437 diSpensatione
2802 371 2885 421 tot
2928 366 3141 422 Christi
3182 366 3459 435 membra,
3502 364 3743 435 linguis,

2088 455 2360 510 tribubus
2391 459 2450 509 et
2483 456 2816 511 nationibus
2850 454 3197 524 differentia,
3242 453 3438 509 subito
3472 453 3527 508 in
3561 468 3746 510 unum

2087 542 2295 598 Christi
2323 543 2570 598 caritate
2593 543 2977 613 conglutinati
3003 544 3347 599 coaluerunt
3367 556 3601 612 corpus,
3628 557 3750 598 uno

2087 645 2287 686 omnes
2338 632 2568 687 Christo
2608 647 2763 701 rege,
2811 631 2912 686 sed
2957 631 3206 701 singulis
3247 630 3492 700 singulae
3533 636 3750 699 gentes

2089 724 2415 790 procurata;
2472 720 2738 789 ducibus,
2799 720 3096 775 Cotefrido
3154 719 3382 775 scilicet
3438 718 3753 773 Lotharin-

2085 806 2273 876 giensi
2320 809 2557 878 suisque
2615 807 2897 863 fratribus
2950 806 3287 863 Baldewino
3336 810 3394 861 et
3450 804 3746 875 Eustatio,

2087 895 2383 965 Ruoperto
2421 894 2778 965 Flandrcnsi,
2823 895 2961 951 item
3002 896 3299 965 Ruoperto
3331 893 3749 962 Normannieo,

2087 982 2448 1051 Regimundo
2477 983 2688 1039 comite
2713 983 2782 1038 de
2807 984 3017 1039 Sancto
3043 982 3269 1052 Egidio,
3296 983 3535 1050 Hugone
3561 982 3750 1036 fratre

2088 1070 2341 1142 Philippi
2393 1072 2547 1141 regis
2596 1071 2815 1141 Galliae,
2861 1072 3210 1141 caeterisque
3262 1069 3524 1139 ejusdem
3578 1070 3754 1126 indu-

2090 1160 2272 1227 striae,
2323 1159 2866 1230 nobilitatis.atque
2919 1159 3280 1215 fortitudinis
3331 1157 3747 1214 bellatoribus.

2090 1247 2313 1313 Quibus
2333 1249 2601 1305 omnibus
2629 1250 2974 1305 veneranda:
3006 1247 3338 1304 sanctitatis
3360 1255 3419 1303 et
3441 1246 3750 1317 sapientia

2090 1336 2299 1406 virum,
2334 1338 2714 1392 llademarum
2739 1338 3077 1408 episcopum
3106 1336 3276 1407 (284),
3302 1336 3582 1406 praefatus
3608 1350 3754 1405 apo-

2092 1424 2340 1481 stolicus
2372 1426 2654 1497 prefecit;
2688 1427 2783 1481 cui
2817 1431 2874 1481 et
2908 1424 3125 1495 ligandi
3172 1423 3551 1493 solvendique
3580 1427 3756 1494 pote-

2092 1517 2322 1583 statem,
2340 1530 2368 1570 a
2392 1514 2562 1569 beato
2584 1517 2756 1569 Petro
2779 1516 3047 1569 Romanae
3072 1512 3195 1569 sedi
3218 1512 3628 1581 hereditatam,
3644 1525 3753 1567 sua

323 1608 507 1665 seriae
536 1605 887 1677 superstites
927 1604 1284 1660 ehristicolze
1335 1607 1699 1675 paterentur,
1736 1603 1829 1657 vix
1866 1602 1984 1657 cui-
2012 1637 2067 1697 B
2099 1603 2224 1659 vice
2256 1619 2485 1674 semper
2524 1604 2909 1659 exercendam
2939 1603 3254 1671 concessit,
3290 1601 3752 1671 insignitumque

324 1695 468 1751 libet
501 1696 805 1764 inexperto
834 1692 1115 1748 credibile
1145 1697 1266 1757 est;
1301 1708 1401 1763 per
1424 1691 1757 1762 legationes
1789 1695 1982 1745 tamen

324 1783 828 1853 frequentissimas
848 1780 937 1813 ¹⁶²¹
955 1785 1014 1836 et
1033 1780 1335 1851 epistolas,
1361 1781 1538 1836 etiam
1563 1794 1591 1835 a
1611 1779 1779 1835 nobis
1806 1780 1980 1835 visas.

322 1871 710 1928 universalem
751 1868 1077 1924 :eeclesiam
1121 1869 1402 1925 aecclesize
1450 1867 1984 1923 Hierosolimitanee

322 1960 379 2015 in
408 1958 726 2031 presidium
754 1957 1084 2027 lugubriter
1114 1956 1515 2027 inclamantes,
1547 1956 1777 2011 adverti
1816 1954 1984 2011 facile

324 2053 535 2118 potest.
561 2044 871 2101 Predictus
893 2045 1067 2099 etiam
1094 2045 1333 2101 Alexius
1359 2046 1679 2115 imperator
1707 2045 1988 2100 Constan"

322 2134 745 2206 tinopolitanus
791 2147 968 2203 super
1009 2134 1230 2189 eisdem
1275 2133 1541 2188 barbaris
1587 2133 1955 2203 predonibus

322 2238 425 2295 per
450 2222 724 2292 majorem
744 2222 859 2291 jam
884 2221 1045 2289 regni
1068 2221 1155 2276 sui
1178 2226 1399 2291 partem
1428 2221 1678 2288 diffusis,
1707 2235 1818 2275 non
1848 2215 2007 2290 paul.

319 2326 418 2368 cas
439 2310 720 2382 epistolas
755 2311 982 2365 Urbano
1006 2323 1170 2380 papae
1195 2309 1428 2379 direxit,
1470 2310 1683 2379 quibus
1711 2308 1768 2366 in
1791 2308 1985 2364 defen-

321 2400 543 2456 sionem
596 2397 969 2455 orientalium
1020 2397 1420 2454 aacclesiarum
1454 2413 1513 2452 sc
1547 2412 1663 2453 non
1717 2396 1985 2452 sufficere

323 2487 648 2559 deploravit
689 2488 1019 2555 obtestans,
1067 2489 1276 2555 totum,
1313 2485 1356 2541 si
1393 2485 1515 2540 fieri
1560 2490 1783 2556 posset,
1833 2482 1985 2540 oeci-

322 2576 574 2644 dentem,
612 2574 708 2644 qui
735 2574 851 2642 jam
884 2588 955 2629 ex
988 2574 1217 2643 integro
1259 2573 1578 2628 christiana
1615 2573 1983 2645 professione

322 2666 686 2732 censeretur,
712 2662 825 2718 sibi
846 2662 900 2716 in
922 2660 1273 2729 adjutorium
1303 2662 1601 2731 advocari,
1632 2661 1984 2733 promittens

320 2766 425 2823 per
449 2765 511 2805 se
535 2754 748 2806 cuncta
783 2749 1119 2806 necessaria
1154 2749 1511 2820 przeliaturis
1536 2755 1695 2806 terra
1723 2749 1982 2820 marique

323 2837 661 2894 ministrari.
1763 2884 1771 2893 ,

392 2928 529 2982 Inde
576 2928 912 2982 commotus
970 2925 1330 2996 apostolicus
1373 2931 1432 2982 et
1480 2926 1664 2982 omnis
1717 2925 1982 2982 zecelesia

321 3016 572 3072 Romana
607 3013 715 3084 ιω,
750 3013 1025 3084 generale
1067 3015 1380 3071 concilium
1425 3015 1480 3070 in
1524 3015 1814 3086 l-liSpaniae
1851 3028 1986 3089 con_
2015 2988 2063 3051 Ο

322 3105 458 3160 finio
490 3103 637 3175 (282)
672 3103 759 3158 vel
800 3101 910 3172 “’3,
956 3107 1020 3158 ut
1060 3104 1292 3173 quidam
1338 3103 1558 3167 dicunt,
1605 3103 1813 3157 Parisii
1850 3118 1986 3159 con-

319 3192 551 3262 gregari
584 3192 722 3247 fecit
764 3191 885 3260 (an.
923 3193 1116 3262 1095);
1161 3206 1273 3260 quo
1316 3192 1491 3245 etiam
1525 3190 1650 3262 ipse
1685 3190 1983 3246 laborioso

321 3281 492 3336 nimis
516 3280 724 3335 itinere
749 3279 1112 3349 perveniens,
1138 3279 1461 3335 innumeris
1483 3279 1581 3349 qui
1606 3279 1822 3334 ibidem
1849 3294 1985 3334 con.

321 3372 602 3425 venerant
634 3366 864 3437 populis
896 3366 1385 3436 diversorumque
1418 3382 1735 3436 regnorum
1768 3367 1981 3436 legatis

323 3456 596 3514 universa
624 3469 751 3524 quae
776 3454 1105 3525 preseripta
1133 3459 1345 3510 suntet
1368 3454 1551 3510 multo
1574 3455 1855 3526 ampliora
1881 3470 1983 3510 ore

322 3543 733 3601 facundissimo
774 3542 1139 3599 declamavit.
1166 3573 1237 3582 —
1259 3543 1388 3598 Mox
1419 3546 1505 3599 tot
1539 3543 1777 3599 milibus
1815 3544 1870 3598 in
1905 3542 1984 3614 la_

322 3634 536 3690 crimas
561 3631 860 3701 resolutis,
889 3631 1179 3687 variarum
1209 3645 1439 3702 quoque
1464 3631 1793 3701 linguarum
1822 3632 1981 3703 plan-

319 3722 516 3777 ctibus
548 3720 604 3774 in
634 3719 814 3775 altum
848 3718 1076 3787 levatis,
1115 3718 1170 3772 in
1204 3719 1314 3775 hoc
1346 3719 1431 3775 eis
1462 3720 1671 3776 doctor
1703 3721 1979 3790 egregius

321 3808 722 3865 remissionem
754 3807 1009 3863 omnium
1042 3806 1333 3863 condonat
1371 3813 1773 3879 peccatorum,
1799 3809 1867 3879 si,
1895 3823 1982 3864 re-

320 3897 615 3954 nunciatis
654 3896 921 3953 omnibus
952 3911 1080 3966 qua:
1112 3896 1516 3966 possidebant,
1565 3912 1799 3953 crucem
1845 3883 1981 3969 post

322 3986 612 4044 Christum
633 3984 981 4041 unanimiter
1002 3988 1329 4055 portantes,
1348 3985 1823 4055 periclitantibus
1844 4000 1982 4044 con-

320 4074 660 4131 christianis
682 4075 903 4129 ferrent
925 4072 1223 4129 auxilium.
1250 4072 1370 4138 Qua
1391 4074 1703 4144 sponsione
1727 4075 1977 4131 arrectis

319 4164 523 4220 animis
561 4161 838 4231 omnium,
881 4162 1183 4231 designata
1229 4166 1362 4217 sunt
1399 4163 1468 4217 ad
1504 4178 1749 4233 presens
1779 4163 1834 4217 in
1868 4164 1977 4219 Do-

317 4252 456 4309 mini
479 4252 750 4308 milieiam
772 4250 1013 4307 circiter
1037 4254 1247 4305 100000
1266 4251 1548 4321 virorum,
1570 4266 1643 4307 ex
1664 4251 1974 4322 Aquitania

2097 1692 2348 1747 caelestis
2382 1692 2602 1747 militiaa
2637 1693 2910 1761 stigmate
2941 1692 3261 1747 exercitum
3295 1688 3618 1761 apostolica
3654 1689 3755 1743 be-

2098 1780 2425 1836 nedictione
2464 1782 2832 1850 consignans,
2878 1780 3150 1837 condicto
3182 1780 3253 1835 ab
3287 1778 3576 1835 universis
3606 1783 3756 1833 tem-

2096 1882 2237 1937 pore
2281 1869 2682 1939 profectionis,
2736 1871 2858 1940 ipse
2896 1884 3025 1924 cum
3068 1883 3179 1924 non
3222 1867 3446 1923 modica
3486 1864 3751 1936 ejusdem

2095 1956 2485 2027 expeditionis
2514 1962 2707 2014 turma
2733 1957 2954 2013 Italiam
2979 1957 3170 2013 rediit.

2168 2090 2396 2158 Legatis
2427 2088 2676 2159 denique
2707 2088 2953 2159 singulis
2976 2089 3047 2145 ad
3072 2088 3307 2161 prepria
3340 2087 3595 2143 reversis
3620 2100 3756 2158 per-

2094 2181 2297 2246 vagata
2332 2177 2709 2248 cis’citraque
2740 2193 2874 2232 mox
2905 2178 3107 2233 orbem
3139 2181 3413 2233 cunctum
3447 2176 3571 2232 haec
3599 2175 3753 2229 fama

2094 2265 2435 2331 commovit;
2470 2266 2731 2336 insuper,
2767 2264 2921 2335 quod
2947 2265 3105 2320 dictu
3130 2264 3395 2320 mirabile
3418 2268 3528 2331 est,
3558 2262 3754 2333 ipsum

2094 2354 2296 2408 oceani
2347 2354 2588 2409 limitem
2641 2353 2956 2409 velocitate
3003 2358 3283 2409 consueta
3336 2351 3752 2422 supervolans,

2096 2441 2493 2497 insulanorum
2524 2442 2698 2497 etiam
2728 2442 3021 2497 classibus
3051 2441 3227 2496 maria
3262 2440 3387 2511 ipsa
3413 2440 3467 2493 in
3493 2437 3755 2495 czelestis

2096 2531 2252 2598 regis
2285 2530 2559 2585 miliciam
2594 2530 2922 2586 redundare
2956 2529 3110 2585 fecit.
3156 2530 3316 2597 Nam,
3353 2533 3412 2584 ut
3448 2524 3755 2583 verissime

2093 2618 2506 2688 comperimus,
2536 2622 2654 2673 tam
2688 2618 2918 2687 ignotos
2949 2617 3155 2673 effudit
3185 2630 3441 2672 oceanus
3475 2613 3747 2685 populos,

2095 2707 2264 2776 cujus
2292 2721 2405 2761 non
2440 2707 2626 2762 dicam
2660 2721 2854 2762 mores
2877 2710 2933 2762 et
2960 2707 3213 2775 habitus,
3239 2704 3340 2760 sed
3363 2718 3431 2759 ne
3454 2701 3752 2772 loquelam

2096 2795 2402 2865 quisquam
2433 2795 2603 2864 hujus
2632 2794 2820 2852 litoris
2853 2795 3149 2850 habitator
3182 2793 3270 2849 vel
3303 2793 3371 2848 de
3402 2791 3548 2863 ipsis
3580 2788 3756 2844 mari-

2095 2882 2277 2937 nariis
2315 2888 2690 2951 agnosceret;
2747 2896 3097 2952 rursumque
3137 2881 3304 2950 alios,
3347 2879 3561 2950 quibus
3603 2876 3754 2932 nihil

2098 2974 2295 3040 preter
2325 2985 2529 3040 panem
2563 2975 2619 3025 et
2654 2985 2860 3040 aquam
2893 2969 2947 3024 in
2983 2984 3090 3025 usu
3124 2970 3317 3025 victus
3357 2971 3546 3033 esset;
3580 2966 3748 3020 item-

2098 3073 2209 3129 que
2237 3059 2537 3129 quosdam,
2573 3059 2785 3129 quibus
2816 3063 3119 3127 argentum
3150 3073 3258 3129 pro
3292 3058 3446 3113 ferro
3478 3056 3534 3110 in
3564 3053 3748 3111 omni-

2098 3148 2206 3202 bus
2255 3147 2374 3202 suis
2422 3147 2772 3203 utensilibus
2815 3152 2987 3203 esset.
3043 3147 3193 3202 Ilinc
3233 3150 3291 3201 et
3341 3145 3748 3212 undecumque

2096 3236 2419 3302 augebatur
2463 3235 2681 3291 cotidie
2731 3235 3111 3291 circumcirca
3153 3235 3512 3303 signatorum
3554 3245 3751 3288 nume-

2096 3339 2215 3393 rus,
2240 3329 2300 3379 et
2324 3327 2384 3379 ut
2410 3324 2849 3394 prelibavimus,
2879 3324 2934 3378 in
2958 3323 3289 3394 hujusmodi
3313 3320 3748 3393 expeditionem

2095 3415 2257 3467 totus
2301 3412 2506 3481 fervet,
2548 3416 2709 3468 totus
2746 3413 3082 3469 concutitur
3113 3411 3207 3469 vel
3234 3411 3430 3483 potius
3466 3409 3748 3465 transfor-

2097 3499 2239 3554 mari
2274 3499 2585 3555 videbatur
2616 3501 2885 3556 mundus.

2166 3631 2534 3700 Francigenis
2550 3630 3017 3689 occidentalibus
3034 3631 3202 3687 facile
3218 3631 3561 3702 persuaderi
3583 3636 3750 3702 pote-

2095 3723 2185 3774 rat
2209 3735 2312 3776 sua
2334 3735 2469 3775 rura
2494 3720 2856 3789 relinquere;
2891 3735 3017 3776 nam
3049 3720 3263 3776 Gallias
3292 3734 3398 3790 per
3425 3734 3609 3775 annos
3642 3719 3741 3773 ali-

2093 3812 2237 3879 quot
2267 3822 2417 3863 nunc
2446 3808 2657 3864 seditio
2685 3808 2894 3877 civilis,
2926 3823 3078 3864 nunc
3112 3809 3312 3879 fames,
3343 3823 3493 3864 nunc
3526 3814 3746 3863 morta-
3789 3866 3813 3886 .

2094 3895 2230 3951 litas
2253 3897 2425 3954 nimis
2446 3896 2749 3967 aﬂlixerat,
2778 3901 3074 3967 postremo
3096 3897 3261 3969 plaga
3288 3897 3405 3965 illa,
3431 3912 3562 3967 qua;
3582 3896 3741 3953 circa

2091 3984 2457 4041 Nivalensem
2487 3992 2703 4042 sanctae
2737 3986 3056 4042 Gerdrudis
3086 3986 3412 4044 aacclesiam
3438 3988 3586 4057 (-285)
3610 3992 3742 4041 orta

2091 4078 2200 4143 est,
2247 4090 2432 4145 usque
2460 4075 2532 4130 ad
2563 4075 2697 4131 vitze
2737 4075 3205 4145 desperationem
3247 4081 3559 4130 terruerat.
3606 4076 3747 4130 Erat

2090 4166 2283 4218 autem
2314 4162 2662 4232 hujusmodi.
2698 4165 2909 4219 Tactus
2940 4165 3241 4235 quisquam
3277 4164 3406 4234 igne
3439 4161 3741 4233 invisibili,

2092 4265 2457 4321 quacumque
2485 4252 2753 4322 corporis
2776 4257 2961 4323 parte,
2992 4256 3105 4307 tam
3128 4253 3226 4309 diu
3252 4252 3540 4319 sensibili,
3566 4252 3743 4307 immo

321 4340 546 4398 scilicet
587 4343 761 4409 atque
791 4338 1155 4409 Normannia,
1193 4337 1417 4409 Anglia,
1454 4339 1647 4395 Scotia
1679 4345 1739 4395 et
1773 4340 1976 4395 Hiber-
2007 4342 2058 4403 D
2092 4339 2529 4411 incomparabili
2565 4344 2855 4396 tormento
2891 4341 3065 4396 etiam
3100 4339 3624 4397 inremediabiliter
3654 4353 3743 4395 ar-

324 4430 442 4501 nia,
476 4428 794 4497 Britannia,
829 4425 1046 4483 Galicia
1069 4425 1178 4497 1°",
1206 4427 1537 4497 Wasconia,
1573 4427 1775 4498 Gallia,
1812 4428 1977 4504 Flan_

326 4516 474 4586 dria,
509 4514 898 4585 Lotharingia,
930 4514 1276 4585 caaterisque
1309 4515 1583 4584 gentibus
1613 4516 1970 4603 christianis,

326 4618 569 4677 quarum
607 4617 757 4659 nunc
795 4603 1026 4658 minime
1063 4607 1378 4659 occurrunt
1419 4604 1720 4661 vocabula.
1772 4606 1976 4662 Crucis

326 4692 688 4765 signaculum
710 4692 766 4748 in
786 4691 1049 4750 vestibus
1072 4692 1222 4748 idem
1247 4706 1381 4749 vere
1405 4693 1656 4749 crucifer
1680 4695 1977 4752 exercitus

319 4783 401 4844 ob
433 4781 903 4842 mortiﬁcationis
935 4781 1270 4856 preferebat
1301 4781 1829 4851 commonitorium,
1853 4799 1977 4843 ere-

328 4876 474 4932 dens
518 4876 572 4932 in
606 4875 734 4945 hoc,
766 4874 931 4945 juxta
962 4873 1241 4930 visionem
1273 4874 1473 4944 Magno
1506 4875 1795 4945 quondam
1835 4876 1978 4931 Con-

328 4963 584 5020 stantino
614 4962 932 5019 revelatam
958 4960 1129 5033 (283),
1155 4960 1226 5017 ab
1250 4961 1500 5018 inimicis
1533 4962 1727 5019 crucis
1760 4956 1973 5018 Christi

2091 4430 2286 4499 debat,
2316 4443 2622 4500 quousque
2644 4429 2737 4487 vel
2760 4430 3033 4501 spiritum
3055 4446 3184 4486 cum
3205 4430 3475 4486 cruciatu
3499 4428 3589 4485 vel
3611 4443 3743 4484 cru-

2089 4518 2304 4574 ciatum
2324 4532 2452 4574 cum
2473 4518 2602 4589 ipso
2623 4522 2782 4574 tacto
2802 4520 3061 4574 membro
3082 4518 3398 4575 amitteret.
3426 4520 3742 4574 Testantur

2089 4606 2199 4664 hoc
2231 4608 2516 4663 hactenus
2564 4609 2847 4680 nonnulli,
2901 4608 3167 4665 manibus
3219 4607 3306 4664 vel
3354 4607 3602 4679 pedibus
3632 4607 3740 4665 hac

2090 4710 2236 4770 pena
2262 4697 2536 4754 truncati.
2563 4696 2939 4769 Reliquarum
2960 4697 3255 4754 nationum
3280 4695 3484 4768 plebes
3500 4694 3593 4752 vel
3613 4710 3743 4767 per-

2090 4802 2245 4844 sena:
2277 4786 2426 4857 aliaa,
2470 4791 2670 4858 preter
2707 4786 3098 4857 apostolicum
3138 4786 3396 4843 edictum
3440 4785 3741 4858 prophetis

2092 4876 2440 4947 quibusdam
2474 4875 2629 4932 inter
2659 4888 2719 4933 se
2754 4890 2938 4947 nuper
2970 4876 3194 4933 exortis
3225 4890 3328 4933 seu
3365 4875 3551 4946 signis
3577 4875 3744 4932 caele-

2092 4964 2282 5021 stibus
2315 4979 2384 5020 ac
2415 4964 2872 5021 revelationibus
2899 4965 2970 5020 ad
2996 4970 3212 5022 terram
3236 4978 3299 5022 se
3319 4963 3409 4997 1°“
3433 4964 3746 5037 repromis-

1706 5059 1941 5114 VARIIE
1984 5061 2379 5117 LECTIONES.

307 5193 310 5196 .
362 5152 565 5227 Δ8³³11..
601 5156 870 5227 assiduas
926 5158 988 5211 et
1039 5170 1129 5227 ep.
1167 5155 1674 5227 frequentissimas
1706 5161 1759 5211 5.

1847 5154 2231 5231 fmaecclesia
2280 5158 2769 5231 annodominicae
2816 5160 3040 5231 incarn.
3075 5158 3216 5215 mill.
3252 5159 3390 5216 XC°.
3425 5158 3545 5216 V10.
3576 5174 3634 5231 α.
3667 5159 3733 5216 Η.

358 5219 428 5259 ⁸⁸³
456 5240 514 5283 v.
542 5238 599 5282 υ.
634 5240 689 5297 q.
725 5225 781 5283 d.
814 5228 880 5283 P.
907 5227 977 5284 in
1000 5219 1356 5299 mdryme'l.
1396 5227 1801 5302 superscripta
1828 5228 1891 5284 D.
1925 5227 2140 5286 desunt
2162 5229 2223 5287 μ’
2252 5230 2316 5284 Η.
2396 5228 2485 5262 1⁸⁸⁸
2508 5230 2732 5300 galacia
2765 5231 2843 5287 ιδ.

2933 5229 3025 5265 ¹⁰³⁵
3053 5244 3347 5304 superscr.
3380 5236 3432 5288 1.

1930 5325 2151 5385 ΝΟΤιΕ.

395 5392 549 5538 (ἳὸἳζ
581 5392 750 5450 Claro
783 5398 998 5453 monte.

422 5463 525 5518 283
578 5463 643 5524 ν.
683 5479 879 5538 supra.

422 5463 549 5538 283)
578 5463 643 5524 ν.
683 5479 879 5540 supra.

2160 5398 2312 5546 $286;
2341 5398 2708 5481 Podiensem.

2185 5474 2289 5531 285
2344 5469 2586 5530 Nivelle.

2185 5469 2312 5531 285)
2344 5469 2586 5530 Nivelle.
