3972 6042
151 162 270 232 969

1041 158 1470 226 CHRONICA.
1506 190 1584 206 --
1616 148 2096 221 CHRONICON
2146 154 2690 220 UNIVERSALE.

3437 150 3554 217 970

150 302 332 362 sionis
360 306 620 371 vocatas,
656 298 785 357 aliae
807 314 868 356 se
893 298 1200 370 quibusvis
1221 293 1798 353 incommoditatibus
1826 309 1882 365 Α
1915 306 2038 347 rum
2066 290 2329 361 pastibus
2352 291 2967 361 vigilabant,civitatis
2989 306 3052 347 se
3078 292 3327 361 speciem
3351 306 3552 348 maere

151 393 220 448 ad
258 392 395 447 talia
426 398 561 446 vota
594 389 925 459 compulsos
962 387 1293 442 fatebantur
1320 404 1334 452 ;
1361 398 1560 454 magna
1585 382 1796 452 quippe

154 495 291 553 pars
325 494 523 536 eorum
554 493 685 534 cum
718 475 1067 544 coniugibus
1096 489 1163 530 ac
1192 472 1356 544 prole
1383 477 1616 541 totaque
1640 483 1701 524 re
1722 469 1803 522 fa-

152 567 364 624 miliari
392 567 587 623 onusti
615 564 1159 637 proficiscebantur.
1183 560 1578 617 Orientalibus
1606 560 1799 613 autem

155 656 416 726 Francis,
455 655 781 710 Saxonibus
810 658 869 708 et
915 650 1240 719 Thuringis,
1275 647 1555 718 Bajoariis
1583 651 1640 702 et
1675 644 1803 701 Ala-

157 745 383 801 mannis
410 744 536 801 ha‘c
566 743 776 798 bucina
806 741 1037 796 minime
1080 737 1354 807 insonuit,
1390 741 1629 808 propter
1659 731 1800 789 illud

158 833 406 891 maxime
439 832 650 888 scisma
685 830 836 900 quod
872 830 1021 884 inter
1056 841 1294 896 regnum
1326 830 1382 880 et
1409 822 1801 881 sacerdotium

155 938 184 979 a
218 933 482 993 tempore
503 918 813 975 Alexandri
839 932 904 989 pa
914 932 1000 988 pas
1035 930 1219 985 usque
1241 914 1412 970 hodie
1431 919 1547 968 tam
1573 927 1677 967 nos
1697 912 1804 965 Ro-

160 1010 345 1067 manis
376 1023 544 1080 quam
576 1008 864 1063 Romanos
886 1005 1053 1060 nobis
1080 1004 1297 1059 invisos
1318 1005 1375 1057 et
1402 998 1800 1068 infestosjam,

162 1099 274 1154 heu
303 1100 315 1153 !
342 1095 731 1154 conﬁrmavit.
756 1094 892 1149 Inde
915 1098 1000 1149 est
1027 1093 1179 1162 quod
1197 1091 1384 1148 omnis
1399 1104 1542 1161 pene
1558 1086 1805 1159 populus

157 1186 555 1242 Theutonicus
587 1185 641 1238 in
669 1182 954 1254 principio
978 1179 1358 1252 profectionis
1378 1178 1549 1247 hujus
1570 1188 1802 1232 causam

156 1276 521 1346 ignorantes,
558 1288 661 1344 per
693 1278 906 1327 terram
932 1286 1093 1326 suam
1129 1273 1502 1324 transeuntes
1520 1270 1609 1321 tot
1630 1264 1806 1333 legio-

156 1377 260 1419 nes
295 1362 581 1433 equitum,
616 1364 701 1415 tot
731 1365 959 1416 turmas
992 1359 1251 1429 peditum
1284 1362 1486 1426 totque
1534 1359 1805 1410 catervas

161 1449 572 1518 ruricolarum,
609 1448 947 1503 feminarum
982 1462 1046 1502 ac
1079 1444 1473 1516 parvulorum,
1509 1441 1677 1512 quasi
1724 1441 1807 1496 in-

160 1539 357 1596 audita
385 1537 645 1594 stulticia
670 1536 983 1591 delirante:
1008 1535 1463 1601 subsannahant,
1483 1535 1685 1601 utpote
1708 1546 1804 1601 qui

165 1643 272 1700 pro
297 1627 477 1683 certis
497 1627 719 1681 incerta
745 1628 1071 1695 captantes,
1093 1630 1303 1678 terram
1320 1619 1646 1676 nativitatis
1662 1632 1805 1674 vane

164 1688 587 1786 relinquerent,
616 1719 827 1769 terram
856 1711 1326 1783 repromissionis
1346 1710 1621 1766 incertam
1641 1713 1803 1763 certo
1834 1688 1889 1748 Β

162 1805 500 1861 discrimine
550 1807 915 1874 appeterent,
969 1800 1377 1856 renunciarent
1431 1797 1807 1855 facultatibus

160 1892 444 1966 propriis,
464 1893 754 1946 inbiarent
776 1890 1001 1946 alienis.
1029 1889 1136 1944 Sed
1162 1887 1425 1959 quamvis
1450 1892 1650 1942 nostra
1666 1899 1810 1956 gens

163 1981 401 2039 czeteris
437 1980 617 2035 multo
642 1980 717 2034 sit
741 1978 1103 2047 insolentior,
1131 1981 1405 2049 respectu
1432 1981 1619 2031 tamen
1644 1974 1811 2028 mise-

167 2070 413 2126 rationis
446 2067 654 2125 divinze
687 2067 1001 2122 inclinatur
1030 2066 1264 2122 tandem
1315 2065 1385 2120 ad
1432 2063 1521 2096 ³⁵³⁸
1569 2063 1811 2119 verbum

160 2160 432 2231 ejusdem
470 2156 926 2212 renunciationis
969 2156 1132 2211 furor
1158 2154 1567 2219 Theutonicus,
1599 2167 1628 2207 a
1660 2167 1814 2208 com-

170 2248 484 2305 meantium
520 2245 748 2301 scilicet
781 2245 972 2301 turbis
990 2258 1109 2299 rem
1137 2244 1205 2299 ad
1235 2243 1522 2313 integrum
1545 2241 1811 2303 edoctus.

231 2340 526 2394 Praeterea
594 2334 821 2403 signum
888 2334 945 2388 in
1016 2333 1142 2389 sole
1203 2333 1359 2403 quod
1424 2332 1813 2403 prescriptum

159 2432 250 2483 est
287 2425 435 2497 (286)
467 2424 652 2481 visum
689 2422 805 2494 (an.
843 2422 1027 2494 1096),
1068 2422 1368 2494 multaque
1419 2437 1548 2492 quae
1598 2426 1714 2477 tam
1757 2422 1813 2477 in

156 2530 296 2572 aere
321 2528 491 2586 quam
512 2512 567 2567 in
590 2512 772 2568 terris
794 2515 1072 2584 portenta
1095 2517 1514 2584 apparuerunt,
1532 2511 1603 2568 ad
1622 2511 1818 2582 hujus“

159 2603 317 2660 modi
347 2601 637 2659 exercicia
664 2615 775 2657 non
805 2614 1020 2672 paucos
1046 2605 1215 2656 antea
1239 2601 1506 2673 torpidos
1525 2594 1818 2657 excitave'

159 2697 319 2751 runt.
354 2693 396 2747 Ε
419 2691 639 2761 quibus
657 2690 849 2760 aliqua
873 2690 963 2745 hic
988 2689 1257 2747 interseri
1284 2690 1556 2747 duximus
1574 2690 1819 2752 utilissi-

161 2796 342 2850 mum,
375 2783 587 2836 cuncta
620 2792 761 2833 vero
795 2777 1215 2846 longissimum.
1254 2780 1389 2834 Nam
1422 2783 1478 2834 et
1503 2793 1607 2835 nos
1629 2793 1820 2833 come-

165 2876 287 2925 tem
318 2868 375 2923 in
410 2868 575 2939 plaga
609 2866 925 2922 meridiana
960 2872 1211 2923 stantem
1238 2882 1523 2937 suumque
1547 2868 1819 2939 splendo-

166 2971 289 3013 rem
321 2958 377 3012 in
409 2955 709 3026 obllquum
738 2955 915 3024 gladii
970 2970 1128 3011 more
1180 2956 1623 3026 protendentem
1679 2962 1812 3012 tunc

1913 379 2154 449 vidisse,
2189 376 2453 437 diversas
2482 381 2657 436 etiam
2683 382 2886 436 turbas
2910 380 3161 436 diversis
3182 381 3250 435 ad
3274 394 3397 434 eam
3425 396 3552 451 par-

1913 467 2071 522 tibus
2101 472 2216 523 tam
2246 468 2505 538 equestri
2531 483 2700 539 quam
2725 468 2980 540 pedestri
3008 468 3216 523 itinere
3239 483 3552 539 properan-

1915 560 2003 610 tes
2030 556 2424 627 perspexisse.
2461 556 2727 613 Nonnulli
2761 556 2935 611 etiam
2969 556 3162 613 crucis
3193 557 3552 626 signaculum

1915 645 2146 701 sibimet
2180 647 2234 700 in
2271 647 2560 703 frontibus
2588 646 2677 703 vel
2713 647 2966 703 restibus
3015 647 3137 702 sive
3187 646 3240 701 in
3293 645 3553 716 quolibet

1914 735 2179 805 corporis
2194 734 2321 791 loco
2338 735 2621 791 divinitus
2636 735 2979 806 impressum
2993 734 3558 805 ostendebant,ipso-

1916 838 2027 893 que
2058 838 2120 879 se
2150 825 2423 894 stigmate
2455 824 2525 879 ad
2557 824 2797 879 eandem
2849 823 3066 879 Domini
3117 822 3378 878 militiam
3432 838 3557 894 prc-

1916 913 2175 984 scriptos
2208 913 2769 969 credebant.—-ltem
2803 911 2931 968 aliis
2961 913 3155 968 subita
3196 912 3405 967 montis
3439 927 3560 967 mu-

1914 1003 2135 1057 tatione
2166 1002 2529 1072 compunctis
2560 1001 2651 1058 vel
2699 1002 2925 1058 visione
2971 1008 3254 1057 nocturna
3305 1002 3554 1069 edoctis,

1919 1090 2117 1161 predia
2141 1104 2353 1160 resque
2379 1090 2693 1146 familiares
2709 1091 3038 1146 distrahere
3053 1089 3393 1160 signumque
3409 1105 3559 1145 mor-

1916 1180 2253 1235 tiﬁcatioms
2276 1180 2537 1236 vestibus
2559 1193 2800 1235 assuere
2826 1178 3044 1249 placuit
3073 1194 3087 1244 ;
3109 1184 3169 1234 et
3190 1179 3247 1232 in
3265 1179 3354 1234 his
3376 1179 3558 1234 omni-
3588 1170 3595 1179 ’

1919 1269 2026 1324 bus
2050 1269 2202 1324 ultra
2223 1283 2392 1339 quam
2417 1267 2575 1323 credi
2596 1273 2790 1339 potest
2814 1270 3157 1325 catervatim
3181 1268 3558 1324 currentibus

1917 1356 1985 1410 ad
2003 1356 2301 1412 aacclesias
2325 1356 2572 1427 populis,
2602 1371 2749 1412 novo
2773 1357 2889 1411 ritu
2913 1357 3137 1425 gladios
3154 1372 3282 1413 cum
3306 1357 3554 1413 fustibus

1917 1445 2264 1515 etcapsellis
2279 1445 2666 1500 sacerdotalis
2679 1445 3008 1501 benedictio
3033 1445 3385 1516 dispertivit.
3405 1447 3552 1512 Quid

1919 1534 2186 1603 referam,
2219 1535 2581 1605 temporibus
2613 1534 2755 1605 ipsis
2788 1534 3086 1589 mulierem
3112 1534 3395 1604 quandam
3422 1536 3561 1591 duo-

1921 1624 2027 1679 bus
2049 1623 2214 1679 annis
2238 1638 2344 1679 con
2358 1624 2535 1679 tinnis
2557 1624 2996 1694 impregnatam,
3023 1624 3374 1694 tandemque
3405 1624 3561 1679 diru-

1920 1718 2018 1783 pto
2044 1717 2228 1781 utero,
2253 1712 2431 1767 filium
2455 1711 2787 1781 loquentem
2814 1712 3073 1780 fudisse;
3102 1713 3355 1782 itemque
3379 1713 3560 1767 infan-

1919 1801 2102 1858 tulum
2138 1816 2242 1889 per
2271 1802 2459 1857 omnia
2494 1802 2886 1873 bimembrem,
2923 1805 3169 1862 alterum
3202 1823 3339 1865 vero
3371 1811 3562 1881 capite

1920 1890 2075 1960 bino,
2112 1889 2374 1959 agnellos
2405 1905 2633 1962 quoque
2650 1891 2874 1961 aliquos
2905 1894 3056 1951 binis
3077 1896 3371 1966 capitibus
3393 1912 3563 1955 exor-

1920 1988 2015 2037 tos
2048 1981 2259 2043 fuisse;
2294 1978 2484 2049 pullos
2514 1981 2688 2035 etiam
2738 1996 3017 2051 equarum
3052 1984 3257 2043 dentes
3288 1989 3557 2061 majores,

1924 2084 2069 2140 quos
2114 2069 2358 2139 equinos
2388 2068 2560 2137 vulgo
2609 2070 2969 2140 appellamus
3019 2088 3282 2145 quosque
3330 2080 3563 2136 nonnisi

1921 2157 2112 2213 trimis
2144 2156 2391 2213 caballis
2421 2160 2627 2212 natura
2658 2159 2945 2229 concedit,
2981 2160 3035 2215 in
3069 2162 3198 2231 ipso
3230 2168 3399 2234 partu
3433 2182 3562 2238 pro-

1926 2247 2128 2304 tulisse
2149 2247 2172 2300 ?

1995 2335 2094 2391 His
2123 2340 2184 2390 et
2215 2334 2547 2404 hujusmodi
2580 2335 2762 2403 signis
2790 2340 2916 2392 tota
2946 2346 3214 2396 creatura
3250 2342 3301 2397 in
3328 2344 3563 2400 Creato—

1925 2427 2006 2482 ris
2025 2440 2088 2480 se
2113 2423 2374 2479 militiam
2399 2423 2767 2493 cohortante,
2793 2424 2871 2479 nil
2888 2429 3558 2505 moraturinimicusille,

1925 2514 2159 2573 caeteris
2191 2513 2365 2569 etiam
2397 2512 2822 2569 dormientibus
2857 2529 3085 2587 semper
3119 2521 3384 2591 pervigil,
3413 2524 3561 2580 bono

1926 2604 2009 2659 illi
2043 2602 2246 2659 semini
2275 2601 2497 2656 zizania
2546 2616 2649 2657 sua
2681 2606 3170 2677 superseminare,
3208 2610 3566 2682 pseudopro-

1927 2693 2134 2763 phetas
2149 2690 2775 2758 suscitare,Dominicis
2788 2694 3146 2752 exercitibus
3160 2696 3337 2753 falsos
3355 2700 3568 2757 fratres

1926 2786 1982 2837 et
2015 2781 2354 2835 inhonestas
2398 2778 2624 2833 feminei
2674 2794 2848 2835 sexus
2894 2796 3173 2853 personas
3219 2788 3325 2842 sub
3371 2791 3563 2860 specie

1932 2867 2229 2937 religionis
2263 2866 2668 2922 intermiscere
2697 2885 2711 2933 ;
2745 2869 2947 2938 sicque
2982 2886 3084 2941 per
3113 2872 3357 2931 aliorum
3391 2877 3571 2949 hypo-

1926 2956 2106 3012 crisin
2132 2961 2306 3026 atque
2322 2954 2639 3024 mendacia,
2660 2971 2762 3025 per
2775 2957 3016 3013 aliorum
3033 2975 3169 3016 vero
3185 2964 3435 3020 nefarias
3451 2967 3568 3037 pol-

159 3046 323 3103 circa
354 3045 543 3101 Nonas
575 3044 848 3099 Octobris
879 3044 1167 3109 vidimus;
1202 3060 1350 3100 anno
1382 3058 1519 3099 vero
1544 3046 1816 3115 posthaec
1850 3041 1898 3102 C
1929 3044 2182 3100 lutiones
2216 3044 2427 3099 Christi
2457 3057 2667 3113 greges
2698 3045 2842 3100 adeo
2876 3049 3283 3120 turpabantur,
3312 3057 3373 3107 ut
3400 3052 3565 3121 juxta

168 3132 358 3191 tercio
387 3132 613 3188 stellam
645 3131 813 3188 aliam
844 3132 898 3186 in
929 3133 1156 3188 oriente
1198 3131 1385 3189 locum
1436 3148 1601 3189 suum
1643 3131 1816 3201 longo

169 3221 497 3278 interstitio
528 3220 779 3276 saltibus
810 3225 1127 3276 mutantem
1156 3226 1188 3275 6
1218 3222 1340 3276 Kal.
1376 3219 1538 3276 Mart.
1573 3219 1661 3253 1°"
1684 3235 1821 3275 con-

169 3311 472 3383 speximus
498 3308 617 3377 (an.
643 3310 826 3379 1098?)
853 3325 867 3373 ;
893 3310 1078 3364 nubes
1093 3324 1323 3380 quoque
1339 3310 1689 3378 sanguineas
1703 3317 1819 3363 tam

170 3400 246 3454 ab
280 3398 584 3454 occidente
615 3411 783 3467 quam
814 3398 887 3452 ab
904 3402 1129 3452 oriente
1154 3403 1465 3467 surgentes
1485 3397 1714 3466 sibique
1740 3397 1822 3452 in-

170 3488 359 3543 vicem
394 3486 447 3541 in
467 3485 592 3541 caeli
624 3490 828 3541 centro
852 3490 1311 3550 concurrentes;
1338 3500 1688 3556 rursumque
1712 3500 1824 3541 me-

171 3576 291 3631 diis
324 3575 442 3630 fere
475 3574 746 3629 noctibus
778 3589 808 3629 a
842 3574 1241 3645 septentrione
1294 3574 1494 3643 igneos
1539 3588 1824 3642 exurgere

172 3663 526 3737 Splendores
551 3680 564 3727 ;
594 3663 934 3734 plerumque
957 3663 1129 3717 etiam
1158 3661 1375 3718 faculas
1399 3679 1504 3734 per
1523 3678 1712 3718 aerem
1729 3678 1827 3718 vo-

178 3755 423 3808 litantes
456 3752 675 3807 vidisse
709 3767 834 3821 nos,
874 3752 1127 3807 testibus
1162 3752 1456 3823 plerisque
1485 3757 1828 3825 comproba-

177 3856 329 3898 mus.
368 3842 486 3897 Non
521 3840 702 3896 multo
735 3845 869 3895 ante
887 3840 993 3895 hos
1017 3855 1197 3895 annos
1221 3841 1451 3911 quidam
1476 3845 1827 3900 venerabilis

177 3931 320 3987 vitae
372 3928 682 4000 presbiter,
715 3927 943 3983 nomine
991 3928 1325 3999 Suiggerus,
1362 3929 1661 3999 cujusdam
1711 3932 1824 3987 diei

178 4020 327 4075 hora
352 4018 471 4073 fere
495 4031 640 4072 nona
661 4016 808 4073 duos
825 4016 1051 4087 equites
1074 4018 1380 4087 conSpexit
1403 4028 1826 4076 concurrentes

180 4108 241 4163 in
276 4119 432 4176 aere,
466 4105 681 4175 diuque
713 4109 1147 4174 concertantes,
1176 4104 1447 4176 alterum,
1482 4106 1577 4177 qui
1608 4112 1668 4162 et
1699 4124 1829 4164 cru-

181 4209 311 4253 cem
335 4208 447 4250 nou
471 4193 753 4249 modicam
779 4192 1020 4263 ferebat,
1041 4206 1149 4262 qua
1174 4201 1482 4263 percutere
1495 4195 1825 4267 videbatur,

182 4284 243 4341 in
264 4282 450 4339 altero
473 4282 756 4339 victorem
780 4280 1056 4337 existere.
1075 4281 1287 4337 Eodem
1311 4287 1574 4354 tempore
1590 4285 1651 4339 G.
1671 4298 1831 4355 pres-

1932 3132 2060 3188 boni
2088 3131 2344 3203 pastoris
2364 3132 2701 3187 vaticinium
2724 3134 2897 3188 etiam
2919 3135 3091 3191 electi
3118 3137 3172 3191 in
3185 3153 3443 3195 errorem
3468 3142 3569 3200 du-

1930 3223 2205 3275 cerentur
2237 3219 2473 3288 (ΜαίιΙι.
2510 3235 2659 3288 xxxv,
2695 3223 2805 3290 ‘24).
2860 3223 2998 3278 inde
3048 3225 3371 3283 fabulosum
3424 3229 3564 3286 illud

1930 3309 2242 3364 conﬁctum
2275 3313 2365 3363 est
2396 3308 2465 3363 de
2495 3308 2703 3364 Karolo
2735 3311 2936 3379 Magno
2961 3313 3125 3381 quasi
3147 3314 3217 3369 de
3242 3318 3488 3374 mortuis
3514 3320 3569 3374 in

1935 3396 1989 3451 id
2024 3395 2213 3465 ipsum
2240 3397 2595 3452 rcsuscitato
2618 3401 2677 3451 et
2699 3397 2813 3453 alio
2836 3400 3035 3455 nescio
3059 3416 3172 3471 quo
3197 3403 3571 3462 nihilominus

1935 3485 2217 3554 redivivo,
2251 3485 2520 3542 fribolum
2554 3501 2784 3557 quoque
2808 3487 2947 3543 illud
2970 3490 3041 3546 de
3059 3505 3262 3548 ansere
3286 3496 3450 3564 quasi
3476 3496 3574 3552 do-

1936 3575 2143 3630 minam
2178 3587 2341 3629 suam
2374 3574 2717 3645 deducente,
2752 3578 3050 3648 multaque
3080 3581 3136 3635 id
3164 3597 3366 3651 genus.
3421 3586 3575 3644 Idem

1936 3669 2125 3720 tamen
2173 3663 2533 3732 seductores,
2581 3666 3063 3733 quemadmodum
3114 3670 3324 3739 singuli
3376 3674 3499 3730 suis
3542 3690 3574 3732 a

1940 3753 2228 3808 fructibus
2249 3751 2362 3805 sint
2383 3752 2620 3821 cogniti,
2640 3755 2931 3821 quomodo
2954 3760 3117 3812 veste
3139 3760 3249 3814 sub
3268 3762 3433 3817 ovina
3452 3764 3578 3835 lupi

1939 3841 2056 3897 sint
2089 3839 2369 3905 denotati,
2398 3838 2450 3891 bi
2480 3839 2785 3907 potissime
2809 3843 2905 3910 qui
2931 3859 3001 3897 ex
3026 3843 3140 3899 illis
3164 3845 3349 3902 adhuc
3374 3863 3577 3921 super-

1939 3932 2075 3984 sunt
2108 3927 2246 3982 licet
2280 3932 2340 3981 ut
2370 3925 2459 3957 1°23
2494 3928 2944 3996 perquirantur;
2980 3931 3204 3987 scilicet
3239 3950 3352 4004 quo
3402 3945 3573 4008 portu

1932 4016 2097 4085 juxta
2128 4014 2478 4085 promissum
2508 4027 2675 4068 suum
2707 4016 2926 4085 absque
2959 4018 3188 4087 navigio
3214 4036 3368 4079 mare
3394 4029 3579 4081 trans-

1940 4104 2133 4174 ierint,
2161 4103 2372 4173 quibus
2396 4102 2612 4174 praeliis
2635 4103 2727 4160 vel
2743 4104 2888 4160 locis
2903 4105 3116 4163 multos
3130 4123 3385 4179 paganos
3400 4127 3575 4182 parva

1941 4206 2113 4248 manu
2136 4192 2474 4260 straverint,
2502 4205 2646 4261 quas
2667 4206 2864 4248 eorum
2889 4194 3242 4253 munitiones
3263 4198 3399 4255 ilico
3411 4215 3581 4273 cepe-

1943 4281 2082 4351 rint,
2112 4294 2296 4351 quavc
2330 4283 2626 4351 postremo
2656 4285 2823 4351 parte
2873 4296 3169 4340 murorum
3220 4286 3577 4346 Hierusalem

183 4372 363 4435 bitcr,
397 4371 493 4442 qui
523 4385 675 4427 nunc
706 4370 815 4426 sub
844 4369 1179 4427 monachica
1226 4371 1587 4441 professione
1637 4374 1832 4429 nobis-
1859 4393 1914 4455 D
1944 4374 2137 4427 castra
2162 4369 2485 4441 posuerint,
2505 4373 2564 4424 et
2585 4375 2797 4426 caetera
2825 4388 2839 4439 ;
2866 4370 3123 4443 nihilque
3142 4373 3426 4433 habentes
3443 4380 3581 4448 quid

180 4475 318 4519 cum
346 4475 452 4532 pro
476 4458 877 4532 primogenitis
898 4459 1043 4515 asini
1073 4458 1285 4529 (Exod.
1313 4474 1431 4531 xm,
1460 4462 1545 4533 13)
1571 4460 1831 4518 debitum

183 4549 422 4608 ovinum
457 4546 687 4605 Christo
719 4547 1022 4619 persolvit,
1063 4548 1201 4604 hora
1236 4549 1481 4620 quadam
1516 4550 1831 4608 meridiana

184 4652 321 4696 cum
344 4637 573 4694 duobus
595 4637 907 4694 comitibus
927 4638 980 4692 in
1007 4637 1147 4693 silva
1166 4637 1561 4708 deambulans,
1576 4638 1833 4708 gladium

185 4726 357 4785 miraa
381 4725 766 4796 longitudinis
788 4726 943 4782 venti
967 4725 1274 4795 vertigine,
1301 4725 1559 4795 ignotum
1584 4728 1735 4784 unde
1761 4726 1837 4784 le-

184 4820 452 4885 varetur,
478 4815 535 4871 in
557 4815 807 4872 sublime
830 4814 1044 4871 deferri
1070 4814 1233 4885 vidit,
1252 4819 1307 4870 tt
1332 4830 1633 4885 quousque
1651 4818 1836 4874 visum

187 4904 446 4962 altitudo
469 4904 708 4973 celaret,
737 4909 852 4960 tam
879 4904 1165 4973 fragorem
1190 4904 1431 4960 auribus
1453 4919 1623 4975 quam
1639 4907 1838 4963 metal-

1946 4458 2357 4530 respondeant,
2394 4463 2506 4513 tam
2537 4457 2607 4513 de
2638 4458 3043 4516 oblationibus
3076 4462 3331 4520 fidelium
3363 4478 3468 4536 per
3485 4468 3583 4538 hy-

1947 4546 2201 4619 pocrisin
2238 4547 2528 4618 susceptis
2560 4560 2729 4617 quam
2765 4548 2835 4605 de
2862 4549 3018 4605 cesis
3050 4551 3122 4606 ob
3151 4552 3409 4624 rapinam
3442 4569 3585 4625 quas

1947 4630 2303 4692 seduXerant
2335 4636 2543 4705 turbis,
2578 4637 2932 4708 propriaque
2962 4637 3209 4695 maxime
3240 4638 3330 4673 1°”
3352 4647 3586 4713 aposta-

1946 4725 2050 4795 sia,
2083 4738 2323 4781 necesse
2351 4732 2439 4780 ost
2475 4730 2537 4781 ut
2566 4726 2969 4795 paenitentiam
3001 4741 3173 4796 agere
3200 4735 3502 4800 cogantur.

2017 4812 2178 4883 Nam,
2214 4818 2277 4867 ut
2307 4811 2656 4883 prelibatum
2687 4819 2777 4870 est
2825 4813 2996 4883 (287),
3027 4814 3195 4885 plebs
3225 4815 3587 4878 Folcmarum

1947 4917 2054 4975 per
2079 4906 2369 4961 Boemiam
2403 4917 2671 4974 sequens,
2696 4919 2827 4960 cum
2858 4903 3012 4975 apud
3036 4903 3253 4960 Nitram
3277 4906 3588 4967 Pannoniae

186 4992 315 5052 lum
346 4992 534 5052 oculis
557 4992 862 5051 discrevit.
900 4993 1253 5049 Referebant
1277 4993 1458 5064 aliqui
1485 4993 1580 5065 qui
1607 4996 1663 5052 in
1689 5010 1867 5067 equO-
1917 4999 2221 5061 civitatem
2252 4995 2544 5054 seditione
2592 4994 2914 5066 concitata,
2954 4993 3169 5066 partim
3218 4996 3585 5070 captivitate,

1559 5124 1645 5179 VA
1657 5125 1790 5180 ME
1832 5125 2231 5185 LECTIONES.

268 5227 363 5263 ισίο
390 5228 426 5284 ί,
461 5228 533 5285 ad
563 5242 609 5286 ε,
645 5242 798 5287 corr.
833 5232 882 5287 1.
962 5226 1054 5262 ¹⁶²τ
1077 5229 1168 5286 VI.
1205 5228 1289 5285 Kl.
1323 5229 1424 5287 Mr.
1457 5243 1747 5305 superscr.
1783 5239 1831 5289 1.

1911 5232 2004 5269 ³⁸³⁸
2032 5246 2322 5307 superscr.
2359 5236 2408 5286 1.

2490 5226 2581 5261 ²⁶²⁹
2613 5227 2858 5285 maxima
2891 5240 3042 5287 corr.
3080 5228 3321 5286 maxime
3356 5232 3405 5290 l.

1781 5355 2008 5421 ΝΟἸῈ.
2043 5374 2049 5379 ·

270 5451 419 5528 (286)
451 5453 638 5527 Supra
668 5469 719 5511 a.
751 5457 909 5512 l096.

520 5550 782 5615 PATROL.
816 5550 1027 5616 CLIV.

1948 5459 2099 5535 (287)
2131 5456 2315 5531 Supra
2345 5470 2395 5515 a.
2426 5455 2586 5514 1096.

3385 5548 3461 5619 81
