3994 6062
292 258 412 320 9'73

1168 256 1610 354 CHRONICA.
1644 298 1719 310 —
1752 263 2234 332 CHRONICON
2278 269 2805 339 UNIVERSALE

3577 295 3693 357 974

289 392 558 465 (σαίρω,
602 393 803 450 urbem
835 391 926 427 ¹⁶³⁸
947 391 1215 450 humanis
1244 394 1473 451 viribus
1512 396 1929 470 inexpugnabi-
1956 401 2012 463 A
2044 402 2167 461 illis
2197 421 2320 462 eam
2354 409 2914 480 aperiret.Placatus
2960 416 3157 489 itaque
3217 421 3324 478 hac
3364 425 3693 488 humilitate

291 481 429 551 lem,
464 480 561 539 ubi
593 496 698 552 per
731 496 940 538 novem
974 497 1201 538 menses
1232 497 1334 539 eos
1367 484 1639 542 detentos
1699 486 1753 541 in
1777 489 1928 543 obsi-

289 569 463 625 dione
498 569 754 639 ejusdem
790 570 864 624 ita
892 570 1240 641 humiliavit,
1277 576 1338 627 ut
1379 574 1566 629 omnis
1634 576 1927 645 superbiae

288 658 522 715 illorum
559 663 749 715 tumor
778 658 1093 715 desideret.
1122 660 1302 729 Igitur
1324 660 1409 716 eis
1439 661 1522 717 sic
1580 661 1923 733 humiliatis,

289 753 355 804 ut
388 747 444 802 in
480 751 607 803 toto
629 748 898 803 exercitu
914 748 1008 803 vix
1026 754 1259 804 centum
1282 750 1415 819 equi
1438 750 1571 805 boni
1602 752 1929 820 reperiren-

284 840 404 906 tur,
431 836 660 907 aperuit
690 836 807 891 illis
835 837 988 892 Deus
1011 836 1385 908 copiamsuze
1411 838 1836 894 benedictionis
1867 844 1923 895 et

287 924 736 995 misericordia,
764 928 825 980 ct
855 924 1086 980 induxit
1119 940 1223 981 eos
1271 926 1324 979 in
1386 925 1707 996 civitatem,
1750 932 1925 998 atque

278 1018 500 1071 Turcos
530 1017 588 1070 et
623 1014 815 1069 omnia
843 1028 1045 1069 eorum
1086 1015 1371 1084 potestati
1405 1014 1611 1070 horum
1680 1016 1923 1072 tradidit

282 1120 383 1163 an.
413 1108 570 1174 1098,
596 1104 789 1173 Jun.)
846 1135 881 1142 ο
914 1102 1170 1173 Cumque
1192 1107 1248 1157 et
1301 1103 1419 1159 haec
1471 1106 1633 1175 quasi
1700 1108 1926 1171 viribus

280 1194 404 1251 suis
436 1192 728 1263 acquisita
752 1191 1111 1261 obtinerent,
1146 1206 1250 1248 nec
1283 1194 1478 1262 Deum,
1506 1195 1605 1263 qui
1636 1194 1758 1252 haec
1791 1210 1924 1253 con-

281 1284 523 1353 tulerat,
551 1283 725 1351 digne
759 1281 1218 1351 magniﬁcareut,
1265 1287 1420 1337 tanta
1468 1284 1919 1343 Sarracenorum

284 1371 664 1429 multitudine
698 1370 930 1426 obsessi
963 1375 1120 1439 sunt,
1159 1376 1221 1426 ut
1252 1370 1322 1426 de
1354 1371 1594 1428 civitate
1626 1373 1818 1431 nullus
1848 1391 1918 1431 ex

276 1466 441 1517 tanta
478 1459 650 1517 turba
683 1458 882 1529 egredi
909 1458 1455 1515 auderet.Preterea
1488 1460 1668 1517 fames
1693 1462 1747 1517 in
1779 1463 1919 1519 civi-

277 1557 399 1608 tate
430 1551 509 1605 ita
546 1548 951 1615 convaluerat,
985 1548 1155 1602 utvix
1179 1548 1250 1602 ab
1281 1548 1606 1605 inhumanis
1625 1550 1717 1583 1°“
1758 1553 1916 1623 dapi-

278 1643 386 1698 bus
417 1653 481 1696 se
509 1637 688 1709 aliqui
712 1636 1106 1692 continerent.
1144 1639 1391 1706 Longum
1409 1642 1788 1697 estenarrare
1814 1645 1916 1698 mi-

273 1730 462 1787 serias
493 1743 620 1798 quae
652 1726 709 1781 in
739 1726 980 1781 civitate
1014 1726 1194 1781 fuere.
1228 1726 1568 1797 Respiciens
1600 1734 1792 1785 autem
1808 1734 1914 1787 Do-
1942 1753 1997 1814 Β

277 1814 466 1874 minus
489 1815 964 1888 populum,quem
982 1812 1209 1869 tamdiu
1236 1813 1913 1889 ﬂagellaverat,benigne

279 1906 640 1974 consolatur,
677 1917 743 1959 ac
758 1903 946 1975 primo
980 1903 1141 1973 quasi
1174 1918 1277 1973 pro
1302 1902 1702 1961 satisfactione
1727 1908 1914 1965 tribu-

279 1995 519 2053 lationis
550 1994 806 2049 lanceam
870 2007 1054 2061 suam,
1110 1990 1301 2061 quain
1352 2006 1527 2048 cruce
1567 1994 1911 2055 vulneratus

273 2090 386 2156 est,
415 2098 623 2140 munus
652 2095 764 2137 non
801 2080 983 2137 visum
1013 2094 1042 2135 a
1078 2085 1336 2151 tempore
1367 2082 1787 2154 apostolorum,
1835 2087 1913 2156 pi-

270 2189 422 2245 gnus
452 2171 714 2228 victoria:
739 2168 857 2224 illis
888 2169 1099 2224 obtulit
1137 2186 1150 2233 ;
1185 2169 1394 2224 deinde
1451 2171 1626 2226 corda
1678 2172 1909 2230 illorum

267 2264 415 2319 adeo
437 2260 714 2317 animavit
766 2264 829 2315 ut
857 2258 1029 2313 etiam
1057 2257 1266 2327 quibus
1295 2257 1565 2326 egritudo
1587 2260 1679 2315 vel
1731 2261 1910 2319 fames

267 2350 599 2408 ambulandi
636 2348 789 2404 vires
819 2347 1404 2416 denegaverat,arma
1422 2350 1685 2405 sumendi
1729 2355 1786 2406 et
1826 2352 1910 2407 vi-

264 2439 674 2505 rilitercontra
697 2436 898 2493 hostes
915 2434 1227 2490 dimicandi
1252 2434 1528 2490 virtutem
1550 2436 1901 2496 infunderct.

268 2562 326 2570 —
362 2526 754 2598 Triumphatis
798 2525 993 2594 itaque
1023 2524 1290 2579 hostibus
1320 2524 1481 2591 (er.
1518 2529 1630 2596 28),
1665 2542 1794 2583 cum
1830 2529 1908 2583 fa-

266 2632 353 2673 me
383 2620 444 2673 et
477 2614 636 2671 tedio
660 2612 961 2669 exercitus
981 2610 1257 2666 deficeret
1288 2612 1631 2683 Antiochiae,
1661 2615 1905 2672 maxime

268 2707 511 2777 propter
540 2700 870 2757 discordias
919 2697 1270 2770 principum,
1299 2699 1354 2753 in
1377 2699 1596 2768 Syriam
1632 2702 1899 2774 profecti,

266 2794 501 2848 Berram
522 2796 581 2849 et
614 2792 878 2858 Marram,
897 2789 1073 2845 urbes
1096 2788 1570 2858 Sarracenorum,
1609 2804 1904 2862 expugna-

260 2884 496 2949 verunt,
520 2886 578 2936 et
597 2878 842 2936 castella
864 2877 1118 2946 regionis
1141 2877 1520 2933 obtinuerunt
1546 2878 1761 2952 (Non).
1792 2881 1896 2936 Ubi

260 2983 391 3025 cum
427 2983 646 3025 moram
689 2966 1137 3037 disposuissent.
1172 2969 1334 3019 tanta
1362 2966 1539 3021 fames
1559 2966 1612 3020 in
1636 2968 1898 3023 exercitu

258 3057 392 3129 fuit,
428 3062 494 3114 ut
520 3070 764 3128 corpora
793 3057 1244 3111 Sarracenorum
1295 3053 1411 3122 jam
1481 3055 1805 3112 fcetentium
1866 3072 1896 3112 a

257 3145 475 3219 populo
505 3145 833 3201 Christiano
866 3147 1124 3199 comesta
1181 3142 1314 3199 sint.
1352 3142 1487 3197 Inde
1518 3158 1648 3199 cum
1700 3144 1895 3201 divino

256 3240 401 3291 nutu
435 3233 491 3291 in
526 3234 807 3290 interiora
866 3232 1172 3303 Hyspania:
1208 3230 1335 3300 (289
1362 3232 1409 3302 *)
1472 3232 1895 3301 progrederen-

249 3328 351 3380 tur
383 3323 694 3394 (αη.1099),
731 3320 1115 3390 largissimam
1142 3323 1318 3389 atque
1364 3319 1801 3376 misericordem
1834 3326 1894 3377 et

251 3410 791 3469 victoriosissimam
853 3408 1521 3478 manumomnipotentis
1552 3409 1744 3464 Patris
1805 3424 1893 3465 se-

246 3515 377 3557 cum
413 3500 763 3558 habuerunt.
791 3498 1018 3554 Etenim
1043 3495 1599 3553 civesetcastellani
1636 3498 1890 3568 regionis

244 3589 408 3646 illius
437 3604 605 3660 quam
661 3587 1075 3660 procedebant,
1106 3584 1175 3641 ad
1199 3599 1301 3641 eos
1330 3599 1459 3641 cum
1507 3585 1678 3641 mulis
1715 3585 1891 3641 dona-

246 3678 351 3734 riis
381 3678 610 3747 legatos
644 3677 1083 3748 premittcbant,
1110 3674 1296 3745 parati
1325 3674 1548 3729 servire
1564 3679 1624 3729 et
1674 3676 1887 3745 oppida

243 3782 353 3823 sua
388 3765 658 3822 reddere.
695 3765 803 3820 Sed
824 3765 957 3835 quia
982 3762 1279 3819 exercitus
1293 3777 1405 3818 non
1430 3762 1648 3819 multus
1671 3771 1799 3819 erat
1830 3769 1889 3820 et

244 3857 300 3911 in
336 3854 699 3912 Hierusalem
726 3853 1077 3910 unanimiter
1112 3851 1483 3921 festinabant,
1511 3853 1772 3922 acceptis
1800 3868 1888 3909 se-

241 3944 619 4011 curitatibus,
661 3942 1008 3997 tributarios
1041 3955 1141 3996 cos
1172 3940 1453 4008 fecerunt,
1487 3940 1701 4011 quippe
1755 3955 1885 3997 cum

242 4047 357 4089 una
389 4032 459 4089 de
491 4031 693 4087 multis
727 4030 1093 4100 civitatibus,
1132 4044 1259 4100 qua
1304 4028 1359 4082 in
1409 4028 1717 4084 maritimis
1769 4028 1886 4084 illis

238 4127 396 4192 sunt,
420 4121 620 4193 plures
663 4120 928 4176 homines
961 4118 1228 4188 haberet,
1280 4133 1449 4188 quam
1494 4118 1549 4172 in
1620 4118 1884 4175 exercitu

240 4210 575 4268 Christiano
608 4210 1157 4278 fuissent.Cumque
1187 4207 1447 4263 auditum
1480 4212 1640 4263 esset
1692 4208 1886 4263 Antio-

236 4298 384 4356 chia:
422 4303 594 4369 atque
619 4297 901 4354 Laodicia)
925 4301 981 4352 et
1014 4296 1227 4367 Rohas,
1264 4295 1396 4366 quia
1417 4310 1620 4352 manus
1661 4297 1881 4353 Domini

234 4392 397 4447 esset
421 4401 552 4444 cum
586 4387 694 4458 eis,
728 4385 926 4458 plures
949 4385 1018 4442 de
1051 4384 1315 4441 exercitu
1358 4384 1553 4455 quiibi
1596 4399 1884 4441 remanse-

1929 3103 1980 3168 C

2044 489 2135 525 ³⁸³⁷
2168 495 2459 566 Dominus,
2518 504 2724 556 octavo
2760 508 2890 571 post
2920 505 3379 565 humiliationem
3458 513 3689 573 illorum

2041 582 2134 638 die
2165 584 2464 641 civitatem
2479 588 2822 646 eistradidit
2851 593 3410 671 (an.1099,Jul.15),
3438 615 3505 659 eo
3538 604 3693 662 vide-

2039 668 2175 726 licet
2204 672 2294 728 die
2328 688 2440 744 quo
2476 676 2770 746 primitiva
2804 682 3074 739 zecclesia
3107 684 3240 742 inde
3298 668 3524 756 abiecta
3558 691 3685 763 fuit,

2036 773 2165 815 cum
2202 762 2412 818 festum
2435 764 2506 819 de
2538 764 2908 836 dispersione
2966 773 3366 841 apostolorum
3398 790 3428 832 a
3489 762 3688 837 multis

2039 845 2309 904 fidelibus
2339 850 2696 909 celebratur.

2107 936 2264 990 Inter
2286 936 2407 993 hzec
2438 938 2670 995 minime
2705 944 3161 1011 pretereundum
3221 949 3473 1021 videtur,
3506 956 3679 1026 quod,

2035 1020 2169 1078 dum
2192 1027 2489 1081 exercitus
2523 1027 2577 1082 in
2610 1030 2915 1086 obsidione
2966 1034 3286 1092 Antiochia:
3332 1020 3679 1114 moraretur,

2034 1122 2246 1178 pavore
2274 1113 2557 1181 perculsis
2576 1116 2984 1187 universisper
3006 1121 3291 1177 orientem
3324 1125 3679 1199 nationibus,

2034 1196 2507 1257 discurrentibus
2523 1202 2593 1257 ab
2625 1204 2962 1275 omniparte
2988 1209 3151 1264 orbis
3186 1215 3472 1267 terrarum
3489 1196 3682 1273 missis

2031 1289 2090 1341 et
2121 1287 2616 1362 exploratoribus,
2639 1291 2768 1348 aliis
2783 1308 3005 1365 pacem,
3024 1296 3155 1352 aliis
3181 1298 3328 1354 bella
3354 1301 3681 1359 machinan-

2030 1373 2390 1443 tibus,etiam
2426 1378 2761 1448 Babylonici
2790 1382 2945 1450 regis
2975 1382 3150 1452 legati
3182 1388 3496 1445 conventui
3528 1392 3680 1461 prin-

2027 1461 2219 1533 cipum
2254 1478 2316 1519 se
2351 1471 2655 1534 prescntes
2685 1468 2985 1539 exhibent,
3022 1471 3171 1527 inter
3232 1475 3342 1530 alia
3402 1478 3678 1548 pollicen-

2028 1554 2137 1620 tes,
2169 1551 2216 1606 si
2249 1553 2420 1609 victis
2445 1555 2781 1612 Antioccnis
2812 1558 2987 1613 etiam
3020 1559 3279 1618 Thurcos
3295 1563 3365 1620 de
3412 1566 3678 1624 Hieroso-

2028 1638 2161 1695 lima
2192 1641 2545 1712 pepulerint,
2564 1643 2859 1700 dominum
2893 1649 3318 1706 suumfratrem
3342 1657 3399 1707 et
3429 1654 3673 1713 amicum

2026 1741 2155 1783 cum
2203 1728 2492 1786 universis
2524 1732 2861 1788 Sarracenis
2896 1734 3169 1803 habeant;
3222 1743 3280 1795 ut
3332 1741 3482 1797 cnim
3514 1760 3675 1814 pres-

2026 1815 2277 1887 criptum
2307 1823 2416 1887 cst,
2450 1819 2690 1874 Judeam
2723 1835 2851 1877 cum
2916 1823 3273 1881 Hierusalem
3311 1833 3549 1900 totaque
3574 1835 3674 1888 Pa-

2026 1904 2235 1960 lestina
2261 1904 2376 1973 jam
2400 1906 2535 1961 olim
2559 1908 2765 1964 Thurci
2802 1910 3140 1968 Sarracenis
3162 1915 3671 1977 abstulerant.llac

2025 1992 2095 2049 de
2128 2006 2301 2049 causa
2324 1996 2646 2051 securitate
2668 2005 2928 2068 accepta,
2963 2015 3071 2055 non
3116 2003 3282 2071 pauci
3326 2003 3671 2066 lectissimo-

2023 2096 2149 2136 rum
2180 2081 2425 2138 militum
2453 2084 2821 2153 Babyloniam
2847 2086 3203 2159 diriguntur,
3240 2106 3484 2161 quorum
3509 2097 3670 2153 forti-

2020 2168 2246 2237 tudine,
2282 2172 2873 2240 proceritate,habitu
2902 2179 2961 2230 et
2989 2175 3219 2234 incessu
3252 2182 3522 2253 omnique
3553 2188 3669 2245 ele-

2019 2256 2213 2324 gantia
2239 2258 2473 2313 attoniti
2506 2260 2761 2330 barbari,
2786 2263 3035 2319 Francos
3066 2296 3129 2305 —
3151 2266 3232 2321 sic
3249 2269 3399 2324 enim
3442 2274 3667 2331 univer-

2020 2357 2119 2399 sos
2149 2345 2541 2401 occidentales
2593 2349 2839 2418 populos
2867 2352 3163 2410 nominare
3186 2356 3379 2412 solent
3430 2391 3499 2399 —
3534 2363 3665 2433 plus

2019 2444 2187 2500 quam
2217 2431 2565 2503 homines,id
2588 2437 2676 2490 est
2716 2436 2878 2503 deos,
2903 2452 3036 2494 esse
3095 2442 3446 2516 fatebantur,
3515 2431 3662 2505 afﬁr-

2019 2524 2263 2589 mantes,
2299 2523 2532 2577 omnino
2562 2537 2671 2578 non
2698 2538 2829 2580 esse
2871 2526 3098 2596 mirum,
3136 2532 3289 2599 quod
3328 2533 3659 2604 hujusmodi

2018 2606 2331 2664 bellatores
2354 2613 2539 2665 totum
2564 2611 2907 2668 affectarent
2931 2616 3121 2673 sibisu
3133 2618 3346 2688 bjicere
3362 2624 3656 2682 mundum.

2014 2696 2236 2751 —lnito
2267 2696 2516 2768 denique
2532 2700 2800 2772 consilio,
2820 2717 2923 2759 rex
2941 2704 3270 2776 Babylonia:
3298 2711 3656 2771 Hierusalem

2014 2783 2267 2853 obsidet,
2299 2788 2671 2858 ostensisque
2693 2789 2923 2861 legatis,
2944 2794 3180 2851 Francis
3211 2811 3274 2853 se
3309 2798 3655 2859 foederatum

2014 2872 2535 2944 aﬂirmat,quorum
2557 2876 2790 2947 gladiis,
2824 2880 2996 2936 sisibi
3024 2882 3321 2941 civitatem
3337 2902 3448 2943 non
3464 2890 3657 2947 trade-

2012 2966 2162 3029 rent,
2190 2962 2350 3031 ipsos
2386 2964 2704 3022 tradendos
2729 2967 2974 3024 minitat.
3010 2972 3107 3027 His
3132 2972 3327 3043 itaque
3361 2975 3512 3033 dolis
3551 2994 3654 3036 rex

2012 3047 2297 3107 barbarus
2325 3066 2433 3108 non
2461 3068 2566 3108 suo
2588 3055 2690 3110 sed
2719 3056 3067 3115 Francorum
3120 3060 3329 3119 timore
3351 3065 3650 3125 civitatem

2011 3142 2600 3211 receptam,dimissis
2622 3157 2753 3199 cum
2784 3146 2908 3201 suis
2931 3148 3199 3205 omnibus
3223 3150 3478 3224 Thureis,
3499 3157 3649 3211 omni

2008 3236 2219 3284 conatu
2244 3230 2523 3287 machinis
2556 3238 2731 3303 atque
2757 3234 3043 3292 militibus
3068 3244 3272 3294 contra
3297 3241 3651 3301 Christiano-

2008 3332 2134 3373 rum
2169 3319 2479 3376 adventum
2514 3324 2869 3392 premunivit
2900 3326 3134 3397 ;sicque
3181 3329 3394 3385 factum
3445 3338 3536 3388 est
3587 3339 3650 3391 ut

2005 3405 2367 3463 Hierusalem
2389 3410 2476 3465 bis
2512 3424 2624 3465 uno
2657 3417 2969 3483 caperetur
3002 3419 3411 3488 anno,primoa
3453 3424 3649 3477 Sarra-

2004 3494 2184 3564 cenis,
2219 3496 2349 3552 dein
2383 3511 2413 3551 a
2446 3499 2698 3555 Francis.

2074 3584 2151 3638 De
2173 3582 2322 3654 (290)
2355 3585 2624 3643 hostibus
2657 3603 2792 3644 vero
2816 3589 3164 3662 ibirepertis
3179 3594 3318 3664 quid
3341 3601 3530 3653 actum
3545 3597 3642 3670 sit,

2000 3669 2048 3725 si
2092 3671 2224 3739 quis
2247 3686 2418 3729 nosse
2450 3675 2993 3749 querit,sciat,quia
3030 3682 3083 3736 in
3118 3684 3350 3755 porticu
3383 3700 3511 3756 quae
3571 3669 3653 3742 di-

1996 3758 2152 3815 citur
2184 3760 2507 3819 Salomonis
2535 3769 2592 3819 et
2615 3765 2670 3819 in
2705 3769 2924 3838 templo
2957 3770 3083 3841 eius
3113 3772 3367 3831 victores
3425 3777 3649 3847 equita-

2000 3846 2138 3903 bant
2168 3848 2220 3902 in
2284 3856 2564 3921 sanguine
2617 3857 3069 3914 Sarracenorum
3097 3876 3277 3931 usque
3334 3863 3403 3919 ad
3458 3846 3647 3935 genua

2001 3939 2528 4004 equorum.Deinde
2560 3957 2690 3997 cum
2721 3944 3051 4001 ordinatum
3097 3953 3272 4019 esset,
3309 3951 3406 4020 qui
3452 3952 3649 4009 civita-

2000 4027 2113 4079 tem
2144 4024 2399 4081 retinere
2432 4027 2732 4099 deberent,
2767 4036 2825 4087 et
2860 4033 2954 4087 alii
2988 4048 3184 4091 amore
3199 4038 3406 4106 patriae
3435 4044 3495 4094 et
3526 4042 3646 4112 pie-

1998 4115 2119 4168 tate
2150 4118 2459 4183 parentum
2496 4132 2732 4174 suorum
2784 4120 2978 4178 redire
3035 4124 3379 4196 voluissent,
3412 4129 3645 4185 nuncia-

1996 4204 2119 4256 tum
2152 4206 2239 4258 est
2271 4202 2377 4272 eis,
2416 4205 2569 4274 quod
2592 4221 2693 4262 rex
2712 4208 3159 4279 Babyloniorum
3197 4215 3535 4272 Ascalonam
3551 4232 3644 4275 ve-

1997 4288 2331 4347 nissetcum
2393 4292 2800 4351 innumerabili
2838 4298 3212 4356 multitudine
3263 4318 3639 4379 paganorum,

1997 4376 2284 4436 ducturus
2309 4382 2560 4438 Francos
2593 4385 2692 4453 qui
2719 4384 3119 4445 llierosolimis
3150 4396 3317 4447 erant
3350 4393 3405 4449 in
3462 4376 3643 4467 capti-

237 4480 368 4533 rant
403 4475 705 4533 consecuti
739 4490 841 4533 eos
872 4480 1010 4530 sunt
1050 4475 1205 4545 apud
1234 4475 1462 4544 Tyrum.
1525 4473 1617 4529 Sic
1684 4474 1881 4546 itaque
1912 4461 1965 4522 D
1999 4465 2236 4556 fil-atem
2271 4472 2327 4525 et
2379 4475 2831 4542 'expugnaturus
2874 4476 3262 4551 Antiochiam,
3308 4482 3461 4539 sicut.
3518 4461 3642 4556 ipse

238 4566 357 4622 Deo
381 4565 721 4622 conviatorc
745 4569 804 4619 ct
836 4567 1221 4634 cooperatore
1245 4577 1429 4634 usque
1474 4563 1543 4619 ad
1610 4563 1883 4620 Hierusa-

232 4653 345 4711 lem
371 4657 784 4726 pervenerunt.
823 4652 999 4721 Cujus
1030 4653 1087 4707 in
1120 4652 1426 4708 obsidione
1482 4667 1611 4709 cum
1653 4652 1879 4709 labora-

237 4748 391 4814 rent,
418 4741 664 4800 maximc
698 4746 952 4832 propter
975 4756 1142 4831 aqua;
1176 4741 1427 4833 inopiam
1466 4761 1477 4796 :
1519 4742 1727 4832 habito
1753 4758 1883 4833 con-

230 4821 656 4894 cilio,episcopi
682 4825 740 4878 et
763 4821 1067 4893 principes
1088 4820 1483 4878 circinandam
1499 4836 1633 4878 esse
1678 4823 1881 4879 civita-

222 4917 347 4969 tem
362 4911 535 4968 nudis
560 4909 808 4982 pedibus
834 4910 1313 4982 predicabant,ut
1336 4909 1564 4981 ille,qui
1591 4926 1694 4981 pro
1715 4911 1880 4968 nobis

226 5000 287 5057 in
310 4999 642 5057 humilitate
657 5014 781 5057 eam
803 5000 1104 5069 ingressus
1118 5003 1228 5067 est,
1252 5013 1357 5069 per
1380 4998 1766 5056 humilitatem
1808 5001 1880 5058 is-

228 5096 425 5147 torum
442 5104 548 5163 pro
565 5104 627 5147 se
641 5089 712 5147 ad
730 5088 1015 5161 judicium
1034 5088 1104 5144 de
1121 5088 1244 5145 suis
1258 5087 1528 5144 hostibus
1553 5089 1877 5148 faciendum

1998 4554 2248 4622 dixerat;
2285 4558 2457 4614 aliter
2494 4566 2688 4616 autem
2727 4564 3004 4622 Dominus
3055 4567 3127 4624 de
3184 4570 3273 4626 his
3330 4554 3636 4629 statuerat.

1994 4647 2197 4718 Itaque
2229 4662 2359 4704 cum
2395 4648 2449 4704 in
2483 4650 2734 4706 veritate
2757 4656 3186 4725 comperissent
3219 4659 3272 4714 hi
3318 4660 3413 4731 qui
3448 4663 3644 4719 Hiero-

1995 4735 2222 4793 solimis
2247 4742 2438 4808 erant,
2464 4742 2788 4797 exercitum
2851 4742 3301 4815 Babyloniorum
3358 4748 3643 4808 Ascalone

1992 4840 2144 4896 esse,
2177 4827 2609 4885 contenderunt
2641 4831 2871 4887 obviam
2906 4833 3042 4903 illis,
3079 4835 3302 4892 relictis
3319 4838 3565 4895 sarcinis
3583 4844 3674 4897 et.

1994 4915 2239 4971 infirmis
2272 4916 2398 4972 suis
2428 4917 2483 4971 in
2516 4917 2874 4976 Hierusalem
2909 4937 3038 4977 cum
3064 4924 3342 4993 presidio.
3390 4927 3644 4998 Cumque

1993 5003 2249 5062 hostium
2283 5006 2607 5064 exercitum
2630 5006 2740 5077 “38,
2776 5011 3222 5082 conSpexissent
3258 5014 3645 5073 innumerabi-

1991 5100 2103 5154 lem
2137 5093 2306 5168 (Auy.
2344 5100 2453 5170 14),
2488 5097 2735 5167 genibus
2772 5099 2938 5156 flexis
2968 5102 3142 5158 Deum
3201 5100 3640 5179 invocaverunt,

1604 5191 1840 5253 VARIIE
1880 5198 2277 5259 LECTIONES.

298 5272 389 5310 ⁵⁸⁸⁸
441 5292 504 5334 u.
541 5290 591 5334 a.
618 5290 768 5335 corr.
809 5290 856 5333 a.
893 5292 947 5335 ιι.
984 5282 1031 5335 1.
1062 5275 1153 5311 1³³⁸
1199 5282 1264 5335 ut
1294 5279 1391 5335 vix
1423 5279 1551 5336 abi.
1608 5282 1662 5340 d.
1696 5299 1759 5342 se
1787 5302 1835 5344 a.
1901 5304 1954 5346 ο.
1978 5303 2010 5348 ι
2039 5303 2189 5348 corr.
2250 5293 2300 5344 1.
2338 5288 2605 5346 humanis
2638 5288 2701 5345 D.
2735 5286 2825 5321 ³⁸⁸⁷
2855 5288 3262 5348 satisfactione
3290 5295 3341 5348 δ.
3373 5289 3463 5326 1⁸³⁸
3500 5294 3645 5352 mul-

1805 5430 1852 5485 Ν
1858 5429 2039 5492 ΟΤᾹΞ.

315 5563 444 5637 290)
474 5560 617 5631 Quae
638 5560 971 5637 sequuntur
996 5594 1065 5606 -—
1092 5564 1161 5623 in
1182 5577 1324 5638 pace
1350 5560 1740 5633 obtinuerunt
1765 5582 1840 5631 ex
1870 5573 2071 5648 priore
2096 5573 2438 5633 narratione
2469 5571 2603 5647 (col.
2631 5576 2754 5647 961,
2782 5588 2845 5634 η.
2876 5576 2973 5649 "‘)
3003 5571 3380 5635 Ekkehardus
3398 5575 3640 5636 retinuit

221 5347 537 5407 titudinem
570 5348 645 5405 1b.
681 5353 733 5405 ὅ.
760 5352 839 5404 9°.

290 5489 417 5632 $209
444 5493 490 5561 ⁶)
544 5491 690 5549 Pars
727 5492 926 5564 Syrias.

315 5563 444 5632 290)
475 5560 617 5631 Quae
638 5568 926 5632 sequuntu
