3994 6062
327 199 444 266 979

1493 205 1976 280 EKKEHARDI
2015 208 2572 283 URAUGIENSIS

3614 206 3750 278 980

325 339 458 394 cant
482 333 778 398 interisse.
803 339 1025 401 Testari
1044 341 1237 404 solent
1257 345 1354 420 qui
1371 348 1632 421 aderant,
1659 348 1712 407 in
1730 341 1970 408 brachio
2002 350 2056 412 A
2090 352 2316 412 vicinus
2336 357 2394 411 et
2423 354 2671 412 infestus
2695 351 2822 426 fuit,
2841 349 3026 411 donec
3049 347 3304 410 statione
3327 347 3590 409 fruentes
3601 362 3742 424 pre!

325 426 592 499 corporis
613 429 865 486 exanimi
888 435 1458 508 crucissignaculnm
1483 439 1680 496 subito
1702 443 1970 497 exortum

321 528 383 571 se
404 515 644 588 vidisse,
669 519 946 592 ipsasque
978 523 1104 593 ejus
1121 527 1401 596 exequias
1422 527 1770 598 quibusdam
1803 529 1971 586 mira-

319 602 470 661 culis
500 605 914 667 honoriﬁcatas
947 613 1128 670 fuisse
1153 616 1216 669 “.

497 693 572 779 Α.ἒ
599 693 707 778 hoc
732 711 886 779 ᾳηρξο
915 701 1052 779 ita;
1086 703 1392 779 Heinricus
1426 705 1745 779 imperator
1776 706 1970 779 natale

534 765 756 842 Domini
805 771 1108 842 Mogontize
1158 771 1426 838 plurimis
1485 765 1970 833 convenientibus

531 833 865 914 celebravit.
893 833 961 882 ν-
998 833 1330 911 Εέξὶιιίυνῐιιε
1377 847 1742 904 Trevirorum
1785 849 1970 904 archi-

530 917 929 993 episcOpusnet
951 914 1277 993 Oliiemarus
1330 919 1656 993 Premensis
1685 919 1971 993 archiepi-

531 989 747 1048 scopus
770 983 1063 1040 obierunt.
1081 987 1470 1044 —Ilcinricus
1489 1004 1686 1048 comes
1715 991 1786 1046 de
1818 983 1970 1046 Lint-

529 1053 1046 1136 purg'rebellavit,
1101 1057 1526 1136 sedhebsessit,
1559 1067 1616 1136 et
1647 1061 1968 1136 destructis

527 1119 792 1199 castellis
817 1125 960 1193 suis,
1016 1119 1071 1199 in
1101 1127 1452 1184 deditionem
1481 1119 1660 1187 venit.
1683 1163 1751 1172 —-
1775 1133 1872 1188 Ila
1905 1133 1968 1194 ﬂ-

524 1191 623 1266 agris
651 1191 834 1266 hujus
865 1191 1076 1266 operis.

452 1256 499 1280 “
531 1256 828 1344 (‘1.‘addit:
872 1256 984 1322 Nec
1017 1268 1328 1344 immerito.
1354 1271 1604 1344 Iantum
1639 1273 1853 1344 quippe
1887 1272 1970 1344 in-

527 1327 676 1412 dolis
703 1349 823 1390 suae
846 1367 905 1377 -—
935 1339 1132 1394 extitit
1177 1341 1461 1398 amabilis.
1497 1327 1968 1412 .luxta'leg'al’eil-

524 1397 621 1456 lud
642 1411 1010 1482 preceptum:
1041 1431 1068 1458 ‹‹
1093 1413 1320 1467 llonora
1341 1397 1566 1482 patrem
1595 1397 1969 1470 inﬁnitain}-

525 1485 800 1552 mur_quo
833 1479 1096 1550 plerique
1127 1483 1314 1552 patris
1341 1479 1439 1538 sui
1461 1499 1650 1540 mores
1671 1485 1966 1540 laniabant

526 1545 797 1616 quodque
833 1545 882 1587 ὲ
913 1545 1086 1626 causa
1125 1545 1396 1609 extitisse
1431 1557 1690 1626 putatur,
1727 1556 1969 1612 auribus

521 1643 592 1652 ——
624 1631 916 1686 proceres.
953 1622 1024 1676 at
1046 1636 1232 1694 supra
1259 1639 1316 1679 a.
1349 1622 1504 1680 1099.

2087 444 2383 501 nominata
2415 459 2544 501 cum
2597 447 2785 500 turma
2821 441 3102 499 Welfonis
3131 440 3300 498 ducis
3349 440 3744 512 exercituque

2083 532 2440 602 Willihelmi,
2489 531 2740 589 diversis
2769 546 2998 603 quoque
3050 530 3266 586 cotidie
3299 530 3744 588 confluentibus

2083 619 2285 692 cepiis,
2337 634 2441 693 per
2487 618 2613 676 dies
2660 619 2842 692 tsad
2897 622 3106 674 100000
3135 619 3657 688 congregabamur.
3697 619 3745 675 Ε

2083 706 2296 778 quibus
2342 708 2613 764 omnibus
2663 707 3020 776 singularum
3057 710 3377 762 turmarum
3429 704 3740 778 principes

2083 795 2323 852 Alexius
2352 811 2509 852 more
2544 810 2652 852 suo
2685 797 2793 852 sub
2824 793 3216 868 appellatione
3247 792 3497 850 ﬁliorum
3529 809 3741 852 susce-

2083 883 2186 956 pit,
2203 884 2538 954 eisdemque
2555 888 2686 956 post
2712 898 2915 940 manus
2940 888 3213 955 acceptas
3243 887 3738 954 sacramentaque

2082 973 2328 1044 ﬁrmata,
2376 972 2550 1030 sicuti
2601 972 2898 1044 prioribus
2929 972 3307 1042 exercitibus,
3341 985 3577 1028 munera
3612 971 3741 1028 dis-

2079 1061 2343 1133 pertivit,
2380 1061 2736 1133 pauperibus
2768 1075 2905 1117 vero
2937 1064 3104 1116 extra
3129 1059 3427 1116 civitatem
3459 1060 3738 1117 elemosi-

2081 1163 2209 1206 nam
2233 1149 2435 1220 largiri
2460 1154 2898 1221 mercatumque
2924 1149 3114 1222 parari
3142 1148 3420 1222 precepit.
3448 1149 3585 1206 Nam
3628 1149 3740 1206 ob-

2081 1238 2329 1294 sistente
2363 1238 2726 1310 suspicione,
2773 1237 3142 1310 paucissimis
3176 1237 3459 1308 personis,
3490 1241 3548 1293 et
3583 1236 3735 1310 ipsis

2079 1326 2279 1398 precio
2329 1325 2668 1398 furtimque,
2717 1325 3018 1396 cujusdam
3070 1327 3232 1381 urbis
3265 1326 3355 1380 vel
3385 1325 3566 1382 castri
3602 1325 3736 1382 sive

2081 1415 2424 1472 munitionis
2449 1430 2553 1486 per
2576 1419 2762 1472 totum
2788 1415 3091 1487 imperium
3121 1415 3249 1485 ejus
3275 1415 3735 1487 permittebatur

2081 1501 2400 1572 ingressus.
2449 1503 2568 1569 Qua
2604 1503 2777 1560 etiam
2811 1519 2990 1560 causa
3015 1503 3149 1560 dum
3179 1503 3564 1561 Willihelmus
3594 1518 3730 1560 cum

2057 1592 2345 1648 exercitu
2362 1607 2464 1664 per
2479 1591 2721 1648 mediam
2738 1591 3348 1664 Andrianopolim,qna
3367 1592 3524 1662 regia
3538 1596 3730 1650 strata

385 1679 709 1760 Visus'est
739 1720 768 1760 a
804 1713 1004 1765 nostro
1070 1679 1318 1782 quodam
1382 1679 1652 1770 familiari
1711 1717 1783 1771 ab
1815 1713 1970 1771 oeci'
2001 1706 2052 1766 B
2083 1679 2267 1782 fluci‘»
2291 1680 2541 1782 ω’θξῖδίνίξ
2568 1681 2997 1782 ΡῗοδίῬθῗθίξπν
3024 1681 3297 1782 Αίνξίίθηί
3319 1680 3729 1782 ,ωθκβθῐξίίδιί

316 1784 488 1880 dente
516 1789 572 1844 in
595 1793 878 1851 orientem
911 1798 1117 1856 volans
1147 1801 1298 1870 ignis
1333 1801 1402 1858 ad
1432 1803 1616 1859 instar
1644 1818 1753 1859 non
1790 1796 1972 1880 modi:

312 1885 394 1967 cae
424 1875 704 1967 civitatis.
738 1913 805 1922 --
839 1885 1300 1946 Vermiculorum
1343 1905 1592 1961 quoque,
1631 1907 1778 1962 quos
1809 1875 1970 1964 ρει)ίῖ

317 1955 500 2050 li‘ones
529 1978 557 2019 a
591 1955 1507 2034 similitudinetabernaculorum
1535 1955 1772 2050 vobant,
1799 1955 1968 2038 exers

310 2046 466 2138 citus
496 2052 859 2117 incredibilis
917 2064 1313 2123 multitudinis
1372 2083 1476 2138 per
1510 2073 1633 2124 tres
1663 2046 1968 2125 continuo‘

315 2135 442 2224 dies
469 2145 632 2212 quasi
668 2161 699 2202 a
757 2151 1018 2209 Saxonize
1078 2154 1290 2210 ﬁnibus
1332 2135 1386 2210 in
1465 2155 1787 2224 Bajoariam
1837 2157 1967 2213 vola

314 2223 492 2317 b3.”-
537 2261 577 2271 ⁸·
625 2235 750 2292 MO"
803 2241 1094 2308 Profectio
1154 2245 1459 2315 populosa,
1515 2223 1573 2299 et
1634 2261 1760 2316 quae
1819 2260 1962 2317 pene

309 2313 488 2381 priori
507 2329 700 2389 posset
722 2341 962 2384 numero
977 2313 1278 2387 dumtaxat
1314 2313 1962 2404 azquari,subsequitur,

307 2414 435 2471 quae
463 2414 598 2477 post
631 2413 862 2470 auditas
895 2415 1048 2473 ultra
1079 2433 1238 2490 spem
1273 2435 1366 2477 res
1419 2421 1811 2478 llierosolimae
1837 2437 1965 2493 pro-

321 2505 493 2562 spere
523 2502 740 2568 gestas,
768 2520 796 2557 a
831 2504 1081 2562 residuis
1112 2507 1292 2565 totius
1321 2509 1644 2566 cccidentis
1665 2511 1960 2583 gentibus,

326 2583 570 2641 maxime
601 2589 788 2647 abhis
839 2609 1081 2662 quorum
1119 2597 1279 2667 prius
1311 2598 1462 2654 votis
1501 2599 1673 2656 timor
1702 2599 1793 2656 vel
1825 2599 1964 2656 ditii-

305 2667 520 2738 dentia,
539 2674 726 2747 inopia
750 2680 841 2734 vel
868 2681 1220 2740 inbecillitas
1261 2686 1638 2756 obstiterant,
1657 2687 1843 2744 denuo
1866 2703 1962 2760 pa-

312 2761 554 2849 rabatur
581 2766 681 2832 "*;
739 2768 986 2838 primum
1047 2773 1118 2828 ab
1167 2773 1462 2846 episcopis
1519 2776 1952 2849 Mcdiolanensi,

309 2847 581 2937 l’apiensi
614 2857 964 2928 caterisque
999 2861 1509 2932 Longobardorum
1543 2865 1776 2937 populis
1797 2867 1864 2921 ad
1889 2847 1958 2924 50

310 2935 463 3026 milia
505 2940 768 3014 signatis,
819 2945 1027 3004 deinde
1060 2965 1088 3006 a
1125 2951 1489 3008 diversarum
1526 2935 1960 3026 provinciarum

307 3023 701 3119 :l‘heutonicis,
721 3039 1015 3104 postremo
1041 3040 1112 3094 ab
1131 3040 1513 3111 Aquitanicis,
1526 3023 1753 3113 quibus
1773 3043 1953 3099 Willi-
1984 3058 2032 3119 α

2083 1773 2478 1825 tumescentes
2513 1770 2684 1840 fastu,
2711 1770 2956 1826 simbola
2977 1769 3359 1839 conclamant,
3387 1768 3727 1826 suburbana

2079 1857 2768 1924 succendunt,civitatem
2785 1858 3084 1929 invadunt,
3102 1858 3271 1929 cujus
3303 1858 3725 1930 oppugnationi

2079 1945 2212 2002 dum
2237 1946 2458 2002 acriter
2481 1946 2774 2016 insistunt,
2793 1947 3226 2002 Pincinatorum
3250 1947 3593 2018 exercitum,
3622 1948 3724 2018 qui

2077 2049 2326 2106 semper,
2355 2040 2418 2090 ut
2447 2035 2791 2106 premissum
2817 2040 2928 2105 est,
2956 2035 3069 2092 iter
3088 2036 3274 2108 ipsum
3291 2036 3461 2106 jussu
3483 2036 3725 2092 caesaris

2073 2125 2369 2194 observat,
2408 2137 2437 2178 a
2480 2128 2648 2192 tergo
2697 2123 3063 2195 suscipiunt;
3127 2124 3338 2194 quibus
3394 2124 3718 2194 congressi,

2074 2212 2288 2269 multos
2322 2216 2616 2282 sternunt,
2659 2211 2874 2269 multos
2906 2212 3200 2284 amittunt,
3231 2212 3464 2268 tandem
3495 2213 3585 2268 via
3617 2213 3722 2269 du-

2074 2301 2208 2358 dum
2243 2305 2578 2373 contempta
2607 2301 2847 2357 vadunt.
2873 2301 3055 2370 Igitur
3089 2306 3251 2357 totus
3282 2299 3380 2356 ille
3403 2305 3722 2372 tantusque

2071 2388 2326 2462 pepulus
2350 2404 2453 2460 per
2472 2391 2644 2446 Roma
2657 2389 2803 2444 niam
2828 2389 2940 2444 iter
2964 2389 3218 2458 dirigere
3238 2387 3606 2460 disponebat,
3622 2403 3722 2444 ne-

2071 2477 2327 2532 cessaria
2364 2477 2473 2532 sibi
2508 2477 2757 2547 quisque
2786 2490 2890 2548 per
2921 2476 3154 2532 deserta
3184 2476 3484 2532 coemebat
3511 2493 3525 2542 ;
3561 2476 3720 2532 ultra

2074 2564 2371 2622 brachium
2399 2565 2536 2622 illud
2555 2565 2730 2623 maris
2746 2565 2898 2637 quod
2916 2565 3110 2622 Sancti
3125 2565 3354 2636 Georgii
3370 2565 3717 2621 diciturtam

2071 2653 2353 2725 compulsi
2401 2669 2569 2725 quam
2603 2653 2920 2711 voluntarii
2956 2654 3404 2724 transvehimnr,
3439 2655 3538 2710 sed
3573 2655 3720 2710 coti-

2070 2740 2224 2798 diani
2277 2743 2600 2814 principum
2631 2747 2973 2813 conventus,
3027 2743 3322 2800 cotidiana
3357 2743 3531 2798 etiam
3561 2742 3720 2815 ipso-

2072 2845 2194 2886 rum
2227 2845 2356 2886 cum
2381 2831 2732 2902 imperatore
2763 2831 3054 2903 colloquia
3079 2846 3248 2902 quem
3275 2831 3441 2886 ﬁnem
3476 2831 3595 2886 sint
3617 2831 3717 2887 ha-

2069 2918 2281 2988 bitura,
2319 2918 2553 2990 penduli
2609 2918 2779 2975 nimis
2809 2919 3128 2992 operimur.
3187 2919 3298 2976 Sed
3346 2933 3482 2976 ecce
3513 2920 3714 2976 subito

2064 3021 2324 3062 murmur
2346 3007 2613 3064 exoritur
2635 3007 2904 3079 invisum,
2927 3008 3336 3080 imperatorem
3349 3008 3707 3065 Thurcorum

305 3111 535 3200 liclmus
553 3095 940 3181 Pictaviensis
955 3095 1214 3198 preerat;
1242 3133 1440 3199 preter
1452 3095 1753 3200 vulgus
1984 3095 2032 3119 υ
2062 3095 2264 3200 9
2473 3096 2938 3200 PhriS‘iQVOT"?
2962 3097 3113 3168 parti
3129 3097 3706 3200 lif'e’ezfxp'malis‘

303 3199 584 3289 loricatis.
639 3208 1146 3280 Longobardorum
1184 3215 1406 3287 plebes,
1465 3199 1754 3289 permissu
1785 3220 1953 3276 Hein-

300 3287 405 3344 rici
431 3291 705 3352 maducis
732 3299 1025 3357 Carintbia
1048 3308 1370 3373 permeata,
1410 3287 1540 3361 dum
1569 3310 1700 3377 post
1726 3309 1952 3378 Ungros

303 3380 466 3447 tergo
499 3381 738 3439 relictos
766 3386 819 3442 in
855 3389 1148 3458 Burgarizc
1185 3392 1331 3464 (203)
1368 3391 1707 3451 civitatibus
1739 3395 1954 3452 hiema-

299 3471 446 3536 rent,
478 3483 714 3529 numero
752 3489 1054 3533 rarescere
1089 3485 1392 3551 ceperunt,
1430 3481 1778 3552 tandemque
1813 3485 1954 3541 Con-

297 3555 739 3646 stantinopolim
801 3565 1230 3636 pervenientes,
1283 3567 1337 3623 in
1390 3568 1634 3626 alteram
1666 3571 1850 3642 ripam
1883 3604 1952 3613 -—

299 3637 612 3732 illudenim
639 3648 984 3709 beneﬁcium
1021 3653 1369 3712 maledictus
1405 3656 1641 3716 Alexius
1672 3637 1762 3692 “59
1794 3675 1954 3732 pere-

293 3729 480 3795 grinis
495 3734 829 3793 accelerare
846 3739 998 3796 solet
1018 3745 1475 3816 —transposita:
1491 3751 1650 3817 sunt,
1673 3729 1846 3806 immo
1864 3759 1955 3822 pa‘

2061 3196 2170 3252 que
2195 3197 2322 3253 quia
2341 3183 2496 3240 circa
2522 3197 2628 3240 nos
2675 3188 2863 3255 erant,
2895 3185 3299 3256 frequentibus
3319 3184 3452 3241 illos
3503 3189 3708 3241 contra

2060 3285 2168 3326 nos
2195 3271 2424 3327 nunciis
2447 3271 2722 3328 animare.
2749 3272 2870 3330 Hic
2893 3272 3294 3344 est,inquiunt,
3313 3271 3580 3346 perﬁdus
3608 3272 3720 3328 ille

2061 3360 2330 3429 Αἰσαγέης,
2347 3360 2476 3431 qui,
2498 3361 2731 3418 donatae
2758 3375 2864 3418 suo
2889 3361 3225 3419 ΜὶοΙιαΙιείἰ
3253 3360 3461 3434 1°°°per
3480 3375 3720 3432 quorm:

2061 3447 2199 3504 dam
2227 3449 2700 3506 Alamannorum
2729 3450 3235 3509 conducticiorum
3277 3451 3583 3508 auarilz‘am
3625 3451 3720 3508 de'

2051 3537 2246 3608 pulso,
2299 3537 2618 3609 impartam
2664 3536 2910 3612 :‘Mejas
2947 3539 3286 3612 usurpavit.
3321 3540 3595 3611 ipsosque
3613 3540 3717 3596 sui

2057 3625 2299 3684 sceleris
2328 3627 2730 3697 coeperatores
2761 3627 2945 3686 milia
2975 3629 3286 3686 damnatos
3313 3628 3718 3700 necari/coit;

2055 3728 2400 3786 nancqaese
2423 3715 2580 3771 tanti
2595 3715 2811 3787 facere
2832 3716 2984 3774 dicit
3006 3707 3267 3776 Francos
3293 3726 3427 3775 cum
3458 3715 3714 3774 Taurei:

291 3828 569 3882 ganorum
591 3825 832 3893 sagittis
856 3830 1162 3900 expositae.
1200 3801 1408 3890 Th-nrci
1441 3835 1613 3904 enim,
1637 3801 1950 3908 explorata
2050 3801 2414 3908 Ρνξδίὶαηίθδί
2431 3803 2648 3903 93‘0""?
2658 3817 2833 3862 can“
2843 3819 2905 3862 ⁸⁸
2923 3806 3178 3908 infe”:
3194 3803 3550 3908 Ψάθῖδίδδζ
3568 3805 3711 3861 cum

293 3901 806 3976 Longobardorum
864 3917 1094 3989 inertia,
1153 3921 1506 3992 stipularum
1542 3901 1646 3979 eos
1679 3901 1950 3982 tei‘ebant

295 4006 472 4066 more,
517 3997 573 4055 in
625 4006 851 4061 tantum
880 4010 942 4061 ut
967 4009 1266 4064 exercitus
1288 4011 1703 4082 Theutonicus,
1731 4014 1827 4084 qui
1860 4030 1954 4071 ea-

267 4085 420 4141 -dem
472 4087 560 4146 via
618 4093 974 4152 subsecutus
1027 4096 1183 4153 circa
1216 4099 1368 4155 Junii
1401 4099 1690 4157 Kalendas
1719 4103 1787 4157 ad
1817 4111 1952 4159 ean‘

292 4172 418 4230 dem
455 4180 821 4252 metropolim
885 4186 1172 4256 pervenit,
1219 4187 1354 4258 quid
1389 4187 1461 4243 de
1495 4190 1947 4260 precedentibus

292 4277 352 4316 se
380 4271 613 4332 gestum
645 4269 742 4339 sit,
779 4271 942 4329 nullo
966 4274 1155 4344 modo,
1191 4280 1396 4346 utpote
1429 4277 1590 4333 nullo
1618 4281 1944 4350 superstite

290 4351 361 4408 de
407 4353 682 4412 Romanis
718 4359 1018 4430 redeunte,
1079 4368 1284 4434 posset
1333 4363 1706 4436 investigare.
1746 4368 1828 4422 Ab
1861 4368 1942 4424 in-

289 4455 497 4510 gressu
521 4445 736 4516 quippe
760 4447 853 4503 vel
878 4449 1058 4520 prima
1080 4451 1324 4508 civitate
1349 4453 1635 4524 Bulgaria
1661 4470 1845 4528 usque
1867 4457 1936 4513 ad

293 4528 488 4586 sedem
516 4531 721 4604 Alexii,
767 4550 999 4608 semper
1023 4539 1192 4595 nobis
1215 4539 1342 4610 ejus
1366 4542 1592 4614 paciﬁci
1617 4545 1811 4600 nuncii
1843 4561 1940 4602 oc-

291 4620 628 4692 currebant,
651 4623 746 4692 qni
767 4627 960 4681 tamen
979 4625 1294 4698 aliquando
1319 4644 1421 4686 nos
1441 4631 1828 4702 precedentes
1845 4635 1935 4690 vel

287 4706 638 4766 comitantes
664 4711 990 4769 favillarum
1013 4717 1484 4774 evanescentium
1505 4734 1663 4776 more
1683 4719 1937 4793 dispare-

292 4795 449 4852 bant.
491 4798 732 4856 Militum
761 4803 935 4858 etiam
961 4817 1220 4876 suorum,
1247 4820 1396 4876 quos
1411 4807 1747 4866 Pincinatos
1777 4811 1934 4866 voci-

290 4886 436 4955 tant,
470 4888 768 4946 exercitus
788 4886 938 4948 nunc
971 4891 1140 4949 nobis
1168 4908 1198 4949 a
1227 4897 1394 4964 tergo
1426 4894 1694 4954 damnum
1731 4897 1928 4954 intulit

287 4987 436 5030 nunc
469 4989 498 5030 a
555 4975 740 5034 latere
772 4979 884 5034 vim
943 4979 1181 5051 inferre,
1213 4997 1366 5039 nunc
1403 4997 1433 5039 a
1468 4983 1659 5041 fronte
1705 4984 1927 5042 directa

289 5059 432 5117 facie
480 5077 706 5121 manum
757 5067 1044 5139 conferre,
1107 5084 1258 5126 nunc
1314 5085 1418 5141 per
1474 5076 1678 5130 noctes
1731 5080 1928 5132 castra

289 5147 613 5222 irrumpere
629 5153 942 5225 disposuit,
961 5171 1192 5228 semper
1208 5162 1399 5214 tamen
1413 5159 1778 5232 nobisper20
1799 5161 1926 5220 dies

2060 3893 2252 3946 autem
2284 3891 2512 3960 navigia
2553 3892 2858 3963 quisquam
2890 3892 3218 3950 conducere
3239 3897 3578 3965 temptaret,
3610 3907 3714 3949 au-

2061 3977 2208 4034 divit
2255 3993 2532 4036 caesarem
2593 3978 2836 4036 insidias
2871 3981 3195 4051 peregrinis
3247 3981 3423 4038 etiam
3453 3981 3511 4038 in
3564 3981 3712 4036 mari

2060 4067 2352 4137 posuisse,
2388 4067 2721 4139 multasque
2751 4067 2968 4124 dudum
2999 4068 3202 4125 eodem
3239 4068 3494 4126 facinore
3525 4083 3710 4124 naves

2056 4169 2188 4211 eum
2219 4156 2629 4213 submersisse.
2680 4155 3048 4228 Quapropter
3081 4171 3282 4214 omnes
3311 4172 3441 4214 eum
3472 4155 3712 4214 maledi-

2054 4242 2266 4298 cebant
2311 4248 2372 4300 et
2421 4243 3012 4315 anathematizabant,
3071 4260 3271 4303 omnes
3303 4245 3464 4302 illum
3493 4243 3712 4316 linguai

2053 4345 2167 4387 non
2195 4331 2611 4403 imperatorem
2663 4333 2762 4388 sed
2794 4333 3141 4390 traditorem
3172 4333 3574 4406 appellabant.
3616 4334 3708 4388 ln-

1971 4411 2022 4471 D
2052 4418 2337 4475 credibile
2361 4425 2684 4477 memoratu
2709 4424 2796 4477 est
2815 4427 2874 4477 et
2896 4420 2967 4476 ad
2991 4421 3414 4480 recordandum
3437 4421 3707 4492 expertis

2051 4505 2354 4577 horribile,
2381 4511 2595 4578 quanta
2621 4509 2675 4564 in
2702 4513 2926 4578 nostro,
2952 4509 3060 4566 hoc
3085 4515 3171 4566 est
3198 4509 3563 4580 Germanico,
3586 4507 3711 4565 col-

2048 4591 2200 4664 legio
2234 4595 2389 4665 quod
2438 4595 2708 4652 omnibus
2755 4602 2879 4652 erat
2917 4597 3130 4668 rarius,
3183 4601 3322 4654 tunc
3353 4597 3530 4655 fuerit
3563 4596 3708 4653 titu-

2045 4681 2225 4753 batio,
2252 4682 2386 4738 dum
2419 4682 2655 4740 videres
2685 4689 2911 4755 patrem
2937 4699 2965 4740 a
2991 4684 3132 4756 ﬁlio,
3160 4687 3398 4744 fratrem
3421 4700 3448 4742 a
3474 4699 3708 4755 germa-

2041 4792 2136 4848 no,
2171 4779 2391 4835 socium
2444 4779 2514 4835 ab
2558 4778 2746 4836 amico
2795 4780 2979 4838 multo
3011 4781 3268 4838 amarius
3321 4796 3491 4854 quam
3538 4795 3704 4837 mors

2039 4878 2274 4947 separat
2304 4891 2435 4932 cum
2487 4876 2605 4934 vita
2637 4877 2922 4949 separari,
2959 4876 3148 4936 altero
3180 4882 3376 4949 terrae,
3409 4878 3598 4934 altero
3631 4891 3700 4934 se

2037 4973 2440 5029 committente
2465 4973 2998 5047 mari,rnrsumque
3022 4973 3306 5046 quosdam
3329 4979 3462 5048 post
3479 4988 3700 5047 appen-

2035 5083 2164 5126 sum
2191 5069 2446 5140 naulum,
2479 5074 2613 5142 post
2657 5083 2826 5128 unam
2854 5071 2948 5128 vel
2979 5070 3126 5130 duas
3167 5071 3237 5128 in-
3257 5070 3388 5129 navi
3423 5076 3695 5128 transac-

2031 5166 2124 5222 tas
2155 5169 2378 5234 noctes,
2413 5170 2708 5239 resumpta
2740 5165 3138 5239 suppellectili
3161 5165 3234 5224 ad
3266 5166 3406 5224 litus
3435 5180 3565 5224 cum
3602 5167 3688 5223 in-

1642 5257 1878 5314 VARIIE
1920 5259 2320 5319 LECTIONES.

359 5331 446 5367 ³⁸⁸⁸
477 5335 542 5390 Η.
581 5341 627 5392 1.
658 5337 790 5394 rell.
871 5338 962 5374 “8°
991 5341 1056 5396 Α.
1094 5346 1140 5397 1.
1173 5345 1408 5414 sapius.
1489 5343 1582 5378 ιθοο
1612 5345 1679 5401 Μ.
1715 5350 1760 5401 1.
1842 5345 1930 5381 1⁸⁸⁸
1960 5363 2200 5420 regnum
2237 5356 2287 5408 δ.

1877 5435 2098 5494 NOTE.

356 5492 507 5566 (293)
539 5493 576 5550 i.
610 5507 662 5550 e.
701 5494 1004 5566 Bulgaria.
