3972 6042
192 205 306 276 981

1062 195 1505 266 CHRONICA.
1537 225 1617 243 -
1642 180 2123 256 CHRONICON
2168 136 2721 260 UNlVERSALE.

3490 200 3610 267 982

192 342 353 420 genti
393 339 603 405 damno
644 340 942 421 prosilire,
988 343 1308 422 redemptis
1339 344 1536 420 precio
1563 343 1850 421 ampliori,
1886 335 1937 398 A
1970 340 2107 404 bant
2135 344 2617 407 machinamenta.
2648 344 2793 417 Quid
2822 343 3052 409 moror?
3082 346 3173 407 Sic
3196 363 3300 423 per
3322 347 3444 412 dies
3466 364 3612 428 pene

195 452 345 510 quos
366 451 552 510 nuper
575 434 998 509 distraxerant,
1022 438 1210 509 equis,
1237 439 1308 496 ad
1333 452 1553 506 necem,
1576 436 1850 508 fugiendo

194 532 444 587 mortem
475 526 585 600 m’,
618 542 955 600 preperare.
1002 529 1118 585 Nos
1157 543 1389 600 quoque
1430 529 1632 586 eadem
1674 527 1847 586 animi

194 614 500 675 nutatione
527 615 626 673 diu
660 615 1022 688 multumque
1048 616 1264 687 vexati,
1292 616 1528 674 tandem
1562 616 1713 673 inter
1743 631 1848 675 eos

191 704 289 778 qui
315 720 379 762 se
399 704 523 762 salo
544 704 789 763 credere
818 710 1319 780 prcsumpserant,
1354 706 1547 763 divina
1580 705 1846 764 miserias

197 799 433 853 nostras
460 795 829 866 gubernante
869 796 1196 867 clementia,
1234 798 1415 868 Joppe
1443 802 1676 868 portum
1709 798 1843 867 post

192 898 300 942 sex
346 882 703 942 ebdomadas
751 885 1053 955 attigimus
1082 883 1303 958 (Auq.),
1341 885 1690 944 benedictus
1740 899 1845 958 per

187 972 379 1031 omnia
410 973 577 1031 Iesus
607 974 909 1031 Christust

331 1066 353 1086 '
385 1063 648 1135 Reliqua
680 1062 864 1136 hujus
891 1064 1041 1122 anni
1076 1061 1183 1121 hoc
1213 1064 1332 1122 loco
1363 1063 1578 1122 desunt
1602 1062 1663 1117 D.

334 1151 384 1175 “
412 1151 675 1224 Reliqua
698 1154 882 1225 hujus
905 1154 1053 1211 anni
1082 1153 1297 1211 desunt
1320 1153 1378 1209 E.

332 1242 405 1265 “'
438 1257 491 1313 p.
529 1243 609 1314 De
645 1244 811 1314 cujus
853 1244 936 1298 rei
976 1247 1185 1299 eventu
1233 1243 1379 1298 alias
1426 1241 1655 1310 plenius
1702 1238 1846 1297 scri-

400 1318 566 1386 ptum
597 1313 896 1371 habemus.
936 1316 994 1371 C.
1026 1314 1287 1385 reliquis
1317 1314 1573 1371 omissis.

264 1422 449 1478 Porro
486 1420 787 1477 exercitus
826 1420 1198 1489 universalis,
1238 1422 1309 1477 ab
1350 1421 1704 1492 imperatore
1743 1422 1848 1475 300

194 1507 599 1581 Thurcopolis.
636 1510 732 1580 qui
761 1508 1023 1579 legiones
1052 1514 1190 1581 apto
1223 1510 1433 1567 itinere
1465 1509 1844 1565 deducerent.

1963 436 2227 509 20quasi
2274 437 2503 509 signum
2555 438 2625 498 ad
2675 439 2926 510 sagittas
2972 440 3249 513 expositi,
3284 442 3368 499 sic
3394 441 3613 501 cotidie

1959 530 2255 600 tamquam
2301 543 2438 587 oves
2485 531 2800 589 occisionis
2846 531 3121 600 estimati,
3166 532 3397 590 tandem
3431 533 3487 589 in
3516 548 3612 590 ex-

1960 620 2145 674 trema
2173 619 2289 689 jam
2322 625 2482 678 sorte
2515 622 2711 693 positi,
2745 636 3045 679 nemorum
3069 637 3131 679 se
3152 621 3402 679 saltibus
3429 625 3607 679 noctu

1958 707 2222 780 tradunt,
2266 725 2554 770 morosam
2586 712 2690 769 sed
2721 715 2940 770 certam
2975 712 3083 769 sibi
3117 718 3361 770 mortem
3390 711 3610 769 accele-

1959 811 2090 854 rare
2121 802 2420 871 satagunt,
2455 802 2719 873 quamvis
2749 802 3116 873 paucissimis
3142 803 3271 872 fuga
3300 802 3608 873 quicquam

1954 886 2331 945 emolumenti
2357 890 2691 961 contulerit,
2727 895 2925 964 preter
2949 890 3102 962 quod
3128 892 3379 948 omnium
3405 890 3606 948 ultima

1956 976 2072 1033 fata
2105 977 2397 1034 tardantia
2426 980 2870 1037 consummavit.
2907 981 3043 1037 Nam
3069 979 3140 1036 de
3162 984 3279 1036 tam
3302 979 3607 1036 innumero

1958 1066 2171 1138 populo
2200 1068 2319 1137 Dei,
2355 1068 2496 1125 heu!
2534 1069 2677 1125 heu!
2711 1084 2823 1126 non
2847 1069 3142 1126 credimus
3166 1069 3321 1125 mille
3342 1070 3501 1125 viros
3527 1081 3608 1126 re'

1956 1156 2264 1225 mansisse,
2305 1172 2448 1227 quos
2487 1163 2692 1229 postea
2726 1159 2822 1214 vix
2853 1159 3085 1216 ossibus
3116 1159 3391 1215 herentes
3420 1160 3602 1227 Rodo,

1956 1245 2156 1315 Papho
2210 1247 2560 1318 czeterisque
2612 1248 2917 1318 portubus,
2970 1263 3135 1304 raros
3184 1252 3375 1304 autem
3427 1248 3603 1304 etiam

1954 1335 2139 1405 Joppe
2158 1335 2440 1402 vidimus;
2465 1350 2497 1392 e
2520 1337 2734 1407 quibus
2760 1337 3131 1394 Bernhardus
3149 1351 3344 1393 cernes
3362 1342 3421 1392 et
3437 1335 3608 1392 Hein-

1959 1422 2117 1479 ricus
2150 1438 2348 1480 comes
2389 1425 2832 1496 Ratisponensis
2872 1426 3268 1483 Hierosolimae
3307 1425 3601 1494 obierunt,

1958 1510 2074 1567 dux
2105 1526 2245 1568 vero
2276 1513 2558 1570 Waiull‘us
2587 1512 2676 1547 “9‘
2706 1516 3058 1571 revertendo
3097 1516 3367 1585 moriens,
3408 1513 3603 1585 Papho

192 1598 476 1672 acceptis,
509 1603 713 1656 contra
740 1599 1132 1656 Nicomediam
1159 1600 1433 1667 vertitur,
1462 1598 1710 1668 indeque
1738 1597 1850 1652 Rc-
1957 1603 2045 1655 est
2062 1600 2355 1657 humatus.
2385 1603 2540 1658 inter
2562 1602 2954 1669 longissimam
2978 1603 3340 1659 cruciatuum
3363 1618 3601 1659 suorum

184 1687 439 1745 maniam
477 1686 801 1758 declinans,
833 1688 904 1744 ad
938 1688 1326 1759 aquilonalem
1375 1689 1597 1759 plagam
1639 1690 1842 1743 contra
1872 1732 1927 1795 B
1959 1688 2301 1760 hysteriam,
2335 1706 2502 1760 quam
2536 1692 2627 1746 hic
2660 1696 2860 1748 texere
2892 1705 2998 1747 nec
3039 1692 3164 1761 ipsa
3201 1692 3601 1762 compendiosi

189 1783 410 1834 terram
460 1775 858 1846 Cborizanam,
914 1791 1040 1847 quae
1087 1777 1442 1833 Thurcorum
1489 1780 1579 1832 est
1630 1773 1838 1846 patria,

186 1862 577 1923 convertitur.
609 1865 753 1921 Loca
778 1864 994 1937 quippe
1016 1865 1327 1935 Romaniae,
1360 1879 1489 1935 quae
1511 1863 1666 1920 circa
1696 1864 1842 1918 stra-

190 1959 309 2010 tam
336 1952 626 2026 publicam
648 1956 837 2022 erant,
858 1954 1131 2024 perjurus
1151 1952 1387 2009 Alexius
1410 1952 1836 2019 devastaverat,

178 2042 319 2099 dum
348 2041 572 2098 nostris
596 2041 651 2096 in
677 2040 982 2097 Antiochia
1017 2040 1233 2097 dudum
1268 2040 1530 2097 obsessis
1560 2038 1838 2095 auxilium

179 2130 338 2187 ferre
370 2144 483 2187 non
518 2129 764 2186 auderet
798 2133 861 2185 ut
888 2129 1212 2199 juraverat,
1258 2133 1567 2199 suspectus
1605 2125 1834 2183 scilicet

176 2225 394 2276 extunc
426 2221 548 2274 tam
579 2217 817 2274 Francis
849 2231 1016 2287 quam
1056 2216 1317 2272 Thurcis.
1354 2218 1596 2286 Insuper
1625 2212 1836 2269 milicia

177 2306 304 2365 haec
337 2320 542 2363 nomen
576 2306 686 2363 sibi
716 2306 907 2363 facere
936 2306 991 2361 in
1023 2305 1317 2374 gentibus,
1355 2302 1837 2375 quemadmodum

178 2395 465 2465 anterior,
512 2394 853 2467 proposuit;
895 2394 1019 2463 sed,
1053 2398 1116 2449 ut
1145 2394 1227 2449 rei
1265 2393 1531 2465 probavit
1565 2395 1833 2448 eventus,

174 2484 391 2543 divinae
411 2482 465 2540 id
488 2482 978 2555 predestinationi
1004 2496 1117 2539 non
1140 2480 1515 2553 complacuit.
1543 2482 1680 2537 Nam
1703 2483 1836 2535 ante

176 2587 402 2646 paucos
424 2571 549 2629 dies
573 2571 724 2629 idem
750 2571 953 2644 pagani
980 2571 1036 2627 in
1063 2570 1599 2640 Langobardorum,
1624 2574 1685 2626 ut
1712 2582 1837 2641 pre'

180 2662 425 2720 missum
451 2664 564 2731 est,
598 2660 698 2717 vix
728 2660 928 2731 tepido
973 2659 1252 2729 sanguine
1301 2658 1612 2714 hebetatos
1661 2662 1832 2714 antea

180 2748 413 2820 gladios
453 2748 829 2818 duraverant,
868 2746 1118 2817 indeque
1149 2746 1408 2815 animati,
1442 2750 1559 2801 tam
1591 2744 1832 2802 inﬁnitae

181 2836 544 2895 multitudini
570 2836 921 2894 bellatorum
944 2835 1225 2893 resistere
1250 2835 1685 2906 presumebant.
1708 2835 1829 2890 Non

179 2925 367 2985 multo
398 2925 532 2997 plus
563 2940 732 2995 quam
767 2927 1019 2995 quatuor
1052 2927 1218 2981 erant
1252 2922 1410 2979 milia
1447 2923 1825 2991 Thurcorum,

1956 1777 2131 1845 hujus
2176 1780 2373 1849 operis
2414 1781 2743 1850 proprietas
2793 1781 3102 1850 permittit,
3140 1780 3210 1835 de
3237 1781 3603 1838 nostratibus

1956 1866 2422 1939 archipiscopum
2473 1867 2952 1937 Salzhurgensem
2997 1868 3323 1924 Tiemonem
3372 1866 3463 1903 1⁸⁸⁵
3509 1882 3603 1925 ca-

1955 1960 2138 2026 ptum,
2188 1956 2553 2012 marchisiam
2584 1958 2649 2012 N.
2684 1956 3055 2025 trucidatam,
3105 1955 3254 2012 duos
3301 1957 3601 2013 Brunones

1950 2044 2283 2113 canonicos,
2320 2045 2549 2100 nobiles
2594 2045 2773 2115 viros,
2808 2046 2998 2101 inedia
3049 2045 3264 2115 sitique
3314 2045 3598 2103 defecisse

1954 2132 2315 2198 referebant;
2351 2134 2420 2189 de
2454 2133 2673 2188 Latinis
2720 2147 2861 2188 vero
2910 2133 3277 2205 principibus
3326 2132 3600 2190 Willihel-

1950 2234 2124 2287 mum,
2187 2220 2631 2290 Regimundum,
2696 2220 3070 2291 Stephanum,
3132 2226 3596 2293 caeterorumque

1949 2306 2200 2378 aliquam
2234 2313 2458 2379 partem
2494 2323 2800 2379 superesse
2837 2309 3127 2364 dicebant.

2021 2397 2160 2452 Dum
2193 2397 2317 2453 haec
2347 2398 2426 2453 ita
2460 2402 2765 2465 geruntur,
2796 2410 2902 2451 nec
2932 2396 3024 2451 his
3054 2397 3151 2466 qui
3174 2395 3231 2452 in
3250 2396 3431 2453 ludea
3457 2403 3590 2454 sunt

1950 2484 2295 2541 Christianis
2335 2484 2617 2555 parcitur,
2649 2484 2752 2539 sed
2787 2488 2901 2539 tam
2931 2484 3003 2540 ab
3036 2484 3387 2541 Ascalonitis
3417 2489 3592 2555 atque

1945 2572 2317 2629 Damascenis
2344 2572 2634 2629 cotidiana
2666 2572 2974 2654 latrocinia
3005 2585 3173 2641 quam
3202 2587 3229 2627 a
3260 2571 3590 2643 Babyloniis

1948 2658 2097 2716 bella
2122 2665 2423 2732 parantur.
2448 2663 2587 2718 Post
2612 2661 2713 2715 Mai
2740 2661 2953 2731 quippe
2976 2659 3262 2717 Kalendas
3284 2674 3397 2717 non
3419 2660 3591 2732 longe

1945 2762 1974 2802 a
2007 2748 2179 2804 Rama
2212 2753 2402 2805 castra
2439 2753 2690 2804 metatus
2719 2752 2813 2803 est
2844 2746 3229 2817 Babylonicus
3267 2748 3585 2817 exercitus,

1942 2840 2143 2893 contra
2170 2852 2337 2908 quem
2363 2837 2545 2893 aciem
2569 2837 2782 2892 direxit
2810 2834 2901 2869 ⁸⁸⁸⁸
2925 2849 3024 2890 rex
3052 2834 3423 2904 Balduvinus,
3451 2850 3589 2892 suos

1941 2923 2212 2981 hortatus
2246 2929 2309 2979 ut
2339 2925 2489 2981 sicut
2520 2928 2654 2979 ante
2680 2937 2903 2995 paucos
2931 2922 3057 2979 dies
3086 2937 3187 2993 per
3215 2923 3311 2979 Dei
3339 2924 3586 2993 gratiam

171 3014 273 3087 qui
313 3019 506 3071 tamen
538 3013 651 3086 ipsi
684 3012 857 3069 electi
885 3016 943 3070 et
975 3012 1141 3082 equis
1189 3010 1600 3081 velocissimis,
1654 3009 1829 3067 armis
1876 3085 1891 3087 Α
1939 3028 2117 3085 parva
2143 3027 2312 3069 manu
2338 3013 2574 3068 multam
2602 3011 2672 3067 de
2697 3012 2906 3067 Arabia
2940 3011 3175 3082 predam
3204 3010 3478 3082 tulerant,
3507 3012 3584 3069 ita

172 3085 427 3175 telisque
451 3117 519 3160 ac
539 3085 859 3172 sagittandi
892 3101 1098 3174 peritia
1121 3101 1293 3157 nimis
1318 3099 1616 3169 instructi,
1648 3100 1829 3155 fortu-
1860 3085 1908 3148 C
1939 3114 2091 3157 nunc
2120 3102 2375 3158 hostium
2409 3099 2766 3158 multitudini
2800 3114 2908 3156 non
2937 3100 3165 3156 cedant.
3201 3098 3471 3168 Illorum,
3504 3099 3587 3157 in-

168 3205 303 3249 nam
336 3204 501 3248 suam
534 3203 637 3246 seu
669 3188 948 3245 virtutem
998 3187 1179 3258 ignoti
1229 3186 1524 3243 exercitus
1571 3183 1825 3258 experiri

167 3279 372 3352 potius
389 3276 755 3349 explorando
773 3291 947 3348 quam
964 3278 1168 3356 aperte
1185 3273 1620 3345 congrediendo
1639 3273 1828 3331 venie-

169 3370 333 3427 bant.
391 3366 550 3424 lfnde
600 3364 864 3438 inprimis
914 3363 1392 3421 latrocinantium
1425 3376 1585 3420 more
1617 3360 1829 3431 vulgus

168 3461 501 3514 extremum
547 3453 824 3524 diripere,
862 3456 996 3525 post
1039 3452 1163 3509 haec
1201 3464 1414 3523 capere
1452 3449 1545 3507 vel
1591 3449 1822 3520 cedere,

165 3541 384 3602 deinde
408 3556 510 3614 per
532 3544 801 3613 competa
827 3542 1260 3612 precurrentes,
1285 3537 1555 3596 incendio
1580 3536 1670 3594 vel
1695 3553 1828 3609 quo.

171 3645 425 3702 cumque
479 3629 771 3686 molimine
829 3625 1043 3700 pabula
1099 3630 1464 3699 prevastare,
1512 3624 1823 3697 aliquando

165 3721 351 3779 etiam
377 3734 480 3791 per
498 3717 734 3789 junceta
753 3716 843 3774 vel
861 3719 1094 3773 carecta
1116 3714 1478 3785 gradientem
1501 3714 1821 3771 exercitum

168 3813 292 3868 tota
346 3807 438 3865 die
486 3806 733 3863 ﬂammis
775 3805 869 3862 vel
920 3805 1075 3861 fumo
1124 3818 1356 3873 vexare,
1412 3817 1823 3874 nonnunquam

167 3899 364 3955 fontes
384 3893 475 3930 ί³⁹³
496 3894 588 3951 vel
609 3893 900 3951 cisternas
929 3892 1242 3961 obdurare,
1271 3906 1300 3948 a
1324 3891 1472 3948 locis
1501 3891 1822 3948 tutioribus

164 3984 308 4043 telis
326 3984 623 4053 infestare,
646 3996 750 4054 per
771 3986 978 4039 noctes
1000 3996 1152 4038 nunc
1174 3981 1281 4037 hac
1304 3994 1452 4038 nunc
1477 3980 1574 4036 illa
1598 3984 1824 4037 castro-

165 4088 297 4133 rum
329 4076 496 4145 parte
528 4071 940 4143 irrumpentes,
973 4069 1205 4126 cunctis
1246 4068 1709 4141 inquietudinem
1739 4067 1822 4125 in-

161 4162 343 4221 ferre.
369 4163 526 4217 inter
543 4160 668 4217 hac
686 4163 879 4215 tamen
902 4157 1091 4214 omnia
1116 4171 1409 4227 nunquam
1429 4156 1553 4212 acie
1572 4155 1816 4227 directa,

161 4263 462 4322 nunquam
504 4250 699 4305 fronte
734 4249 937 4319 aperta
969 4260 1131 4302 more
1162 4244 1553 4316 praeliantium
1579 4258 1821 4315 congre-

163 4337 496 4407 diebantur,
523 4335 624 4394 sed
657 4333 1071 4392 resistentibus
1096 4333 1402 4403 cedebant,
1439 4334 1819 4403 insequentes

1940 3190 2087 3261 quit,
2112 3190 2325 3246 damno
2345 3192 2621 3247 vivamus
2642 3189 2754 3247 aut
2758 3189 3031 3260 periculo
3049 3188 3410 3245 moriamur!
3436 3190 3588 3247 Ecce

1939 3277 2175 3348 bellum,
2197 3292 2228 3333 ο
2247 3277 2381 3336 boni
2396 3278 2643 3347 milites,
2668 3278 2829 3348 quod
2845 3277 2988 3333 olim
3006 3275 3095 3310 “’7
3111 3276 3461 3347 optavimus,
3470 3291 3584 3349 pro

1935 3380 2052 3438 quo
2061 3367 2357 3439 patriam,
2366 3366 2650 3437 parentes
2664 3379 2989 3437 pacemque
3005 3362 3095 3398 "’9
3112 3364 3578 3434 contempsimus.

1935 3455 2126 3512 Porro
2136 3469 2250 3526 pro
2276 3454 2501 3513 Chrisli
2528 3453 2857 3512 hereditate
2876 3452 3083 3511 contra
3107 3453 3409 3510 invasores
3427 3452 3583 3510 San-

1936 3544 2042 3602 cta
2077 3546 2268 3601 Terra
2279 3543 2691 3615 predonesqut
2719 3542 3097 3612 alienigenas
3122 3553 3393 3613 pugnare
3414 3539 3585 3599 hone-

1934 3633 2093 3690 stum
2113 3632 2216 3702 est,
2239 3633 2472 3688 vincere
2503 3631 2652 3688 tales
2682 3643 3064 3701 nequaquam
3083 3630 3400 3697 incertum,
3431 3631 3587 3688 mori

1927 3720 2275 3792 gloriosum.
2303 3719 2344 3776 Ῑ
2343 3719 2444 3779 llis
2453 3719 2668 3791 patria
2682 3707 3248 3790 ministr’atfuqam,
3272 3716 3443 3776 nobis
3460 3719 3585 3774 eari-

1938 3809 2083 3866 ltum
2102 3808 2433 3865 victoriam.
2465 3806 2912 3879 Comprobamus
2918 3808 3054 3878 jam
3070 3807 3230 3879 quod
3244 3806 3363 3877 ipsi
3380 3819 3586 3878 ezpro-

1936 3894 2131 3967 brant,
2168 3894 2428 3952 Francos
2452 3895 2697 3952 mortem
2723 3909 2841 3951 non
2880 3895 3106 3963 timere,
3140 3894 3316 3949 immo
3349 3892 3585 3952 Christi

1925 3986 2272 4056 peregrinos
2292 3984 2406 4040 aut
2422 3983 2485 4039 in
2510 3983 2751 4040 Christo
2769 3983 3001 4039 vincere
3030 3982 3143 4038 aut
3162 3995 3270 4052 pro
3293 3979 3384 4014 1°”
3407 3981 3583 4039 Chri-

1930 4074 2019 4132 sto
2038 4074 2191 4129 mori
2212 4071 2393 4127 velle!
2417 4069 2571 4127 Talia
2605 4070 2779 4127 multa
2807 4074 3116 4141 postquam
3144 4068 3464 4139 peroravit,
3491 4081 3581 4124 ar-

1933 4160 2114 4218 rectis
2144 4174 2381 4217 suorum
2411 4158 2637 4223 animis,
2663 4157 2810 4214 miro
2838 4157 2935 4212 Dei
2966 4155 3384 4227 omnipotentis
3411 4161 3577 4224 nutu,

1932 4247 2136 4318 ingens
2164 4248 2611 4303 Sarracenorum
2640 4242 2891 4315 p0pnlus
2920 4241 3014 4298 uni
3044 4245 3268 4298 tantum
3293 4240 3386 4297 vel
3409 4240 3581 4313 paulo

1932 4335 2065 4407 plus
2087 4334 2301 4405 legioni
2325 4338 2651 4390 nostratum
2681 4332 2877 4401 cessit,
2910 4330 3054 4387 adeo
3087 4329 3172 4386 uti
3200 4343 3272 4386 ne
3299 4329 3577 4400 congredi

164 4426 489 4499 fugiebant,
522 4427 888 4483 revertentes
916 4423 1108 4480 denuo
1137 4422 1592 4493 subsequuntur.
1631 4423 1686 4478 Si
1715 4420 1819 4477 mi-
1848 4441 1899 4500 Ι)
1931 4423 2163 4496 quidem
2187 4425 2614 4493 presumerent,
2641 4419 2740 4477 sed
2767 4424 2896 4491 post
2920 4422 3253 4475 transactus
3276 4416 3498 4488 aliquot
3524 4417 3577 4473 in

165 4514 357 4573 serias
390 4514 521 4572 illas
550 4513 822 4571 omnibus
874 4510 1128 4570 miseriis
1174 4510 1628 4568 miserabiliores
1678 4511 1816 4568 stilo

162 4602 442 4675 prosequi
473 4599 640 4673 plene
667 4603 1040 4671 temptamus,
1073 4597 1525 4669 possibilitatem
1553 4596 1726 4654 simul
1754 4601 1812 4654 et

162 4688 809 4755 modum.excedimus;
850 4686 949 4744 ubi
992 4686 1244 4759 turpiter
1285 4690 1377 4741 tot
1417 4685 1663 4757 nobiles,
1708 4701 1813 4759 per

161 4779 415 4852 inopiam
439 4781 530 4836 tot
550 4776 786 4847 divites,
812 4775 939 4832 sine
963 4776 1119 4832 ferro
1140 4779 1232 4831 tot
1257 4774 1437 4831 fortes
1456 4775 1811 4833 occubuisse

161 4868 493 4938 referimus,
538 4867 673 4925 dum
710 4866 942 4925 domino
983 4879 1192 4923 servus
1233 4878 1494 4936 presens,
1530 4864 1809 4938 locupleti

162 4956 407 5030 pecunia
428 4955 721 5014 sufﬁciens
741 4954 971 5011 minime
989 4953 1178 5025 quivit
1193 4952 1524 5024 subvenire,
1544 4967 1651 5010 nec
1673 4955 1808 5011 forti

156 5042 323 5105 licuit
352 5057 626 5117 pugnare.
660 5044 804 5101 Loca
828 5043 1044 5115 quippe
1065 5042 1267 5099 eadem
1292 5045 1459 5098 erant
1481 5046 1628 5111 arta,
1658 5041 1807 5100 invia

158 5138 335 5208 atque
357 5131 780 5205 inhabitabilis,
796 5131 1069 5190 hostibus
1080 5130 1336 5202 cognita,
1354 5130 1570 5187 nostris
1588 5131 1804 5202 ignota,

1930 4511 2129 4569 eadem
2152 4511 2406 4567 statione
2424 4509 2547 4566 dies
2567 4509 2818 4581 turpiter
2836 4514 2894 4564 et
2916 4507 3103 4564 inacte
3128 4507 3407 4563 redirent.
3435 4506 3579 4564 Rur-

1928 4615 2057 4658 sum
2088 4600 2245 4657 circa
2278 4597 2563 4656 Kalendas
2596 4598 2990 4669 Septembres,
3027 4612 3140 4667 quo
3173 4594 3403 4652 scilicet
3433 4598 3581 4651 tem-

1927 4703 2069 4761 pore
2111 4687 2589 4753 Christianorum,
2635 4702 2781 4756 quos
2808 4690 2944 4742 ante
2974 4682 3439 4753 memoravimus,
3481 4682 3580 4738 ad-

1924 4777 2286 4835 ventantium
2321 4777 2469 4832 fama
2502 4774 2830 4845 Babyloniae
2869 4786 3043 4842 regna
3075 4775 3394 4839 terruerat,
3430 4770 3577 4828 inito

1925 4866 2194 4936 consilio,
2212 4877 2608 4938 preoccuparc
2628 4868 2907 4928 nostram,
2925 4862 3032 4918 hoc
3052 4865 3140 4917 est
3164 4859 3575 4915 universorum

1924 4956 2020 5028 qui
2049 4960 2191 5013 tunc
2221 4954 2278 5010 in
2307 4955 2487 5012 Judea
2519 4951 2612 5008 vel
2636 4952 2689 5007 in
2714 4951 2943 5008 cunctis
2976 4949 3190 5005 finibus
3213 4947 3331 5003 illis
3357 4947 3578 5020 reperi-

1921 5051 2148 5114 rentur,
2174 5041 2553 5099 interneciem
2579 5039 2990 5110 disponebant,
3023 5036 3334 5106 missisque
3357 5035 3576 5106 episto-

1920 5125 1999 5190 lis
2020 5135 2317 5202 Damasco,
2347 5128 2584 5200 Tripoli,
2618 5126 2801 5196 Cibel,
2831 5125 3183 5195 cmterisque
3210 5123 3479 5179 barbaris
3499 5123 3579 5179 ci-

160 5236 272 5295 qua
294 5225 521 5281 tantum
540 5221 639 5278 Ι)Θὶ
662 5218 940 5295 populum
962 5218 1149 5278 Alexii
1172 5218 1487 5277 traditoris
1510 5219 1843 5283 incarcera-
1888 5222 2199 5291 vitatibus,
2216 5217 2502 5276 adversus
2521 5229 2728 5272 nomen
2754 5211 3215 5271 Christianitatis
3229 5224 3293 5267 se
3314 5210 3566 5267 invicem

1514 5340 1751 5398 VARUE
1789 5336 2189 5399 LECTIONES.

234 5429 386 5495 sese,

189 5509 425 5565 nstruxi

534 5446 631 5494 ser
686 5439 734 5492 1.
801 5431 894 5469 ⁸⁸⁵³
924 5433 1113 5493 fontes
1138 5465 1205 5474 —
1235 5434 1511 5494 infestare
1542 5437 1760 5497 des-unt
1783 5439 1847 5496 D.
1881 5438 1948 5496 Η.
2007 5434 2098 5470 ¹⁶⁹⁸
2159 5431 2371 5491 welfus
2396 5430 2460 5485 ii.
2522 5425 2612 5462 ιη’
2644 5428 2701 5483 Τ.
2737 5432 2788 5482 1.
2848 5423 2943 5459 ³⁸⁸⁸
2966 5424 3148 5483 aciem
3189 5421 3587 5482 balduvvimml

512 5506 576 5563 D.
610 5506 677 5564 Il.
738 5502 829 5541 ⁸⁸⁸⁷
858 5518 888 5566 e
915 5518 1071 5566 corr.
1112 5509 1163 5565 1.
1188 5504 1281 5541 ¹⁶⁹⁸
1306 5521 1502 5582 pacem
1534 5510 1598 5583 D,
1631 5510 1696 5567 Η.
1729 5508 1821 5544 ¹⁶⁰⁹
1850 5508 1907 5568 in
1936 5511 1999 5568 D.
2046 5508 2112 5566 Η.
