3994 6062
307 164 425 232 983
1450 159 1932 232 EKKEHARDI
1973 157 2528 232 URAUGIENSIS
3586 144 3712 218 984

309 299 718 378 qualicumque
754 301 930 378 pacto
969 299 1396 362 confortabant.
1431 301 1716 375 Egressus
1752 301 1948 374 itaque
1977 301 2033 363 A
2062 300 2198 360 liber
2215 301 2412 362 eicere
2434 298 2628 371 liceat,
2653 308 2828 376 quem
2845 293 3053 357 contra
3075 291 3198 352 tam
3213 287 3553 366 profanam,
3581 287 3714 348 tam

311 395 380 452 ιο
405 395 621 454 milium
650 395 950 454 exercitus
978 395 1050 452 de
1080 393 1392 466 Babylone,
1425 394 1671 468 primum
1701 393 1768 449 ad
1801 392 1949 464 opti-
2063 389 2464 466 blasphemam
2471 405 2849 465 paganorum
2869 387 3194 446 audaciam
3199 395 3479 456 pugnare
3495 393 3619 438 non
3645 379 3722 438 li-

311 485 552 544 nendam
600 488 821 560 Joppen
861 484 1129 553 tendens,
1172 500 1283 542 non
1323 484 1495 553 longe
1533 484 1605 539 ab
1643 481 1947 551 Ascalone,
2063 482 2512 541 beatIProtinus
2529 485 2662 537 ante
2680 472 3318 549 crucemreparationis
3337 475 3554 528 nostra:
3571 478 3729 526 eon"

310 575 558 648 sumptis
593 575 860 632 nimirum
891 575 1024 631 inde
1053 574 1244 644 sociis,
1279 573 1564 630 consedit.
1602 570 1952 627 Balduvinus
2063 573 2314 631 fossione
2339 575 2710 644 peccatorum
2737 567 2990 626 unanimi
3016 561 3418 622 humiliatione
3440 560 3613 626 facta,
3648 571 3721 616 ae

313 647 450 720 vero
491 676 610 719 rem
650 677 762 718 non
801 663 1097 734 ignorans,
1138 677 1276 719 suos
1314 661 1590 731 undique,
1626 659 1734 716 hoc
1762 661 1849 714 est
1880 658 1952 714 ab

2091 663 2200 720 »οεὶ
2233 662 2445 718 dictam
2475 659 2894 730 indulgentiam
2919 657 2990 712 ab
3014 652 3342 726 apostolico
3366 649 3583 720 legato,
3619 647 3718 719 qui

2065 757 2206 810 tunc
2231 753 2380 807 forte
2402 750 2624 820 aderat,
2653 745 3060 805 benedictione
3083 744 3342 812 accepta,
3378 737 3604 795 Domini
3638 736 3724 793 in-

2069 841 2390 896 clamantes
2420 837 2795 908 adjutorium,
2823 839 3020 892 castro
3049 836 3185 890 sunt
3209 829 3438 886 alacres
3465 825 3720 893 redditi;

2071 929 2320 1000 indeque
2377 943 2602 984 summo
2650 940 2812 982 mane
2841 925 2908 981 ad
2940 927 3080 978 7000
3127 919 3387 992 peditum
3439 915 3722 985 milleque

2071 1017 2302 1088 equites
2333 1015 2633 1081 recensiti,
2661 1013 2923 1087 periculo
2944 1016 3081 1068 sunt
3105 1007 3325 1078 ingenti
3347 1020 3476 1062 eum
3498 1002 3722 1072 gaudio

2075 1120 2280 1174 magno
2305 1103 2646 1176 presentati.
2667 1103 2802 1158 Visa
2829 1100 3006 1170 igitur
3027 1097 3280 1154 statione
3306 1093 3718 1158 barbarorum,

2075 1193 2339 1249 mirabile
2379 1193 2556 1261 dictu,
2601 1195 2760 1246 tanta
2802 1191 3131 1244 fervescere
3171 1184 3452 1255 ceperunt
3484 1179 3622 1246 fide,
3661 1182 3725 1234 ut

2078 1281 2478 1350 unusquisque
2514 1295 2576 1336 se
2607 1279 2791 1335 solum
2827 1280 2914 1332 tot
2944 1275 3203 1344 legiones
3242 1274 3507 1328 sternere
3548 1278 3728 1338 posse

315 751 692 822 Hierusalem,
750 751 984 822 Neapoli
1032 751 1141 819 "0°,
1192 755 1386 808 monte
1438 750 1682 818 Thabor,
1737 749 1952 816 Ebron,

312 840 552 897 Cesarca
587 847 644 896 et
679 843 876 910 Assur,
911 839 965 896 in
993 843 1236 912 Joppen,
1280 839 1376 897 ubi
1428 843 1567 896 tunc
1615 851 1728 893 non
1779 850 1954 908 parva

312 929 578 986 manebat
613 928 1052 1000 peregrinorum
1081 930 1276 999 turba,
1303 925 1668 985 convocavit.

381 1017 640 1074 Vidimus
695 1017 918 1073 hisdem
975 1018 1183 1074 diebus
1237 1021 1457 1072 tantam
1515 1014 1955 1080 mortalitatem,

313 1119 482 1174 quam
507 1106 678 1162 etiam
707 1105 800 1160 vix
825 1106 1136 1176 evasimus,
1171 1106 1225 1161 in
1261 1105 1473 1176 populo
1495 1103 1774 1174 grassari,
1805 1107 1864 1157 ut
1889 1105 1961 1159 ad

309 1196 416 1250 3'l0
434 1194 716 1250 cadavera
739 1195 984 1264 singulis
1003 1196 1212 1254 diebus
1229 1195 1630 1252 Hierosolimaa
1653 1197 1961 1265 exportata

313 1286 986 1356 numerarentur,Joppe
1010 1299 1146 1340 vero
1172 1285 1375 1353 ingens
1393 1299 1632 1354 campus
1653 1283 1804 1338 intra
1831 1295 1967 1351 pau-

311 1385 414 1426 cos
447 1370 572 1428 dies
604 1373 844 1429 tumulis
895 1377 1304 1445 occuparetur.
1359 1373 1617 1442 Denique
1667 1369 1965 1442 cujusdam
2079 1383 2190 1424 non
2220 1368 2547 1433 dubitaret;
2583 1369 2832 1438 indeque
2861 1363 3128 1434 contigit,
3161 1366 3222 1418 ut
3256 1359 3390 1416 dum
3416 1371 3520 1428 per
3549 1368 3730 1412 unum

313 1457 426 1514 diei
457 1459 643 1530 (Sept.
675 1461 756 1530 7.)
787 1461 927 1517 hora
961 1463 1164 1532 tercia,
1202 1461 1550 1532 precedente
1587 1474 1781 1528 regem
1813 1459 1969 1526 ligno
2084 1472 2226 1528 pene
2249 1457 2559 1514 miliarium
2585 1457 2914 1512 inordinate
2937 1449 3228 1511 currendo
3253 1447 3443 1502 minus
3467 1447 3642 1501 caute
3666 1455 3730 1498 se

311 1546 622 1602 Dominicze
645 1547 860 1617 crucis,
888 1549 1039 1618 quod
1069 1563 1222 1606 anno
1247 1549 1425 1620 priori
1457 1553 1612 1603 terra
1643 1547 1970 1602 diutissime
2082 1545 2354 1603 hostibus
2395 1545 2724 1606 infundunt.
2766 1543 2951 1615 prima
2993 1541 3204 1598 cohors
3237 1551 3267 1594 a
3299 1535 3484 1591 latere
3524 1532 3734 1588 invasa

317 1634 728 1692 absconditum
779 1637 902 1706 Syri
954 1637 1186 1706 quidam
1237 1637 1536 1693 Gotefrido
1582 1636 1669 1670 ιτοί
1717 1635 1848 1691 duci
1883 1633 1974 1689 de.
2001 1658 2057 1718 Β
2088 1633 2222 1691 ilico
2265 1639 2384 1691 tota
2431 1638 2647 1690 rueret.
2692 1633 2812 1699 Qua
2853 1632 2924 1688 de
2957 1645 3020 1686 re
3055 1625 3410 1718 Balduvinus
3447 1620 3735 1718 eﬁ'eratus

321 1727 653 1778 monstrave
665 1728 813 1794 rant,
832 1730 996 1780 extra
1017 1727 1314 1782 civitatem
1328 1728 1433 1798 Jop
1446 1741 1550 1798 pen
1569 1727 1751 1782 totius
1771 1719 1972 1796 populi

321 1815 650 1868 conventus
674 1816 764 1868 est
789 1815 996 1882 factus,
1021 1813 1306 1884 jussuque
1338 1815 1492 1884 regis
1523 1813 1833 1882 Arnoldus,
1859 1812 1976 1880 qui-

319 1893 450 1950 dam
487 1897 857 1957 honorabilis
887 1901 976 1935 17°”
1005 1905 1065 1958 et
1098 1903 1242 1958 bene
1285 1902 1555 1958 literatus
1585 1901 1860 1970 clericus,
1893 1901 1976 1957 sic

319 1987 372 2042 in
400 1987 590 2044 medio
614 1989 842 2044 concilii
867 1994 959 2046 est
981 2005 1230 2046 exorsus
1257 2010 1269 2046 :
1293 1991 1486 2048 Beata
1500 2005 1669 2060 gens,
1694 1992 1869 2061 cujus
1890 1975 1983 2045 est

321 2075 597 2132 dominus
619 2078 778 2134 Deus
805 2079 954 2150 ejus,
975 2081 1236 2150 papulas
1260 2094 1435 2149 quem
1463 2079 1648 2150 elegit
1663 2077 1754 2112 ¹⁷⁰³
1778 2078 1797 2144 (
1802 2079 1969 2136 Psal.

321 2177 498 2225 xxxn.
537 2165 640 2234 1-2).
685 2166 804 2235 Vos,
834 2181 864 2220 o
875 2165 1118 2234 fratres
1149 2166 1484 2236 harissimi,
1511 2181 1660 2238 gens
1689 2168 1830 2224 estis
1861 2166 1977 2224 illa

327 2249 520 2322 beata,
543 2253 660 2309 illa
682 2267 830 2324 gens
855 2256 1086 2322 sancta,
1115 2269 1217 2311 cos
1243 2257 1388 2312 estis
1406 2257 1665 2326 populus
1681 2255 1789 2311 ille
1807 2255 1980 2312 Chri-

320 2339 402 2395 sti
433 2339 810 2412 hereditatis,
833 2345 1092 2414 prpulus
1120 2345 1566 2414 acquisitionis,
1593 2346 1719 2415 qui,
1743 2344 1977 2400 relictis

317 2427 606 2497 omnibus,
617 2431 851 2501 patria,
861 2431 1212 2502 parentibus
1225 2433 1282 2488 et
1289 2433 1716 2501 rebus,crucem
1737 2431 1978 2489 cotidia-

316 2531 458 2573 nam
473 2519 617 2588 post
639 2519 950 2577 Christum
979 2520 1245 2586 tulistis;
1267 2535 1366 2577 vos
1393 2533 1638 2592 corpora
1665 2522 1866 2578 vestra
1889 2518 1979 2552 ¹τ⁰⁴

317 2620 424 2674 pro
449 2605 690 2664 Christo
714 2607 794 2663 ad
814 2607 1114 2677 supplicia
1144 2609 1508 2666 tradidistis.
1554 2610 1660 2666 Vos
1674 2621 1982 2680 pugnasse

323 2693 616 2750 videmini
627 2711 652 2762 ,ο
662 2696 767 2752 sed
782 2695 1062 2754 Christus
1073 2697 1263 2753 vestro
1279 2697 1746 2754 voluntariesibi
1757 2697 1918 2753 sacri
1911 2697 1984 2766 λῖ-

331 2781 460 2836 cato
485 2783 782 2849 sanguine
803 2784 1250 2856 uestrorumque
1261 2785 1546 2858 fratrum
1568 2788 1626 2841 et
1647 2785 1986 2842 commilito-

325 2882 471 2924 rum
501 2871 773 2940 preciosa
799 2872 984 2928 morte
1015 2873 1204 2929 locum
1225 2874 1426 2942 sancti
1429 2873 1728 2936 ﬁcationis
1752 2887 1874 2930 sure
1903 2872 1986 2930 di.

319 2958 547 3024 gnatus
565 2960 656 3016 est
668 2961 978 3029 mundare,
997 2962 1298 3017 civitatem
1313 2962 1546 3031 requiei
1563 2975 1685 3020 sua
1701 2961 1986 3017 Hierusa-

328 3045 438 3102 lem
458 3047 654 3104 coluit
664 3049 798 3118 post
817 3050 938 3104 tam
959 3062 1186 3106 annosa
1211 3049 1616 3120 spurcissimae
1634 3050 1831 3120 gentis
1859 3047 1986 3104 rin-

331 3147 402 3190 ea
410 3135 471 3191 Ια
476 3149 584 3206 per
595 3137 856 3194 vestram
873 3137 1138 3193 decotam
1153 3137 1497 3195 servitutem
1509 3137 1804 3208 expedire.
1823 3139 1981 3207 Hac,

331 3219 541 3290 inquit
558 3223 740 3290 Deus,
755 3223 999 3294 requies
1017 3236 1150 3280 mea
1169 3225 1236 3279 in
1255 3225 1515 3280 secutum
1535 3223 1748 3288 seculi;
1770 3223 1868 3279 hic
1889 3223 1990 3279 ha-

333 3305 554 3376 bitabo,
574 3309 861 3379 quoniam
882 3311 1035 3380 elegi
1052 3323 1182 3367 eam
1205 3311 1395 3378 (Psal.
1414 3327 1600 3380 cxxxr,
1625 3313 1732 3383 14).
1764 3312 1987 3368 Contra

333 3410 516 3466 quam
539 3398 750 3455 dicina
769 3399 1077 3468 sponsione
1093 3399 1262 3458 nobis
1277 3401 1340 3456 in
1348 3399 1537 3456 dicam
1550 3413 1726 3472 spem,
1745 3415 1868 3458 ecce
1877 3413 1990 3472 pa-

325 3499 624 3556 partorum
651 3487 838 3544 litera
860 3487 972 3544 Dei
992 3488 1144 3544 nutu
1158 3488 1297 3545 ante
1313 3487 1468 3545 diem
1487 3489 1824 3546 hesternam
1843 3503 1990 3546 com-

330 3573 640 3642 prehensis
661 3575 876 3646 legatis
887 3574 1125 3639 ablata,
1143 3575 1480 3632 vaticinata
1490 3575 1868 3646 perhibentes
1885 3577 1992 3634 dee-

329 3661 552 3731 monia,
575 3676 682 3720 nos
707 3663 956 3720 illorum
976 3662 1214 3734 praliis
1233 3662 1342 3722 hoc
1359 3677 1514 3722 anno
1535 3663 1826 3732 delendas,
1853 3664 1990 3722 Hie-

330 3749 594 3806 rusalem
601 3750 897 3822 funditus
921 3751 1360 3822 destruendam,
1374 3752 1433 3808 et
1444 3751 1604 3824 quod
1619 3752 1800 3809 etiam
1811 3755 1990 3810 omni-

335 3834 439 3896 bus
459 3839 744 3910 nefandis
766 3838 1122 3897 horribilius
1143 3839 1232 3896 est
1247 3840 1430 3908 dictu,
1464 3843 1659 3910 ipsam
1687 3842 1988 3900 Dominici

333 3929 390 3982 et
409 3925 664 3999 gloriosi
683 3927 986 3998 sepulchri
1009 3927 1240 4000 pet-ram
1267 3930 1467 3986 crusta
1477 3929 1585 3986 tim
1609 3929 1988 4002 confringen-

332 4015 490 4085 dam,
522 4015 726 4088 sicque
755 4017 1000 4075 camelis
1023 4016 1106 4073 ad
1130 4031 1298 4073 mare
1325 4017 1608 4085 delatam,
1635 4019 1702 4074 in
1718 4019 1987 4076 remotis-

331 4104 481 4162 simo
501 4105 562 4161 et
577 4105 737 4175 quod
753 4119 1059 4178 nunquam
1083 4119 1122 4162 a
1147 4105 1518 4162 Christianis
1536 4107 1782 4164 rescissi
1790 4107 1993 4176 possit

327 4193 542 4263 pelago
582 4192 1074 4263 submergendam
1110 4205 1234 4250 esse
1272 4191 1382 4248 "0‘.
1430 4193 1596 4249 Unde
1635 4193 1786 4262 quid
1807 4193 1986 4264 facto

333 4293 477 4350 opus
491 4281 594 4349 sit,
610 4295 640 4335 ο
656 4280 1046 4344 Christicolee,
1062 4279 1666 4352 oidete;quemjinem
1677 4281 1800 4338 hac
1813 4281 1985 4338 tanta

2016 3007 2064 3070 C

2086 1723 2296 1792 animo,
2318 1727 2481 1779 tanto
2501 1722 2630 1778 illos
2648 1721 2907 1792 equitum
2929 1721 3146 1791 impetu
3166 1713 3405 1779 involat,
3425 1714 3508 1778 ut,
3530 1723 3739 1778 quam-

2085 1811 2172 1866 vis
2195 1811 2484 1868 idolorum
2517 1810 2815 1881 responsis
2835 1810 2907 1864 (le
2929 1805 3174 1864 victoria
3200 1798 3506 1860 eertiﬁcati
3529 1795 3734 1852 acrius

2087 1914 2257 1970 quam
2287 1905 2455 1956 antea
2490 1914 2739 1970 unquam
2770 1898 3138 1965 resisterent,
3173 1891 3328 1948 sicut
3357 1901 3490 1945 cera
3517 1899 3548 1940 a
3581 1883 3734 1940 faeie

2087 1986 2236 2057 ignis
2251 1990 2384 2043 ante
2406 1988 2596 2060 ipsum
2615 1988 3028 2058 liquescerent.
3045 1981 3357 2039 Referebat
3375 1973 3545 2031 michi
3566 1983 3736 2027 vene-

2087 2076 2290 2133 rabilis
2305 2075 2848 2144 abbasGerhardus,
2866 2074 2962 2146 qui
2981 2077 3359 2129 tuncerucem
3374 2061 3736 2122 Dominieam

2087 2180 2320 2236 semper
2342 2165 2509 2221 lateri
2546 2165 2701 2234 regis
2723 2163 3038 2231 contiguus
3062 2157 3413 2232 proferebat,
3439 2161 3734 2219 nunquam

2088 2269 2151 2310 se
2180 2258 2401 2310 tantam
2434 2253 2583 2310 nivis
2615 2252 2704 2309 vel
2739 2252 2950 2324 pluvias
2988 2252 3260 2320 quantam
3298 2251 3439 2301 tunc
3477 2239 3735 2297 telorum

2089 2347 2292 2400 contra
2323 2357 2516 2412 regem
2547 2341 2748 2398 volare
2777 2341 3125 2397 densitatem
3154 2337 3397 2406 vidisse;
3427 2341 3483 2394 at
3509 2345 3642 2410 post
3665 2341 3739 2396 li-

2087 2432 2182 2502 gni
2210 2431 2458 2503 preciosi
2486 2430 2758 2487 intuitum
2783 2429 3003 2485 nullum
3027 2443 3098 2484 ex
3120 2427 3388 2484 hostibus
3409 2429 3542 2485 telis
3559 2444 3621 2485 se
3638 2429 3738 2486 vel

2089 2522 2290 2590 armis,
2325 2521 2424 2577 sed
2457 2520 2762 2578 universos
2799 2520 2946 2588 fugae
2979 2517 3236 2590 presidio
3265 2531 3326 2574 se
3354 2517 3739 2574 commisisse.

2063 2600 2065 2603 ’
2089 2612 2294 2681 Itaque
2319 2615 2448 2681 post
2474 2608 2774 2666 victoriam
2791 2623 2819 2664 a
2838 2607 3138 2664 Deo—eui
3163 2621 3274 2662 non
3298 2609 3387 2662 est
3410 2604 3742 2663 differentia

2092 2700 2321 2756 salvere
2344 2699 2437 2754 vel
2462 2698 2516 2753 in
2541 2697 2738 2753 multis
2761 2695 2848 2753 vel
2875 2696 2928 2750 in
2958 2695 3154 2767 paucis
3177 2695 3240 2764 (Ι
3253 2693 3449 2752 Much.
3468 2710 3548 2765 Ill,
3571 2697 3745 2766 18)—

2093 2787 2204 2844 sibi
2233 2800 2593 2856 concessam,
2630 2784 2861 2840 interim
2892 2784 3027 2841 dum
3056 2787 3249 2840 castra
3275 2783 3631 2854 predamque
3658 2783 3747 2840 di-

2093 2874 2313 2945 ripiunt
2344 2873 2616 2942 hostium,
2659 2872 2907 2929 nuncius
2947 2871 3114 2928 adest
3159 2871 3373 2927 missus
3403 2885 3431 2924 a
3462 2870 3747 2942 Joppitis‘

2093 2962 2192 3033 qui
2215 2962 2512 3018 civitatem
2539 2964 2695 3016 terra
2724 2959 2983 3030 marique
3011 2958 3236 3015 diceret
3263 2958 3580 3015 obsessam.
3615 2959 3750 3015 Mox

2093 3051 2292 3108 onusti
2316 3050 2540 3122 spoliis,
2563 3048 2806 3120 reliquis
2825 3063 2965 3104 vero
2985 3046 3254 3103 incendio
3277 3045 3528 3115 traditis,
3545 3047 3746 3117 nobis,

2096 3138 2190 3209 qui
2218 3139 2356 3209 jam,
2395 3137 2582 3208 portis
2614 3137 2770 3193 intus
2809 3136 3151 3206 obstructis,
3185 3149 3215 3190 a
3249 3139 3400 3190 terra
3434 3133 3747 3205 equitibus

2093 3225 2312 3294 multis,
2330 3241 2358 3282 a
2377 3225 2518 3282 mari
2543 3239 2681 3281 vero
2697 3227 2763 3280 42
2778 3224 3020 3280 navibus
3044 3223 3316 3281 rostratis
3336 3222 3741 3293 eingebamur,

2097 3315 2153 3370 in
2176 3313 2454 3370 auxilium
2479 3312 2820 3384 quantotius
2849 3316 3194 3384 properant;
3224 3315 3476 3382 postque
3497 3314 3584 3366 tot
3603 3311 3746 3368 hos-

2096 3403 2237 3458 tium
2263 3402 2530 3458 incursus
2551 3405 2868 3471 tantasque
2886 3399 3246 3472 1“penuria:
3271 3398 3743 3471 pestilentiaque

2097 3490 2379 3559 miserias,
2401 3490 2608 3546 festum
2634 3489 2960 3545 nativitatis
2981 3488 3080 3544 Dei
3103 3487 3408 3558 genitricis
3432 3487 3618 3558 (Sept.
3635 3487 3741 3556 8.),

2097 3578 2252 3650 quod
2283 3577 2406 3648 ipsa
2439 3578 2533 3634 die
2561 3592 2690 3633 cum
2734 3591 2960 3634 merere
2997 3576 3303 3648 carpimus,
3344 3574 3592 3631 maximo
3637 3589 3746 3631 nos

2094 3665 2357 3738 tripudio
2381 3666 2676 3737 complere
2702 3665 3009 3722 faciebant.
3038 3663 3314 3736 Sequenti
3337 3663 3430 3720 die
3453 3663 3638 3734 (Sept.
3661 3666 3744 3732 9.)

2097 3754 2336 3811 multam
2357 3754 2528 3810 nobis
2545 3753 2958 3810 abundantiam
2983 3751 3256 3809 frumenti
3279 3756 3747 3821 cunctor-umque

2097 3841 2434 3899 victualium
2467 3857 2594 3899 eum
2630 3841 2953 3914 peregrinis
2983 3840 3262 3897 fratribus
3283 3841 3353 3896 ad
3380 3843 3580 3908 12,000
3602 3839 3748 3894 esti-

2095 3931 2267 3986 matis
2291 3945 2469 3986 naves
2491 3935 2560 3987 30
2581 3930 2953 3996 deferebant;
2986 3943 3128 4000 quas
3148 3928 3282 3985 dum
3305 3927 3558 3984 hostium
3589 3925 3746 3982 clas-

2095 4033 2189 4074 ses
2210 4019 2484 4075 invadere
2503 4019 2850 4087 niterentur,
2877 4017 3016 4073 mira
3035 4017 3134 4072 Dei
3156 4015 3413 4088 potentia
3435 4029 3537 4086 per
3554 4014 3745 4072 virtu-

2097 4109 2210 4160 tem
2241 4111 2455 4162 sanctaa
2487 4106 2702 4176 crucis,
2733 4120 2884 4176 quae,
2916 4104 3051 4161 dum
3074 4104 3152 4160 nil
3175 4102 3429 4161 carnalis
3459 4102 3743 4172 adjutorii

2095 4194 2167 4250 de
2217 4193 2456 4250 civitate
2501 4195 2756 4250 conferri
2809 4197 3026 4266 posset,
3062 4193 3118 4249 in
3149 4192 3329 4248 altum
3358 4195 3622 4262 econtra,
3651 4192 3745 4262 ju-

2097 4280 2270 4338 bente
2321 4295 2477 4351 rege,
2531 4280 2854 4351 levabatur,
2909 4282 3054 4337 adeo
3104 4279 3407 4352 repressit,
3450 4283 3532 4348 ut,
3575 4279 3744 4335 nullo

331 4369 694 4438 presumptio
717 4368 952 4424 tandem
971 4367 1058 4424 sit
1074 4366 1381 4438 habitura,
1404 4368 1778 4439 perpendite!
1814 4368 1980 4424 Plura
2014 4363 2068 4424 D
2095 4375 2308 4426 conatu
2331 4369 2419 4425 vel
2442 4374 2568 4426 arte
2600 4369 2917 4440 remigandi
2943 4370 3013 4426 de
3035 4369 3164 4426 loco
3194 4367 3410 4424 moveri
3442 4366 3529 4422 vel
3566 4381 3742 4423 unam

337 4456 638 4526 disputare
664 4455 952 4512 volentem
976 4471 1108 4512 mox
1128 4455 1347 4511 clamor
1377 4457 1808 4528 interstrepens
1829 4471 1986 4512 com-

340 4543 520 4616 pescit
540 4561 554 4610 ;
577 4547 638 4600 et
656 4544 819 4614 quasi
840 4559 910 4600 ex
934 4559 1045 4600 uno
1063 4558 1163 4600 ore
1183 4559 1292 4601 vox
1316 4544 1601 4601 unanimis
1623 4543 1981 4614 singulorum

334 4631 622 4690 insonuit:
644 4633 776 4702 Res,
793 4631 1084 4703 inquiunt,
1099 4632 1166 4690 in
1183 4633 1441 4690 articulo
1453 4632 1656 4702 posita
1677 4633 1796 4700 est;
1818 4632 1985 4690 breve

335 4721 394 4778 et
410 4719 835 4793 quodammodo
862 4720 1227 4777 succinctum
1247 4721 1336 4778 est
1353 4722 1670 4779 consilium
1695 4722 1978 4789 nostrum,

327 4823 438 4882 pro
454 4807 693 4866 Christo
709 4806 1060 4876 Christique
1083 4807 1312 4878 legibus
1327 4808 1387 4864 et
1397 4809 1623 4866 sanctis
1638 4807 1861 4866 nostris
1878 4811 1985 4864 aut

337 4897 743 4954 dimicandum
755 4895 1010 4967 fortiter
1031 4897 1142 4952 aut
1155 4896 1527 4954 moriendum
1560 4897 1848 4966 turpiter;
1877 4898 1987 4954 aut

329 4998 372 5055 θ
382 4985 591 5042 loriose
604 4985 759 5040 mori
770 4983 1032 5040 etcicere
1047 4984 1267 5040 aeterna
1275 4984 1412 5042 liter
1422 4984 1632 5054 instat,
1647 4983 1758 5041 aut
1767 4985 1984 5055 turpis-

337 5071 485 5128 sime
499 5070 700 5128 cedere
712 5071 769 5126 et
781 5070 938 5127 brevi
955 5071 1232 5141 turpique
1247 5072 1375 5128 vita
1385 5072 1732 5142 perpetuam
1745 5073 1984 5130 mortem

343 5171 686 5228 comparare
698 5158 906 5215 restat.
929 5158 1055 5216 Sed
1067 5172 1172 5216 nec
1191 5158 1597 5230 temporaliter
1616 5173 1720 5216 nec
1739 5160 1986 5218 (eterna-

2097 4458 2168 4514 de
2197 4462 2286 4514 tot
2315 4457 2560 4514 navibus
2589 4472 2783 4529 posse,
2813 4462 2932 4513 tam
2962 4457 3166 4530 pagani
3207 4471 3376 4528 quam
3419 4453 3743 4512 Christiani

2094 4545 2295 4617 populi
2318 4545 2488 4601 nimis
2511 4546 2883 4602 mirarentur.

2163 4635 2357 4703 Neque
2371 4633 2479 4690 hoc
2492 4633 2726 4690 silentio
2743 4634 3177 4706 preterendum,
3197 4632 3347 4704 quod
3363 4632 3568 4690 eodem
3585 4645 3740 4688 anno

2092 4721 2304 4777 ibidem
2329 4721 2708 4792 cognovimus
2728 4722 3068 4792 contigisse,
3099 4720 3416 4778 venerabili
3439 4719 3742 4776 Heriman-

2092 4824 2164 4865 no
2182 4809 2530 4880 presbitero,
2553 4811 2648 4881 qui
2671 4815 2806 4867 tunc
2827 4810 2880 4865 in
2903 4814 3097 4866 monte
3117 4809 3328 4866 Oliveti
3348 4807 3744 4865 eonversaba-

2092 4901 2208 4967 tur,
2244 4897 2299 4952 in
2333 4897 2454 4955 haec
2487 4899 2660 4954 verba
2693 4898 3019 4955 referente:
3047 4899 3174 4966 Die,
3211 4897 3418 4968 inquit,
3446 4895 3742 4954 sacratis-

2089 4986 2226 5043 simi
2250 4985 2508 5055 sabbati,
2533 5000 2648 5058 que
2667 4987 2990 5044 secundum
3014 4986 3284 5056 antiques
3308 4983 3744 5044 misericordia

2090 5075 2333 5132 Domini
2350 5076 2721 5148 paraclgsin,
2746 5075 3104 5146 baptismate
3111 5077 3251 5146 jam
3268 5073 3625 5144 consecrato,
3651 5073 3748 5129 tu-

2091 5177 2224 5221 men
2245 5163 2315 5220 de
2333 5164 2472 5222 caelo
2493 5163 2661 5224 nobis
2678 5164 3022 5222 ministrari
3045 5163 3235 5221 devoti
3258 5163 3442 5220 nimis
3471 5163 3751 5233 expecta-

1693 5274 1932 5330 VARIE
1992 5276 2388 5334 LECTIONES.

420 5365 511 5400 "°°
539 5364 790 5424 niconoli
825 5368 884 5422 D.
922 5369 984 5424 ll.
1037 5367 1128 5402 17‘“
1187 5369 1248 5423 G.
1307 5374 1359 5424 1.

1407 5368 1499 5404 ¹τ⁰²
1574 5371 1927 5430 venerabilis
1985 5374 2048 5428 Η.
2119 5373 2209 5408 ¹⁷⁰³
2273 5375 2336 5430 1).
2383 5376 2446 5430 Η.
2489 5374 2766 5432 addam:

2846 5375 2902 5431 in
2979 5375 3418 5448 (hereditatem)
3479 5371 3611 5431 sibi.
3651 5371 3750 5408 *τοι

350 5436 510 5495 deest
541 5437 598 5492 D.
652 5433 716 5492 ll.
752 5434 842 5470 ¹⁷⁰⁸
899 5437 1062 5496 deest
1103 5440 1165 5494 D.
1193 5441 1256 5494 Η.
1289 5438 1380 5474 ¹⁷⁰⁶
1419 5444 1758 5516 tantamque
1787 5447 1835 5500 l.
1871 5446 1922 5502 4.
1959 5433 2114 5515 δ.ξιο
2137 5449 2478 5517 tantamque
2507 5446 2888 5504 —miseriam
2921 5433 3002 5503 9°:
3100 5501 3108 5506 .
