3994 6062
144 278 272 349 993

1025 272 1465 349 cuneNteA:
1501 321 1567 331 .-
1608 270 2086 350 CHRONICON
2130 273 2654 358 UNlVERSALE

3439 287 3555 358 994

146 437 259 481 nes
283 422 450 492 regni
477 434 758 493 proceres
782 416 938 476 inter
959 434 1022 476 se
1047 417 1430 489 trutinabant,
1451 424 1615 491 patre
1638 415 1797 488 regni
1831 420 1883 481 A
1911 416 2108 478 rietur
2136 425 2391 484 occisum
2430 425 2528 485 eet
2566 442 2834 501 unquam
2881 422 3117 484 estimet
3156 427 3551 486 occidendum,

146 511 502 567 divisionem
527 515 585 564 et
603 508 973 566 hereditariae
997 508 1392 564 successionis
1412 506 1801 563 confirmatio-

147 615 282 655 nem
314 598 654 670 pollicente,
688 598 808 654 filio
832 612 969 653 vero
1002 596 1209 652 nilnisi
1234 595 1576 667 apostolica
1613 595 1805 664 subje-

148 688 375 742 ctionis
404 691 462 741 et
494 685 919 742 mcclesiastice
952 684 1192 741 unitatis
1222 683 1586 740 efficientiam
1633 696 1807 752 expo-

151 776 420 831 stulante
466 776 583 829 .Sic
660 775 850 830 inacte
924 772 1013 805 ⁸⁷⁵⁷
1089 772 1418 840 discedens,
1476 769 1809 837 Wirziburg

155 864 401 919 devenit
450 861 633 935 (Jul.),
687 865 709 886 '
747 861 1131 931 Errolongum
1174 863 1219 884 “'
1275 858 1582 930 quendam,
1641 870 1807 927 quem

157 951 380 1008 dudum
413 949 737 1006 Emeharde
762 950 1038 1006 defuncto
1062 947 1352 1020 presulem
1379 948 1698 1019 imperator
1714 944 1805 999 de-

156 1040 519 1109 signaverat,
544 1037 864 1110 expellens,
889 1039 1296 1109 Ruotpertum,
1327 1034 1588 1105 ejusdem
1609 1030 1810 1089 accele-

157 1128 263 1184 siae
299 1126 684 1198 propositum,
717 1132 775 1181 et
802 1128 876 1151 '"
906 1132 1022 1181 tam
1058 1124 1220 1197 prius
1248 1139 1417 1195 quam
1441 1128 1627 1179 tunca
1652 1120 1812 1176 clero

157 1221 222 1270 et
256 1215 471 1286 populo
505 1214 779 1283 electum,
817 1229 918 1284 per
944 1212 1273 1285 predictum
1305 1210 1812 1282 archiepiscopum

165 1302 573 1358 Ruetbardum
626 1300 1148 1357 ""inthronizavit
1172 1318 1185 1361 ;
1206 1299 1404 1370 sicque
1427 1296 1694 1355 zecclesia
1721 1311 1815 1353 ea‘

167 1390 302 1445 dem
334 1387 673 1459 apostolicae
704 1389 1090 1445 communioni
1123 1388 1517 1456 reconciliata,
1551 1401 1617 1442 ac
1649 1400 1812 1442 secu-

168 1477 348 1532 ritate
383 1476 455 1531 ai)
491 1477 729 1532 urbanis
760 1482 1020 1547 accepta,
1041 1475 1297 1532 dimissis
1316 1474 1661 1543 Saxonibus,
1689 1472 1810 1544 ipse

157 1580 290 1620 cum
352 1564 631 1634 Bajoariis
682 1564 753 1619 ad
809 1563 1101 1620 obsidium
1157 1562 1385 1619 castelli
1446 1561 1809 1617 Nourinberc

159 1666 510 1719 conversus,
543 1651 804 1722 illudque
834 1656 965 1723 post
995 1651 1140 1707 duos
1169 1650 1260 1706 vel
1292 1650 1540 1722 amplius
1582 1663 1807 1705 menses

163 1740 342 1846 (fug.
365 1739 719 1811 Septembr.)
746 1754 1024 1846 prospere
1038 1737 1803 1846 capiens,solutoexercitu,
1839 1784 1892 1846 Β

166 1826 500 1898 Ratisponae
536 1843 599 1883 se
632 1827 899 1883 contulit.
933 1826 1112 1893 Quem
1146 1832 1311 1899 pater
1341 1841 1373 1882 e
1395 1825 1644 1895 vestigio
1674 1826 1809 1881 sub-

166 1929 438 1985 sequens,
496 1915 877 1984 Errolongum
945 1914 1546 1984 Wirziburgensibus,
1609 1914 1808 1983 fugato

164 2004 513 2073 Ruotperto,
543 2003 827 2073 restituit,
861 2002 1109 2073 indeque
1140 2002 1331 2057 omnia
1359 2016 1484 2072 quae
1519 2002 1809 2058 fautorum

166 2098 335 2147 erant
366 2090 467 2146 filii
497 2092 829 2161 devastans,
867 2090 1097 2147 tandem
1133 2090 1461 2146 faventibus
1501 2090 1609 2146 sibi
1660 2088 1813 2146 dolis

168 2178 704 2249 Ratisponensium,
736 2177 914 2232 illium
940 2177 1088 2232 urbe
1110 2176 1352 2246 fugavit.
1379 2176 1501 2242 Qua
1524 2175 1809 2246 residens,

172 2266 466 2338 presulrin
505 2265 691 2321 eidem
735 2265 1032 2320 kalbedrae
1075 2264 1362 2334 quendam
1405 2264 1816 2320 adolescentu-

168 2355 305 2424 lum,
331 2354 563 2409 nomine
587 2352 1067 2409 Oudelricum1m
1085 2353 1185 2376 ""’
1207 2352 1470 2423 prefecit,
1492 2352 1814 2409 exercitum

176 2444 576 2513 undecumque
608 2441 1004 2511 congregavit,
1040 2455 1529 2513 progressusque,
1562 2454 1813 2496 marcam

170 2530 462 2603 Diotpaldi
491 2545 595 2601 per
622 2530 901 2585 Boemicaa
923 2528 1116 2599 gentis
1136 2528 1383 2585 maxime
1406 2528 1815 2585 crudelitatem

176 2618 525 2677 devastavit.
559 2619 677 2697 Nec
725 2616 854 2689 plus
905 2630 1015 2680 una
1060 2631 1188 2673 eum
1233 2631 1338 2673 suo
1389 2615 1620 2672 domino
1670 2615 1814 2684 regii

174 2709 475 2762 morantur
506 2705 722 2761 milites
753 2712 1104 2761 conventum
1139 2718 1555 2775 usquequaque
1603 2703 1813 2772 facere,

178 2794 515 2852 cassarianis
553 2808 580 2848 a
626 2799 792 2864 tergo
836 2793 1081 2849 flammis
1118 2791 1417 2863 predaque
1464 2790 1646 2847 vicem
1689 2791 1817 2846 l‘8tl-

177 2883 334 2954 dere,
386 2889 685 2955 postremo
730 2897 859 2938 cum
908 2883 1082 2939 ¹10000
1140 2881 1345 2938 electa)
1388 2879 1716 2950 juventutis
1760 2879 1814 2934 in

178 2971 431 3044 quinque
458 2970 717 3041 legiones
749 2970 1074 3042 dispertitis
1101 2984 1474 3039 congressum
1514 2974 1812 3040 expetere.

173 3061 293 3116 Jam
324 3060 535 3115 castris
564 3059 617 3114 in
642 3060 996 3115 contrarium
1021 3059 1251 3130 positis,
1284 3056 1625 3127 spectaculo
1650 3055 1819 3112 nimis

1917 513 2041 581 Ego
2088 514 2328 582 quidem
2366 515 2739 574 Christianis
2779 515 2965 573 michi
3013 515 3242 584 legibus
3276 516 3559 573 subat-ra-

1918 599 2039 653 tum
2081 612 2329 669 regnum
2366 602 2437 657 ut
2475 603 2637 658 heres
2673 600 2848 625 mm"
2881 602 2939 657 et
2973 614 3268 657 successor
3313 604 3560 671 augusti

1919 685 2130 752 tenere,
2161 689 2217 744 si
2255 689 2451 745 tamen
2488 704 2689 746 rerum
2726 690 2978 745 omnium
3015 689 3375 746 dominatori
3413 704 3563 746 com-

1913 772 2230 843 placuerit,
2271 778 2476 847 cupio,-
2492 776 2814 847 parricida
2857 778 3063 833 vocari
3100 777 3195 832 cet
3233 791 3355 833 esse
3402 779 3550 834 nolo.

1925 861 2145 926 Quodsi
2170 864 2343 934 pater
2389 879 2554 923 meus
2607 864 2925 936 apostolice
2957 878 3018 920 se
3059 865 3382 933 subiecerit
3421 867 3560 923 oba-

1921 949 2162 1007 dientiee
2184 951 2356 1022 jugo,
2399 967 2501 1022 ego
2537 966 2676 1009 mox
2729 953 2796 1008 in
2845 951 2940 1009 his
2967 965 3098 1022 gare
3117 966 3229 1009 sua
3247 954 3562 1011 dumtaxat

1917 1038 2104 1095 michi
2142 1038 2452 1096 clementia
2491 1041 2857 1110 concesserit,
2909 1040 3212 1096 contentus
3248 1055 3363 1103 ero,
3416 1042 3564 1097 inte-

1918 1127 2039 1182 rim
2060 1141 2152 1182 me
2178 1142 2296 1183 non
2325 1127 2796 1199 impugnatorem
2818 1141 2940 1184 esse
2961 1128 3180 1198 panis,
3204 1128 3307 1183 sed
3327 1132 3566 1198 paterni

1920 1215 2095 1285 regni
2119 1216 2621 1286 propugnatorem
2641 1217 2946 1273 noveritis.
2974 1216 3429 1285 Vesperascente
3462 1218 3565 1271 ita-

1925 1317 2036 1373 que
2087 1302 2202 1372 jam
2262 1304 2374 1375 die,
2419 1319 2651 1360 cessere
2703 1303 2830 1360 loco
2870 1305 3044 1374 regiae
3086 1305 3418 1375 phalanges,
3467 1307 3567 1360 im-

1924 1392 2233 1462 peratoria)
2273 1392 2564 1461 maiestati
2610 1408 2672 1448 se
2714 1392 3101 1447 reverentiam
3139 1393 3417 1448 exhibere
3450 1393 3566 1448 cla-

1923 1484 2165 1535 mantes.
2194 1482 2720 1551 lmperatorautem
2744 1481 2877 1535 dum
2900 1480 2956 1534 in
2980 1480 3194 1535 castris
3216 1480 3287 1535 de
3306 1482 3565 1536 crastino

1921 1567 2141 1624 certior
2164 1568 2435 1624 conflictu
2453 1568 2731 1638 disponit,
2749 1582 2854 1623 nee
2879 1581 3123 1638 pugnam
3149 1582 3251 1623 nec
3276 1569 3564 1638 pugnandi

1924 1661 2120 1711 votum
2154 1655 2518 1727 principibus
2549 1670 2699 1726 esse,
2735 1671 2840 1727 per
2873 1656 3117 1711 Boemiac
3168 1655 3368 1712 ducem
3424 1671 3568 1713 mar-

1921 1744 2303 1814 cbionemque
2332 1744 2672 1814 Liupaldum
2712 1749 2913 1799 contra
2960 1759 3120 1811 Spem
3168 1743 3407 1799 audivit.
3458 1745 3562 1811 Qui

1924 1846 2052 1888 mox
2085 1831 2274 1888 animo
2302 1836 2737 1902 consternatus,
2770 1831 3016 1903 supplex
3066 1831 3294 1886 illorum
3348 1833 3572 1901 adjuto-

1923 1921 2071 1977 rium
2100 1921 2269 1992 petit,
2299 1935 2402 1976 nec
2425 1920 2731 1991 impetrat;
2759 1919 3086 1975 instructus
3115 1919 3289 1973 etiam
3322 1920 3570 1975 secretis

1924 2006 2025 2063 filii
2070 2008 2317 2079 nunciis,
2360 2022 2599 2063 suorum
2648 2007 3137 2077 conspirationem
3186 2006 3466 2062 adversus
3507 2021 3571 2061 se

1924 2097 2158 2167 factam,
2195 2096 2451 2152 latenter
2491 2110 2523 2150 e
2569 2095 2785 2152 castris
2827 2110 2957 2150 cum
3013 2094 3213 2164 paucis
3262 2094 3569 2151 admodum

1924 2183 2066 2241 viris
2095 2184 2504 2249 subtrahitur;
2547 2183 2748 2252 sicque
2778 2182 2967 2238 divina
3003 2181 3408 2252 dispositione,
3460 2198 3572 2237 uno

1926 2270 2109 2341 salvo,
2166 2271 2501 2339 multorum,
2544 2271 2641 2340 qui
2676 2269 3004 2326 fundendus
3038 2269 3392 2325 credebatur
3447 2283 3574 2325 san-

1926 2359 2056 2429 guis
2078 2358 2356 2415 salvatur.
2385 2360 2521 2413 Nam
2544 2357 2814 2429 protinus
2839 2361 2902 2413 ut
2920 2356 3292 2427 imperatoris
3304 2358 3571 2413 absentia

1926 2447 2072 2503 totis
2106 2447 2597 2516 undiqueversum
2626 2446 2840 2502 castris
2869 2445 3145 2513 innotuit,
3175 2445 3572 2515 unusquisque

1930 2534 2162 2607 prepria
2197 2537 2487 2605 repetere,
2520 2533 2765 2589 maxime
2794 2532 2985 2588 nectis
3010 2546 3205 2601 epacae
3233 2531 3472 2587 latibulo
3495 2531 3576 2586 di-

1928 2621 2193 2679 vertendi
2210 2622 2589 2679 securitatem
2608 2621 3001 2689 ministrante,
3025 2618 3345 2675 contendit.
3365 2621 3435 2673 At
3453 2634 3574 2689 rex,

1929 2710 2062 2766 dum
2094 2709 2443 2767 disturbatis
2494 2708 2742 2766 inimicis
2791 2706 2861 2764 ad
2912 2706 3140 2763 libitum
3191 2706 3301 2763 frui
3354 2712 3575 2780 posset,

1932 2812 2171 2869 parcere
2205 2813 2374 2869 quam
2426 2797 2700 2869 persequi
2751 2796 3106 2863 deliberans,
3157 2796 3455 2852 civitatem
3501 2798 3578 2851 ob

1930 2887 2052 2943 dati
2106 2886 2269 2958 prius
2317 2885 2554 2942 foederis
2596 2885 2885 2941 defectum
2940 2882 3254 2940 austeriori
3307 2883 3576 2939 nimirum

1933 2979 2103 3046 pacto
2132 2974 2243 3030 sibi
2274 2974 2601 3042 conﬁrmat,
2638 2973 2991 3028 Hartwicum
3024 2970 3135 3035 1"“,
3170 2971 3354 3026 virum
3377 2972 3577 3042 utique

1933 3063 2241 3133 probatum
2274 3061 2627 3117 catholicum
2660 3067 2836 3129 atque
2869 3059 3140 3129 nobilem,
3172 3058 3442 3114 abdicato
3469 3058 3579 3115 Ou-

172 3147 463 3218 hOl‘l‘ibill,
514 3162 616 3219 per
663 3147 916 3203 triduum
982 3147 1321 3203 continuum
1388 3160 1459 3200 ΟΧ
1523 3159 1631 3201 una
1692 3144 1815 3215 ripa
1851 3136 2151 3207 Cdelpico
2211 3147 2301 3183 1⁵⁷³³
2360 3148 2573 3205 ibidem
2626 3148 3004 3215 inthronizat,
3076 3146 3339 3217 presules
3405 3146 3579 3204 etiam

179 3236 378 3307 Regini
409 3236 661 3292 fluminis
691 3235 1085 3306 imperatoris,
1116 3250 1187 3289 ex
1213 3234 1399 3289 altera
1430 3233 1583 3302 regis
1615 3231 1821 3288 volita-

181 3326 317 3381 bant
357 3323 562 3392 signa;
598 3322 714 3392 jam
761 3322 1086 3392 frequentia
1128 3322 1555 3390 grassabantur
1595 3321 1650 3375 in
1693 3321 1820 3392 ipso

181 3412 430 3469 fluminis
462 3410 629 3467 alveo
663 3410 875 3480 duelia,
907 3411 1058 3466 inter
1086 3424 1212 3481 qua:
1244 3414 1294 3465 el
1326 3410 1449 3432 “'"
1490 3408 1822 3465 Hartwicus

182 3514 376 3557 comes
422 3514 495 3555 ex
553 3502 718 3571 parte
764 3498 1138 3570 imperatoris
1184 3496 1480 3553 occubuit.
1526 3497 1674 3520 “"“
1716 3510 1821 3551 nec

184 3604 396 3661 paucos
439 3604 510 3643 ex
554 3593 803 3657 utraque
848 3592 1011 3658 parte
1061 3585 1258 3640 Martis
1306 3599 1435 3641 sors
1475 3599 1688 3656 anceps
1727 3586 1826 3640 ab-

184 3676 444 3747 sumpsit.
479 3678 745 3731 Attatnen
796 3675 888 3730 die
940 3689 1066 3744 quae
1113 3672 1443 3742 generalem
1493 3672 1825 3728 certissime

182 3763 652 3833 congressionem
683 3762 1057 3834 preccdcbat,
1083 3761 1375 3831 principes
1398 3760 1495 3831 qui
1521 3759 1710 3830 capita
1738 3774 1827 3814 ro-

189 3854 409 3923 burque
453 3851 759 3920 utriusque
807 3849 1156 3907 videbantur
1205 3849 1523 3919 exercitus,
1573 3847 1829 3919 pacificis

189 3939 429 3995 invicem
459 3938 761 3994 concessis
792 3936 1120 4007 colloquiis,
1154 3940 1287 4007 post
1316 3950 1547 3990 morose
1588 3933 1830 3990 ventila-

187 4033 301 4081 tam
330 4027 483 4081 inter
507 4041 568 4080 se
594 4025 728 4081 belli
754 4025 1047 4097 presentis
1070 4039 1325 4089 causam,
1357 4024 1585 4079 tandem
1608 4021 1826 4091 divino,

192 4120 250 4170 ut
275 4113 557 4183 creditur,
575 4114 1225 4185 eiloctisp‘ritu,parum
1244 4112 1487 4182 justitiaa
1513 4122 1831 4182 parumque

190 4202 562 4258 emolumenti
587 4208 700 4257 tam
728 4203 875 4259 duro
905 4210 1135 4272 tamque
1162 4200 1494 4273 periculoso
1526 4199 1713 4256 inesse
1736 4213 1833 4253 nc-

190 4290 375 4361 gocio,
394 4290 646 4347 unanimi
665 4290 1137 4348 consideratione
1153 4289 1532 4344 conferebant
1554 4305 1568 4353 ;
1586 4287 1833 4357 indeque

194 4379 458 4435 nimirum
503 4378 805 4447 fratribus,
852 4380 905 4434 id
945 4383 1033 4435 est
1077 4378 1290 4449 populo
1352 4382 1601 4447 utraque
1668 4379 1833 4447 parte

193 4467 541 4536 Christiano,
585 4467 955 4537 parcendum,
1025 4468 1196 4525 immo
1261 4464 1595 4539 parricidali
1643 4479 1833 4535 pugna
1865 4477 1916 4538 ο

194 4555 559 4624 cessandum,
592 4555 713 4626 pari
745 4560 878 4611 voto
903 4555 1265 4625 judicabant.
1311 4556 1433 4610 Rex
1477 4553 1655 4610 etiam
1700 4554 1836 4610 ado-

195 4642 438 4712 lescens,
474 4642 609 4700 dum
634 4642 772 4712 jam,
810 4648 868 4699 ut
897 4643 1168 4710 diximus,
1202 4658 1307 4714 per
1333 4643 1635 4699 ordinatas
1683 4642 1835 4699 omni

195 4734 360 4804 parte
387 4731 542 4787 acies
572 4732 720 4787 Mars
750 4728 1031 4788 cruentus
1059 4733 1312 4803 cepisset
1345 4730 1635 4801 frendere,
1682 4746 1839 4787 com-

195 4821 368 4876 motis
392 4819 720 4876 visceribus
750 4834 926 4892 super
953 4822 1120 4891 patre
1148 4834 1256 4876 suo
1289 4819 1622 4889 lugubriter
1651 4821 1838 4876 fertur

192 4907 559 4964 inclamasse:
587 4905 819 4977 Grates,
839 4907 1045 4978 inquit,
1066 4923 1097 4964 ο
1120 4907 1255 4966 boni
1275 4908 1719 4977 commilitones,
1743 4906 1841 4979 af-

186 4995 378 5061 fectui
399 4997 564 5055 circa
583 5011 676 5053 me
693 4997 1461 5069 cestrosummoperer.~'fero
1479 5014 1494 5063 ;
1512 4995 1840 5066 unicuique

191 5085 581 5156 cesti-umpar
598 5086 740 5156 pari
757 5083 1008 5157 referre,
1023 5084 1078 5143 si
1086 5098 1183 5142 res
1198 5083 1476 5157 exegerit,
1483 5097 1599 5142 non
1611 5082 1805 5141 abnuo
1821 5101 1837 5152 ;

190 5186 358 5231 nemo
382 5173 577 5230 tamen
594 5172 660 5229 in
682 5172 789 5230 hoc
804 5187 896 5230 me
923 5173 1043 5232 sibi
1069 5174 1219 5231 velit
1239 5174 1339 5231 cel
1361 5173 1568 5231 credat
1579 5173 1724 5246 fore
1750 5171 1843 5207 ¹⁷⁸⁰

176 5259 566 5332 farier-etum,
586 5261 660 5319 ut
677 5260 979 5321 dominum
999 5262 1060 5319 et
1077 5261 1311 5333 patrem
1319 5274 1629 5333 meabmper
1643 5275 1706 5321 se
1717 5260 1843 5332 glo-

1932 3239 2211 3310 quosdam
2235 3254 2300 3294 ac
2324 3237 2621 3308 principes
2645 3241 2903 3308 paternae
2933 3235 3152 3291 militiae
3179 3236 3328 3290 intra
3354 3249 3579 3291 murum

1935 3332 2202 3398 repertos
2233 3326 2346 3381 sibi
2378 3324 2672 3394 conciliat,
2706 3338 2952 3393 moxque
2988 3323 3243 3378 Franciae
3288 3323 3579 3393 redditus,

1935 3415 2138 3470 eodem
2171 3413 2500 3485 propinavit
2532 3411 2716 3469 calice
2750 3411 2989 3484 perfidis
3013 3411 3585 3481 sibi'Wircibui-gen-

1933 3503 2115 3559 sibus.
2135 3503 2500 3557 Inter"“““
2514 3503 2637 3559 haec
2654 3500 2954 3573 predictus
2969 3499 3328 3573 Errolongus
3348 3498 3460 3564 ‘7”,
3485 3500 3584 3569 qui

1939 3590 2188 3656 presulis
2221 3589 2361 3645 inibi
2394 3604 2600 3646 nomen
2655 3593 3057 3660 usurpaverat.
3110 3602 3213 3659 spe
3267 3588 3587 3644 frustratus

1936 3683 2240 3750 concepta,
2276 3679 2601 3748 Ruotperto
2633 3676 2773 3732 sede
2802 3676 3038 3743 cedens,
3074 3674 3195 3745 regi
3230 3675 3487 3746 deditur,
3521 3679 3579 3731 et

1937 3781 2007 3822 ex
2031 3767 2140 3822 hoc
2166 3766 2318 3822 inter
2334 3782 2472 3822 suos
2494 3764 2830 3835 capellanes
2852 3779 3017 3835 mque
3037 3762 3225 3820 fidelis
3245 3764 3575 3820 estimatur.

2077 3856 2100 3878 '
2131 3855 2188 3909 C.
2215 3855 2344 3911 ita:
2371 3852 2624 3919 devenit,
2654 3853 2850 3922 ibique
2872 3856 3039 3922 extra
3062 3852 3362 3907 civitatem
3386 3857 3583 3908 castra

2192 3923 2368 3979 osuit.
2404 3920 2781 3978 Successerat
2830 3920 3033 3978 eodem
3084 3936 3257 3987 anno,
3309 3922 3585 3979 defuncto

2201 3992 2473 4047 mehardo
2493 3992 2790 4062 episcopo,
2814 3991 2900 4062 vir
2923 3990 3238 4060 singularis
3272 3992 3587 4062 probitatis

2152 4066 2210 4133 et
2241 4062 2481 4133 eximiae
2502 4060 2826 4133 prudentia:
2858 4060 3363 4133 Babenbergen’sis
3381 4060 3589 4133 recole-

2155 4131 2252 4189 siae
2279 4130 2598 4188 canonicus
2629 4130 2938 4200 Erlungus,
2976 4131 3068 4199 qui
3104 4145 3135 4185 a
3162 4131 3288 4187 viro
3321 4131 3589 4187 scolasti-

2155 4202 2395 4273 cissimo
2428 4200 2820 4273 Meginhardo,
2853 4200 3139 4273 avunculo
3180 4200 3405 4273 scilicet
3456 4216 3583 4273 suo,

2155 4272 2418 4355 ejusdem
2450 4271 2605 4355 sedis
2648 4270 2888 4355 dudum.
2909 4270 3592 4355 episcopo,‘_diligentisf

2156 4340 2300 4401 sime
2326 4342 2610 4400 educatus
2639 4346 2698 4397 et
2725 4340 2984 4412 apprime
3022 4340 3370 4397 liberalibus
3421 4341 3593 4398 disci-

2160 4414 2343 4486 plinis
2368 4413 2734 4486 instructus,
2749 4411 2824 4486 ob
2857 4411 3019 4486 famze
3049 4426 3170 4486 suae
3199 4412 3409 4486 bonum
3456 4413 3595 4486 odo-

2161 4482 2282 4541 rem
2315 4484 2385 4540 de
2414 4482 2672 4540 claustro
2705 4482 3175 4554 Babenbergensi
3195 4482 3260 4554 in
3313 4482 3593 4554 palatium

2161 4559 2520 4625 assumptus,
2572 4551 2907 4625 cancellarii
2967 4565 3094 4625 p_er_
3129 4551 3354 4625 aliquot
3410 4569 3598 4625 annos

2160 4622 2398 4682 strenue
2432 4622 2667 4681 rexerat
2696 4622 3251 4695 eﬂlcium,’_indequé
3286 4630 3400 4680 tam
3449 4624 3595 4682 cleri

2164 4711 2333 4767 quam
2366 4694 2564 4767 populi
2595 4693 3447 4767 consensu,Wirciburgensem
3471 4710 3597 4751 sor-

2163 4764 2308 4822 titus
2334 4764 2422 4821 est
2448 4764 2869 4836 episcopatum.
2889 4766 2943 4820 is
2957 4764 3233 4836 virtutem
3251 4764 3599 4836 boniOperis

2166 4833 2667 4909 perseverantiam
2707 4850 2839 4909 esse
2904 4833 3301 4904 considerans,
3368 4833 3594 4909 maluit,

2164 4906 2629 4979 quandoquidem
2646 4907 2901 4979 necdum
2920 4911 3046 4962 erat
3067 4910 3447 4979 consecratus
3470 4906 3599 4979 loco

2165 4975 2375 5036 cedere
2407 4975 2575 5049 quam
2605 4978 2677 5033 ab
2700 4977 3087 5049 imperatore,
3120 4975 3213 5031 cui
3243 4977 3601 5049 eatenusin-

2167 5045 2461 5107 indefessa
2496 5045 2838 5106 sinceritate
2871 5046 3174 5115 servierat,
3231 5045 3320 5104 vel
3366 5045 3599 5105 minima

2168 5120 2517 5177 infidelitate
2550 5119 2759 5176 notari.
2804 5118 2929 5186 Quo
2973 5114 3219 5174 cedente
3268 5130 3373 5175 rex
3421 5117 3602 5175 Ruot-

2167 5195 2418 5262 pertum,
2450 5191 2554 5247 etc.

2096 5264 2143 5288 “
2169 5259 2508 5332 Erlungum,
2543 5274 2712 5331 quem
2740 5261 2802 5315 D.
2838 5259 2901 5315 E.

1554 5377 1791 5433 VARIIE
1832 5378 2230 5435 LECTIONES.

1078 5473 1169 5510 ⁸⁷⁸⁸
1220 5475 1286 5531 R.
1343 5479 1391 5531 1.

265 5471 443 5532 ""in
473 5479 879 5535 nocteecorr.
940 5474 999 5533 C.
1078 5473 1169 5510 '7“
1220 5475 1286 5531 Β.
1343 5479 1391 5531 1.
1472 5472 1564 5507 ⁸⁷³⁸
1619 5489 1672 5532 o.
1728 5479 1777 5530 1.

1858 5473 1951 5508 ιηυ
2003 5489 2075 5533 δα

2073 5485 2294 5548 ρενεον.
2351 5475 2401 5531 1.
2481 5470 2572 5505 ¹²⁸¹
2626 5471 3076 5531 Hartwicum—
3108 5471 3470 5535 intbronizat
3552 5498 3566 5535 δ

191 5546 468 5620 margine
491 5552 543 5607 1.
622 5544 714 5583 ¹τ³²
739 5560 792 5607 0-.
827 5552 877 5606 1.
919 5547 1086 5619 Quod
1109 5548 1174 5615 ι).
1210 5545 1483 5621 legerunt
1509 5549 1585 5605 9°.
1624 5550 1671 5605 1.
1706 5549 1829 5606 110.
1866 5542 1959 5595 ⁸⁷⁸1
1988 5546 2050 5605 E.
2073 5542 2136 5603 '1.

1920 5650 1971 5687 κο]
