3972 6042
447 150 561 216 995
574 220 577 221 ν

516 290 591 313 ’θ’
620 294 679 345 et
706 291 825 344 tam
856 317 924 328 -—-
951 283 1202 344 electum
1236 286 1455 346 desunt
1481 290 1538 347 C.
1572 289 1635 345 D.
1669 290 1729 346 E.

518 360 614 384 ""’
643 362 700 414 C.
737 360 802 430 Di
834 359 893 413 Ε.
926 358 1054 415 ita:
1092 359 1155 413 Ο,
1191 374 1246 415 n.
1285 360 1364 426 (η.
1399 360 1482 430 _O.
1534 362 1622 430 E.)
1672 362 1935 430 prefecit.
1989 362 2091 419 Ge-

591 429 885 485 behardus
943 430 1178 502 quippe,
1240 428 1610 502 quiulocum'
1645 428 1763 487 illic
1833 433 2090 502 pastoris

589 515 693 571 per
721 514 903 555 annos
958 503 1020 555 16
1052 498 1490 571 miserabiliter
1537 498 1946 571 occupaverat,
1995 518 2091 558 eo-

588 569 716 626 dem
775 583 922 625 anno
967 584 995 624 a
1050 569 1317 639 quodam,
1371 583 1540 638 quem
1594 569 1764 626 nimis
1819 573 2090 629 intolera-

590 641 787 714 biliter
819 639 1154 714 injuriabat,
1210 639 1447 714 preprio
1501 640 1684 696 milite
1734 643 2084 714 trucidatus,

591 656 787 697 mnter
819 656 872 693 ιη
908 656 1154 707 urianat,
1210 656 1314 709 pro
1360 656 1447 693 I'lO
1501 656 1684 696 nume
1734 656 2084 714 trucmatus,

587 710 765 789 duplo
844 656 1223 789 piangendus,
1296 656 1653 789 (iecesserat.
1728 714 2088 783 Congrcgato

589 780 786 851 itaque
821 780 1223 854 undecumque
1266 780 1551 851 exercitu,
1602 796 1771 838 cesar
1823 780 2090 854 progres-

586 850 707 919 sus,
740 850 1047 918 marcham,
1083 850 1185 906 etc.

514 923 636 945 ω’·
662 918 722 975 et
749 951 818 960 —
848 918 1127 975 occubuit
1174 918 1390 976 desunt
1435 921 1494 976 C.
1539 922 1648 992 qui
1693 924 1924 995 pergit:
1973 938 2087 980 non

509 1004 821 1185 "-931"???
856 1062 916 1116 E.
988 1059 1264 1117 addunt:
1338 1061 1677 1131 Sigihardus
1739 1078 1936 1121 comes
1996 1079 2089 1120 ca-

585 1149 639 1185 Dl
676 1147 762 1185 lll‘.

583 1147 762 1226 m2":-

507 1201 678 1227 '"“”
708 1203 766 1256 C.
800 1201 927 1258 ita:
961 1201 1016 1255 h.
1055 1207 1283 1274 patrum
1314 1217 1570 1274 meorum
1601 1206 1668 1274 et,
1712 1219 1758 1260 s.
1809 1211 2087 1274 augusto-

581 1287 737 1345 rum,
767 1275 1004 1345 _tenere,
1038 1272 1099 1345 _si
1154 1276 1195 1325 t.
1247 1286 1309 1345 r._
1342 1288 1403 1345 o._
1447 1272 1504 1327 d.
1556 1288 1604 1328 c.
1650 1272 1781 1342 jure
1825 1272 2083 1345 gentium

581 1342 886 1413 possidere
917 1341 1121 1413 cupio,
1157 1342 1443 1412 parricida
1493 1358 1632 1399 vero
1656 1341 1713 1400 v.
1750 1361 1802 1400 v.
1831 1341 1887 1400 ‘e.
1924 1361 1975 1400 n.
2014 1347 2077 1412 ρ.

578 1410 703 1494 sip.
754 1428 826 1467 m.
874 1410 1235 1493 apostolicae,
1287 1413 1442 1494 quod
1486 1414 1854 1494 nimirumin
1906 1410 2079 1494 causa

576 1482 686 1553 est,
723 1497 786 1538 se
814 1498 860 1538 s.
894 1482 939 1537 o.
983 1482 1044 1555 i.,
1077 1496 1185 1555 ego
1203 1515 1279 1555 7-
1309 1482 1342 1537 i.
1383 1499 1436 1554 p.
1484 1499 1529 1539 s.
1584 1500 1636 1554 p.
1691 1486 1887 1555 potius
1918 1489 2078 1555 regni

579 1570 631 1625 p.
667 1552 821 1625 esse,
851 1552 1149 1625 noveritis.
1202 1552 1917 1625 Intereavesperascente
1962 1552 2077 1625 jam

576 1622 689 1710 die,
724 1622 1294 1710 redduniureastriis
1322 1622 1640 1710 phalanges
1675 1626 1866 1710 regiiu.
1900 1622 2080 1698 lnipe-
2107 1650 2162 1710 Β

578 1699 739 1749 rator
770 1708 908 1749 vero
940 1693 1072 1749 dum
1106 1694 1269 1762 quasi
1303 1693 1375 1749 de
1405 1695 1662 1751 crastino
1699 1693 1918 1751 certior
1949 1693 2079 1753 con-

574 1764 733 1820 ﬂictu
766 1778 906 1837 suos
932 1764 1199 1837 instruit,
1234 1778 1339 1820 nec
1372 1779 1618 1837 pugnam
1652 1781 1757 1821 nec
1784 1769 2073 1837 pugnandi

575 1839 769 1891 votum
801 1835 891 1889 vel
925 1834 1008 1889 fas
1040 1833 1117 1889 ibi
1148 1848 1291 1905 esse
1338 1833 1382 1890 a’
1417 1833 1796 1905 principibus
1830 1833 2069 1895 audivit.

574 1907 904 1976 instructus
934 1918 984 1960 e.
1025 1919 1082 1976 is.
1136 1904 1172 1957 f.
1229 1919 1281 1959 η,
1334 1904 1829 1976 conSpirationem
1875 1921 1904 1962 a
1950 1910 2071 1966 suis

570 1974 877 2031 adversum
911 1982 973 2031 Se
1014 1975 1244 2044 factam,
1298 1988 1329 2030 e
1376 1974 1590 2032 castris
1641 1977 1894 2033 latenter
1940 1994 2069 2035 cum

572 2045 817 2118 paucis"
841 2045 1212 2101 subtrahitur
1256 2061 1269 2107 ;
1312 2060 1357 2101 s.
1393 2046 1447 2100 d.
1482 2047 1536 2102 d.
1572 2063 1625 2102 η.
1665 2063 1707 2103 s.
1744 2063 1817 2103 m.
1854 2063 1908 2118 q.
1943 2064 1992 2105 c.
2030 2051 2065 2106 f.

570 2131 616 2173 ε.
678 2132 722 2172 8.
773 2117 911 2171 Nam
942 2147 1005 2155 —-
1041 2119 1329 2186 repetere,
1365 2122 1556 2186 prout
1609 2132 1720 2172 nox
1770 2117 2066 2175 concessit

568 2200 769 2257 opaca,
804 2185 1125 2257 contendit.
1161 2187 1311 2257 Atir.
1345 2185 1398 2240 d;
1432 2186 1485 2241 d.
1522 2187 1875 2245 adversariis
1906 2190 1976 2245 ad
2025 2191 2060 2246 l.

568 2254 630 2333 -τξ
661 2254 1362 2333 _iIiilitiae__s_ibi_conciliat2
1408 2273 1479 2312 ιη.
1525 2259 1581 2313 F.
1625 2274 1673 2313 r.
1715 2272 1766 2314 e.
1812 2276 1865 2330 p.
1911 2276 1960 2316 c.
2008 2278 2060 2333 p.

561 2327 672 2383 sibi
707 2332 849 2382 tunc
881 2325 1478 2393 Wirciburgensibus.

492 2397 869 2469 mf'fﬂcjta
892 2415 902 2449 :
922 2397 959 2450 Ι.
978 2396 1031 2450 h.
1055 2412 1106 2466 p.
1135 2396 1444 2465 Erlungus,
1472 2398 1567 2467 qui
1597 2398 1959 2469 presulatum
1983 2400 2066 2456 in-

564 2467 641 2524 ibi
675 2469 746 2541 ab
779 2468 1130 2541 imperatore
1162 2472 1537 2541 susceperat,»
1568 2467 1832 2541 fortunae
1852 2475 2059 2541 rotam,

566 2539 744 2608 utivir
772 2538 1028 2608 prudens
1054 2540 1111 2590 et
1158 2536 1470 2607 discretus,
1526 2539 1876 2607 indignando
1929 2536 2064 2596 con-

566 2607 854 2680 sideralis,
890 2608 1012 2680 regi
1034 2608 1419 2680 Ruotpertum
1443 2610 1782 2665 restituenti
1804 2609 2059 2680 deditur,

561 2683 621 2732 et
651 2691 720 2732 ex
751 2677 858 2733 hoc
889 2677 1040 2752 inter
1061 2692 1197 2732 suos
1219 2678 1600 2752 capellanos,_
1628 2685 1830 2752 utpote
1890 2677 2061 2752 longe

566 2752 699 2804 ante
730 2746 1097 2820 notissimus,
1131 2746 1336 2820 magno
1367 2756 1423 2803 et
1445 2746 1928 2820 speeiali‘honore
1949 2746 2059 2807 tra-

560 2823 775 2892 ctatur.
811 2819 949 2892 lfost
986 2820 1103 2892 hinc
1137 2817 1207 2873 ad
1242 2819 1462 2892 Spiram
1479 2817 1855 2892 perveniens,
1883 2823 2060 2878 Gebe-

561 2888 804 2945 hardum
829 2888 1301 2957 Hirsaugiensem
1333 2888 1601 2945 abbatem
1634 2888 1947 2948 constituit
1980 2893 2056 2949 ibi

559 2959 918 3032 episcopum,
973 2958 1370 3032 Ruothardum
1429 2975 1680 3032 quoque,
1733 2977 1837 3032 per
1878 2978 2058 3019 annos

557 3008 1370 3102 ἑέίἱῇῐῇἔίῑέὶῖεὖξιᾝὶἱῑέυῖἶιῖ
1390 3008 2058 3102 ηόὖῇῗῖιᾏέὸῖιίίέόᾎὲἶ
2091 3008 2139 3071 C

556 3100 739 3169 tituit,
774 3102 974 3172 sicque
1005 3105 1123 3156 tam
1156 3101 1433 3172 populum
1455 3116 1623 3172 quam
1649 3100 1868 3159 clerum
1894 3104 2053 3160 illum

556 3170 898 3240 apostolicae
974 3170 1363 3226 communioni
1444 3170 1865 3229 reconciliavit.
1919 3174 2056 3231 [nde

556 3241 950 3311 Burgundiam
985 3255 1327 3311 conversus,
1363 3241 1617 3297 ﬁdelium
1652 3258 1890 3299 suorum
1914 3260 2058 3301 nun-

553 3310 665 3385 c_iis
698 3315 1033 3385 revocatur,
1066 3310 1263 3379 sicque
1316 3310 1594 3385 'Sigefridi
1643 3314 1876 3385 comitis
1922 3330 2056 3385 que-

557 3379 683 3455 dam
756 3380 1502 3455 fraudulenthpreveniens
1572 3379 2050 3455 machinamenta,

554 3451 768 3524 quibus
801 3451 1066 3524 Acurialei
1124 3451 1270 3524 illud
1303 3522 1311 3524 _
1341 3452 1718 3522 colloquium,
1788 3455 1940 3524 quod
1982 3451 2054 3512 ab

552 3521 847 3596 universis
906 3521 1067 3596 regni
1130 3521 1492 3596 principibus
1523 3521 1734 3596 ’__super
1793 3521 2054 3596 presenti

550 3591 795 3667 negocio
830 3590 1165 3667 condictum
1198 3590 1334 3647 erat
1360 3590 1645 3663 impedire
1698 3590 1828 3651 cum
1870 3597 2045 3667 impe-

547 3666 757 3735 ratore
782 3661 984 3735 conari
1019 3662 1350 3735 dicebatur,
1386 3661 1607 3733 patrem
1650 3679 1818 3721 suum
1860 3661 2053 3735 Bingae

546 3731 700 3787 circa
738 3732 871 3787 ldus
900 3733 1030 3787 Dec.
1093 3731 1530 3857 repgeril,'ore
1586 3735 1654 3791 ad
1709 3751 1776 3791 os
1834 3737 1904 3792 de
1965 3731 2053 3794 his

546 3816 674 3857 quae
727 3802 1133 3857 emendatione
1234 3804 1359 3857 iana
1422 3804 1793 3857 videbantur-
1846 3808 2052 3857 ordine

546 3816 681 3875 quae
727 3802 1133 3858 emendatione
1166 3802 1359 3875 digna
1422 3804 1793 3875 videbantur,
1846 3808 2052 3863 ordine

589 3873 779 3948 uidem
815 3878 1159 3943 prepostero
1193 3874 1297 3929 sed
1321 3873 2046 3948 necessariecommutato,

589 3888 779 3929 uicem
815 3888 1159 3943 prepostero
1193 3888 1297 3929 seu
1321 3890 1650 3931 necessarie
1671 3888 2046 3948 commutato,

547 3888 702 4025 alius
756 3950 985 4025 patrem
1045 3946 1423 4025 commonuit,
1443 3946 1842 4025 _obmdientige
1892 3949 2051 4025 debi-

541 4018 687 4085 tum,
721 4015 768 4089 si
820 4018 1014 4070 tamen
1065 4015 1389 4089 ipse‘idem
1443 4018 1558 4072 Deo
1596 4032 1710 4074 non
1757 4019 2045 4089 abnuerit,

543 4084 883 4157 perSolvere
916 4084 1273 4157 repromisit.

468 4172 727 4231 Audiens
757 4173 989 4230 interim
1023 4188 1126 4229 rex
1158 4176 1381 4244 patrem
1413 4189 1579 4231 suum
1610 4176 1762 4247 apud
1785 4178 2048 4250 Wigper-

392 4267 537 4333 tum,
575 4261 863 4333 quendam
894 4261 1354 4319 illustrissimum
1377 4269 1437 4319 et
1456 4263 1805 4334 prudentem
1833 4265 2041 4336 virum,

1612 154 2095 221 EKKEHARDI
2138 157 2695 231 URAUGIENSIS

3743 175 3871 237 996

2122 295 2169 352 Α
2207 313 2316 370 bus
2344 319 2696 395 venerabilis
2728 316 3103 378 Rudthardus
3137 323 3620 396 archiepiscopus
3651 341 3682 382 a
3715 326 3868 383 Thu-

2204 400 2408 471 ringia,
2442 419 2550 474 qua
2581 421 2684 477 per
2709 424 2889 464 annos
2911 416 3046 464 octo
3070 411 3430 480 tyrannicam
3455 413 3862 470 declinaverat

2202 489 2441 561 rabiem,
2470 494 2727 563 presidio
2746 496 3165 553 catholicorum
3185 500 3510 571 principum
3535 500 3858 572 deductus,

2202 578 2449 634 maxime
2468 582 2682 639 nobilis
2706 585 3008 654 Mogontiae
3035 586 3288 658 tripudio
3314 588 3611 645 kathedrae
3627 605 3753 647 sua;
3769 607 3864 647 re-

2200 666 2490 739 stituitur,
2520 670 2721 742 sicque
2740 675 2857 728 tam
2883 674 3153 745 populum
3181 691 3347 745 quam
3372 677 3593 733 clerum
3618 683 3860 749 aposto-

2202 751 2327 811 licm
2351 759 2736 817 reconcilians
2758 760 3061 833 acclesiaa,
3087 764 3160 819 ab
3199 765 3486 821 universis
3516 781 3631 822 non
3663 766 3855 824 solum

2202 848 2263 897 ut
2285 846 2581 915 paterjam
2606 850 2959 919 grandevus,
2988 851 3090 907 sed
3115 854 3289 908 etiam
3315 853 3477 911 velut
3508 870 3576 911 ex
3601 856 3853 912 mortuis

2201 929 2516 1005 redivivus,
2552 938 2901 995 omnimodis
2931 940 3239 997 excolitur.
3267 942 3464 998 Rebus
3486 942 3672 1013 igitur
3692 943 3853 1000 circa

2198 1018 2461 1076 Rhenum
2512 1025 2871 1097 compositis,
2925 1027 3313 1098 Burgundiam
3377 1045 3479 1087 rex
3539 1031 3853 1090 lleinricus

2199 1110 2568 1166 convertitur
2601 1111 2805 1186 (Dee),
2839 1115 2941 1170 sed
2976 1123 3287 1174 revocatus
3318 1117 3573 1176 ﬁdelium
3607 1134 3850 1177 suorum

2198 1197 2443 1268 nunciis,
2469 1201 2926 1259 machinamenta
2954 1206 3140 1276 patris
3164 1221 3291 1276 qua:
3316 1206 3589 1276 Sigel‘ridi
3614 1208 3852 1265 comitis

2196 1284 2412 1341 auxilio
2444 1288 2809 1361 moliebatur,
2847 1293 2987 1347 mira
3022 1293 3335 1350 velocitate
3382 1297 3674 1365 prevenit.
3709 1296 3848 1351 Nam

2195 1370 2357 1437 illum
2391 1374 2733 1444 Mogontiam
2767 1379 3124 1451 tendentem,
3160 1387 3335 1452 atque
3360 1382 3721 1452 colloquium
3755 1400 3854 1441 cu-

2194 1460 2358 1530 riale,
2397 1464 2547 1532 quod
2580 1465 2651 1520 ab
2700 1467 2992 1524 universis
3038 1470 3193 1538 regis
3251 1471 3615 1542 principibus
3670 1484 3851 1544 super

2196 1551 2453 1616 presenti
2486 1554 2723 1622 negocio
2751 1556 3085 1613 condictum
3121 1558 3174 1613 in
3205 1558 3382 1615 natali
3415 1560 3720 1617 Dominico
3752 1575 3851 1617 ex-

2197 1638 2560 1711 pectabatur,
2589 1641 2870 1713 impedire
2884 1648 3290 1715 temptantem,
3310 1647 3500 1717 Bingae
3523 1648 3681 1705 circa
3706 1649 3846 1706 ldus

2190 1724 2488 1782 Decembr.
2509 1732 2788 1801 repperit,
2807 1746 2909 1788 ore
2923 1733 2991 1787 ad
3007 1734 3074 1791 Os
3098 1733 3168 1789 de.
3196 1736 3581 1793 anathematis
3606 1737 3847 1796 vinculo

2188 1817 2651 1887 czeterorumquc
2675 1818 2999 1877 insolenter
3023 1822 3075 1877 in
3100 1838 3218 1880 rem
3252 1824 3540 1895 publicam
3569 1826 3847 1883 commis-

2187 1914 2400 1972 sorum,
2446 1905 2651 1961 ordine
2695 1908 2924 1977 quidem
2969 1917 3315 1982 prepostero
3356 1913 3457 1969 sed
3500 1916 3841 1972 necessarie

2183 1997 2558 2064 commutato,
2603 1995 2758 2052 ﬁlius
2800 2003 3022 2069 patrem
3065 2002 3439 2073 commonuit,
3482 2004 3839 2061 obedientire

2183 2078 2464 2151 debitum,
2500 2082 2548 2138 si
2582 2084 2929 2155 resipiscere
2960 2088 3261 2145 dumtaxat
3293 2089 3588 2161 dignetur,
3636 2107 3840 2163 repro-

2180 2167 2354 2223 misit.
2392 2170 2597 2227 Senior
2626 2173 2728 2229 has
2760 2178 2816 2229 et
2850 2176 3183 2245 hujusmodi
3234 2193 3404 2248 quam
3457 2180 3662 2250 plures
3704 2196 3835 2237 sen-

2184 2256 2396 2312 tentias
2427 2258 2495 2313 ad
2531 2260 2884 2318 audientiam
2918 2265 3263 2335 eptimatum
3310 2270 3366 2321 et
3420 2273 3664 2325 senatus
3691 2286 3828 2326 con-

2178 2343 2397 2400 sultum
2418 2346 2655 2403 instanti
2672 2350 2850 2406 curiae
2866 2351 3329 2424 distulit,sicque
3342 2356 3658 2413 comitatus
3672 2364 3831 2414 uter-

2178 2445 2308 2501 que,
2329 2434 2608 2504 paeiﬁcus
2623 2437 2693 2491 ad
2711 2438 2973 2509 invicem,
2996 2440 3217 2511 pariter
3239 2449 3442 2498 contra
3468 2445 3834 2515 scpedictam

2177 2533 2238 2574 se
2261 2523 2625 2593 metropolim
2645 2527 2956 2582 convertit.
2979 2528 3133 2584 [nter
3149 2530 3270 2586 haec
3293 2529 3507 2601 aliqua,
3540 2548 3671 2603 quae
3698 2534 3833 2591 huic

2175 2615 2346 2678 pacto
2380 2612 2625 2681 pacique
2657 2628 2766 2669 non
2798 2617 3201 2687 convenirent,
3231 2618 3366 2674 dum
3408 2636 3512 2690 per
3552 2623 3830 2680 occultos

2173 2698 2417 2754 nuncios
2436 2716 2500 2770 pa
2514 2707 2657 2756 trem
2671 2704 2871 2758 conari
2888 2704 3007 2761 ﬁlio
3022 2705 3227 2762 ﬁdeles
3243 2707 3616 2779 denotarent,
3634 2710 3827 2767 visum

2171 2791 2260 2841 est
2292 2788 2530 2859 eisdem,
2568 2794 2628 2845 ut
2666 2797 2832 2861 pater
2854 2795 3165 2863 separatim
3189 2811 3317 2852 cum
3346 2797 3470 2853 suis
3493 2797 3546 2852 in
3572 2799 3827 2855 castello

2172 2875 2420 2944 quodam
2434 2878 2729 2935 tutissimo
2749 2881 3075 2951 principum
3090 2888 3435 2940 conventum
3453 2891 3823 2957 expectaret,

2172 2965 2477 3034 presertim
2522 2968 2545 2990 *
2582 2983 2711 3022 cum
2754 2969 3018 3039 presules
3060 2972 3421 3041 Mogontinus
3469 2978 3649 3044 atque
3700 2975 3827 3047 Spi-

2170 3054 2359 3109 rensis
2387 3055 2705 3125 caeteriqne
2739 3058 2831 3126 qui
2864 3059 3126 3115 aderant.
3165 3059 3317 3115 intra
3346 3075 3531 3132 nuper
3554 3064 3827 3119 reconci-

2169 3139 2340 3196 liatas
2365 3157 2502 3198 suas
2525 3143 2825 3201 zecclesias
2839 3148 3416 3205 communicationem
3436 3149 3517 3205 illi
3545 3156 3822 3221 prestare

2170 3243 2231 3285 se
2251 3245 2361 3285 non
2386 3245 2575 3302 posse,
2601 3233 2832 3303 publice
2848 3236 3252 3292 reclamarent.
3275 3237 3370 3293 His
3392 3239 3466 3293 ita
3485 3238 3823 3311 dispositis,

2167 3318 2513 3374 custodibus
2545 3336 2796 3391 quoque,
2828 3323 2925 3391 qui
2960 3338 3028 3378 ne
3060 3323 3190 3379 novi
3225 3326 3531 3396 quicquam
3573 3328 3648 3382 ab
3691 3328 3825 3399 ipso

2166 3405 2259 3460 vel
2290 3406 2359 3460 ad
2394 3407 2583 3476 ipsum
2615 3410 2959 3478 procederet
2986 3410 3096 3482 173‘,
3122 3413 3429 3479 adhibitis;
3456 3428 3560 3469 rex
3583 3416 3822 3484 Mogon-

2167 3492 2305 3548 tiam
2326 3494 2560 3566 publico
2582 3500 2894 3555 conventui
2917 3500 3243 3572 principum
3259 3503 3539 3570 occurrit;
3557 3503 3661 3559 sed
3684 3504 3827 3559 vul-

2165 3582 2325 3651 garis
2358 3583 2490 3639 inde
2522 3584 2801 3657 stulticia,
2840 3593 3063 3659 patrem
3097 3604 3126 3644 a
3157 3588 3276 3645 ﬁlio
3308 3589 3444 3645 dolo
3475 3597 3717 3663 captum
3752 3599 3810 3646 et

2166 3672 2452 3729 custodia}
2478 3674 2889 3745 mancipatum,
2912 3677 3368 3749 circumquaque
3403 3677 3749 3735 diffamavit.
3770 3682 3818 3703 “

2306 3848 2328 3920 ἦ
2362 3850 2688 3920 praesertim
2718 3882 2789 3891 -—
2821 3850 3227 3908 reclamarent.
3260 3854 3479 3911 desunt
3505 3855 3563 3909 C.

2305 3917 2546 4063 “lca/Ea
2583 3921 2862 3979 addzmt:
2915 3922 3109 3978 Pridie
3137 3955 3208 3965 —
3236 3929 3391 3982 esset
3446 3930 3630 3996 parte.
3674 3941 3814 3998 qua

2372 4007 2399 4047 ι
2554 4033 2566 4047 .

2232 4170 2350 4225 Hoc
2388 4171 2410 4193 "
2453 4184 2601 4225 anno
2643 4169 2999 4228 Balduvinus
3038 4187 3139 4228 rex
3190 4172 3527 4230 Ascalonem
3573 4189 3606 4229 a
3656 4176 3807 4232 mari

2161 4257 2564 4328 copiosissima
2588 4258 2859 4315 classium
2883 4260 3283 4332 multitudine,
3308 4276 3339 4318 a
3357 4266 3517 4318 terra
3540 4278 3804 4320 veronon

396 4350 495 4422 qui
513 4350 782 4422 panibus
803 4350 859 4405 in
883 4348 973 4383 rm
992 4349 1112 4406 iiiis
1131 4364 1275 4420 quas
1299 4351 1499 4407 Soram
1526 4352 1851 4409 inhabitant
1891 4354 2047 4425 prin-
2072 4361 2126 4422 D
2159 4360 2339 4418 parvo
2369 4346 2611 4416 cingens
2640 4347 2927 4416 exercitu,
2951 4349 3325 4405 tributariam
3348 4350 3459 4404 sibi
3481 4350 3605 4406 ﬁeri
3629 4349 3805 4423 longa

395 4438 724 4510 cipabatur,
753 4451 883 4494 esse
906 4443 1226 4510 repertum,
1252 4454 1434 4511 usque
1456 4440 1525 4496 ad
1550 4441 1810 4498 Rhenum
1834 4441 1917 4497 illi
1942 4442 2043 4501 du-

392 4529 585 4583 catum
616 4556 685 4566 —
717 4527 825 4582 hoc
855 4526 1005 4582 enim
1040 4542 1140 4596 per
1174 4527 1400 4597 legatos
1429 4529 1551 4600 ipse
1581 4528 2041 4600 supplicabat—

391 4612 790 4673 administrari
825 4614 1127 4686 permisit;
1158 4630 1228 4671 ne
1254 4619 1449 4672 tamen
1482 4617 1676 4687 aliquo
1706 4618 1867 4675 illius
1898 4619 2038 4676 inibi

388 4702 787 4773 infestaretur,
805 4702 1355 4774 molimine,mature
1369 4704 1700 4775 Wirciburg
1714 4707 2033 4780 digressus,

386 4807 500 4854 non
530 4794 703 4866 longe
731 4809 760 4852 a
785 4792 950 4869 Spira
974 4792 1364 4869 prescriptum
1393 4795 1601 4854 ﬁumen
1640 4810 1751 4855 non
1784 4796 1909 4855 sine
1943 4814 2038 4871 pc-

386 4880 572 4943 riculo
597 4884 998 4942 transfretavit
1024 4902 1038 4951 ;
1064 4901 1309 4958 moxque
1326 4887 1565 4943 civitate
1584 4887 1708 4959 ipsa
1732 4888 2037 4958 patrisque

385 4967 598 5029 ibidem
620 4975 938 5031 reconditis
959 4975 1254 5031 thesauris
1277 4976 1500 5046 potitus
1525 4974 1666 5045 (Oct.
1702 4976 1815 5045 31),
1848 4975 2032 5032 virum

385 5061 704 5130 sapientem
736 5066 794 5118 et
816 5062 1067 5119 nobilem
1091 5078 1158 5119 ac
1182 5079 1286 5134 pro
1317 5067 1533 5120 sanctae
1565 5063 2031 5121 conversationis

382 5147 534 5203 fama
562 5164 901 5222 morumque
930 5150 1216 5221 dignitate
1242 5150 1511 5207 omnibus
1558 5166 1760 5207 sanum
1811 5151 2036 5222 sapien-

383 5230 544 5291 tibus
562 5235 887 5308 amabilem,
913 5237 1315 5296 Gebehardum
1341 5237 1843 5308 Herisaugiensem
1861 5238 2036 5294 abba-

378 5326 523 5391 tem,
556 5322 801 5393 prefecit
830 5324 1163 5385 Sirensibus
1191 5326 1551 5403 episcOpum.
1584 5325 1686 5383 His
1714 5324 1887 5384 etiam
1918 5326 2035 5384 die-

2155 4435 2462 4494 obsidione
2478 4436 2691 4506 coegit.
2714 4438 2847 4492 Post
2868 4437 3095 4508 aliquot
3117 4453 3258 4494 vero
3273 4437 3363 4471 1"“
3377 4453 3607 4495 menses
3624 4444 3806 4498 50000

2155 4525 2606 4581 Sarracenorum
2640 4524 2951 4597 improvise
2981 4540 3043 4581 se
3073 4525 3468 4583 invadentium
3500 4528 3695 4585 virtus
3718 4528 3806 4584 di-

2151 4614 2282 4669 vina
2300 4617 2434 4668 ante
2460 4612 2646 4683 ipsum
2670 4617 2922 4684 quatuor
2947 4614 3348 4671 tantummodo
3370 4614 3587 4672 milium
3622 4617 3807 4673 mani-

2155 4703 2265 4759 bus
2293 4701 2523 4772 stravit,
2558 4702 2806 4774 quodam
2840 4702 3066 4760 scilicet
3100 4703 3440 4774 ammiratae,
3467 4704 3563 4775 qui
3589 4718 3807 4762 secun-

2152 4790 2261 4849 dus
2287 4808 2315 4847 a
2340 4806 2474 4861 rege
2497 4790 2829 4861 Babyloniae
2852 4791 3184 4861 videbatur,
3206 4798 3402 4864 capto,
3430 4792 3619 4850 altero
3641 4793 3805 4852 inter

2151 4885 2424 4936 caeteram
2475 4876 2908 4934 multitudinem
2961 4879 3175 4936 occiso.
3231 4879 3447 4935 Christi
3484 4879 3799 4939 clementia

2150 4966 2475 5039 peregrinis
2504 4966 2624 5022 suis
2652 4966 2804 5036 apud
2835 4967 3229 5035 Antiochiam,
3270 4968 3512 5038 Syriam,
3551 4968 3801 5025 Palesti-

2148 5072 2277 5114 nam
2315 5059 2612 5124 totamque
2639 5069 2743 5125 per
2777 5057 2987 5125 Asyam
3019 5062 3429 5127 prosperante,
3471 5071 3796 5128 eorumque

2146 5145 2436 5205 servitute
2451 5143 2786 5199 barbaricas
2799 5144 3255 5216 circumquaque
3268 5146 3598 5217 spurcicias
3610 5144 3799 5203 elimi.

2147 5238 2342 5307 nante,
2370 5232 2601 5289 invidus
2633 5236 2691 5287 et
2725 5232 2998 5290 occultus
3019 5239 3263 5291 eatenus
3285 5233 3575 5292 aecclesiae
3595 5249 3795 5307 perse-

2145 5322 2562 5384 eutorAlexius
2575 5320 2672 5378 diu
2694 5326 2912 5379 tectam
2927 5338 3046 5381 sum
3069 5324 3330 5397 perﬁdia:
3351 5324 3672 5384 toxicatam
3705 5338 3788 5382 rc-

1740 5422 1980 5484 VARIAE
2018 5421 2418 5483 LECTIONES.
3214 5462 3217 5465 -

501 5498 546 5536 ³⁴
566 5512 854 5583 δίφυιον.
888 5515 939 5572 1.
1010 5507 1105 5548 ιη’
1128 5507 1485 5580 vocabulum
1510 5510 1812 5592 quoddam
1837 5512 2250 5590 (precaverent
2268 5511 2312 5588 ει)
2341 5509 2559 5571 omisit.
2595 5509 2750 5569 axz.
2832 5508 2924 5546 ιτκ
2951 5509 3117 5572 dem
3137 5510 3204 5569 Η.
