3972 6042
131 298 278 365 1³001

997 293 1433 362 CHRONICA.
1469 335 1545 344 —
1575 293 2053 362 CHRONICON
2096 294 2649 362 UNIVERSALE.

3373 300 3527 366 1002

124 452 236 495 non
263 440 528 508 possent,
587 434 714 507 ipse
770 431 952 506 partis
1002 433 1310 503 utriusque
1359 432 1621 489 consiliis
1669 447 1767 488 an-
1799 433 1851 493 A
1876 430 2042 501 juxta
2076 432 2282 490 summi
2302 433 2632 490 sacerdotis
2657 434 2962 505 totiusque
2982 433 3261 493 acclesia
3292 436 3527 495 decreta

124 540 324 595 nuens,
360 524 574 595 regalia
606 524 695 580 vel
734 522 1049 594 imperialia
1100 520 1367 592 insignia,
1401 536 1633 577 crucem
1664 520 1772 577 sci-

128 613 266 671 licet
288 617 349 669 et
371 612 650 679 lanceam,
677 616 995 683 sceptrum,
1022 608 1257 679 globum
1280 612 1456 680 atque
1476 622 1771 679 coronam,

1885 536 2003 578 sua
2037 523 2440 580 consulturum
2474 523 2679 580 anima
2708 523 2992 595 promisit.

130 701 232 756 iilii
258 700 535 773 potestati
555 698 818 769 tradidit,
848 711 1125 770 prospera
1148 695 1230 751 illi
1279 711 1607 769 mprecans,
1636 697 1794 754 illum
1819 699 2167 767 primatibus
2192 700 2376 757 multo
2393 699 2531 756 ﬂetu
2557 700 2986 772 commendans,
3004 708 3059 760 et
3085 718 3182 759 ex-

133 788 455 859 tunejuxta
477 788 683 846 summi
708 787 1031 845 sacerdotis
1056 787 1364 859 tociusque
1388 786 1672 844 acclesia
1699 787 1935 845 decreta
1971 804 2092 845 sua
2116 788 2522 846 consulturum
2550 790 2753 846 anima
2778 793 3068 862 promisit.

203 880 324 937 Hoc
345 878 551 936 ordine
584 877 889 933 lieinricus
923 875 1081 932 illius
1105 876 1353 933 nomiuis
1387 877 1644 947 quintus,
1670 876 1784 948 pri-

135 982 287 1025 mum
321 982 351 1024 a
405 969 591 1039 patre,
639 965 850 1022 deinde
907 965 979 1021 ab
1012 962 1101 997 1""
1133 964 1418 1021 universis
1466 964 1785 1021 Germania

138 1056 506 1130 principibus
530 1054 585 1110 in
614 1053 934 1124 regemjam
959 1054 1215 1110 secundo
1233 1053 1458 1109 electus
1479 1052 1688 1124 (Jan),
1715 1051 1787 1106 ab

138 1143 478 1217 apostolicis
510 1157 744 1215 quoque
770 1142 980 1213 legatis
1002 1157 1107 1213 per
1130 1156 1331 1198 manus
1353 1140 1787 1213 impositionem

138 1231 428 1290 catholice
476 1231 875 1302 conﬁrmatus,
926 1230 1187 1301 acceptis
1221 1235 1334 1286 tam
1391 1231 1463 1286 ab
1494 1228 1790 1301 episcopis

142 1336 314 1393 quam
364 1320 530 1377 laicis
557 1320 722 1390 juxta
758 1334 974 1375 morem
1009 1318 1212 1391 patria
1264 1318 1670 1388 sacramentis,
1704 1332 1793 1373 re-

140 1424 320 1481 gnare
333 1409 489 1481 cepit
505 1412 600 1464 82°
624 1408 751 1464 loco
774 1408 845 1463 ab
886 1410 1170 1479 Augusto,
1187 1410 1281 1463 50°
1307 1405 1469 1477 regni
1491 1406 1677 1479 patris
1700 1406 1791 1463 sui

142 1512 314 1569 anno,
334 1499 405 1554 ab
436 1497 592 1555 Urbe
622 1496 1040 1554 eondita1858°
1064 1497 1320 1566 anno,ab
1349 1495 1572 1565 origine
1596 1492 1792 1551 mundi

145 1589 334 1643 50580.
360 1585 674 1643 Dominica
714 1599 853 1641 vero
878 1584 1314 1654 incarnationis,
1343 1588 1404 1640 ut
1430 1583 1650 1639 dictum
1680 1588 1789 1653 est,
1822 1621 1876 1683 B

145 1678 311 1731 11060
340 1690 507 1731 anno.

218 1762 443 1819 Relatis
472 1761 653 1833 igitur
677 1775 872 1818 coram
898 1775 1034 1831 rege
1064 1761 1411 1832 cunctisque
1444 1761 1636 1817 tocius
1660 1760 1796 1815 Ger-

150 1853 354 1909 mania
388 1851 769 1924 optimatibus
789 1854 849 1906 et
882 1849 1213 1920 presulibus
1244 1850 1514 1920 omnique
1540 1849 1700 1906 clero
1723 1846 1799 1903 si-

152 1940 268 1997 mul
290 1944 348 1996 et
373 1939 587 2011 populo
609 1938 1001 2008 legationibus
1024 1939 1291 1994 Romana
1314 1937 1472 1994 sedis
1489 1952 1669 2009 super
1689 1951 1798 1993 ae-

148 2029 461 2087 clcsiarum
520 2027 678 2098 regni
712 2026 887 2083 istius
932 2026 1454 2083 commaculatione
1479 2026 1706 2081 diVersa
1739 2028 1797 2081 et

152 2118 501 2185 inveterata,
518 2122 573 2171 et
589 2119 827 2172 econtra
842 2113 1245 2171 emendatione
1270 2116 1341 2170 ab
1358 2114 1647 2170 universis
1666 2128 1803 2169 una-

153 2205 388 2261 nimiter
423 2204 728 2276 promissa,
767 2203 986 2275 placuit
1028 2207 1144 2259 tam
1178 2203 1299 2272 regi
1332 2217 1501 2274 quam
1528 2201 1803 2274 primori-

156 2295 287 2364 bus,
349 2293 419 2349 ad
476 2299 732 2349 sanctam
794 2297 1036 2348 matrem
1107 2291 1418 2347 Romanam
1477 2290 1802 2348 acclesiam

154 2388 356 2440 tantos
386 2396 453 2437 ac
498 2382 645 2437 tales
677 2396 705 2437 a
736 2381 1007 2453 partibus
1038 2380 1169 2437 istis
1201 2380 1425 2449 legatos
1459 2379 1800 2449 transmitti,

158 2471 256 2544 qui
280 2476 341 2527 et
364 2470 435 2526 de
458 2470 709 2541 objectis
732 2470 845 2525 rite
871 2468 1152 2525 rationem
1178 2467 1423 2524 reddere
1445 2473 1504 2522 et
1529 2468 1599 2524 de
1622 2468 1807 2524 incer-

166 2559 241 2615 tis
256 2557 546 2629 sagaciter
562 2558 915 2627 investigare
931 2571 997 2613 ac
1012 2572 1113 2628 per
1126 2556 1315 2612 omnia
1332 2555 1808 2612 utilitatibusac-

157 2646 511 2706 clesiasticis
532 2646 830 2718 sapienter
842 2646 1150 2703 consulere
1174 2646 1290 2701 sint
1312 2644 1809 2717 idonei.Separau-

161 2743 261 2793 tur
285 2737 340 2792 in
366 2736 472 2793 hoc
496 2750 644 2808 opus
664 2735 773 2792 viri
798 2735 1006 2808 spiritu
1030 2734 1333 2806 sapientia
1363 2733 1535 2805 pleni,
1562 2734 1811 2804 dignita-

163 2824 346 2895 tibus,
396 2825 691 2881 natalibus
746 2830 804 2879 et
850 2824 1139 2894 elegantia
1171 2838 1275 2880 seu
1307 2822 1530 2881 divitiis
1561 2821 1810 2894 preclari

1971 879 2089 934 Hoc
2110 877 2312 935 ordine
2354 878 2655 935 llemricus
2677 878 2837 936 illius
2858 881 3107 939 nominis
3130 883 3387 954 quintus,
3423 886 3539 957 pri-

1900 981 2051 1022 mum
2084 981 2113 1021 a
2148 971 2333 1037 patre,
2377 965 2585 1021 deinde
2618 967 2690 1022 ab
2716 967 3006 1024 universis
3035 971 3353 1029 Germania
3388 972 3542 1042 prin—

1899 1052 2201 1125 cipibusin
2219 1053 2531 1123 regemjam
2566 1054 3063 1112 secundoelectus
3084 1056 3295 1129 (ΜΛ),
3320 1059 3541 1130 abapo-

1900 1140 2125 1198 stolicis
2147 1156 2378 1212 quoque
2402 1140 2611 1211 legatis
2633 1157 2735 1214 per
2768 1158 2969 1200 manus
2991 1144 3421 1215 impositionem
3452 1162 3546 1204 ca-

1900 1228 2119 1285 tholice
2140 1228 2823 1302 conlirmatus,'acceptis
2840 1236 2957 1288 tam
2976 1232 3047 1287 ab
3064 1233 3352 1305 episcOpis
3376 1251 3545 1306 quam

1904 1317 2251 1388 laicisjuxta
2278 1332 2495 1374 morem
2534 1319 2738 1390 patria
2761 1323 3163 1391 sacramentis,
3192 1338 3434 1392 regnare
3458 1339 3550 1381 ce-

1903 1407 2107 1478 pit88°
2129 1406 2261 1464 loco
2308 1407 2381 1461 ab
2415 1409 2697 1478 Augusto,
2729 1412 2824 1464 50°
2847 1410 3009 1478 regni
3044 1411 3228 1479 patris
3258 1411 3347 1467 sui
3377 1427 3546 1483 anno,

1907 1495 1978 1549 ab
2023 1494 2178 1550 Urbe
2236 1494 2472 1550 condita
2532 1499 2714 1566 18570,
2750 1497 2821 1551 ab
2876 1497 3099 1567 origine
3148 1500 3344 1555 mundi
3386 1503 3552 1556 50580

1908 1582 2216 1640 Dominica
2246 1597 2384 1639 vero
2442 1585 2880 1654 incarnationis,
2927 1591 2987 1639 ut
3021 1586 3239 1641 dictum
3270 1591 3379 1659 est,
3418 1591 3552 1646 1106

1907 1685 2075 1727 anno.

1978 1758 2199 1816 Relatis
2232 1759 2409 1829 igitur
2441 1775 2634 1816 coram
2669 1774 2806 1829 rege
2837 1762 3185 1834 cunctisque
3214 1765 3399 1823 totius
3419 1766 3555 1825 Ger-

1908 1848 2110 1903 mania
2133 1847 2516 1919 optimatibus
2542 1852 2602 1903 et
2633 1847 2969 1919 presulibus
2992 1851 3262 1923 omnique
3290 1853 3449 1910 clero
3482 1854 3556 1911 si-

1907 1934 2022 1991 mul
2046 1939 2103 1993 et
2130 1934 2345 2007 populo
2370 1936 2762 2007 legationibus
2785 1938 3055 1996 Romana
3078 1941 3234 1997 sedis
3255 1957 3431 2013 super
3446 1958 3558 2001 ac-

1907 2023 2217 2103 clesiarum
2270 2025 2431 2095 regni
2466 2024 2637 2082 istius
2686 2027 3203 2087 commarulatione
3236 2030 3466 2089 diversa
3497 2037 3558 2088 et

1910 2113 2233 2169 inveterata
2257 2116 2311 2168 et
2338 2118 2577 2169 econtra
2600 2113 3005 2172 emendatione
3024 2117 3096 2173 ab
3112 2118 3401 2177 universis
3422 2134 3558 2176 una-

1912 2201 2147 2257 nimiter
2175 2200 2484 2272 promissa,
2526 2201 2751 2273 placuit
2792 2206 2906 2259 tam
2937 2205 3060 2275 regi
3090 2221 3260 2276 quam
3294 2207 3557 2278 primori-

1915 2290 2043 2359 bus,
2070 2288 2141 2344 ad
2163 2293 2422 2345 sanctam
2471 2295 2713 2345 matrem
2737 2291 3049 2348 Romanam
3079 2294 3408 2351 acclesiam
3441 2301 3562 2351 tan-

1914 2382 2011 2433 tos
2037 2390 2104 2433 ac
2135 2375 2286 2433 tales
2314 2392 2341 2433 a
2376 2378 2643 2448 partibus
2674 2378 2805 2435 istis
2837 2378 3062 2451 legatos
3090 2383 3431 2452 transmitti,
3460 2383 3557 2455 qui

1915 2471 1975 2521 et
2006 2465 2078 2521 de
2110 2465 2359 2537 objectis
2390 2465 2501 2521 rite
2543 2467 2826 2523 rationem
2860 2469 3105 2527 reddere
3138 2474 3193 2525 et
3226 2470 3295 2527 de
3319 2471 3561 2531 incertis

1917 2553 2212 2624 sagaciter
2227 2553 2579 2630 investigare
2594 2569 2659 2611 ac
2676 2570 2780 2627 per
2794 2556 2981 2613 omnia
2999 2558 3565 2619 utilitatibusaccle-

1920 2641 2179 2699 siasticis
2209 2642 2507 2714 sapienter
2555 2643 2859 2700 consulere
2892 2646 3005 2702 sint
3037 2646 3246 2703 idonei.
3284 2650 3565 2719 Separan-

1922 2736 2016 2787 tur
2040 2730 2094 2785 in
2126 2731 2237 2787 hoc
2281 2746 2428 2802 opus
2460 2732 2565 2787 viri
2598 2732 2809 2803 spiritu
2841 2734 3138 2805 sapientia
3170 2735 3345 2807 pleni,
3381 2738 3565 2808 digni-

1920 2819 2481 2888 tatibus,natalibus
2514 2820 2873 2890 ctelcgantia
2908 2836 3008 2878 seu
3034 2822 3256 2879 divitiis
3290 2824 3562 2896 preclari,

163 2914 442 2985 nullaque
465 2913 784 2970 secundum
808 2914 983 2969 Deum
1014 2913 1135 2969 sive
1159 2910 1419 2969 seculum
1436 2911 1812 2968 veneratione
1848 2973 1889 2985 ,_
1923 2906 2198 2977 nullaque
2222 2907 2538 2963 secundum
2557 2908 2733 2963 Deum
2760 2908 2882 2964 sive
2904 2911 3163 2966 seculum
3188 2913 3565 2970 veneratione

167 3003 408 3073 indigni,
469 3018 498 3059 a
548 3002 919 3072 Lotharmgia
952 3000 1041 3035 1⁷⁵⁷
1074 3002 1265 3058 Bruno
1309 3000 1668 3057 Trevireusis
1700 2999 1808 3071 ιη’,
1842 2973 1892 3037 C
1925 2996 2166 3069 indigni,
2193 3011 2222 3052 a
2248 2997 2613 3067 Lotharingia
2642 2999 2832 3054 Bruno
2859 3000 3235 3072 Trevireusis,
3262 3017 3291 3057 a
3319 3004 3566 3060 Saxonia

169 3106 202 3147 a
230 3091 476 3147 Saxonia
524 3090 827 3146 Heinricus
872 3089 1384 3159 Magdeburgensis
1411 3087 1502 3121 ³⁷⁵⁸
1532 3088 1815 3161 archiepi-

161 3178 349 3251 scopi,
381 3179 453 3235 ab
476 3178 746 3234 orientali
801 3178 1035 3233 Francia
1063 3178 1199 3233 Otto
1223 3176 1745 3247 Babenbergensis,
1780 3190 1810 3231 a

162 3266 429 3339 Bajoaria
444 3265 1456 3335 EberhardusEistatensis,uterque
1471 3264 1811 3334 designatus

162 3354 450 3428 pontifex,
469 3355 540 3410 ab
565 3353 896 3423 Alemannia
923 3352 1297 3410 Gebehardus
1322 3352 1808 3424 Constantiensis,

160 3443 383 3515 aliique
406 3441 669 3499 nonnulli
697 3440 985 3513 presulcs,
1010 3441 1275 3512 plerique
1298 3441 1471 3497 etiam
1501 3440 1810 3498 nobilesde

161 3533 350 3589 latere
366 3532 522 3602 regis
544 3530 704 3587 laica
739 3529 1146 3603 professionis;
1177 3530 1350 3602 idque
1367 3531 1704 3603 precipuum
1730 3532 1811 3588 in-

162 3629 257 3677 ter
278 3624 490 3677 catera
517 3619 848 3690 suscipiunt
866 3617 1139 3688 mandati,
1159 3623 1242 3688 ut,
1261 3619 1306 3674 si
1344 3618 1686 3690 fieripossit,
1706 3635 1810 3691 per

164 3710 301 3766 illos
324 3709 632 3780 impetrata
665 3707 856 3764 domni
882 3706 1188 3780 apostolici
1224 3705 1529 3777 Cisalpinis
1541 3708 1810 3779 partibus

160 3798 513 3856 exhibeatur
546 3796 858 3869 presentia.

239 3886 331 3944 Sic
366 3886 653 3955 nimirum,
690 3886 777 3940 sic
826 3899 929 3956 per
971 3890 1061 3940 tot
1103 3884 1218 3955 jam
1250 3898 1434 3941 anros
1473 3885 1810 3943 obnubilata

166 3977 269 4033 lux
299 3974 440 4032 oriri
473 3974 649 4045 coepit
704 3973 923 4031 nostris
952 3974 1007 4029 in
1050 3974 1317 4045 partibus
1340 3972 1430 4005 ¹⁷⁶⁰
1450 3972 1809 4041 orthodoxa;

161 4062 583 4137 depublicatur
603 4062 1014 4132 etventilatur,
1030 4061 1558 4131 dijudicatur'met
1583 4061 1813 4119 convin-

160 4149 343 4219 citur,
381 4148 541 4205 t‘atet
573 4152 631 4204 et
659 4148 976 4221 respuitur,
1003 4147 1467 4219 condempnatur
1488 4152 1547 4203 et
1578 4147 1815 4204 anathe-

163 4238 485 4297 matizatur
533 4237 759 4294 heresis
787 4236 1147 4307 Wigbertina
1177 4234 1268 4292 vel
1325 4236 1690 4293 Heinriciana
1723 4235 1813 4270 ‘7“

1925 3087 2230 3144 Heinricus
2260 3086 2769 3157 Magdeburgcnsis
2802 3088 3250 3161 archiepiscopi,
3284 3093 3356 3147 ab
3382 3092 3570 3149 orien-

1923 3174 2027 3232 tali
2060 3175 2297 3231 Francia
2330 3175 2468 3231 Otto
2499 3176 2998 3246 Babenbergensis
3040 3193 3069 3232 a
3102 3179 3359 3249 Bajoaria
3396 3181 3570 3237 Eber-

1924 3266 2141 3323 hardus
2162 3265 2534 3335 Eistatensis,
2556 3270 2804 3335 uterque
2828 3265 3167 3336 designatus
3190 3269 3472 3341 pontifex,
3497 3272 3569 3328 ab

1924 3354 2258 3412 Alemannia
2288 3354 2660 3410 (tebehardus
2685 3354 3172 3426 Constantiensis,
3197 3356 3411 3429 aliique
3434 3373 3569 3416 non-

1923 3442 2064 3500 nulli
2088 3443 2378 3514 presulcs,
2402 3442 2664 3514 plerique
2679 3442 2853 3498 etiam
2879 3443 3105 3499 nobiles
3130 3444 3398 3502 delaterc
3415 3448 3569 3518 regis

1920 3532 2085 3590 laica
2121 3530 2530 3604 professionis;
2581 3530 2754 3601 idque
2800 3533 3138 3603 precipuum
3173 3534 3327 3590 inter
3357 3542 3569 3594 catera

1922 3618 2249 3691 suscipiunt
2296 3618 2689 3690 mandata,ut,
2713 3619 2761 3675 si
2789 3619 2910 3675 fieri
2938 3626 3154 3691 posset,
3187 3636 3290 3693 per
3314 3622 3445 3679 illos
3472 3625 3563 3681 im-

1921 3713 2152 3780 petrata
2206 3707 2399 3764 domni
2428 3707 2734 3778 apostolici
2771 3708 3081 3780 Cisalpinis
3113 3710 3382 3781 partibus
3411 3713 3571 3769 exhi—

1926 3801 2130 3855 beatur
2165 3796 2476 3868 presentia.

1994 3886 2087 3942 Sic
2119 3884 2406 3954 nimirum,
2458 3885 2544 3941 sic
2576 3899 2677 3955 per
2736 3884 2963 3942 viscera
3020 3888 3440 3947 misericordia
3470 3894 3569 3947 Dt'l

1924 3974 2133 4043 nostri,
2168 3977 2334 4029 tanto
2380 3972 2547 4028 nobis
2596 3973 2823 4029 oriente
2855 3973 3121 4047 lucifero,
3184 3992 3287 4049 per
3344 3982 3427 4036 tot
3452 3980 3569 4051 jam

1924 4077 2108 4120 annos
2120 4060 2376 4117 nubilata
2393 4060 2492 4115 lux
2506 4060 2918 4131 Splendescere
2932 4064 3110 4135 coepit
3126 4065 3568 4137 acclesiastica,

1923 4157 2004 4221 et,
2033 4153 2093 4207 ut
2119 4150 2376 4206 breviter
2399 4148 2646 4221 plurima
2679 4149 3040 4222 concludam,
3077 4161 3424 4225 capessente
3449 4171 3569 4213 rem

1928 4236 2218 4311 publicam
2243 4250 2310 4294 ac
2333 4237 2643 4292 Romanam
2682 4235 3022 4295 defensante
3045 4239 3381 4299 kathedram
3407 4243 3573 4302 Hein-

164 4325 460 4387 abdicatis
490 4325 615 4382 sive
639 4324 854 4397 fugatis
874 4324 1152 4382 hereticis
1177 4323 1286 4395 1"”,
1314 4323 1592 4382 Catholici
1617 4326 1815 4381 kathe-
1840 4330 1895 4391 D
1928 4326 2071 4397 rico,
2090 4324 2332 4397 speciali
2363 4324 2547 4381 totius
2574 4324 2734 4381 orbis
2755 4325 2902 4397 ﬂori,
2920 4327 3188 4385 universa
3212 4330 3573 4403 circumqua-

162 4416 295 4474 dris
320 4414 755 4489 pontificalibus
806 4413 1197 4485 destinantur,
1223 4428 1253 4469 e
1273 4413 1483 4484 quibus
1512 4414 1685 4472 etiam
1713 4413 1814 4472 ali-

161 4505 267 4579 qui
294 4506 447 4562 inter
494 4505 620 4576 ipsa
650 4504 799 4560 festa
846 4508 1283 4560 consecrantur.
1315 4503 1572 4573 Denique
1605 4503 1658 4560 in
1693 4508 1816 4561 tan-

159 4602 296 4655 tum
326 4593 536 4651 divina
595 4592 743 4664 legis
770 4592 966 4649 subito
1026 4591 1188 4649 zelus
1217 4592 1509 4663 eﬂ‘erbuit,
1545 4597 1605 4649 ut
1640 4593 1815 4651 etiam

163 4687 300 4758 ipsa
320 4683 603 4740 cadavera
641 4680 1282 4754 pseudoepiscoporum
1304 4680 1377 4736 ab
1398 4680 1688 4738 acclesiis
1716 4681 1818 4737 eli-

1927 4413 2427 4485 queeliminantur
2457 4414 2524 4470 ad
2552 4429 2760 4485 purum
2776 4415 3113 4473 scismatum
3146 4418 3575 4491 scandala,scis

1928 4516 2108 4574 saque
2131 4502 2349 4559 Christi
2373 4501 2925 4575 resarciturtunica,
2952 4504 3160 4563 electis
3177 4507 3342 4565 bonis
3376 4508 3431 4565 in
3463 4525 3574 4567 ac-
3630 4504 3633 4507 ’

1927 4590 2123 4648 clesia
2142 4604 2282 4648 vasa
2308 4589 2439 4646 mali
2457 4590 2845 4663 projiciuntur
2866 4594 3062 4665 pisces
3075 4595 3146 4652 de
3161 4595 3318 4653 Petri
3335 4612 3570 4669 sagena,

163 4774 557 4843 minarentur,
585 4775 875 4842 quotquot
897 4776 1086 4826 autem
1117 4770 1189 4825 ab
1212 4769 1354 4841 ipsis
1375 4774 1543 4825 erant
1567 4771 1842 4842 ordinati,
1866 4783 2047 4841 usque
2072 4766 2143 4824 ad
2178 4767 2512 4837 generalem
2538 4768 2889 4825 audientiam
2913 4769 2985 4825 ab
3008 4771 3213 4829 omciis

164 4861 695 4934 suapenderentur.
723 4860 844 4915 Iam
887 4860 1037 4915 enim
1060 4858 1334 4916 exaltatis
1359 4860 1467 4915 sibi
1492 4859 1772 4917 divinitus
1793 4859 2061 4917 acclesia
2091 4858 2346 4913 Romana
2395 4857 2692 4928 cornibus,
2719 4858 2788 4915 ad
2814 4858 3213 4916 incutiendum

164 4953 447 5010 timorem
477 4948 709 5006 cunctis
730 4946 820 4981 ³⁷⁸⁸
848 4962 1263 5019 usquequaque
1290 4947 1626 5004 scismatum
1668 4948 1961 5019 membris,
1988 4948 2162 5005 etiam
2184 4948 2398 5019 capitis
2420 4945 2607 5018 ipsius
2626 4960 2784 5017 ossa,
2818 4946 3098 5017 Wigberti
3124 4946 3215 4983 ⁸⁷⁸⁸

163 5039 402 5101 scilicet
421 5038 562 5097 dicti
586 5053 771 5112 papa,
797 5037 867 5095 de
908 5035 1220 5109 sepulchro
1244 5051 1370 5108 suo,
1398 5037 1551 5109 quod
1573 5053 1674 5110 per
1712 5053 1815 5094 sex
1835 5036 2059 5109 ""jam
2093 5051 2276 5095 annos
2298 5037 2355 5092 in
2385 5034 2649 5093 acclesia
2694 5036 3061 5093 Ravennensi
3090 5051 3221 5108 pos-

1534 5233 1770 5293 VARIzE
1810 5232 2210 5291 LECTIONES.

247 5391 341 5471 f'f'
370 5391 442 5471 ab
475 5386 1189 5471 u_niv_ersi_s‘ger._-_¢§esunt.
1231 5384 1572 5471 ﬂamini,
1610 5383 1771 5471 linea
1790 5383 1935 5458 plus
1970 5399 2168 5471 .gq‘aAm
2214 5381 2697 5471 dimidiatfr‘qsa,

924 5459 1013 5495 '7“
1042 5459 1386 5517 trevirensis
1442 5470 1590 5516 corr.
1655 5458 2016 5514 treverensis
2046 5458 2143 5515 ΕΞ.
2252 5458 2343 5490 ³⁵⁷³
2372 5458 2674 5524 magadeb.
2731 5458 2828 5510 Et.
2933 5458 3028 5486 ‘7'“
3057 5458 3092 5509 i.

1013 5532 1104 5566 1⁷⁸⁸
1134 5529 1493 5587 neinriciana
1523 5531 1575 5586 4.
1674 5525 1766 5563 ¹τ⁶³
1796 5527 2022 5587 heresis
2057 5533 2109 5587 δ.
2142 5531 2193 5586 6.
2234 5528 2319 5583 10.
2349 5523 2654 5583 heresibus
2685 5527 2771 5583 ll.
2806 5537 2853 5583 θ.
2890 5534 3047 5583 corr.
3078 5529 3135 5584 7.

163 5606 270 5648 ³⁷⁸⁸
303 5600 579 5669 wicberti
610 5608 661 5666 4.
692 5604 968 5679 wigperti
996 5609 1050 5664 7.
1084 5605 1318 5678 sepius.
1397 5600 1490 5640 '7"
1519 5603 1583 5664 γ.
1620 5605 1707 5662 10.
1744 5605 1825 5661 11.

164 5464 269 5502 ιτιτ
303 5463 657 5535 lutharingia
720 5464 820 5521 E2.

162 5536 268 5619 ξῖἷξ
301 5529 678 5619 “manili!”
709 5539 795 5616 Ψ·
832 5538 964 5619 ¹¹·..
996 5532 1104 5619 _""
1134 5529 1493 5619 ηθῖηιῒίοίεξξιὲ
1519 5531 1575 5619 5:

463 5705 730 5773 Panos.
777 5702 984 5771 CLIV.

2252 5381 2475 5443 ’imidia
2502 5392 2697 5452 erasa,
2732 5380 2938 5486 {acile
2962 5381 3193 5464 negligi
3209 5382 3553 5455 potuerunt.

2252 5452 2343 5486 ωτι
2373 5450 2653 5486 πτηνοηὴοῆ
2780 5457 2800 5486 4
2933 5449 3028 5486 1780
3058 5471 3068 5486 ι
3154 5469 3188 5486 η
3269 5469 3301 5486 η
3385 5459 3417 5486 ἰι
3509 5461 3553 5486 m

2297 5454 2343 5490 7’
2372 5449 2692 5524 magadeb.'
2731 5449 2828 5510 Et.
2933 5449 3092 5509 mm'i.
3127 5449 3236 5528 'pf
3269 5469 3326 5511 n.
3385 5459 3449 5510 7.
3509 5449 3586 5511 9c}

2297 5541 2319 5583 ι.
2349 5523 2654 5583 hercsibus
2685 5527 2771 5583 ll.
2806 5537 2853 5583 θ.
2890 5534 3047 5583 corr.
3078 5529 3135 5584 7.
3234 5523 3323 5562 ‘7“
3355 5524 3513 5585 deest
3542 5528 3594 5583 ι.
