3972 6042
392 171 560 298 tua

1558 188 2041 272 EKKEHARDI
2086 186 2641 276 URAUGIENSIS

3640 191 3798 282 1004

390 351 649 419 sederat,
693 346 900 420 projici
937 346 1178 419 fecerat,
1213 346 1601 417 universaque
1633 342 1724 377 ⁷⁷⁸⁷
1745 345 1871 414 ejus
1902 344 2189 417 instituta,
2218 351 2283 404 ut
2314 362 2452 405 vere
2480 363 2592 405 non
2617 344 2705 380 ⁷⁷⁸⁸
2727 347 3033 420 apostolici
3058 347 3402 421 sacerdotis,

388 441 489 496 sed
526 442 590 493 ut
624 436 715 469 1"”
744 437 1058 507 apostatici
1089 434 1398 505 invasoris,
1434 433 1722 490 annullari
1760 433 2121 491 decreverat.

458 530 617 582 Inter
674 525 796 582 haec
854 524 1232 581 Werinberus
1262 522 1371 594 "7°,
1407 522 1638 593 quidam
1667 537 1738 577 ex
1771 521 1976 577 ordine
2010 523 2482 582 ministerialium
2515 525 2692 594 rcgis,
2727 525 2823 595 qui
2881 525 3129 580 marcbae
3162 523 3251 558 ‘7'“
3277 540 3405 596 qua

388 614 442 671 in
475 614 742 686 partibus
792 613 901 683 [est
936 612 1045 683 ¹⁷⁷²]
1083 612 1323 682 Aquinas
1375 614 1628 682 preerat,
1666 609 1829 680 quasi
1864 610 2115 666 heresim
2145 612 2386 668 eandem
2422 612 2906 683 resuscitaturus,
2931 612 3199 669 collectis
3231 613 3408 670 unde-
3454 622 3461 627 '

387 720 641 774 cumque
678 718 779 775 per
811 702 1034 757 Italiam
1093 701 1299 771 copiis,
1350 699 1649 770 corruptis
1708 714 1938 769 quoque
1981 699 2163 756 multa
2197 702 2438 772 pecunia
2500 702 2774 758 Romanis
2804 700 2894 735 "7’
2927 701 3242 772 nonnullis,
3269 702 3404 758 dum

386 793 631 849 domnus
662 790 1024 863 apostolicus
1079 788 1502 846 Beneventanis
1532 787 1874 843 immoratur
1904 787 2135 859 ﬁnibus,
2181 790 2464 860 quendam
2498 790 2721 861 pseudo
2744 790 3014 847 abbatem
3046 789 3115 846 de
3164 790 3415 861 Farfare,

395 881 534 952 prob
571 881 769 935 nefas!
806 878 1102 933 kathedrae
1134 876 1324 932 sancti
1353 875 1510 932 Petri
1544 875 1843 947 imposuit,
1879 882 1939 931 et
1968 875 2157 947 ipsum
2191 892 2394 949 papam
2426 879 2663 934 caesaris
2692 879 2802 934 sub
2831 878 3117 934 vocabulo
3135 877 3403 934 Silvestri

389 966 673 1038 appellari
704 964 907 1021 voluit.
941 963 1046 1029 Qui
1082 968 1271 1019 tamen
1325 967 1457 1035 post
1489 962 1786 1034 paululum
1822 963 2096 1034 turpiter,
2131 968 2192 1020 ut
2223 967 2576 1037 merebatur,
2614 981 2643 1022 a
2676 964 2765 999 1""
2798 965 3118 1022 Catholicis
3147 964 3406 1022 elimina-

386 1061 483 1111 tus
513 1053 623 1123 ³⁷⁷⁸,
648 1054 902 1110 vesaniae
957 1067 1076 1109 sum
1110 1052 1394 1125 premium
1428 1051 1576 1107 male
1608 1051 1922 1122 conquisiti
1956 1051 2241 1123 pejusque
2272 1053 2524 1126 dispersi
2550 1054 2686 1111 aeris
2716 1052 2805 1087 "7°
2836 1053 3037 1110 retulit
3070 1053 3400 1125 dampnum,

386 1148 588 1214 preter
621 1140 942 1211 fidei,quod
974 1140 1148 1197 miser
1180 1155 1335 1196 casco
1363 1154 1475 1196 non
1509 1139 1700 1197 doluit
1730 1139 1926 1211 corde,
1964 1139 2353 1211 dispendium.

452 1232 635 1286 Porro
661 1244 935 1300 proceres
964 1227 1054 1261 17'”
1077 1229 1193 1298 jam
1240 1228 1381 1284 dicti
1432 1228 1566 1283 dum
1595 1244 1625 1284 e
1657 1229 1782 1285 suis
1813 1228 2028 1298 singuli
2062 1232 2115 1289 A
2218 1232 2404 1286 Porro
2446 1230 2860 1302 proceresjam
2886 1230 3025 1287 dicti
3072 1230 3205 1287 dum
3230 1245 3262 1286 e
3285 1231 3405 1286 suis
3426 1229 3642 1298 singuli
3666 1244 3802 1301 par-

385 1318 654 1390 par-tibus
672 1317 726 1371 in
749 1316 901 1373 valle
922 1315 1013 1349 "7°
1034 1316 1368 1372 Tridentina
1397 1317 1835 1386 convenientes,
1877 1316 2028 1387 apud

383 1405 645 1476 ejusdem
688 1404 938 1462 nominis
996 1404 1312 1473 civitatem,
1351 1404 1407 1459 id
1465 1408 1553 1460 est
1578 1402 1666 1437 “7°
1696 1405 2029 1460 Tridentum

383 1492 1281 1567 peruoctarentWebr.),quidam
1302 1491 1651 1549 Adelbertus
1666 1492 2027 1563 adolescens,

383 1580 635 1653 partium
690 1587 878 1636 tamen
908 1579 997 1613 ¹⁷⁸⁰
1027 1579 1257 1636 illarum
1300 1580 1547 1650 quodam
1582 1580 1827 1649 insignis
1857 1581 2031 1636 comi-

388 1675 531 1739 tatu,
568 1683 790 1725 summo
818 1682 985 1723 mane
1013 1683 1190 1739 super
1223 1668 1401 1738 ipsos,
1452 1672 1658 1739 utpote
1689 1668 1940 1724 inermes
1971 1674 2031 1723 et

385 1757 748 1830 peregrinos,
804 1771 935 1812 cum
992 1755 1079 1788 ‘7“
1139 1756 1366 1811 civibus
1421 1755 1661 1811 armatis
1696 1755 1785 1788 ⁷⁷⁸³
1834 1756 2025 1827 irruit,

385 1845 619 1916 spoliat,
646 1844 828 1916 capit,
881 1843 1165 1899 custodia:
1224 1843 1406 1897 tradit
1438 1840 1527 1875 ³⁷⁸³
1584 1842 1756 1913 idqne
1787 1844 1896 1899 sibi
1931 1859 2029 1914 per

383 1932 709 2001 legationes
763 1930 977 1986 domini
1038 1931 1150 2001 sui,
1211 1930 1465 1986 Heinrici
1496 1929 1586 1962 1⁷⁸⁸
1639 1931 1884 2003 [scilicet
1918 1930 2026 2002 17”]

383 2020 828 2092 evimperatoris
852 2018 961 2089 ³⁷⁸⁸,
980 2018 1386 2074 demandatum
1410 2018 1768 2090 comprobat.
1792 2019 2028 2075 Artibus

383 2109 597 2180 quippe
620 2108 814 2164 solitis
848 2107 996 2163 idem
1032 2106 1338 2162 lleinricus
1370 2122 1513 2163 usus
1550 2106 1699 2162 clam
1733 2105 1823 2139 1⁷⁸⁷
1853 2107 2030 2180 [clan-

378 2196 529 2253 culis
563 2196 678 2265 jam
707 2201 765 2251 et
799 2211 854 2266 q.
890 2211 942 2251 c.
977 2211 1043 2251 ac
1075 2210 1131 2250 n.
1180 2195 1267 2265 E.)
1298 2194 1624 2265 querelosis
1674 2194 1942 2266 epistolis
1969 2200 2025 2250 et

378 2283 469 2318 ³⁷⁸⁸
499 2284 726 2341 nunciis
756 2298 1154 2354 quascumque
1190 2288 1419 2355 poterat
1449 2281 1539 2316 "3°
1570 2284 1733 2353 regni
1758 2283 2029 2339 civitates

377 2377 433 2428 et
468 2372 802 2444 provincias
851 2371 1217 2443 impleverat,
1253 2371 1466 2441 quibus
1516 2388 1576 2427 se
1612 2372 1722 2426 vim
1756 2386 1786 2427 a
1817 2372 2029 2442 princi-

381 2462 551 2533 pibus
586 2475 839 2533 passum,
875 2461 1049 2516 immo
1080 2461 1152 2515 ab
1178 2460 1348 2515 unico
1377 2459 1494 2514 lilio
1515 2458 1819 2530 depulsum
1853 2459 2029 2529 impe-

378 2550 467 2605 rio
497 2548 862 2620 deplorabat,
898 2562 1139 2617 regnum
1171 2546 1263 2581 "9°
1297 2548 1348 2601 in
1397 2547 1520 2603 suis
1554 2546 1805 2602 miseriis
1832 2547 2029 2602 confu-
2056 2579 2112 2639 B

380 2651 506 2693 sum
532 2636 644 2704 “’1,
669 2636 898 2693 cunctis
920 2650 1336 2706 usquequaque
1370 2636 1639 2706 patribus
1660 2633 1747 2666 ¹⁷⁹²
1769 2634 2026 2703 ejusdem

382 2725 627 2781 fortunae
658 2722 1081 2779 ""timendum
1103 2723 1225 2780 fore
1251 2724 1627 2794 premonebat
1676 2721 2023 2792 exemplum.

381 2811 501 2879 Qua
533 2812 604 2868 de
625 2826 803 2869 causa
827 2811 1154 2882 nullusjam
1187 2827 1291 2883 per
1326 2812 1547 2867 Italiam
1573 2810 1722 2866 liber
1747 2810 2031 2866 transitus

380 2900 597 2958 eisdem
631 2899 922 2972 patuitm‘
939 2899 1165 2969 legatis.
1195 2898 1916 2955 Gebebardus‘795tantum
1941 2896 2031 2931 ‘7“

381 2989 848 3057 Constantiensis
877 2989 1191 3061 episcopus
1221 3002 1352 3042 cum
1384 2986 1505 3042 suis
1537 3002 1641 3058 per
1671 2986 2030 3043 occultiores

383 3078 610 3149 Alpium
640 3077 883 3133 semitas
932 3077 1257 3145 ingressus,
1287 3074 1620 3131 Mahtbildis
1651 3073 1741 3107 ⁷⁷⁸⁷
1770 3074 2029 3130 comitis-

381 3179 481 3236 sae,
515 3165 761 3221 alterius
792 3163 883 3197 1"“
913 3163 1182 3219 nimirum
1211 3163 1493 3218 Debborae
1527 3162 1695 3232 (303),
1730 3161 2024 3232 presidiis,

383 3253 727 3322 apostolicis
743 3255 1121 3323 presentatur
1136 3249 1423 3318 vestigiis.
1442 3249 1761 3319 Reliqui,ut
1779 3248 2029 3305 diximus

381 3346 701 3410 magnates,
725 3345 788 3396 ut
811 3340 1081 3395 nimirum
1115 3354 1144 3393 a
1170 3338 1517 3395 stultissimo
1540 3334 1907 3408 captivatore'
1933 3338 2030 3394 de-

383 3428 674 3500 prehensi,
718 3432 1052 3483 tractantur
1104 3426 1360 3496 indigne,
1392 3430 1591 3497 preter
1624 3426 1894 3481 Ottonem
1928 3427 2029 3480 Ba-

384 3516 842 3585 benbergensem
874 3515 1241 3585 episcopum,
1273 3515 1365 3569 cui
1396 3514 1547 3569 idem
1572 3512 1942 3582 Adelbertus,
1960 3528 2028 3569 eo

381 3606 533 3674 quod
556 3618 697 3660 suus
733 3608 887 3659 esset
918 3602 1105 3673 miles,
1133 3616 1372 3673 parcere
1403 3603 1726 3671 cogebatur
1756 3600 1864 3658 νην.
1903 3600 2027 3668 Quo

380 3688 554 3747 etiam
608 3691 918 3762 mediante,
961 3693 1152 3747 Bruno
1208 3691 1579 3747 Treverensis
1632 3690 1943 3761 episcopus
1967 3696 2025 3747 et

380 3781 715 3851 Wigbertus
747 3779 837 3813 ¹⁸⁰⁰
867 3795 1063 3837 comes
1107 3794 1175 3835 eo
1204 3784 1375 3851 pacto
1410 3779 1806 3850 dimittuntur,
1840 3780 2027 3850 quati-

381 3885 488 3926 nus
519 3870 1005 3942 eximperatorem
1029 3869 1117 3902 ¹⁸⁰¹
1141 3884 1272 3925 cum
1306 3868 1404 3924 illo
1431 3883 1629 3940 pacem
1656 3868 1863 3925 facturi
1894 3883 2029 3925 con-

381 3959 632 4031 veniant,
667 3931 727 4015 ἐι
759 3959 897 4030 quid
921 3958 1010 3992 ⁷⁸⁰¹
1032 3958 1103 4014 de
1135 3958 1378 4029 reliquis
1423 3931 1547 4029 ipse
1572 3958 1857 4029 precipiat
1882 3957 2027 4013 rela-
2056 3931 2106 3994 δ

380 4048 494 4104 turi
528 4048 787 4104 redeant.
822 4051 891 4104 At
922 4049 1107 4117 Iesus,
1135 4047 1233 4118 qui
1266 4060 1498 4117 semper
1519 4060 1700 4117 prope
1731 4051 1824 4103 est
1846 4044 1936 4079 ¹⁸⁰³
1962 4061 2023 4101 se

381 4136 784 4192 invocantibus
839 4141 892 4191 et
928 4136 1019 4192 his
1072 4136 1237 4206 juxta
1267 4134 1356 4167 ί⁸⁰⁴
1386 4135 1484 4204 qui
1544 4133 1830 4191 tribulato
1887 4138 2022 4190 sunt

375 4239 445 4281 co
470 4224 575 4291 de,
610 4230 850 4295 repente
881 4239 1060 4295 super
1098 4224 1336 4279 eosdem
1360 4222 1469 4278 sibi
1500 4221 1750 4278 rebelles
1782 4222 2026 4279 Welefo—

379 4327 506 4368 nem
528 4312 618 4346 ¹⁸⁰⁵
646 4313 851 4370 ducem
902 4313 1172 4369 Noricum
1224 4311 1390 4382 quasi
1421 4309 1678 4380 gladium
1713 4310 1782 4366 de
1816 4312 2020 4380 vagina

2148 1317 2308 1375 tibus
2332 1319 2390 1374 in
2415 1317 2565 1374 valle
2586 1318 2919 1374 Tridentina
2935 1317 3352 1374 convenientes
3364 1316 3515 1388 apud
3530 1317 3800 1387 ejusdem

2146 1406 2394 1462 nominis
2420 1407 2739 1477 civitatem,
2776 1406 2830 1462 id
2864 1410 2952 1462 est
2982 1404 3337 1475 Tridentum,
3379 1409 3801 1477 pernoctarent

2145 1494 2385 1565 (Febr.),
2435 1495 2667 1565 quidam
2713 1490 3070 1550 Adelbertus
3115 1493 3482 1563 adolescens,
3540 1493 3799 1564 partium

2143 1587 2337 1639 tamen
2388 1582 2617 1639 illarum
2652 1584 2900 1653 quodam
2956 1581 3199 1651 insignis
3230 1580 3536 1651 comitatu,
3566 1594 3799 1637 summo

2144 1685 2309 1727 mane
2361 1686 2538 1742 super
2583 1672 2763 1742 ipsos,
2799 1675 3004 1741 utpote
3037 1669 3290 1727 inermes
3321 1674 3380 1725 et
3420 1668 3796 1740 peregrinos,

2142 1772 2274 1814 cum
2299 1758 2527 1815 civibus
2551 1759 2793 1814 armatis
2814 1758 3005 1826 irruit,
3040 1756 3275 1829 spoliat,
3302 1756 3479 1828 capit,
3505 1755 3798 1813 custodia:

2144 1845 2345 1915 tradit,
2374 1847 2547 1917 idque
2570 1846 2680 1903 sibi
2706 1862 2809 1917 per
2844 1846 3165 1916 legationes
3186 1844 3402 1901 domini
3435 1844 3525 1901 sui
3549 1845 3800 1916 impera-

2138 1933 2291 1991 toris
2308 1934 2718 1991 demandatum
2742 1935 3104 2006 comprobat.
3133 1936 3204 1988 At
3224 1935 3416 2002 Iesus,
3439 1933 3537 2004 qui
3560 1946 3800 2004 semper

2145 2037 2327 2094 prope
2349 2030 2443 2079 est
2475 2038 2535 2079 se
2564 2023 2972 2079 invocantibus
2994 2021 3163 2078 etbis
3189 2023 3351 2092 juxta
3379 2021 3475 2092 qui
3511 2019 3798 2077 tribulato

2143 2116 2280 2167 sunt
2304 2111 2500 2180 corde,
2528 2117 2770 2182 repente
2801 2126 2978 2181 super
2999 2109 3237 2166 eosdem
3259 2108 3650 2166 stultissimos
3672 2115 3800 2165 tan-

2146 2204 2335 2255 torum
2394 2203 2720 2268 magnatum
2779 2198 3177 2269 captivatores
3222 2195 3540 2252 Well‘onem
3586 2196 3797 2253 ducem

2144 2285 2411 2341 Noricum
2436 2285 2599 2355 quasi
2621 2284 2877 2355 gladium
2916 2284 3176 2340 limatum
3201 2283 3272 2339 de
3293 2283 3499 2352 vagina
3518 2296 3625 2343 sua
3657 2283 3798 2339 edu-

2144 2374 2261 2439 xit;
2287 2372 2382 2442 qui
2404 2372 2585 2428 tercia
2611 2373 3032 2444 superveniens
3056 2371 3147 2427 die
3172 2386 3341 2427 manu
3365 2369 3577 2439 valida,
3600 2367 3799 2428 clusas

2145 2461 2484 2517 obstructas
2513 2460 2764 2531 effregit,
2798 2459 3221 2529 Gebebardum,
3246 2459 3431 2514 virum
3463 2473 3569 2530 per
3602 2460 3797 2515 omnia

2146 2547 2312 2603 lauda
2326 2547 2516 2618 bilem,
2544 2550 2932 2605 constitutum
2958 2564 2986 2605 a
3010 2562 3144 2619 rege
3162 2552 3368 2604 nostro
3392 2546 3800 2603 Heinrico'l‘ri-

2145 2636 2394 2691 dentinae
2425 2636 2708 2693 aecclesiae
2736 2637 3045 2708 prcsulem,
3064 2651 3234 2707 quem
3258 2648 3549 2705 nunquam
3576 2648 3642 2691 se
3668 2649 3799 2692 sus-

2143 2729 2421 2793 cepturos
2461 2724 2621 2780 cives
2672 2724 2752 2778 illi
2801 2724 3304 2795 conspiraverant,
3357 2722 3538 2793 recipi
3571 2722 3795 2792 coegit,

2145 2811 2332 2882 ipsum
2359 2827 2589 2881 quoque
2607 2811 2983 2868 Adelbertum
3000 2812 3207 2883 suique
3220 2809 3461 2867 sceleris
3474 2809 3799 2882 complices

2143 2900 2287 2955 adeo
2310 2900 2655 2970 perterruit,
2684 2905 2745 2955 ut
2778 2901 3025 2956 eductos
3050 2914 3193 2970 quos
3220 2899 3556 2955 clauserant
3582 2898 3796 2971 princi-

2143 3003 2244 3059 pes
2269 2988 2571 3059 ipsumque
2612 2988 2922 3045 castellum
2946 3004 3096 3045 novo
3128 2988 3409 3060 episcopo
3444 2988 3794 3057 redderent,

2143 3075 2251 3146 ipsi
2288 3076 2525 3146 insuper
2570 3076 2891 3147 nudipedes
2922 3076 2992 3131 ab
3033 3076 3122 3133 bis
3165 3090 3311 3146 quos
3342 3075 3672 3132 aﬂlixerant
3699 3090 3801 3131 ve-

2144 3164 2292 3218 niam
2327 3163 2709 3234 postularent.
2751 3167 2903 3221 Tunc
2954 3165 3130 3219 etiam
3163 3178 3193 3220 a
3229 3164 3413 3235 prima
3463 3162 3799 3219 ebdomada

2143 3250 2624 3321 quadragesimae,
2665 3268 2774 3322 qua
2806 3258 2867 3308 et
2898 3252 3187 3309 mediante
3219 3252 3343 3307 haec
3373 3251 3530 3323 passi
3562 3266 3798 3319 sumus,

2141 3345 2427 3396 cometem
2473 3341 2732 3397 immensi
2793 3340 3036 3410 fulgoris
3070 3355 3171 3411 per
3229 3341 3376 3396 duas
3435 3339 3805 3412 septimanas

2143 3429 2572 3499 conspeximus.
2630 3430 3014 3485 Revertentes
3046 3441 3296 3499 quoque,
3329 3432 3444 3483 tam
3505 3441 3807 3499 pauperes

2144 3530 2312 3583 quam
2344 3515 2576 3585 divites,
2613 3531 2722 3571 non
2749 3515 2875 3571 sine
2900 3516 3137 3587 proprio
3161 3514 3375 3585 singuli
3408 3514 3688 3586 dampno,
3710 3529 3805 3570 re-

2139 3617 2268 3672 gem
2302 3608 2567 3660 nostrum
2624 3604 2956 3659 Heinricum
2992 3602 3264 3674 quiddam
3324 3602 3633 3659 infortunii
3664 3617 3805 3673 per-

2140 3706 2376 3763 pessum
2409 3707 2439 3746 a
2469 3691 2890 3748 rebellantibus
2915 3691 3025 3746 sibi
3052 3691 3347 3748 nonnullis
3369 3705 3475 3763 per
3496 3690 3801 3748 Alsaciam

2141 3779 2458 3850 seditiosis,
2487 3780 2631 3836 fama
2657 3780 2893 3836 sinistra
2915 3779 3313 3852 percepimus;
3338 3780 3393 3835 in
3419 3779 3800 3850 Lotharingia

2141 3869 2710 3940 quoqueHeinricum
2746 3870 2950 3926 ducem
2965 3873 3023 3923 et
3039 3868 3376 3941 episcopum
3410 3869 3797 3926 Leodiensem

2141 3956 2445 4014 Otbertum
2478 3956 2569 3990 ¹⁸⁰⁸
2599 3963 2802 4013 contra
2853 3972 3047 4027 regem
3080 3971 3142 4013 se
3172 3971 3419 4027 armare,
3468 3956 3800 4014 Coloniam-

2141 4060 2271 4116 que,
2329 4045 2615 4102 Iuliacum
2673 4050 2848 4116 atque
2904 4046 3182 4115 Bunnam,
3240 4059 3367 4114 quae
3415 4048 3476 4101 et
3533 4046 3791 4115 Verona,

2139 4137 2469 4204 caeteraque
2499 4133 2583 4190 cis
2614 4149 2681 4190 ac
2712 4134 2859 4191 citra
2882 4134 3143 4189 Rhenum
3166 4132 3374 4205 oppida
3396 4133 3466 4189 ad
3500 4133 3792 4189 resisten-

2140 4222 2272 4278 dum
2303 4237 2366 4279 se
2394 4237 2731 4294 preparare,

1732 4407 1968 4462 VARIIE
2008 4406 2406 4465 LECTIONES.

448 4494 537 4528 "‘7
598 4497 632 4551 Γ.
684 4496 925 4568 ejusque
1185 4495 1276 4528 ³⁷⁸⁸
1325 4496 1440 4568 jam
1500 4509 1614 4550 non
1644 4500 1693 4550 5.

376 4568 434 4622 ι.
473 4571 532 4622 5.
582 4572 639 4622 7.
710 4571 793 4622 10.
833 4566 938 4623 ⁷11.
1053 4566 1143 4599 ³⁷⁷1
1200 4566 1454 4622 marchie
1510 4571 1587 4622 9°.

376 4637 466 4671 "7‘
493 4637 842 4695 elimanatus
874 4642 959 4694 10.
1109 4636 1199 4670 ⁷⁷⁷⁸
1227 4637 1392 4692 eritis
1424 4641 1474 4691 3.
1523 4664 1531 4670 -

374 4711 428 4765 4.
543 4707 636 4741 “3°
664 4711 729 4765 in
761 4715 844 4765 10.
900 4722 1137 4765 erasnm
1186 4717 1289 4775 est,
1326 4708 1486 4764 deest
1519 4712 1596 4764 ll.

368 4782 530 4853 pius,
563 4781 625 4834 N.
660 4793 1087 4853 nonnunquam
1113 4783 1163 4833 6.
1252 4777 1377 4853 ﬁ???
1398 4779 1489 4834 ita
1518 4779 1577 4853 Ε.

373 4851 457 4908 10.
494 4855 581 4908 11.
697 4851 787 4885 ‘7”
815 4852 975 4908 deest
1005 4857 1054 4905 7.
1089 4855 1166 4906 9‘3.

374 4921 470 4994 mf
492 4922 529 4994 ι,
565 4938 617 4994 ρ,
651 4927 709 4978 7,
832 4921 922 4994 1⁷9⁷
946 4921 1418 4994 gobebardus_9°.

1590 4635 1680 4669 1777
1702 4636 1837 4707 ἰδίη.

1693 4777 1782 4811 1786
1816 4778 1870 4833 in

1542 4919 1631 4952 "9°
1662 4924 1850 4976 tamen
1884 4922 1932 4974 4.

370 5069 424 5135 7.
458 5065 785 5135 wigpertus
813 5070 914 5121 9ο..

372 5133 462 5168 ¹⁸⁰²
495 5133 651 5194 αυύἀ
682 5139 735 5191 6.
767 5142 821 5193 7.
852 5142 929 5194 9°.

372 5203 464 5241 ¹⁵⁰⁶
496 5203 562 5262 Ο.
595 5206 759 5264 codd.

1825 4494 1917 4528 ³⁷⁸⁵
1972 4496 2135 4553 deest
2216 4500 2295 4551 10.
2356 4500 2441 4551 11.

1702 4563 1793 4599 1⁷⁷³
1846 4566 1940 4624 ita
1998 4568 2059 4637 E,
2121 4566 2284 4624 deest
2324 4566 2457 4637 rell.

1714 4639 1837 4705 iam.
1886 4654 1937 4708 p.
1975 4639 2037 4693 d.
2107 4640 2156 4692 4.

1714 4707 1801 4741 “81
1832 4713 1891 4763 et
1939 4714 1991 4764 6.
2024 4709 2102 4764 9°.

1280 4779 1369 4811 ⁷⁷⁸⁵
1398 4779 1489 4834 ita
1693 4779 1782 4811 “3‘
1816 4779 2186 4881 imperatoris
2216 4781 2264 4833 4.
2300 4794 2372 4834 ex
2398 4792 2637 4836 erasnm
2665 4781 2759 4836 E2.

1250 4847 1338 4882 I790
1370 4852 1418 4882 in
1456 4864 1576 4882 eum
1611 4866 1636 4882 ι.
1699 4851 1717 4882 I.
1858 4850 1872 4881 1
1904 4848 1947 4881 91
1978 4856 2026 4882 ni
2070 4851 2255 4882 nm...“
2304 4851 2337 4882 R
2389 4850 2631 4882 nmmum
2655 4856 2710 4882 v7.-

697 4851 787 4885 ¹⁷⁸⁹
815 4850 975 4908 deest
1005 4857 1054 4905 7.
1089 4855 1166 4906 9‘3.
1250 4850 1338 4882 "9°
1369 4852 1421 4904 in
1455 4850 1578 4905 suis
1610 4866 1654 4904 r.
1693 4851 1741 4904 4.
1858 4850 1947 4881 ‘7“
1977 4856 2032 4906 ct
2068 4851 2256 4906 fusum
2304 4851 2354 4905 6.
2389 4850 2632 4906 effusum
2655 4856 2731 4907 7ο.
2812 4850 2902 4885 ¹⁷⁹²
2935 4853 3203 4923 partibus
3233 4854 3284 4906 6.
3402 4850 3491 4881 ¹⁷⁹³
3524 4850 3700 4905 deest
3727 4853 3797 4905 4.

696 4966 709 4978 .
832 4921 922 4955 "9‘
947 4921 1316 4980 gobebardus
1346 4925 1418 4977 9°.
1542 4919 1631 4952 "9°
1662 4924 1850 4976 tamen
1884 4922 1932 4974 4.
2050 4919 2139 4953 “9"
2168 4921 2466 4977 mathildis
2497 4924 2594 4978 Dl.
2631 4923 2679 4977 4.
2726 4923 3002 4980 matbilde
3035 4926 3094 4979 E.
3131 4918 3505 4978 machtbildis
3538 4924 3588 4975 5.
3628 4919 3803 4976 meh-

371 4993 536 5074 tildis
562 4988 613 5048 ὃ.
648 4988 982 5074 mechtildis
1010 4992 1397 5074 gsnmctbildis
1429 4994 1504 5074 9°.
1586 4990 1676 5023 ¹⁷⁹³
1704 4991 1881 5074 alteri
2178 4991 2270 5025 17”
2299 4991 2612 5074 videbatur
2636 4998 2692 5074 7.
2795 4992 3135 5074 1"levibert

1019 5063 1623 5136 1fl"?eximperatorem
1681 5062 1882 5136 delata
1929 5062 2169 5134 syllaba
2226 5079 2298 5136 ex
2352 5066 2418 5136 4,.Δ
2454 5063 2868 5136 imperatorem
2899 5067 2996 5122 E2,
3031 5072 3091 5121 et
3116 5065 3534 5136 Imperatorem
3568 5065 3663 5136 to.
3708 5066 3795 5117 ιι,

1008 5134 1099 5168 ¹⁸⁰³
1130 5149 1191 5191 se
1221 5132 1489 5191 omnibus
1516 5132 1553 5187 i.
1587 5136 1638 5187 6.
1669 5137 1719 5188 7.
1755 5135 1829 5188 9·ι.
1872 5132 2076 5191 10.11.
2111 5133 2380 5190 omnibus
2405 5132 2441 5190 i.
2475 5138 2525 5190 5.

2576 4493 2668 4529 “7°
2724 4497 3106 4556 werenberus
3162 4496 3223 4552 6.
3287 4501 3364 4553 9°.
3430 4492 3797 4551 wernherns

2573 4565 2663 4600 im
2719 4582 2782 4621 η,
2845 4585 2897 4621 ,η
2967 4571 3024 4621 Ε,
3178 4566 3267 4602 rm
3323 4566 3489 4621 deest
3546 4568 3633 4620 ιο.
3704 4571 3794 4621 u.

2274 4567 2457 4622 frell.
2573 4567 2663 4600 ‘7'”
2719 4582 2782 4624 n.
2844 4585 2897 4625 r.
2967 4571 3024 4624 E.
3178 4567 3267 4602 "7‘
3323 4567 3489 4624 deest
3546 4568 3633 4620 10.
3704 4571 3794 4621 11.

2274 4636 2531 4693 ""trid.
2570 4636 2626 4694 in
2684 4642 2825 4696 v.4.
2939 4639 3030 4673 ιττο
3058 4639 3113 4694 id
3168 4644 3263 4697 est
3318 4639 3363 4692 ί.
3433 4634 3801 4692 ινίάθηιίυω

2219 4708 2314 4741 ι⁷⁸²
2346 4709 2380 4763 i.
2437 4723 2488 4763 a.
2525 4712 2573 4764 4.
2688 4709 2780 4743 ma
2811 4710 3052 4767 tradidit
3082 4716 3141 4766 7.
3260 4707 3351 4742 ³⁷⁸⁸
3384 4709 3448 4763 II.
3506 4706 3665 4763 codd
3689 4721 3806 4764 soe-

2859 4781 2948 4814 ¹⁷⁸⁷
2977 4795 3104 4837 nam
3137 4785 3187 4836 6.
3220 4785 3272 4836 7.
3307 4783 3384 4834 9‘3.
3500 4775 3593 4811 ‘7“
3624 4776 3815 4835 deest

2812 4850 2902 4885 ¹⁷⁹²
2935 4853 3203 4923 partibus
3233 4854 3284 4923 6.
3334 4922 3339 4923 ί
3376 4847 3491 4923 Α¹⁷⁷³
3524 4848 3700 4905 deest
3727 4853 3797 4923 4.

2795 4992 2888 5027 ¹⁸⁰⁰
2917 4995 3204 5052 wibertus
3233 4995 3331 5047 Dl.
3371 4991 3709 5061 wicpertus
3741 4994 3796 5046 4.

2640 5134 2730 5169 ¹⁸⁰⁴
2759 5135 2920 5195 deest
2943 5139 2975 5192 4
3109 5132 3543 5191 morwell'onem
3572 5132 3795 5190 4—11-

1964 5274 2187 5333 ΝΟΤᾹΞ.

441 5362 593 5439 (363)
624 5363 703 5439 C_f.
736 5365 868 5439 Vita
895 5365 950 5423 S.
985 5366 1247 5439 Hugonis
1276 5363 1683 5439 Gratianopol._
1709 5367 1852 5439 Acta
1881 5363 1973 5419 SS.
2010 5363 2193 5437 April.
2230 5366 2270 5436 Ι,
2284 5381 2361 5439 _p.
2397 5368 2465 5421 39
2498 5383 2510 5420 :
2557 5366 2685 5425 Sed
2703 5365 2765 5426 et
2785 5363 3090 5439 comitiesa
3113 5436 3123 5439 _
3147 5361 3794 5439 Matieildis,_lzabit_u

367 5434 885 5518 gztidgntfeminez:
911 5438 1017 5497 sed
1043 5434 1358 5518 animi)?”
1386 5434 1600 5518 cuneta
1623 5436 1854 5518 signa},
1881 5449 2014 5511 qua
2041 5434 2674 5518 rerzan'dumanaram
2723 5438 3013 5501 tumultus
3054 5436 3240 5512 atgue
3274 5434 3556 5515 pericula
3581 5436 3792 5497 mm

359 5506 750 5586 prop/teriam
770 5507 1012 5569 Deboree
1024 5506 1352 5579 pmdetiter
1371 5511 1583 5572 sedare
1600 5506 1919 5585 “fortiter
1942 5508 2193 5569 noeerat
2219 5508 2491 5569 tolerare.
