3994 6062
231 270 386 330 1005

1109 266 1549 328 CHRONICA.
1582 300 1658 311 -—
1693 262 2167 328 CHRONILION
2215 267 2758 330 UNIVERSALE.

3478 271 3632 330 1006

229 418 331 460 sua
362 400 601 468 eduxit;
632 396 730 470 qui
762 397 942 454 tercia
972 399 1393 468 superveniens
1416 396 1509 454 die
1532 398 1622 432 ¹⁸⁰⁷
1647 413 1814 455 manu
1846 398 2055 468 valida,
2091 398 2286 456 clusas
2306 397 2396 432 1°“
2417 400 2753 455 obstructas
2779 399 3026 470 effregit.
3063 402 3241 456 Gebe-

228 490 497 559 hardum,
531 488 717 544 virum
754 488 1084 558 probatum,
1117 486 1468 542 Tridentinaa
1501 487 1784 543 ascclesize
1816 487 2201 543 constitutum
2232 502 2260 542 a
2293 503 2429 557 rege
2457 488 2750 544 catholico
2781 504 2987 544 novum
3021 488 3244 559 episco-

227 594 384 651 pum,
420 591 589 648 quem
623 589 912 645 nunquam
947 588 1010 629 se
1043 577 1429 645 suscepturos
1459 574 1616 630 cives
1644 575 1755 645 ipsi
1788 572 2288 645 conspiraverant,
2322 577 2505 647 recipi
2538 577 2752 645 coegit,
2790 577 2974 647 ipsum
3009 591 3238 647 quoque

228 667 609 723 Adelbertum
643 663 846 733 suique
881 661 1128 718 sceleris
1159 662 1477 733 complices
1499 663 1646 719 adeo
1671 663 2008 734 perterruit,
2036 668 2101 719 ut
2122 664 2368 720 eductos
2401 680 2547 734 quos
2579 663 2910 720 clauserant
2944 665 3242 735 principes

228 757 534 828 ipsumque
565 751 872 809 castellum
907 766 1055 807 novo
1086 750 1369 823 episcopo
1400 751 1732 821 redderent,
1770 752 1881 823 ipsi
1917 752 2155 823 insuper
2188 753 2511 823 nudipedes
2533 753 2603 806 ab
2626 753 2717 807 his
2743 769 2889 824 quos
2921 754 3241 809 afflixerant

227 843 450 901 veniam
482 840 871 914 postularent.
896 841 1051 895 Tunc
1076 840 1251 895 etiam
1276 854 1305 894 a
1332 840 1513 910 prima
1545 839 1864 895 ebdomada
1897 840 2376 911 quadragesima},
2405 855 2517 911 qua
2541 846 2597 895 et
2623 841 2914 896 mediante
2940 842 3063 897 haec
3092 842 3243 912 passi

227 946 447 1001 sumus,
473 934 759 986 cometam
781 928 1042 983 immensi
1069 927 1314 997 fulgoris
1335 926 1424 959 ¹⁸⁰⁹
1444 942 1624 998 usque
1643 928 1713 982 ad
1737 928 2064 998 passionem
2089 928 2748 1000 D0mini_conspeximus
2770 928 2985 996 (Febr;
3010 929 3243 1000 Mart).

225 1022 611 1078 Revertentes
636 1017 725 1052 “1°
750 1031 998 1088 quoque,
1028 1023 1142 1072 tam
1170 1031 1456 1088 pauperes
1480 1032 1650 1087 quam
1675 1017 1912 1086 divites,
1936 1032 2050 1073 non
2079 1018 2203 1072 sine
2229 1018 2465 1088 proprio
2496 1017 2709 1086 singuli
2745 1016 3010 1087 dampno,
3050 1032 3243 1085 regem

225 1114 490 1168 nostrum
516 1107 846 1166 Heinricum
879 1105 1154 1178 quiddam
1183 1104 1486 1162 infortunii
1514 1105 1600 1138 ¹⁸¹¹
1625 1120 1971 1177 perpessum
1997 1120 2027 1161 a
2051 1105 2475 1162 rebellantibus
2500 1106 2611 1161 sibi
2640 1105 2933 1183 nonnullis
2958 1120 3062 1175 per
3085 1105 3246 1160 Alsa-

226 1200 365 1255 tiam
393 1197 691 1256 seditiosis
713 1195 824 1265 ιω,
851 1196 996 1251 fama
1022 1193 1257 1249 sinistra
1279 1192 1370 1225 ³⁸³³
1388 1192 1772 1265 percepimus,
1800 1198 2023 1264 patrem
2046 1208 2186 1250 vero
2211 1193 2367 1262 regis
2388 1208 2501 1249 non
2526 1192 2749 1248 modica
2777 1193 3009 1249 sibimet
3033 1191 3246 1247 auxilia

219 1296 424 1345 contra
444 1287 622 1343 filium
650 1284 988 1349 attraxisse,
1018 1283 1125 1338 hoc
1148 1286 1237 1338 est
1264 1282 1604 1353 episcopum
1628 1282 2021 1351 Leodiensem,
2059 1282 2387 1338 Ileinricum
2411 1281 2614 1338 ducem
2644 1281 3104 1337 Lothariensium
3130 1279 3242 1349 13“,

226 1375 539 1446 Coloniam,
572 1374 879 1442 Iuliacum,
915 1373 1190 1441 Buunam,
1218 1385 1345 1441 qua)
1368 1376 1427 1425 et
1450 1371 1695 1439 Verona,
1728 1375 2061 1449 caeteraque
2095 1371 2279 1441 partis
2309 1369 2466 1425 illius
2495 1370 2742 1442 Oppida;
2777 1372 3017 1439 haecque
3049 1369 3249 1423 nonni-

222 1463 339 1523 chil
374 1461 745 1519 titubationis
784 1460 1050 1530 religioni
1094 1459 1465 1515 minabantur
1492 1458 1821 1514 catholicze.

294 1555 577 1609 Czeterum
602 1550 691 1583 ¹⁸¹³
715 1564 816 1606 rex
838 1549 1146 1605 Heinricus
1170 1548 1366 1611 divina
1392 1548 1704 1603 roboratus
1737 1562 1877 1602 con-
1908 1548 1963 1608 A
2068 1548 2351 1603 Caeterum
2392 1562 2491 1602 rex
2532 1547 2837 1602 lleinricus
2878 1546 3069 1601 divina
3111 1548 3418 1603 roboratus
3467 1550 3642 1603 conﬁ-

224 1642 600 1710 ﬁdentia,nec
626 1640 815 1694 minus
840 1638 1311 1707 magnanimitate
1333 1636 1622 1691 animatus
1650 1636 1870 1705 innata,

223 1731 358 1787 dum
390 1728 554 1801 quasi
588 1732 787 1799 partes
818 1727 1083 1781 inimicas
1108 1724 1541 1794 humiliaturus,
1577 1725 1874 1794 Leodium,

220 1818 552 1891 paschalem
606 1815 743 1870 inibi
795 1814 1015 1870 curiam
1068 1814 1374 1869 habiturus
1423 1812 1533 1883 ‘3“,
1581 1812 1882 1868 converti-

226 1914 320 1963 tur
344 1905 454 1975 19”,
481 1910 615 1976 post
642 1906 853 1959 festum
889 1901 1205 1972 palmarum
1241 1900 1493 1957 Coloniae
1526 1902 1875 1957 cedentibus

221 1996 485 2052 hostibus
525 1994 669 2050 satis
706 1991 960 2063 jocunde
1003 1989 1360 2046 celebratum
1402 1989 1489 2022 1m
1520 1991 1722 2060 (Μανί.
1766 1993 1873 2062 18),

222 2091 375 2140 moto
414 2082 717 2152 comitatu,
764 2095 991 2135 rursnn
1037 2079 1283 2134 fortunae
1324 2078 1725 2134 sinistrorsum
1756 2078 1865 2134 sibi

223 2178 409 2229 rotam
448 2170 681 2226 volvere
706 2168 905 2237 sentit,
934 2165 1066 2223 dum
1093 2167 1360 2227 nimirum
1388 2165 1475 2199 ¹⁸¹⁹
1505 2166 1630 2237 [res
1652 2165 1770 2237 mo]
1798 2168 1880 2221 in-

218 2254 552 2318 consultius
576 2256 661 2290 ¹⁸²¹
685 2258 899 2326 agitur.
934 2257 1069 2310 Nam
1105 2254 1337 2324 cognita
1368 2255 1555 2324 patris
1588 2255 1878 2311 machina-

218 2350 402 2418 tione,
439 2347 536 2417 qui
573 2347 773 2416 utique
801 2359 880 2413 se,
910 2349 972 2399 ut
994 2344 1084 2399 vir
1106 2344 1358 2399 bellator
1381 2343 1451 2399 ab
1475 2342 1873 2399 adolescentia

220 2451 327 2494 sua
349 2436 459 2507 ‘3”,
486 2436 629 2491 satis
656 2438 1067 2503 argumentose
1097 2447 1201 2502 per
1227 2431 1550 2487 conductas
1573 2432 1641 2486 ad
1668 2433 1870 2488 civitas

221 2532 359 2594 tem,
385 2539 494 2594 qua
518 2523 736 2579 curiam
763 2521 1039 2576 indictam
1067 2520 1541 2592 prescripsimus,
1565 2520 1765 2592 ecpias
1786 2536 1874 2576 re-

217 2612 430 2668 sistere
455 2610 718 2681 parabat,
746 2606 873 2678 ipse
893 2606 1135 2676 juvenili
1166 2606 1578 2663 nichilominus
1605 2607 1874 2663 animosi-

209 2682 337 2755 ta'te
375 2711 716 2765 succensus,
760 2694 880 2765 illo,
930 2711 1105 2766 parva
1146 2694 1287 2751 licet
1317 2709 1487 2751 manu
1521 2696 1771 2764 cinctus,
1811 2700 1869 2751 ut

211 2791 474 2859 coeperat
511 2786 617 2855 ire,
648 2785 971 2840 contendit.
1008 2783 1129 2850 Qua
1157 2784 1227 2838 de
1253 2799 1313 2838 re
1339 2784 1643 2854 premissis
1667 2788 1773 2839 300
1792 2783 1871 2839 vi-

1995 1635 2212 1701 dentia,
2265 1635 2397 1691 dum
2447 1636 2612 1705 quasi
2667 1642 2866 1706 partes
2918 1635 3181 1691 inimicas
3232 1636 3641 1693 humiliaturus

1996 1723 2286 1794 Leodium,
2331 1724 2637 1780 habiturus
2670 1724 2809 1778 inibi
2852 1723 3179 1794 paschalem
3223 1725 3465 1793 curiam,
3509 1741 3642 1781 con-

1997 1812 2269 1879 vertitur,
2289 1817 2420 1882 post
2439 1812 2647 1867 festum
2674 1811 2991 1882 palmarum
3018 1811 3268 1866 Coloniae
3294 1813 3641 1868 cedentibus

1996 1898 2263 1955 hostibus
2286 1900 2429 1955 satis
2449 1899 2699 1967 jocunde
2722 1900 3080 1955 celebratum
3108 1901 3311 1965 (Mart.
3351 1902 3457 1970 18),
3485 1904 3642 1956 moto

1995 1988 2298 2056 comitatu,
2327 2003 2557 2044 rursum
2587 1988 2834 2043 fortuna:
2870 1993 3054 2042 rotam
3090 1988 3495 2044 sinistrorsum
3529 1989 3642 2043 sibi

1996 2074 2146 2131 volvi
2207 2077 2517 2146 persentit,
2578 2075 2710 2131 dum
2770 2076 3036 2131 nimirum
3096 2076 3488 2132 inconsultius
3548 2091 3643 2132 res

1994 2164 2209 2233 agitur,
2252 2164 2387 2220 dum
2430 2165 2554 2235 ipse
2589 2164 2833 2233 juvenili
2883 2178 3200 2220 succensus
3247 2165 3637 2236 animositate,

1995 2267 2169 2322 parva
2199 2251 2339 2307 licet
2370 2267 2558 2321 manu,
2594 2252 2810 2307 curiam
2842 2253 3171 2307 condictam
3200 2254 3471 2309 hostibus
3502 2254 3639 2308 invi~

1992 2341 2071 2396 tis
2103 2341 2263 2396 adire
2292 2346 2557 2397 conatur.
2594 2342 2904 2396 Premissis
2934 2342 3128 2411 itaque
3164 2343 3444 2397 trecentis
3478 2343 3638 2412 viris,

1993 2429 2090 2499 qui
2126 2436 2357 2499 pontem
2392 2444 2570 2499 super
2602 2431 2810 2485 Mosam
2846 2430 3081 2486 fluvium
3122 2429 3249 2486 loco
3286 2431 3380 2500 qui
3423 2431 3643 2487 dicitur

1990 2519 2266 2587 Wegesaz
2308 2524 2712 2573 constructum
2752 2519 3129 2574 observarent
3175 2551 3241 2558 —
3274 2535 3402 2574 nam
3443 2535 3641 2575 omnes

1988 2606 2245 2675 ejusdem
2270 2606 2524 2662 fluminis
2555 2608 2838 2663 transitus
2862 2608 3061 2662 hostes
3082 2612 3514 2678 intcrruperant
3539 2640 3605 2647 —
3627 2652 3641 2675 ,

1989 2695 2121 2750 dum
2156 2711 2257 2750 rex
2290 2694 2345 2749 in
2381 2695 2596 2765 palatio
2626 2697 2972 2764 Aquisgraui
3006 2712 3207 2751 cenam
3242 2698 3458 2752 Domini
3494 2697 3642 2754 cele-

1988 2784 2118 2838 brat
2147 2784 2352 2854 (Μαγί.
2380 2787 2491 2851 ‘22),
2525 2784 2636 2838 dux
2673 2784 2979 2838 lleinricus
3006 2800 3136 2839 cum
3161 2787 3423 2841 exercitu
3451 2786 3643 2855 regios

215 2876 312 2946 ris,
349 2875 445 2946 qui
480 2878 710 2946 pontem
753 2886 929 2943 super
972 2872 1182 2927 Masam
1216 2870 1307 2903 ί⁸²³
1341 2872 1578 2927 fluvium
1612 2872 1737 2927 loco
1770 2883 1865 2941 qui
1899 2901 1951 2960 B
1983 2871 2054 2926 ad
2087 2877 2322 2941 pontem
2368 2871 2587 2925 invadit
2627 2872 2861 2939 milites,
2905 2872 3250 2942 naviterque
3288 2869 3638 2931 resistentes

215 2965 489 3032 Wegesaz
514 2961 603 2995 ί³²⁴
632 2962 780 3031 (304)
814 2958 1031 3015 dicitur
1053 2962 1456 3015 constructum
1484 2961 1866 3014 observarent

219 3084 285 3091 ———
303 3066 432 3107 nam
452 3063 653 3107 omnes
669 3047 929 3117 ejusdem
954 3047 1202 3102 [luminis
1222 3046 1507 3102 transitus
1523 3047 1638 3122 jam
1664 3048 1863 3102 hostes

217 3142 658 3210 interruperant
681 3169 763 3207 —,
789 3137 923 3192 dum
948 3151 1048 3190 rex
1068 3135 1122 3189 in
1144 3135 1359 3205 palatio
1384 3135 1727 3204 Aquisgrani
1751 3150 1864 3191 coe-

220 3244 348 3284 nam
378 3226 600 3283 Domini
635 3225 899 3281 celebrat
931 3223 1134 3291 (Mart.
1161 3228 1271 3291 22),
1308 3224 1424 3278 dux
1446 3222 1863 3281 1mlleinricus

215 3332 346 3374 cum
378 3315 641 3372 exercitu
682 3313 1005 3371 czesariano
1048 3311 1242 3380 regios
1274 3310 1344 3365 ad
1381 3316 1610 3382 pontem
1643 3311 1863 3367 invadit

213 3405 452 3474 milites,
495 3404 839 3473 naviterque
881 3400 1224 3457 resistentes
1261 3405 1385 3456 arte
1427 3400 1673 3470 quadam
1704 3401 1865 3471 equi-

215 3493 398 3561 tandi,
442 3506 551 3562 qua
590 3506 735 3561 gens
774 3489 872 3545 illa
915 3488 1045 3561 plus
1074 3488 1306 3545 caeteris
1338 3487 1424 3521 ¹⁸²⁶
1454 3490 1660 3558 utitur,
1698 3489 1751 3544 in
1789 3488 1865 3544 la-

214 3580 364 3636 tiora
407 3577 496 3611 “’7
537 3578 843 3647 deductos,
897 3575 1270 3632 multitudine
1322 3576 1614 3645 legionum
1663 3577 1861 3647 cingit,

217 3667 518 3739 opprimit,
560 3667 771 3723 sternit
801 3664 892 3698 1⁸³⁸
924 3670 1099 3735 atque
1127 3665 1314 3735 capit;
1351 3664 1661 3720 nonnullos
1692 3666 1865 3720 etiam

215 3756 494 3812 cedentes
516 3755 726 3810 fluvius
743 3754 991 3809 voravit.
1017 3752 1255 3807 Videres
1276 3753 1631 3807 fortissimos
1653 3753 1868 3808 Macha-

221 3846 362 3900 heos
386 3844 440 3898 in
470 3843 621 3899 bello
646 3841 736 3874 ¹⁸²⁹
758 3840 1064 3897 catholicae
1103 3840 1280 3909 pacis,
1308 3846 1438 3910 post
1462 3846 1712 3909 stragem
1746 3841 1869 3911 plu-

220 3931 422 3986 rimam
445 3927 789 4002 apostaticae
814 3928 974 3997 genti
1005 3927 1244 3996 illatam,
1281 3927 1391 3983 ﬁde
1415 3943 1619 3996 magna
1641 3933 1701 3981 et
1725 3928 1866 3983 ἰξεῐὶ-

217 4021 306 4078 cia
335 4035 471 4076 suas
494 4018 713 4074 animas
733 4017 961 4074 Christo
982 4032 1087 4087 pro
1109 4031 1169 4071 se
1192 4032 1365 4086 passo
1390 4015 1870 4073 commendantes

219 4124 285 4165 ac
308 4106 641 4177 bujusmodi
676 4121 779 4176 pro
814 4105 1065 4160 transitu
1101 4104 1357 4175 priorum
1391 4104 1741 4160 delictorum
1776 4121 1868 4160 ve—

221 4197 375 4253 niam
390 4195 445 4251 in
460 4195 660 4251 eadem
682 4192 1058 4263 indulgentiae
1075 4192 1164 4247 die
1181 4206 1241 4248 se
1255 4199 1605 4249 consecutos
1627 4193 1872 4249 invicem

220 4284 616 4344 consolantes.
646 4284 744 4339 His
770 4277 1015 4339 fortuitae
1041 4281 1307 4352 fallaciis,
1339 4281 1511 4337 immo
1535 4283 1736 4338 summi
1764 4282 1877 4337 dis-

224 4375 514 4449 positione
532 4373 771 4444 judicis,
789 4387 951 4428 mens
973 4372 1365 4427 hereticorum
1391 4375 1740 4441 tumescere,
1769 4386 1874 4427 nec

224 4470 417 4522 tamen
468 4459 1057 4521 orthodoxorum1830
1095 4476 1230 4532 spes
1281 4460 1625 4516 decrescere
1676 4460 1874 4532 ccepit_

224 4555 348 4609 Rex
380 4553 529 4609 enim
561 4552 645 4585 ¹⁸³¹
678 4552 831 4608 inter
863 4552 987 4622 ipsa
1020 4549 1314 4621 paschalia
1348 4550 1492 4606 festa
1528 4549 1735 4621 (Μανι.
1764 4552 1875 4622 2:5),

1982 2966 2107 3014 arte
2151 2960 2396 3028 quadam
2438 2959 2758 3029 equitandi,
2794 2976 2903 3029 qua
2936 2976 3081 3029 gens
3114 2962 3211 3016 illa
3246 2963 3377 3032 plus
3409 2964 3641 3019 caeteris

1981 3050 2186 3117 utitur,
2240 3048 2291 3101 in
2343 3048 2552 3102 latiora
2602 3048 2888 3103 deductos
2940 3049 3203 3120 ampliori
3256 3051 3638 3106 multituoine

1974 3135 2202 3204 cingit,
2240 3138 2537 3207 Opprimit,
2602 3138 2813 3191 sternit
2874 3146 3048 3207 atque
3110 3139 3302 3208 capit;
3363 3142 3638 3199 nonullos

1973 3226 2148 3280 etiam
2181 3225 2463 3280 cadentes
2487 3226 2697 3281 ﬂuvius
2724 3233 2966 3280 vorant.
3004 3227 3245 3282 Videres
3278 3230 3641 3292 fortissimos

1975 3313 2320 3368 Machabeos
2354 3313 2409 3367 in
2446 3313 2598 3367 bello
2644 3314 2950 3369 catholicae
2996 3315 3173 3384 pacis,
3214 3323 3343 3386 pust
3381 3325 3638 3391 stragem

1976 3401 2286 3472 plurimam
2329 3402 2675 3472 apostaticze
2712 3404 2869 3471 genti
2916 3404 3157 3474 illatam,
3186 3408 3310 3461 .lidc
3345 3424 3547 3483 magna
3580 3416 3639 3467 et

1978 3490 2191 3546 lzeticia
2225 3505 2364 3546 suas
2398 3491 2618 3546 animas
2654 3491 2882 3546 Christo
2916 3508 3021 3563 pro
3056 3509 3115 3549 se
3153 3510 3322 3564 passo
3354 3512 3640 3555 commen-

1979 3578 2207 3647 dantes,
2241 3594 2308 3634 ac
2339 3579 2669 3648 hujusmodi
2694 3595 2797 3649 pro
2824 3581 3073 3637 transitu
3105 3583 3363 3653 priorum
3398 3586 3641 3642 delicto-

1981 3682 2105 3722 rum
2127 3667 2352 3722 veniam
2378 3668 2431 3721 in
2458 3668 2655 3723 eadem
2682 3669 3057 3737 indulgentia}
3083 3671 3175 3726 die
3200 3686 3262 3725 se
3286 3682 3639 3732 consecutos

1982 3756 2228 3810 invicem
2278 3755 2670 3811 consolantes.
2707 3758 2805 3811 llis
2840 3758 3088 3814 fortuna:
3142 3760 3410 3832 fallaciis,
3467 3765 3638 3819 immo

1984 3844 2189 3899 summi
2246 3845 2629 3914 dispositione
2676 3845 2908 3914 judicis,
2964 3864 3122 3903 meus
3169 3851 3639 3908 scismatieorum

1984 3937 2337 4001 tumescere,
2377 3948 2480 3987 nec
2516 3939 2702 3987 tamen
2747 3935 3208 3991 ortliodoxorum
3244 3954 3377 4008 spes
3410 3940 3640 3996 (lt-cres-

1985 4034 2117 4075 cere
2167 4021 2342 4089 cepit.
2400 4022 2521 4076 Rex
2570 4022 2717 4075 enim
2774 4023 2925 4076 inter
2970 4024 3093 4093 ipsa
3147 4027 3435 4094 paschalia
3491 4030 3637 4084 festa

1987 4107 2193 4176 (Mart.
2226 4112 2337 4181 25),
2375 4126 2500 4179 (μιίο
2534 4116 2669 4164 tunc
2715 4126 2815 4181 pro
2858 4115 3069 4167 eventu
3112 4113 3193 4167 rei
3238 4116 3446 4171 Bunnze
3489 4117 3640 4171 cele-

1989 4197 2218 4267 brabat,
2253 4197 2581 4253 lleinricum
2606 4199 2830 4268 ducem,
2856 4198 3078 4267 judicio
3105 4204 3449 4272 cptiniatum
3474 4222 3636 4261 reum

1990 4286 2317 4354 majestatis
2339 4291 2397 4341 et
2420 4285 2645 4339 hostem
2678 4286 2760 4340 rei
2790 4287 3060 4358 publicae,
3087 4289 3302 4346 ducatu
3338 4292 3544 4363 privat,
3572 4309 3638 4349 ac

1988 4366 2317 4436 generalem
2355 4367 2785 4437 expeditionem
2827 4374 3029 4425 contra
3063 4372 3514 4443 Lotharingiam,
3548 4389 3638 4431 ac-

1990 4461 2162 4526 cepto
2187 4470 2216 4509 a
2245 4455 2603 4525 principibus
2626 4462 3012 4529 sacramento,
3045 4474 3148 4531 per
3178 4465 3363 4517 totum
3397 4478 3636 4533 regnum

1992 4545 2195 4601 indicit
2225 4552 2282 4600 et
2318 4550 2612 4617 preparat.

223 4656 352 4713 quae
386 4646 523 4699 tunc
555 4657 661 4716 pro
695 4643 909 4698 eventu
939 4639 1023 4697 rei
1056 4638 1147 4673 133’
1182 4641 1394 4697 Bunnaa
1427 4636 1518 4672 1'”
1550 4640 1890 4697 celebrabat
1923 4636 2034 4709 “3‘,
2070 4636 2400 4693 Heinricum
2433 4638 2660 4709 ducem,
2698 4637 2920 4707 judicio
2959 4641 3301 4711 optimatum
3331 4657 3494 4699 reum

1600 4794 1835 4850 VARI/Ii
1870 4792 2264 4851 LECTIONES.

300 4919 389 4954 ίθοτ
425 4920 496 4976 de
535 4922 611 4975 9°.
711 4916 801 4951 ¹⁸⁰⁸
840 4917 1069 4975 clausas
1112 4924 1193 4973 10.
1241 4923 1325 4975 11.

226 4996 626 5049 conneuentes
673 5003 823 5048 corr.
876 4989 1269 5046 connitientes
1314 4996 1367 5046 7.

227 5067 409 5120 stram
444 5064 494 5119 7.
592 5064 683 5094 "1‘
724 5064 1241 5130 lotharingiensem
1270 5066 1321 5116 7.
1368 5064 1705 5115 lothorienm

228 5149 357 5191 mur
387 5133 481 5188 ΕΩ.
579 5132 672 5166 ³⁸η
702 5134 1136 5189 celebraturum
1167 5134 1216 5186 4.
1251 5137 1300 5186 5.
1336 5135 1385 5186 6.
1422 5137 1472 5186 7.
1510 5135 1586 5185 9°.
1623 5135 1705 5185 10.

226 5208 308 5262 9°.
390 5201 481 5238 ¹⁸²¹²
510 5204 674 5263 deest
700 5209 751 5262 6.
786 5211 836 5261 7.
863 5208 940 5261 9°.
976 5205 1058 5258 10.
1098 5208 1181 5259 11.
1280 5200 1369 5234 1⁸³³
1400 5203 1604 5259 misam
1635 5207 1711 5257 9°.

164 5303 182 5311 -
231 5280 314 5348 10.
354 5281 440 5333 11.
538 5274 631 5309 ³⁸²⁶
677 5292 727 5333 c.
764 5293 816 5348 p.
853 5279 954 5348 4.“
1003 5272 1109 5348 “'7‘
1142 5273 1350 5348 altiora
1385 5278 1591 5348 10.-11.

1426 4918 1642 4999 "ff-tis
1682 4919 1971 4999 scripturn
2007 4920 2199 4999 Elui}.
2242 4916 2790 4999 immensofulgore
2824 4923 2884 4999 ἦ.

1467 4988 1555 5022 1⁸1³
1589 4988 1829 5045 fortunii
1868 4994 1950 5044 10.

592 5060 683 5094 “1‘
724 5061 1241 5130 lotharingiensem
1270 5066 1321 5116 7.
1368 5060 1784 5115 lothorienscm
1818 5065 1895 5114 9°.
1996 5060 2086 5093 ‘3“
2124 5060 2235 5114 Sed
2270 5063 2317 5114 4.

592 5132 672 5166 ιω
702 5134 1136 5187 celebraturum
1167 5134 1216 5186 4.
1251 5137 1300 5186 5.
1336 5135 1385 5186 6.
1422 5137 1472 5186 7.
1510 5135 1586 5185 9°.
1623 5135 1705 5185 10.
1805 5130 1895 5163 ‘3“
1927 5130 2091 5187 deest
2113 5136 2163 5186 6.
2200 5137 2250 5185 7.
2286 5134 2345 5184 9°

1807 5201 1896 5234 “2‘
1930 5216 2217 5273 uuegezaz
2248 5205 2300 5256 6.
2335 5204 2495 5273 7._9°.
2536 5172 2835 5269 vvegesaza
2871 5204 2923 5258 4.

1688 5270 1777 5305 “‘3
1828 5277 1901 5329 st.
1937 5288 1988 5327 o.
2021 5270 2071 5328 6'.
2107 5278 2159 5330 7.
2195 5275 2271 5327 9°.

2443 4916 2790 4997 iso_fulgore
2834 4923 2884 4997 δὴ.
2958 4916 3076 4997 Δίθίο
3113 4920 3633 4997 convertentes9‘f.

2049 4988 2138 5021 ¹⁸¹²
2177 4989 2489 5044 seditionis
2529 4990 2577 5043 4.
2626 4986 2675 5042 :5.
2720 4992 2771 5043 7.
2818 4993 2897 5044 10.
2949 4991 3031 5042 11.
3132 4986 3221 5019 ¹⁸¹³
3260 4989 3463 5043 famam
3504 4988 3641 5042 sini-

1996 5058 2086 5093 ¹⁸ί⁸
2124 5060 2235 5114 Sed
2270 5063 2317 5114 4.
2418 5057 2508 5124 mf
2551 5060 2920 5114 habitaturus
2951 5063 2999 5113 4.
3038 5064 3119 5112 10.
3220 5056 3309 5090 ³⁸1⁷
3352 5058 3640 5114 converti-

2460 5129 2551 5162 ¹⁸²⁰
2579 5131 2671 5187 ita
2700 5131 2759 5184 E.
2794 5131 2875 5198 (et
2904 5130 2990 5201 C.)
3066 5127 3155 5163 1⁸³1
3188 5129 3556 5186 inconsultus
3585 5134 3635 5184 6.

2460 5210 2495 5255 °.
2536 5216 2835 5259 vvegesaza
2871 5204 2923 5258 4.
3022 5198 3113 5234 ¹⁸²⁸
3145 5204 3262 5259 dux
3296 5204 3357 5256 ll.
3393 5205 3445 5258 4.
3474 5204 3525 5257 6.
3560 5205 3633 5255 9°.

2372 5270 2461 5305 um
2511 5272 2722 5329 bellico
2773 5274 2866 5329 E2.
2967 5270 3058 5307 “3°
3104 5273 3486 5331 orthodorum
3537 5275 3634 5330 Di.

226 5319 320 5381 ιέῗί
353 5319 550 5405 autem
583 5319 816 5405 10.3.17
853 5319 959 5382 ἴδη
989 5345 1113 5417 regi
1140 5319 1350 5403 27.13."
1391 5319 1714 5403 Hirtium
1750 5319 1988 5401 10.71.”
2024 5319 2128 5377 '15"
2147 5319 2412 5402 celebrat
2444 5319 2526 5400 9c.

1817 5467 2039 5529 NOTAE.

303 5571 455 5650 (304)
488 5569 659 5630 Viset
686 5568 810 5629 sive
840 5569 1034 5627 Weset
