3972 6042
272 266 426 345 1018
1137 272 1577 347 CHHONICA.
1610 309 1688 327 -ιι
1726 274 2204 361 CHRONICON
2247 266 2797 347 UNIVERSALE.
3520 270 3673 343 10H

249 443 381 497 rum
403 436 776 512 imperatoris
809 455 840 499 a
862 440 986 501 suis
1018 442 1327 517 appellati;
1359 460 1388 503 a
1424 444 1740 504 Catholicis
1770 460 1929 518 vero,
1956 445 2013 503 id
2045 451 2136 505 est
2166 444 2397 505 cunctis
2431 445 2602 504 beato
2644 448 2818 504 Petro
2870 442 3110 516 suisque
3144 454 3272 499 suc.

250 529 595 587 cessoribus
628 529 796 587 fidem
828 536 885 588 et
916 533 1309 591 obedientiam
1345 534 1471 606 lege
1513 535 1838 594 Christiana
1870 537 2377 609 conservantibus,
2428 536 2797 609 archipyrata
2826 534 2994 593 simul
3027 540 3083 590 et
3116 531 3278 589 here-

253 616 481 674 siarcba
517 633 740 676 necnon
790 624 850 676 et
895 626 1163 693 apostata
1212 629 1673 697 persecutorque
1703 626 1834 698 plus
1884 626 2201 684 animarum
2260 641 2430 699 quam
2488 641 2800 698 corporum
2859 628 3266 695 competenter

255 708 604 777 dicebatur;
637 716 841 782 utpote
870 713 965 782 qui
998 727 1104 770 nec
1136 714 1503 773 naturalibus
1530 729 1636 772 nec
1662 716 2198 773 consuetudinariis
2227 718 2540 773 contentus
2572 714 2913 783 sceleribus,
2960 727 3109 769 nova
3139 715 3201 768 et
3232 726 3263 767 a

252 797 475 854 seculis
507 797 771 855 inaudita
802 798 1052 870 ideoque
1078 801 1355 859 nonnulla
1386 803 1750 860 incredibilia
1779 805 2148 874 excogitasse
2178 808 2237 861 et
2259 805 2596 863 exercuisse
2626 803 3031 861 infamabatur.
3065 801 3204 869 Quae
3227 800 3275 856 si

249 886 404 959 quis,
433 885 671 945 illorum
692 888 985 947 arbitratu
1009 890 1103 960 qui
1132 895 1244 948 tam
1269 906 1572 965 perperam
1595 908 1766 965 quam
1789 899 1950 951 recte
1971 892 2063 928 1⁸³⁸
2086 896 2157 950 ab
2180 894 2636 966 imperatoribus
2657 897 2825 962 gesta
2850 891 3069 947 litteris
3096 889 3273 959 digna

237 975 528 1048 judicant,
563 977 822 1033 scribere
864 979 1027 1049 velit,
1092 994 1197 1045 nos
1229 981 1361 1038 loco
1393 982 1675 1053 cedimus,
1735 984 1980 1040 maxime
2009 983 2101 1019 "3’
2129 1000 2259 1040 cum
2292 982 2487 1054 aliqua
2516 998 2588 1039 ex
2619 983 2709 1039 his
2764 979 3044 1039 oblivioni
3079 978 3276 1050 potius

244 1080 416 1137 quam
434 1066 709 1123 memoria
727 1065 829 1141 “‘0,
838 1068 1009 1138 digna
1027 1084 1138 1126 non
1163 1070 1516 1128 dubitemus.
1536 1072 1810 1130 Pluribus
1834 1078 2025 1130 autem
2056 1074 2311 1131 testibus
2338 1074 2718 1143 comprobare
2758 1069 3079 1142 poterimus
3113 1065 3263 1138 quod

240 1169 410 1211 nemo
433 1155 657 1212 nostris
681 1155 770 1191 1°“
791 1158 1172 1229 temporibus,
1200 1163 1362 1231 natu,
1395 1159 1647 1239 ingenio,
1675 1162 2016 1219 fortitudine
2039 1167 2100 1217 et
2127 1163 2389 1231 audacia,
2415 1167 2643 1218 statura
2670 1160 2841 1217 etiam
2885 1164 3125 1229 totaque
3149 1170 3274 1212 cor-

238 1246 405 1318 poris
426 1246 715 1316 elegantia
740 1245 1161 1318 ““,videretur
1186 1249 1442 1306 fascibus
1463 1251 1862 1322 imperialibus
1899 1252 2262 1324 ipsofaptior,
2292 1253 2339 1307 si
2367 1258 2554 1307 tamen
2592 1252 2651 1307 in
2674 1250 2947 1307 conﬂictu
2995 1247 3269 1303 vitiorum

238 1335 421 1391 homo
454 1350 566 1391 non
591 1336 976 1405 degeneraret
998 1337 1088 1394 vel
1113 1340 1519 1395 succumberet
1552 1340 1814 1398 interior.
1848 1344 2029 1399 Porro
2060 1357 2190 1399 cum
2225 1358 2332 1398 non
2368 1342 2534 1413 pauci
2560 1338 2880 1411 supersint,
2908 1337 3178 1406 idemque
3212 1334 3267 1388 in

249 1423 718 1482 sublimitatibus
749 1428 1080 1498 constituti,
1110 1443 1256 1498 quos
1274 1444 1514 1500 operum
1540 1430 1631 1465 ³⁸⁸³
1652 1431 1912 1501 ejusdem
1945 1432 2053 1488 viri
2075 1433 2412 1502 cooperatio
2436 1428 2948 1501 redarguit,|unum
2977 1430 3068 1482 est
3090 1423 3264 1495 quod,

237 1504 385 1568 licet
422 1513 596 1569 nimis
638 1514 846 1582 timidi,
882 1516 1272 1584 suggerimus,
1307 1519 1580 1587 quatinus
1607 1520 1794 1590 ipsum
1826 1520 2367 1592 condempnationis
2398 1520 2525 1589 ejus
2554 1517 2881 1589 exemplum
2940 1515 3175 1571 sibimet
3209 1513 3262 1567 in

244 1600 577 1657 remedium
612 1607 865 1671 vertant,
914 1618 1021 1659 nec
1051 1604 1287 1663 honoris
1319 1621 1493 1676 prave
1516 1606 1606 1641 1’“
1627 1609 1922 1667 consecuti
1956 1610 2176 1677 florem,
2214 1609 2315 1665 sed
2347 1624 2540 1666 semen
2572 1607 2911 1675 adtendant,
2964 1603 3268 1672 satiusque

236 1688 464 1744 ducant
500 1690 671 1746 malis
695 1690 1004 1761 plantariis
1035 1695 1400 1751 eradicandis
1425 1695 1702 1753 insudare
1725 1712 1895 1767 quam
1921 1698 2169 1755 fructum
2192 1698 2323 1753 inde
2358 1701 2655 1767 perpetua;
2679 1695 2883 1751 mortis
2928 1694 2984 1749 in
3010 1692 3266 1747 futurum

239 1794 508 1851 carpere.
538 1780 804 1850 Alioquin
830 1781 1100 1854 desipere
1124 1785 1294 1840 nimis
1316 1789 1427 1853 est,
1454 1786 1665 1842 vulnus
1690 1787 1842 1841 ferro
1876 1786 2105 1857 plenum
2130 1786 2322 1841 sanari
2346 1785 2608 1852 credere,
2634 1786 2749 1840 Deo
2797 1781 2971 1839 simul
2996 1784 3054 1835 et
3093 1793 3267 1835 mam-

231 1883 325 1924 mo
342 1883 429 1924 nae
461 1868 761 1926 deservire
792 1870 981 1936 velle;
1017 1873 1379 1943 monstrique
1410 1873 1598 1930 simile
1650 1879 1763 1943 est,
1796 1890 1865 1930 ex
1895 1874 2243 1931 Pharisaicae
2274 1873 2547 1930 elationis
2608 1871 2859 1941 fastigio,
2894 1869 3158 1941 ipsoque,
3194 1871 3256 1923 ut

234 1955 464 2026 dicunt,
498 1957 767 2014 mercede
794 1958 1233 2027 sacrilegiorum
1266 1976 1527 2030 ascenso,
1571 1962 1910 2031 apostolicae
1934 1963 2281 2033 humilitatis
2310 1962 2650 2031 dignitatem
2683 1973 2990 2030 usurpare,
3028 1958 3098 2012 ab
3131 1970 3262 2026 apo-

229 2043 433 2100 stasia;
483 2045 703 2101 Semine
733 2047 986 2103 fructum
1019 2048 1360 2106 hierarcbiae
1392 2048 1483 2083 ‘9“
1512 2065 1768 2120 sperare.
1807 2053 1939 2107 Haec
1970 2050 2273 2107 hactenus.
2309 2053 2423 2106 Deo
2456 2056 2647 2106 autem
2678 2047 2922 2116 gratias,
2956 2044 3075 2116 qui,
3118 2044 3257 2099 licet

238 2132 433 2202 tarde,
459 2137 648 2190 tamen
674 2136 1111 2205 permagnifice,
1137 2137 1436 2193 victoriam
1463 2138 1758 2194 concessit
1780 2138 2060 2195 aecclosize
2083 2153 2234 2205 sum;
2258 2137 2350 2195 cui
2387 2138 2560 2192 etiam
2593 2135 2852 2205 ejusdem
2884 2130 3262 2190 Nabuchodo-

241 2233 422 2276 nosor
447 2220 989 2291 quinquagesimum
1015 2224 1339 2280 cxactionis
1361 2241 1570 2281 annum
1605 2226 1750 2281 idem
1786 2225 2062 2289 Galilcus,
2099 2226 2193 2291 qui
2226 2226 2513 2282 lulianum
2548 2223 2834 2292 quondam
2869 2221 3110 2287 vicerat,
3134 2234 3259 2273 ver-

239 2307 322 2362 tit
353 2306 407 2362 in
435 2307 739 2378 jubileum.
767 2311 821 2365 Si
853 2311 982 2381 quis
1006 2328 1144 2367 vero
1167 2317 1282 2367 tam
1309 2313 1530 2369 zelotes
1549 2318 1661 2377 est,
1682 2313 1777 2369 cui
1802 2313 1964 2382 quasi
2010 2313 2160 2368 diem
2184 2313 2459 2368 interitus
2486 2315 2679 2368 Amam
2700 2310 2791 2343 1°“
2806 2309 2980 2365 etiam
3002 2305 3256 2362 llcinrici

238 2394 466 2450 obitum
512 2411 617 2467 per
640 2395 731 2430 1""
752 2399 1033 2456 aecclesiae
1067 2401 1475 2470 posteritatem
1511 2402 1762 2469 ignorari
1794 2400 1885 2435 “‘3
1915 2416 2024 2456 non
2059 2400 2147 2433 “‘9
2180 2401 2376 2468 libeat,
2412 2404 2445 2453 7
2474 2399 2608 2455 ldus
2670 2396 2918 2466 Augusti
2948 2398 3093 2452 hanc
3124 2408 3257 2450 esse

243 2482 415 2552 sciat,
448 2498 561 2553 quo
584 2482 675 2518 ¹⁹⁸⁰
721 2485 946 2542 scilicet
992 2488 1087 2544 die
1129 2489 1313 2559 primo
1341 2494 1581 2545 matrem
1614 2505 1775 2546 suam
1807 2488 2129 2545 {ecclesiam
2155 2489 2307 2559 apud
2354 2490 2639 2543 Unstruot
2682 2486 2828 2557 (308)
2859 2483 3138 2541 invadens
3166 2480 3257 2515 ‘9“

251 2569 582 2629 innumeras
608 2573 830 2631 animas
860 2574 930 2630 ad
964 2575 1181 2633 inferos
1214 2578 1497 2647 premisit,
1530 2577 1850 2648 eademque
1890 2577 1982 2634 die
2014 2577 2211 2633 Martis
2240 2575 2349 2645 ηδ’,
2388 2590 2495 2645 qua
2527 2576 2700 2631 etiam
2733 2577 2941 2630 cuncta
2972 2586 3076 2629 sua
3111 2586 3253 2644 prm-

274 2657 327 2714 ia
360 2656 472 2727 “‘3,
509 2661 788 2730 paganico
817 2662 1085 2719 nimirum
1117 2665 1399 2736 auspicio,
1436 2671 1775 2738 perpetrare
1804 2666 2130 2722 consuevit.

327 2747 1971 2822 Postbaacebdomadaquarta"“mensisOctobris’mA
2072 2755 2211 2808 Post
2265 2752 2387 2808 haec
2444 2751 2765 2807 ebdomada
2826 2755 3030 2820 quarta
3091 2747 3307 2805 mensis
3366 2738 3640 2804 Octobris

241 2834 504 2891 habitum
529 2841 618 2892 est
652 2838 961 2896 concilium
987 2840 1135 2913 (309)
1156 2841 1428 2911 generale
1466 2843 1637 2914 (Οοι.)
1668 2842 1722 2897 in
1757 2858 1887 2913 pro-

230 2921 431 2978 vincia
486 2923 884 2994 Longol-ardia
913 2926 1005 2960 ¹⁰⁶⁶
1028 2943 1204 2999 super
1229 2929 1414 3000 ripam
1440 2931 1578 2986 Padi
1611 2931 1883 3003 ﬂuminis,

237 3008 368 3066 loco
384 3010 482 3080 qui
505 3012 837 3069 Warstallis
856 3020 1245 3088 nuncupatur,
1271 3017 1367 3073 ubi
1393 3017 1726 3088 presidente
1747 3032 1883 3074 vere

232 3112 344 3169 per
359 3098 547 3155 omnia
586 3100 909 3172 apostolico
932 3104 1057 3159 viro
1071 3104 1336 3161 Paschali
1357 3108 1452 3177 ll°,
1469 3121 1660 3163 coram
1691 3106 1885 3163 multi-

238 3186 445 3242 tudine
494 3189 740 3245 maxima
774 3189 865 3223 “‘7
914 3191 1258 3249 clericorum
1307 3209 1528 3251 necnon
1580 3194 1756 3251 1"ﬁet
1792 3194 1883 3228 1’"

238 3271 540 3341 laicorum,
577 3275 664 3344 qsi
719 3275 789 3333 de
822 3277 1185 3337 diversorum
1237 3296 1543 3351 regnorum
1597 3282 1883 3343 aecclesjis

227 3369 625 3418 convenerant
656 3363 765 3434 ‘9“,
818 3369 1197 3437 presentibus
1239 3371 1413 3425 etiam
1448 3370 1658 3440 legatis
1686 3371 1877 3430 domni

225 3445 481 3505 Heinrici
514 3450 690 3521 regis,
726 3454 906 3510 multa
962 3459 1096 3511 sunt
1122 3456 1228 3526 1°“,
1267 3461 1437 3528 prout
1488 3459 1763 3514 canonica
1796 3458 1880 3514 di-

225 3536 430 3592 ctabat
457 3538 706 3610 equitas,
754 3539 825 3597 de
845 3542 1061 3599 inimici
1085 3545 1326 3601 zizaniis
1345 3546 1566 3615 evulsa,
1593 3546 1772 3603 multa
1805 3547 1876 3603 de

228 3625 551 3682 structuris
582 3641 760 3699 super
788 3630 1064 3687 harenam
1110 3633 1320 3703 positis
1354 3634 1676 3703 destructa,
1709 3634 1874 3705 plura

226 3726 462 3783 quoque
486 3713 934 3784 pisticiseminis
954 3719 1237 3790 plantaria
1259 3721 1873 3793 profundiusplantata

221 3798 398 3855 simul
431 3805 490 3857 et
526 3801 730 3872 rigata,
755 3806 1031 3861 nonnulla
1060 3807 1234 3863 etiam
1266 3808 1577 3865 tutissimae
1606 3809 1875 3866 munitio-

217 3886 308 3943 nis
343 3902 448 3959 per
478 3889 781 3948 aecclesias
801 3895 1236 3965 propugnacula
1260 3899 1391 3952 sunt
1416 3896 1704 3953 ediﬁcata.
1733 3898 1871 3953 Nam

218 3988 353 4031 cum
376 3976 580 4032 eadem
614 3979 927 4051 Dominica,
980 3996 1108 4052 quae
1129 3990 1256 4039 erat
1289 3988 1373 4038 12.
1407 3983 1525 4039 Kal.
1560 3984 1866 4040 Novembr.

224 4064 655 4123 Juvavensibus
705 4068 1109 4126 Chuonradum
1143 4070 1254 4142 ιη’,
1286 4071 1638 4127 Tridentinis
1692 4072 1870 4128 Gebe-

1999 2846 2191 2897 actum
2223 2844 2315 2895 est
2362 2838 2669 2896 concilium
2719 2838 2992 2906 generale
3023 2836 3195 2907 (Oct)
3230 2836 3285 2891 in
3344 2834 3638 2907 provincia

1996 2928 2393 3007 Longobardia
2446 2942 2618 2998 super
2659 2926 2839 2997 ripam
2886 2926 3024 2982 Padi
3074 2924 3347 2993 ﬂuminis,
3381 2923 3509 2980 loco
3540 2922 3639 2993 qui

1995 3017 2329 3073 Warstallis
2363 3016 2601 3086 dicitur,
2637 3015 2731 3071 ubi
2783 3014 3118 3085 presidente
3144 3027 3283 3070 vere
3313 3010 3639 3083 apostolico

1995 3104 2408 3169 vir0,Paschali
2444 3104 2937 3171 sccundo,curam
2979 3100 3350 3159 multitudine
3389 3098 3639 3156 maxima

1994 3199 2109 3249 tam
2130 3194 2408 3250 laicorum
2449 3208 2615 3263 quam
2642 3190 3012 3260 clericorum,
3038 3190 3133 3260 qui
3156 3189 3520 3245 diversorum
3550 3202 3637 3243 re-

1989 3298 2233 3353 gnorum
2256 3281 2349 3337 vel
2384 3281 2779 3338 aecclesiarum
2804 3279 3197 3347 legationibus
3219 3277 3629 3348 fungebantur,

1995 3369 2370 3441 presentibus
2392 3369 2568 3425 etiam
2595 3368 2806 3437 legatis
2829 3366 3044 3423 domini
3068 3365 3245 3436 regis,
3272 3364 3453 3422 multa
3472 3367 3630 3432 sunt,

1994 3462 2163 3530 prout
2185 3457 2461 3513 canonica
2484 3457 2748 3512 dictabat
2765 3455 3030 3525 aequitas,
3061 3455 3133 3511 de
3156 3452 3369 3510 inimici
3392 3452 3631 3516 zizanjis

1988 3547 2210 3615 evulsa,
2246 3546 2528 3617 pluraque
2582 3544 2774 3616 pistici
2808 3530 3048 3600 seminis
3079 3542 3366 3614 plantaria
3398 3541 3632 3613 profun-

1987 3636 2119 3692 dius
2151 3636 2398 3700 inserta;
2455 3638 2771 3692 structurae
2818 3647 2993 3704 super
3034 3646 3265 3689 arenam
3299 3630 3506 3703 positae
3535 3628 3632 3685 de-

1986 3727 2317 3792 struuntur,
2345 3722 2650 3779 tutissimae
2674 3720 3015 3777 munitionis
3065 3717 3500 3792 propugnacula
3525 3732 3628 3789 per

1985 3810 2284 3867 aecclesias
2298 3810 2681 3866 zedilicantur.
2712 3810 2849 3864 Nam
2865 3824 2994 3865 cum
3011 3807 3064 3864 in
3093 3808 3293 3865 eadem
3308 3805 3625 3874 Dominica,

1986 3913 2114 3968 quae
2136 3902 2266 3953 erat
2286 3901 2368 3953 12.
2398 3896 2518 3953 Kal.
2563 3896 3192 3966 Novembr.,quosdam
3232 3893 3497 3966 presules
3523 3908 3630 3965 per

1984 4001 2046 4042 se
2066 3987 2251 4057 ipsum
2293 3988 2722 4051 consecras'set,
2747 3998 3023 4040 enarrare
3047 3983 3279 4053 longum
3314 3986 3423 4052 est,
3458 3996 3627 4052 quam

1983 4073 2275 4131 indefesse
2290 4072 2616 4145 prudensct
2642 4071 2830 4128 fidelis
2850 4071 2947 4127 ille
2968 4071 3175 4127 summi
3192 4068 3630 4141 patrisfamilias

212 4149 457 4208 bardum
473 4152 745 4224 presules
768 4158 1739 4230 consecrasset,enarrarelongum
1754 4164 1863 4228 est,
1896 4125 1951 4187 B
1981 4125 2359 4232 dispensator
2410 4175 2730 4216 conservos
2761 4174 2900 4216 suos
2953 4157 3115 4214 verbi
3148 4125 3251 4213 Dei
3277 4156 3479 4212 tritico
3506 4155 3626 4213 lau-

220 4252 393 4310 quam
438 4239 733 4299 indefesse
765 4246 1023 4316 prudens
1048 4252 1109 4303 et
1165 4246 1355 4304 fidelis
1384 4247 1482 4302 ille
1539 4248 1746 4304 summi
1778 4246 1869 4281 ¹⁹⁶³

1982 4249 2201 4306 tissime
2232 4247 2450 4304 cotidie
2483 4247 2773 4312 reﬁceret,
2815 4245 3350 4319 pseudeopiscopos
3377 4244 3624 4317 deponc-

220 4327 1051 4403 patrisfamiliasdispensator
1072 4349 1389 4392 conservos
1410 4335 1501 4369 ¹⁹⁶⁴
1522 4350 1661 4392 suos
1705 4336 1866 4392 verbi
1977 4343 2089 4407 ret,
2121 4335 2445 4392 catholicos
2488 4335 2903 4404 constitueret,
2936 4333 3397 4406 archiepiscopis
3424 4332 3620 4405 pallia,

213 4414 313 4470 Dei
331 4416 534 4481 tritico
546 4416 640 4476 lau
651 4419 876 4478 tissime
890 4421 1107 4478 cotidie
1122 4423 1866 4496 reﬁceret,pseudoepisco~

207 4501 417 4574 pos‘m
429 4503 876 4579 deponeret‘m,
894 4510 1222 4568 catholicos
1237 4511 1653 4583 constitueret,
1679 4512 1866 4569 archi-

1978 4424 2347 4480 monastcriis
2377 4422 2679 4495 privilegia
2699 4422 3074 4491 concesserit,
3106 4426 3412 4495 presentes
3431 4421 3621 4478 ovium

1979 4510 2193 4566 Christi
2213 4513 2484 4581 pastores
2517 4507 3403 4579 mellilluisalloquiis,absentes
3431 4511 3626 4579 pater-

1570 4649 1806 4707 VARLE
1845 4648 2242 4707 LECTIONES.

278 4755 372 4790 ί⁹³⁸
400 4757 566 4817 ἀεδεί
618 4763 669 4815 ι.
773 4759 865 4795 ⁸³³⁸
897 4762 1143 4820 ηιεὲιὶωθ
1174 4767 1224 4819 5.
1284 4778 1435 4822 corr.
1496 4764 1743 4822 maxime
1774 4766 1873 4820 D1.

202 4830 481 4907 gub—11.
522 4903 557 4907 _
589 4827 682 4907 ¹Ῡ⁸³
702 4846 813 4906 ope
836 4838 924 4907 "7:
1031 4833 1120 4907 ¹9⁴⁴
1148 4835 1311 4907 pravi
1366 4838 1417 4891 4.

203 4896 297 4930 ιοισ
326 4913 398 4979 an
425 4903 575 4979 6._7.
606 4906 681 4979 9o,
951 4908 1010 4961 et
1042 4896 1305 4979 μη,
1424 4903 1733 4979 "fiisnori
1766 4911 1855 4964 10.

204 4981 305 5025 ras
333 4969 615 5029 invadens
644 4974 694 5028 ι.
774 4971 866 5007 ¹⁹⁸²
895 4974 1150 5033 marcius
1180 4980 1238 5032 6.
1276 4975 1354 5032 9°.
1469 4975 1561 5009 ³⁸⁸³

200 5052 360 5096 corr.
402 5054 596 5099 mense
626 5048 681 5101 7.

201 5114 261 5164 7.
300 5111 379 5166 9°.
418 5115 545 5168 10.!
597 5119 679 5170 11.
733 5111 853 5149 ’¹⁹⁸⁰
880 5122 1235 5174 convenerat
1264 5119 1368 5174 E1.
1407 5122 1465 5173 2.
1552 5115 1637 5151 1’"
1672 5117 1834 5176 deest
1858 5122 1910 5174 6.
1968 5123 2021 5175 7.
2052 5111 2127 5173 σε.
2208 5115 2298 5150 ¹⁹⁸¹
2329 5116 2645 5174 conradum
2675 5116 2734 5171 '7.

200 5193 407 5238 servos
439 5185 497 5240 4.
589 5182 682 5218 ³⁸⁸⁸
712 5186 968 5258 pseudos
997 5200 1095 5261 ep.
1136 5193 1186 5245 5.
1245 5187 1337 5222 ³⁸⁸⁸
1363 5187 1606 5247 decem.
1642 5192 1693 5245 7.
1729 5190 1805 5247 9°.

1590 4993 1647 5047 p.
1682 4990 1787 5034 sua
1821 4982 1870 5034 5.
1898 5045 1937 5047 μ
1958 4974 2048 5047 ³9⁸⁸
2079 4975 2402 5047 ebdomade
2433 4980 2637 5047 quarte
2666 4979 2750 5047 6°.

717 5048 924 5116 quarta
955 5046 1011 5102 h.
1046 5061 1105 5103 θ.
1144 5063 1194 5103 c.
1230 5046 1447 5104 mensis
1479 5043 1598 5104 oet.
1630 5046 1691 5116 in
1721 5049 1772 5103 4.
1848 5045 1941 5081 1’“
1970 5046 2123 5116 lang.
2157 5053 2209 5103 7.
2263 5045 2380 5116 κίον’
2412 5043 2577 5103 deest
2602 5049 2659 5101 4.
2724 5044 3011 5116 ίοδθ-ἀθιει
3035 5047 3085 5101 4.
3163 5043 3512 5116 ί⁰⁵⁹ιίεοειῇ
3545 5049 3604 5101 6.

3438 4761 3529 4796 ιοιι
3558 4777 3609 4820 e-

1981 4763 2072 4798 ¹⁰⁴⁰
2102 4762 2395 4820 memoria)
2426 4764 2529 4819 E1.
2570 4768 2620 4819 2.
2737 4763 2826 4796 1°“
2856 4762 3045 4820 nostri
3077 4778 3244 4819 nemo
3276 4766 3325 4819 4.

1530 4834 1993 4894 “"iberarchiae
2049 4836 2155 4890 D1.
2195 4836 2255 4889 Ε.
2308 4838 2360 4890 2.
2414 4834 2716 4892 ierarchim
2778 4840 2860 4892 10.
2921 4834 3253 4890 tetrarchia:
3312 4837 3363 4889 6.
3421 4837 3472 4889 7.
3533 4837 3609 4890 9°.

3236 4901 3331 4937 1'“
3361 4904 3616 4961 innume-

2009 4903 2099 4938 ¹⁰⁶⁰
2131 4920 2240 4962 non
2293 4921 2327 4959 l.
2364 4903 2534 4961 liccat
2572 4909 2622 4960 4.
2734 4903 2826 4938 ί⁰⁸⁰
2855 4903 3011 4975 quod
3059 4908 3120 4961 6.

2905 4974 2997 5007 ⁸⁸⁸⁸
3028 4989 3257 5031 menses
3286 4980 3420 5030 octo
3450 4980 3499 5030 6.
3532 4978 3608 5031 9°.

2820 5113 2912 5147 ιοω
2942 5116 3109 5174 deest
3155 5116 3261 5172 E1.
3300 5119 3352 5172 2.
3432 5114 3522 5149 ιω
3551 5120 3611 5173 et

1791 5311 2009 5367 NOTAE.

277 5420 429 5501 (308)
462 5421 597 5501 ljrec
629 5437 818 5501 pugna
851 5438 903 5501 a.
935 5428 1094 5501 1075;
1128 5424 1184 5482 d.
1219 5431 1252 5483 9
1278 5424 1453 5501 Junii,
1484 5424 1585 5501 sed
1635 5423 1743 5481 alia
1780 5426 1850 5481 ad

208 5490 424 5566 Strovvi
452 5490 698 5566 ﬂuvium
710 5490 817 5552 3.7
836 5490 1150 5566 Augusta.
1174 5499 1312 5555 1078
1328 5490 1630 5555 commissa
1664 5501 1774 5553 est.

273 5559 421 5633 (309)
452 5562 516 5620 ν.
558 5566 700 5623 Acta
751 5578 825 5623 ex
873 5559 1066 5626 Cencii
1097 5569 1225 5627 cod.
1261 5569 1443 5640 Vatic,
1478 5568 1725 5642 aliisque
1756 5581 1846 5640 ap.

1963 5424 2140 5496 Mansi
2164 5424 2274 5496 XX,
2302 5440 2352 5496 p.

1964 5494 2117 5567 (Act.
2144 5495 2237 5567 SS.
2261 5489 2386 5550 Mai.
2416 5494 2509 5567 lll,
2545 5512 2596 5565 p.
2631 5497 2746 5567 67),
2800 5489 2904 5547 alii
2952 5495 3123 5564 hujus
3144 5492 3505 5550 collectionis
3527 5507 3624 5546 vo-

1963 5564 2163 5627 lumini
2193 5564 2577 5624 inserendam.

2408 5426 2563 5480 1209.
2618 5424 2703 5479 Cf.
2766 5419 2949 5479 etiam
2974 5421 3196 5479 Transi.
3243 5421 3298 5477 S.
3335 5421 3617 5480 Modoaldi
