3994 6062
174 281 322 351 1021
1034 276 1474 345 CHRONICA.
1522 313 1588 325 --
1621 272 2098 343 CHRONICON
2140 273 2695 342 UNIVERSALE.
3426 272 3581 341 10°22

174 436 285 495 que
317 411 663 494 perveniens
695 414 1069 492 (Oet-Nom),
1104 414 1435 475 Mathildem
1456 414 1549 452 ’0“
1571 417 1925 478 comitissam
1948 414 2061 491 ηδε,
2087 431 2192 491 per
2219 415 2620 476 internuncios
2643 413 2752 474 sibi
2777 412 3099 487 subiectam
3119 410 3233 487 mi,
3258 412 3444 486 gratia
3471 428 3577 474 sua

174 511 549 586 propriisque
576 509 949 580 m‘justiciis
979 509 1234 566 donavit.
1266 513 1409 568 Post
1438 510 1559 568 haec
1589 510 1682 546 ²⁰⁸⁸
1714 512 2029 583 asperrima
2081 511 2251 569 nimis
2298 512 2544 568 aﬂlictus
2590 510 2778 565 hieme
2829 507 3035 581 (Dee),
3087 513 3455 580 montemque
3482 506 3577 543 ¹⁰⁸⁹

171 602 461 659 Pardonis
490 600 637 673 (322)
669 616 798 658 cum
832 600 1079 657 maximo
1118 600 1417 657 exercitus
1456 600 1782 671 dispendio,
1818 616 2013 658 rerum
2045 607 2102 658 et
2136 618 2419 674 equorum
2453 600 2769 657 miserabili
2805 600 3037 655 defectu
3070 596 3457 663 transcendit,
3494 596 3580 653 in-

174 684 481 750 cessanter
510 690 858 749 cadentibus
890 704 1067 762 super
1100 704 1162 746 se
1193 690 1358 761 juxta
1394 691 1730 760 qualitatem
1768 690 1925 747 illius
1958 691 2210 749 climatis
2242 692 2536 749 immensis
2568 691 2814 762 pluviis;
2848 690 3068 761 hasque
3096 687 3190 721 ²⁰⁶⁰
3218 702 3322 760 per
3351 690 3574 761 septem

173 782 532 854 septimanas
559 780 739 851 passi,
776 779 1009 836 tandem
1038 778 1390 836 Florentiam
1420 777 1512 812 ²⁰⁶¹
1544 779 1715 837 nimis
1744 780 1940 836 aﬂlicti
1971 781 2327 852 pertingunt,
2363 781 2615 838 instante
2648 780 2796 836 festo
2826 778 3154 837 nativitatis
3185 776 3429 834 Domini.

1638 881 1701 934 A.
1735 877 1828 911 ²⁰⁶²
1857 881 1922 935 D.
1960 880 2128 936 MCXI

242 979 557 1048 Postquam
586 990 689 1033 rex
718 976 1024 1032 Heinricus
1049 973 1162 1045 ²⁰⁶³,
1197 975 1373 1031 rebus
1404 990 1686 1048 prospere
1714 977 1900 1048 [deest
1916 979 1973 1035 C.
2000 978 2086 1049 E.]
2122 993 2226 1049 per
2250 978 2711 1049 Longobardiam
2744 981 2918 1048 atque
2951 974 3211 1032 Tusciam
3245 971 3575 1045 dispositis,

171 1068 326 1139 apud
351 1066 702 1122 Florentiam
721 1067 1033 1125 Dominica;
1057 1068 1384 1127 nativitatis
1402 1068 1609 1140 gaudia
1635 1084 1763 1124 cum
1790 1068 2007 1139 ingenti
2030 1085 2268 1127 suorum
2292 1069 2550 1140 tripudio
2573 1072 2628 1124 et
2656 1069 2919 1124 mirando
2939 1065 3031 1101 ²⁰⁶⁸
3054 1080 3121 1121 ac
3152 1067 3395 1120 eatenus
3420 1060 3580 1117 illius

172 1156 378 1228 patriae
396 1155 624 1211 civibus
644 1171 932 1226 nunquam
953 1158 1076 1214 viso
1096 1158 1307 1215 decore
1326 1163 1381 1214 et
1402 1159 1623 1215 honore
1646 1159 2200 1229 percelebravit’m,
2225 1163 2378 1214 moto
2400 1159 2527 1214 inde
2546 1173 2753 1214 versus
2775 1157 3021 1213 Ariciam
3046 1152 3331 1219 exercitu,
3359 1149 3577 1219 illoque

171 1244 540 1316 perveniens,
577 1259 606 1299 a
638 1246 871 1301 clericis
902 1248 1188 1318 benivole,
1224 1264 1252 1303 a
1284 1248 1513 1305 civibus
1538 1247 1633 1282 ²⁰⁶⁶
1665 1249 1909 1305 subdole
1942 1249 2226 1321 recipitur
2259 1248 2377 1311 (an.
2418 1253 2569 1304 1110.
2605 1250 2742 1304 Dee.
2777 1252 2846 1304 27
2866 1244 2965 1319 ⁸⁸);
3001 1258 3243 1316 quorum
3277 1239 3451 1296 etiam
3484 1236 3576 1270 ¹⁰⁶⁷

172 1332 542 1389 insolentiam
575 1334 719 1391 satis
750 1335 1136 1407 habundcque
1169 1338 1523 1408 perdomuit,
1562 1338 1786 1394 scilicet
1819 1339 2057 1394 civitate
2085 1335 2178 1371 ²⁰⁶⁸
2209 1337 2355 1408 (323)
2390 1337 2620 1394 illorum
2654 1352 2782 1393 cum
2816 1335 3101 1401 turribus,
3137 1346 3281 1403 quas
3309 1327 3378 1385 ad
3412 1342 3584 1399 repu-

175 1423 473 1493 gnandum
498 1424 618 1494 regi
642 1424 736 1459 ²⁰⁶⁹
757 1430 1230 1497 preparaverant,
1261 1428 1521 1484 funditus
1541 1427 1635 1461 ²⁰⁷⁰
1655 1442 1893 1493 eversa;
1919 1428 2202 1484 mcclesize
2226 1433 2419 1483 tamen
2443 1427 2592 1483 omni
2620 1440 2723 1483 sua
2741 1425 3003 1495 justicia,
3030 1436 3200 1494 quam
3234 1418 3385 1474 idem
3417 1415 3579 1471 cives

174 1511 464 1567 violenter
488 1513 874 1582 abstulerant,
896 1515 1060 1584 juxta
1086 1516 1432 1572 clericorum
1454 1517 1794 1588 petitionem
1817 1515 1907 1550 ²⁰⁷¹
1929 1517 2223 1573 restituta.
2260 1518 2396 1573 Inde
2419 1516 2489 1572 ad
2518 1514 3115 1587 Aquam-pendentem
3140 1511 3288 1580 (324)
3312 1518 3582 1579 progres-

172 1614 277 1656 sus
300 1599 527 1670 legatos
551 1616 687 1657 suos
711 1602 924 1659 dudum
950 1605 1021 1658 ab
1048 1605 1232 1661 Aricia
1262 1606 1469 1661 missos
1500 1608 1573 1661 ab
1605 1606 1930 1677 apos‘olico
1959 1607 2089 1662 boni
2126 1606 2317 1661 nuncii
2350 1606 2576 1673 bajulos
2609 1604 2847 1675 reperit,
2881 1601 3259 1669 remissisque
3282 1596 3415 1651 aliis
3439 1607 3579 1649 nun-

172 1687 282 1745 ciis
305 1703 433 1745 cum
458 1691 862 1759 Romanorum,
891 1692 985 1762 qui
1011 1693 1306 1764 supplices
1331 1694 1444 1750 illic
1470 1695 1578 1750 sibi
1603 1700 2002 1763 occurrerant,
2032 1694 2307 1766 paulatim
2337 1695 2588 1751 Sutriam
2615 1692 2922 1765 processit.
2950 1690 3035 1746 lbi
3067 1687 3210 1756 (325)
3246 1682 3420 1755 legati
3447 1696 3583 1752 apo-

173 1777 483 1835 stolicim’
502 1795 632 1837 cum
661 1780 855 1836 missis
888 1781 1063 1851 regiis
1096 1783 1473 1840 advenientes
1492 1782 1585 1817 W73
1609 1783 1796 1853 (Febr.
1832 1786 1931 1853 9.),
1957 1788 2291 1854 promptum
2323 1798 2455 1838 esse
2491 1796 2696 1853 papam
2732 1780 2801 1837 ad
2835 1777 3337 1836 consecrationem
3372 1776 3429 1827 et
3463 1783 3583 1825 om-

171 1879 302 1921 nem
335 1868 490 1938 regis
522 1868 798 1925 honorem
821 1873 878 1924 et
902 1871 1281 1941 voluntatem,
1317 1873 1361 1928 si
1393 1877 1582 1928 tamen
1617 1872 1740 1943 ipse
1775 1873 2009 1929 sibimet
2030 1871 2121 1905 ²⁰⁷⁴
2143 1877 2422 1929 annueret
2453 1871 2786 1927 libertatem
2817 1868 3239 1936 :ecclesiarum,
3266 1864 3475 1919 laicam
3508 1855 3580 1912 ab

169 1953 292 2014 illis
315 1956 629 2028 prohibens
653 1958 1081 2030 investituram,
1110 1960 1445 2032 recipiendo
1478 1960 1887 2017 nichilominus
1912 1962 1982 2016 ab
2004 1959 2283 2016 mcclesiis
2314 1960 2581 2027 ducatus,
2618 1958 2926 2027 marehias,
2963 1956 3295 2024 comitatus,
3335 1950 3581 2009 advoca-

172 2044 305 2113 tias,
326 2053 605 2117 monetas,
625 2046 913 2117 thelonea,
931 2053 1319 2120 caeterorumq
1331 2065 1397 2105 ue
1416 2048 1509 2082 ²⁰⁷⁶
1530 2049 1809 2119 regalium
1836 2065 1963 2120 qua:
1979 2048 2073 2082 ²⁰⁷⁶
2092 2049 2398 2120 possident
2421 2063 2718 2105 summam.
2746 2046 2988 2102 Prebuit
3012 2060 3113 2101 rex
3135 2056 3460 2110 assensum,
3480 2039 3581 2096 sed

172 2149 243 2191 eo
264 2139 458 2206 pacto,
487 2136 758 2205 quatinus
780 2136 901 2192 haec
926 2138 1340 2194 transmutatio
1365 2138 1526 2193 ﬁrma
1549 2142 1605 2192 et
1631 2138 1922 2194 autentica
1949 2137 2451 2205 ratione,consilio
2476 2151 2703 2206 quoque
2727 2135 2817 2190 vel
2841 2134 3154 2191 concordia
3174 2131 3361 2188 totius
3382 2130 3574 2188 accele-

174 2222 277 2281 siae
297 2238 363 2278 ac
382 2224 540 2293 regni
560 2225 888 2296 principum
909 2240 1148 2281 assensu
1172 2226 1567 2292 stabilirctur;
1596 2228 1746 2297 quod
1769 2226 1945 2281 etiam
1964 2226 2057 2280 vix
2076 2229 2175 2280 aut
2199 2224 2356 2281 nullo
2378 2225 2545 2280 modo
2567 2225 2883 2295 ﬁeriposse
2906 2222 3277 2279 credebatur.
3306 2220 3425 2286 Qua
3447 2234 3582 2276 cou-

174 2312 451 2369 ventione
474 2313 645 2383 facta,
668 2312 925 2370 dimissis
944 2313 1151 2382 legatis
1168 2318 1227 2370 et
1247 2315 1550 2370 obsidibus
1572 2315 1862 2384 utrimque
1887 2312 2246 2386 [missis'm],
2272 2328 2372 2370 rex
2392 2313 2661 2369 hilariter
2683 2314 2750 2369 ad
2773 2314 2984 2368 Urbem
3006 2314 3311 2382 properat;
3333 2309 3578 2365 domnus

178 2402 398 2474 [autem
421 2400 533 2471 ὀτο]
567 2400 928 2472 apostolicus
959 2417 1087 2458 cum
1118 2403 1268 2459 omni
1301 2403 1460 2460 clero
1495 2404 1665 2458 immo
1694 2406 1813 2457 tota
1847 2404 2020 2457 Roma
2052 2417 2111 2459 se
2144 2402 2197 2458 in
2230 2403 2356 2471 ejus
2388 2417 2699 2458 occursum
2732 2400 2979 2457 adornat
3010 2398 3198 2472 (Febr.
3227 2401 3429 2469 11-12).

250 2492 391 2545 Post
411 2490 533 2545 haec
560 2504 687 2559 quae
711 2493 876 2557 gesta
901 2495 1055 2551 sunt.
1080 2490 1478 2559 longissimum
1502 2496 1593 2549 est
1612 2504 1919 2556 enarrare;
1940 2494 2142 2561 utpote
2168 2505 2337 2560 quam
2364 2491 2637 2545 immensa
2660 2489 3103 2545 honorificentia
3126 2488 3203 2544 sit
3226 2490 3498 2557 receptus
3517 2488 3575 2541 et

179 2593 286 2650 per
316 2580 662 2647 Argenteam
699 2581 923 2647 portam
955 2593 1137 2648 usque
1161 2579 1230 2634 ad
1257 2579 1500 2635 mediam
1535 2583 1718 2634 rotam
1749 2578 1987 2648 antiquo
2020 2580 2407 2634 Romanorum
2428 2577 2521 2611 ²⁰⁷⁹
2545 2578 2816 2635 instituto
2853 2576 3164 2646 deductus,
3190 2575 3386 2645 ibique
3408 2575 3582 2631 lectis

178 2665 414 2739 publice
440 2666 783 2737 privilegiis,
812 2667 1305 2724 tumultuantibus
1327 2670 1383 2723 in
1410 2669 1695 2725 infinitum
1721 2668 2083 2740 principibus
2106 2683 2208 2739 pre
2231 2667 2326 2701 ²⁰⁸⁰
2356 2667 2754 2724 zecclcsiarum
2777 2666 3125 2738 spoliatione
3147 2680 3214 2721 ac
3233 2663 3325 2697 ³⁸³⁸1
3350 2678 3451 2736 per
3472 2662 3583 2719 hoc

184 2753 599 2811 beneﬁciorum
624 2768 861 2811 suorum
885 2754 1177 2812 ablatione
1197 2756 1308 2827 “’9',
1336 2772 1504 2827 quam
1530 2756 1746 2826 ingenti
1773 2756 2055 2828 periculo,
2092 2770 2263 2826 quam
2286 2756 2444 2812 varia
2466 2754 2561 2789 ²⁰⁸³
2582 2755 3008 2826 disceptatione
3036 2756 3154 2810 tota
3179 2752 3306 2810 dies
3329 2751 3424 2808 illa
3450 2767 3586 2808 con-

177 2848 410 2914 sumpta
436 2842 532 2909 sit,
558 2846 617 2897 et
643 2846 936 2913 postremo
967 2847 1130 2915 pater
1163 2846 1521 2916 apostolicus
1545 2846 1615 2900 ab
1638 2845 1929 2916 cpiscOpis
1963 2849 2019 2901 et
2052 2844 2183 2900 aliis
2215 2845 2483 2900 fidelibus
2514 2844 2667 2914 regis
2697 2842 2889 2899 sit'°“
2911 2843 3266 2913 custoditus,
3299 2856 3479 2912 usque
3511 2841 3582 2897 ad

179 2934 446 3003 pacatam
469 2935 529 2986 et
549 2930 1025 2988 aacclesiasticam
1057 2934 1555 2990 consecrationem
1588 2934 1978 3004 imperatoris,
2007 2934 2061 2988 in
2086 2933 2411 3003 exemplum
2438 2934 2786 3004 patriarcha;
2806 2932 2984 2989 Iacob
3006 2931 3256 2987 dicentis
3280 2931 3349 2986 ad
3373 2928 3465 2963 ²⁰⁸⁸
3488 2945 3584 2987 an-

175 3017 370 3088 gelum
397 3037 409 3072 :
436 3019 567 3075 Non
598 3019 901 3076 dimittam
932 3021 1003 3089 te,
1036 3022 1159 3078 nisi
1191 3020 1563 3078 bene/timeris
1591 3021 1776 3079 animi
1809 3019 1972 3089 (Gen.
2002 3037 2177 3089 xxxu,
2200 3024 2290 3090 26)
2325 3021 2495 3092 (326).
2530 3053 2597 3062 -
2631 3021 2729 3077 His
2759 3021 2835 3076 ita
2861 3020 2914 3076 in
2938 3020 3231 3075 Dominica
3263 3018 3583 3089 quadrage-

171 3107 332 3163 simae
362 3105 456 3140 ²⁰⁸⁶
488 3106 636 3180 (327)
672 3108 1006 3179 transactis,
1042 3110 1279 3165 Romani
1312 3114 1433 3165 tota
1469 3114 1637 3166 nocte
1668 3110 2027 3179 congregati,
2065 3126 2286 3167 summo
2316 3124 2480 3166 mane
2515 3111 2795 3182 impetum
2835 3108 3091 3179 undique
3112 3106 3205 3141 ²⁰⁸⁷
3232 3109 3495 3164 fecerunt
3524 3107 3581 3163 in

175 3196 499 3253 exercitum
533 3196 704 3265 regis,
749 3197 893 3252 adeo
922 3202 1002 3266 ut,
1045 3197 1351 3253 commissa
1382 3196 1475 3230 ²⁰⁸⁸
1508 3197 1842 3269 aliquandiu
1878 3213 2066 3269 pugna
2100 3198 2287 3267 (Febr.
2326 3201 2436 3270 13),
2469 3213 2662 3269 regem
2699 3213 2799 3269 per
2828 3212 2894 3254 se
2928 3197 3114 3268 ipsum
3148 3210 3388 3253 necesse
3419 3199 3580 3252 esset

175 3284 461 3340 exercitui
490 3298 867 3350 succurrere;
902 3285 1054 3355 quod
1076 3289 1136 3342 et
1162 3286 1404 3357 impigre
1436 3287 1590 3357 fecit,
1622 3291 1677 3343 et
1708 3301 1890 3356 usque
1912 3286 1981 3343 ad
2007 3286 2343 3344 inclinatam
2369 3288 2485 3357 jam
2519 3287 2669 3343 diem
2705 3286 3009 3343 fortissimi
3052 3285 3254 3341 militis
3284 3288 3345 3340 et
3374 3283 3579 3355 optimi

177 3372 346 3428 ducis
376 3388 524 3444 opus
555 3386 749 3443 agens,
784 3373 883 3429 Dei
910 3374 1098 3443 gratia
1132 3374 1254 3431 suis
1286 3375 1614 3445 victoriam,
1658 3375 1925 3431 hostibus
1964 3381 2093 3446 post
2124 3376 2360 3432 multam
2392 3375 2486 3409 ²⁰⁸⁹
2517 3380 2772 3445 stragem
2806 3376 2996 3444 fugam
3031 3373 3293 3430 incussit.

247 3460 391 3514 Post
425 3458 677 3515 triduum
710 3462 884 3517 Roma
906 3461 1002 3495 ²⁰⁹⁰
1022 3462 1305 3518 secedens
1337 3461 1526 3532 (Febr.
1556 3463 1665 3534 16),
1700 3462 1969 3519 domuum
1993 3463 2378 3534 apostolicum
2405 3479 2597 3520 secum
2622 3464 2809 3533 duxit,
2834 3467 2893 3519 et
2914 3477 2984 3519 eo
3008 3477 3121 3533 quo
3148 3460 3342 3532 potuit
3364 3460 3580 3516 honore

179 3548 392 3615 tenuit,
420 3548 623 3619 donec,
647 3550 991 3621 compositis
1015 3566 1141 3620 quae
1167 3565 1259 3606 res
1284 3551 1561 3621 poscebat
1585 3566 1685 3623 per
1707 3551 2281 3621 regionesnegociis,
2312 3551 2532 3621 pacatis
2549 3551 2641 3584 ²⁰⁹¹
2661 3552 2930 3607 omnibus
2951 3549 3325 3618 adversariis,
3354 3547 3580 3604 instans

182 3635 401 3692 Pascha
428 3651 538 3692 non
564 3636 735 3706 longe
768 3639 839 3693 ab
868 3639 1020 3693 Urbe
1052 3639 1108 3693 in
1142 3638 1353 3694 castris
1383 3638 1704 3695 celebravit
1740 3639 1901 3710 (Apr.
1928 3640 2014 3711 2);
2047 3638 2244 3709 ibique
2273 3639 2493 3695 sedatis
2518 3639 2878 3710 interipsum
2902 3642 2961 3694 et
2983 3636 3388 3710 apostolicum,
3427 3636 3580 3691 inter

182 3738 422 3793 regnum
453 3728 512 3779 et
544 3725 954 3794 sacerdotium,
996 3725 1458 3781 dissensionibus
1488 3725 1579 3758 ²⁰⁹²
1611 3726 1972 3794 inveteratis,
2010 3732 2140 3798 post
2176 3735 2415 3783 octavas
2452 3727 2683 3798 paschae
2717 3741 2847 3784 cum
2880 3726 3056 3782 nimio
3099 3723 3296 3796 pepuli
3337 3723 3577 3779 Romani

185 3812 356 3867 immo
384 3812 568 3869 totius
595 3813 879 3870 aacclesiaa
902 3828 967 3868 ac
991 3813 1402 3870 inestimabilis
1430 3815 1730 3871 exercitus
1763 3815 2043 3885 tripudio,
2072 3820 2204 3871 ante
2226 3816 2645 3872 confessionem
2676 3815 2862 3871 sancti
2897 3812 3078 3885 Petri,
3110 3810 3342 3882 augusti
3371 3825 3577 3868 nomen

181 3905 240 3956 et
265 3899 565 3972 imperium
590 3916 619 3956 a
645 3900 898 3971 Christo,
926 3902 1047 3973 ipse
1066 3901 1159 3935 ²⁰⁹³
1181 3901 1456 3958 crismate
1482 3904 1593 3958 rite
1621 3907 1940 3974 perunctus
1963 3908 2017 3959 et
2045 3908 2309 3959 sacratus
2331 3906 2386 3959 et
2413 3905 2521 3959 sub
2551 3903 2963 3972 augustissima
2996 3914 3203 3972 pompa
3235 3903 3574 3968 coronatus,

184 3988 440 4060 suscepit
467 3988 629 4060 (Apr.
655 3988 772 4058 13);
800 3987 994 4060 [sicuti
1022 3988 1187 4045 nobis
1211 3993 1347 4044 tunc
1373 3990 1511 4046 inibi
1537 3994 1842 4062 presentes
1865 3991 2178 4054 affirmant;
2205 3991 2466 4060 quamvis
2488 3989 2749 4045 nonnulli
2776 3989 2947 4057 longe
2970 3988 3141 4043 aliter
3167 3987 3298 4043 inde
3322 3986 3579 4041 sentiant

184 4076 242 4132 E.
277 4074 391 4147 ὈΜ]
426 4076 561 4131 dato
591 4075 703 4131 sibi
736 4075 1016 4148 [Donatus
1036 4082 1128 4132 est
1151 4081 1325 4131 etiarn
1351 4079 1443 4138 E.]
1481 4077 1533 4133 in
1569 4078 1820 4149 presenti
1856 4093 1958 4150 per
1992 4092 2217 4133 manum
2250 4076 2559 4149 apostolici
2591 4078 2699 4133 sub
2732 4076 3069 4133 testimonio
3103 4073 3351 4130 astantis
3380 4073 3583 4130 aeccle-

1553 4273 1789 4331 VARIE
1820 4275 2015 4332 LECTI
2023 4274 2112 4330 ON
2118 4274 2217 4331 ES.

255 4422 711 4480 m‘mahtildem
766 4425 863 4481 Dl.
926 4429 1008 4481 10.
1066 4422 1618 4481 mathtbildem‘El.
1666 4430 1718 4480 2.
1772 4423 2108 4480 mathildam
2156 4426 2206 4480 6.
2261 4423 2630 4481 machtildem
2682 4430 2732 4481 7.
2789 4420 3157 4481 mechtildem
3186 4423 3265 4476 9°.
3369 4418 3587 4476 ’⁸⁸⁵00-

186 4494 465 4567 mitissem
509 4499 557 4549 5.
602 4495 974 4567 cometissam
1012 4496 1070 4567 C.
1112 4497 1173 4551 E.
1277 4494 1370 4527 ²⁰⁸⁶
1398 4496 1661 4567 subjecta
1701 4499 1763 4567 6.

2001 4495 2233 4567 iropriis
2260 4497 2486 4567 4—11.
2543 4565 2551 4567 _
2589 4494 2874 4567 “Edent
2910 4496 3006 4567 DL
3111 4490 3578 4567 ’°f’_montein_(_l.

184 4564 284 4638 "j‘°_
307 4566 468 4622 deest
512 4564 760 4638 tuum}
793 4566 1158 4638 ﬂorentinam
1206 4567 1303 4621 Di.
1357 4566 1417 4622 et
1458 4561 1694 4638 idfrqfh
1754 4563 1846 4638 ’°‘_’
1883 4571 1934 4621 7.
1964 4561 2133 4638 _‘Anni
2181 4565 2707 4638 iinperiiljeinrici
2756 4565 2943 4638 quinti
2994 4570 3045 4621 1.
3078 4562 3453 4638 _(_z_¢_id._5_.__et
3494 4561 3585 4638 ita.

186 4635 477 4708 deinceps.
547 4634 826 4708 H’j‘fﬂ.‘
858 4637 921 4691 ll.
981 4642 1287 4708 postquam
1319 4632 1528 4708 4—11'
1606 4634 1698 4668 ²⁰⁶⁸
1754 4652 1763 4690 ι

2001 4652 2015 4691 ι
2072 4642 2154 4708 9°.
2207 4632 2290 4691 16.
2395 4632 2972 4708 ’Wgcelebra'vituﬁ.
3007 4704 3025 4708 _
3076 4632 3500 4708 'Wgcivilibus
3530 4634 3578 4686 4.

190 4705 355 4762 laicis
386 4702 437 4761 ἢ.
542 4705 635 4739 ³⁸⁸⁷
664 4706 829 4763 deest
867 4711 948 4762 10.
981 4702 1074 4762 ⁷11.
1135 4702 1269 4741 ’ίοθδ
1294 4706 1590 4762 civitatem
1633 4711 1682 4763 5.
1726 4712 1812 4763 10.
1852 4720 1998 4764 corr.
2044 4707 2285 4763 civitate
2326 4708 2422 4762 DI.
2468 4706 2644 4763 civita
2682 4712 2757 4763 9°.
2859 4706 2953 4739 ²⁰⁶⁹
2984 4704 3149 4762 deest
3183 4706 3234 4759 6.
3338 4702 3433 4736 ²⁰τ⁰
3463 4703 3587 4757 fun-

190 4775 349 4848 ditus
375 4776 847 4848 —7abstugleraut
888 4775 1104 4848 desunt
1147 4782 1197 4834 5.
1299 4776 1391 4810 ὀτι
1424 4794 1477 4848 ρ.
1512 4793 1561 4833 c.
1594 4781 1644 4832 5.
1682 4782 1759 4833 9°.

2011 4777 2176 4832 lomni
2236 4792 2289 4830 a.
2348 4780 2398 4833 4.
2456 4776 2594 4848 ί²⁰⁷³
2621 4777 2988 4848 advenientis
3036 4776 3144 4848 Εὲ.
3203 4772 3588 4848 σεται-ξμς-

191 4846 417 4919 trientes
446 4847 542 4919 Et.
620 4846 712 4919 ’°7_‘
742 4847 849 4903 sibi
883 4849 934 4902 4.
985 4846 1104 4919 μ²⁰⁷⁸
1133 4840 1579 4919 ceterarumque
1609 4851 1820 4919 {$710.
1854 4848 2296 4919 aliarumquoﬁ.
2376 4847 2468 4882 ²⁰⁷⁶
2500 4864 2549 4904 s.
2585 4862 2639 4919 q.
2676 4852 2812 4919 p.71.
2891 4845 2982 4919 ’θίν’
3020 4847 3114 4903 ita
3145 4848 3203 4902 C.
3372 4842 3474 4919 _’°"'
3497 4840 3591 4919 ita

192 4896 415 4987 ἒᾎίΕξΫ
446 4896 544 4949 ῖνῦ
572 4896 947 4987 antiquorum
982 4916 1018 4987 i.
1051 4920 1101 4973 4.
1137 4896 1576 4987 ”ἓεῖεῖῖ›ιῖό”ἰ.”
1612 4896 1703 4949 Ξοοι
1736 4896 1769 4973 ἃ

2008 4896 2639 4975 “”ἱιῗοῖῖ)ἱῖῐειιίυιιθ”ῥθῗ’
2676 4896 2991 4987 Ἶσίίναιτί)
3024 4896 3117 4973 ἐξ.
3153 4896 3202 4902 ’⁷
3224 4896 3318 4948 ’3'"
3346 4896 3511 4987 49.0.“
3535 4917 3585 4965 7-

188 4984 463 5058 ”“ada.
498 4982 788 5058 descent'7.
864 4986 958 5020 ²⁰⁸⁸
990 4986 1149 5058 Lxm
1176 4990 1225 5042 4.
1304 4986 1394 5058 ξοδῖ
1429 4988 1467 5058 1⁵.
1507 5003 1561 5043 u.
1600 4989 1694 5043 m.
1728 4994 1761 5044 7

2002 4987 2066 5020 ⁰⁸⁸
2098 4993 2159 5045 ut
2188 5004 2237 5044 c.
2274 4996 2330 5043 et
2364 4994 2413 5045 6.
2492 4988 2585 5022 ²⁰³⁹
2617 5003 2690 5043 m.
2728 5004 2782 5058 p.
2817 4992 2867 5042 ὕ.
2946 4986 3040 5020 ²⁰⁹⁰
3070 5002 3116 5044 s.
3153 4988 3286 5058 νηί.
3363 4982 3459 5058 ‘_°_“
3491 4995 3579 5055 pa-

187 5056 344 5124 gatis
374 5057 469 5111 E2.
546 5056 638 5089 ²⁰⁹²
669 5057 1142 5128 diSpensionibus
1172 5059 1220 5111 6.
1308 5057 1400 5090 ²⁰⁹³
1431 5057 1593 5114 deest
1620 5060 1669 5111 4.
1756 5059 1849 5091 ²⁰⁹⁴
1878 5061 1942 5115 in
1972 5061 2244 5129 margine
2270 5060 2402 5116 alia
2430 5060 2532 5116 sed
2558 5054 2780 5128 (eqvum
2809 5071 2994 5114 mam
3023 5059 3092 5113 E1
3136 5076 3148 5110 :
3185 5056 3330 5112 Nota
3363 5054 3588 5111 dictan-

192 5125 268 5181 tis
296 5125 487 5181 ﬁetam
524 5127 936 5182 defensionem.

220 5128 268 5181 is
296 5128 487 5181 fictam
524 5128 936 5183 defensionem.

1783 5225 2002 5281 ΝΟΤΛ..

262 5356 412 5429 (322)
448 5354 640 5429 ﬂente
672 5356 954 5429 Dargdone.
1958 5427 1963 5429 Α
2027 5356 2175 5429 (326)
2192 5356 2417 5429 Eadem
2440 5371 2511 5413 ex
2533 5356 2747 5413 Davide
2778 5355 2943 5414 affert
2972 5332 3299 5415 Willelinus
3330 5355 3592 5415 Malmes-

288 5426 415 5486 323)
445 5427 487 5481 l.
522 5441 573 5484 e.
605 5426 875 5486 castello.
905 5440 1059 5484 arce.
1955 5427 2080 5486 bur.
2118 5426 2163 5484 ι.
2190 5426 2227 5484 l.

288 5424 415 5499 323)
445 5427 487 5481 l.
522 5441 573 5484 e.
605 5426 852 5483 castello
905 5440 1059 5484 arce.

290 5500 395 5553 324
444 5498 506 5553 Y.
542 5498 790 5553 Stenzel.
825 5469 894 5567 Ii,
982 5538 993 5551 .
1037 5500 1155 5553 316.

265 5424 418 5640 iamsi
450 5567 533 5625 Cf.
570 5569 711 5626 Acta
738 5569 884 5625 Men.
920 5514 1090 5640 θεας.
1125 5568 1191 5637 ll,
1225 5583 1280 5640 p.
1311 5570 1381 5625 66
1412 5581 1541 5640 sqq.
1575 5566 1750 5625 edita.

2190 5426 2577 5556 lSocribendum
2608 5501 2733 5555 erat
2767 5516 2780 5553 :
2810 5496 3336 5574 quingmem.
