3994 6062
199 230 352 299 1025
1081 226 1521 300 CHRONICA.
1555 271 1632 281 —
1663 224 2139 297 CHRONICON
2181 226 2710 295 UNIVERSALE

3450 232 3607 299 1026

265 366 491 434 Quibus
510 368 783 442 expletis,
817 369 1076 427 surrexit
1103 366 1553 427 Gerhardus'm
1568 364 2129 439 Engolismensis'm
2151 366 2484 438 episcopus,
2520 366 2748 435 legatus
2780 366 2834 420 in
2871 367 3199 437 Aquitania,
3222 372 3279 423 et
3304 371 3593 426 communi

198 468 446 512 assensu
476 455 570 491 ’1“
601 457 796 515 domni
828 457 1235 515 Paschalis’m
1266 473 1426 529 papae
1458 458 1760 528 totiusque
1790 456 2019 513 concilii
2052 471 2245 513 coram
2278 456 2544 511 omnibus
2569 455 2709 525 legit
2743 454 2888 510 hanc
2913 456 3263 526 scripturam
3292 476 3303 510 :
3339 460 3602 515 Pricile-

196 544 371 614 θέωνι
398 545 574 616 illud,
609 547 894 619 quodnon
915 548 1005 603 est
1008 546 1420 619 privilegium,
1442 545 1547 603 sed
1567 559 1702 602 cere
1723 544 1891 601 debet
1907 545 2030 601 dici
2041 545 2449 615 praoilegia-m
2470 541 2582 612 ωδ,
2600 558 2711 614 pro
2735 542 3085 601 liberatione
3114 546 3483 615 captivorum
3498 562 3600 604 οισ-

191 632 441 691 etesiaa
472 636 679 693 domno
693 636 991 694 Paschale
1013 649 1174 708 papa
1188 634 1653 706 peroiolentiam
1676 635 1837 704 regis
1849 633 2127 690 Heinrici
2146 632 2459 701 extortam,
2493 646 2598 689 nos
2610 646 2803 689 omnes
2828 633 2893 688 in
2911 633 3227 691 hocsancto
3253 636 3604 692 concilio’1"

194 724 561 794 congregati,
593 725 883 782 canonica
911 737 1161 781 cenwra
1182 724 1243 779 et
1257 721 2049 780 acclesiasticaaaetoritate
2086 719 2222 789 ἠδ]
2230 721 2423 777 adicio
2444 719 2640 776 saswti
2663 719 2939 791 Spiritus
2970 720 3362 793 dampnamas
3388 725 3446 781 et
3466 725 3616 792 irri.

192 809 319 867 tam
329 811 833 883 essejudieamus,
859 812 1157 869 etomnino
1172 825 1239 867 ne
1259 810 1412 881 quid
1420 810 1802 867 auctoritatis
1822 808 2261 880 eteﬂcacitatis
2282 808 2517 874 habeat,
2536 808 2778 879 penitus
2797 812 3369 869 eacommanicamas
3398 814 3612 882 ,-etlioc

186 896 325 958 ideo
355 897 735 972 dampnatmn
761 900 864 970 est,
900 901 1048 972 quia
1077 902 1145 958 in
1173 912 1235 956 eo
1259 899 1581 969 privilegio
1608 898 1960 968 continetur,
1995 896 2155 967 quod
2182 898 2397 953 electas
2436 898 2715 954 caiwnice
2742 910 2780 953 a
2811 896 3043 953 nemine
3076 904 3452 958 consecretur
3483 904 3608 964 nisi

185 986 361 1057 prius
389 1003 429 1045 a
457 1002 595 1060 rege
621 989 1019 1059 incestiatar;
1043 988 1202 1062 quod
1228 987 1318 1045 est
1343 986 1549 1044 contra
1574 986 1880 1059 Spiritum
1906 986 2179 1043 sanctam
2191 986 2247 1042 et
2267 984 3082 1043 canonicaminstitationem.
3119 988 3385 1044 Perlecta
3421 1000 3611 1081 earta'

187 1074 586 1133 acelamabant
620 1092 826 1134 omnes
856 1078 1058 1147 Amen,
1091 1079 1291 1134 amen!
1328 1075 1765 1147 Archiepiscopi
1790 1074 2079 1133 Iohannes
2104 1073 2435 1145 patriarcha
2459 1074 2783 1144 Veneticus,
2814 1075 3029 1131 Sennes
3053 1077 3379 1147 Capuanus,
3417 1085 3476 1133 et
3499 1073 3600 1136 alii

198 1162 318 1231 fere
349 1168 456 1221 100
480 1165 743 1239 episcOpi
764 1166 1261 1237 subscripserunt.

265 1251 347 1323 Ex
379 1252 486 1311 hac
530 1255 839 1311 occasione
882 1253 1223 1310 Viennensis
1251 1251 1729 1324 archiepiscopus
1749 1265 1877 1309 eum
1897 1250 2020 1306 suis
2039 1249 2424 1320 complicibus
2456 1266 2664 1309 novum
2693 1251 2900 1309 scisma
2934 1256 3165 1308 nostras
3198 1252 3254 1307 in
3286 1258 3487 1324 partes
3520 1270 3610 1313 se-

194 1339 415 1398 minare
442 1343 501 1397 et
528 1340 785 1415 gladium
818 1342 1211 1399 anathematis
1266 1342 1322 1398 in
1352 1342 1762 1413 imperatorem
1789 1339 1882 1372 “'5
1910 1339 2149 1396 molitur
2206 1341 2523 1397 extendere
2556 1341 2735 1413 (330);
2767 1338 2871 1397 sed
2904 1340 3035 1411 quia
3066 1347 3324 1411 emptum
3353 1343 3485 1412 ejus
3519 1343 3612 1379 ω’

195 1427 520 1501 apostolica
549 1429 798 1501 indeque
828 1432 979 1487 omni
1003 1431 1419 1499 mcelesiastica
1445 1429 1798 1487 auctoritate
1823 1428 2132 1485 videbatur
2151 1443 2371 1497 carere,
2399 1444 2601 1499 parum
2625 1428 2861 1484 interim
2885 1428 3075 1499 potuit
3105 1428 3605 1497 vigere.Attamen

197 1516 456 1589 ejusdem
492 1517 872 1583 dissensionis
905 1519 1217 1576 seminario
1233 1516 1326 1552 ²¹²⁸
1355 1519 1811 1590 circumquaque
1840 1518 2018 1589 cmpit
2048 1516 2142 1551 '1”
2175 1517 2408 1574 invidiae
2430 1516 2523 1549 “’°
2552 1531 2788 1588 serpere
2812 1515 3048 1586 malum,
3075 1516 3220 1573 adeo
3253 1522 3313 1573 ut
3344 1520 3610 1577 nonnulli

196 1606 504 1683 quicquam
521 1611 722 1681 contra
750 1622 869 1667 rem
894 1608 1187 1680 publicam
1211 1608 1589 1672 intentantes,
1614 1606 1784 1676 hujus
1807 1605 1890 1662 rei
1917 1606 2215 1662 materiam
2244 1605 2297 1660 in
2322 1621 2442 1662 suze
2465 1605 2873 1661 eommotionis
2893 1604 3154 1675 arripere
3175 1607 3608 1665 meditarentur

194 1692 467 1771 clipeum.
500 1696 661 1759 Inter
692 1711 839 1768 quos
865 1694 955 1729 ¹¹³¹
981 1701 1041 1753 et
1072 1695 1374 1769 prodictus
1402 1694 1759 1751 Adelbertus
1774 1692 2116 1762 designatus
2138 1693 2441 1763 Mogontize
2464 1692 2746 1763 pontifex,
2779 1693 2877 1762 qui
2910 1707 3013 1764 per
3034 1694 3222 1748 omnia
3246 1697 3545 1753 secundus
3571 1711 3598 1751 a

198 1795 335 1859 rege
364 1797 593 1855 semper
624 1783 835 1855 fuerat,
870 1784 996 1841 sine
1019 1786 1188 1856 cujus
1210 1783 1458 1841 consilio
1481 1782 1657 1845 nichil
1681 1784 1872 1840 facere
1897 1781 2145 1851 solebat,
2174 1781 2458 1836 adversus
2480 1781 2889 1851 imperatorem
2911 1813 2979 1820 —
3003 1782 3157 1851 quod
3182 1782 3276 1836 vix
3300 1784 3610 1853 quisquam

196 1868 463 1941 crederet
491 1900 554 1912 -
586 1872 927 1944 conSpirare
953 1888 1086 1930 cum
1142 1872 1492 1944 quibusdam
1526 1872 1891 1944 principibus
1933 1871 2265 1939 infamatur,
2314 1884 2493 1938 reque
2525 1869 2778 1939 cognita,
2815 1870 3100 1925 custodias
3134 1871 3205 1925 ab
3245 1870 3345 1926 illo
3374 1871 3465 1904 ²¹³²
3500 1878 3616 1928 tra-

199 1955 378 2014 ditur.

269 2046 511 2113 Moritur
538 2046 633 2105 his
662 2047 1030 2120 temporibus
1088 2048 1428 2121 quidamjde
1458 2048 1721 2105 Saxoniae
1754 2047 2138 2120 principibus,
2194 2046 2421 2103 nomine
2456 2046 2801 2103 Uudalricus
2827 2046 2920 2081 ²¹³³
2948 2046 3129 2117 (331);
3189 2047 3486 2104 Ludewici
3517 2047 3614 2082 ²¹³⁶

198 2135 428 2207 comitis
458 2136 677 2195 dudum
703 2151 902 2207 gener,
938 2137 1043 2194 sed
1066 2137 1184 2208 jam
1218 2143 1459 2210 pr0ptcr
1490 2137 1752 2209 ejusdem
1786 2135 1917 2192 lilia:
1938 2135 2030 2168 ²¹³⁵
2050 2134 2352 2207 repudium
2389 2136 2629 2191 invisus.
2657 2136 2831 2205 Cujus
2854 2136 3271 2206 possessiones
3303 2137 3610 2206 predictus

199 2222 514 2294 Sigifridus.
542 2224 895 2283 hereditaria
930 2225 1039 2281 sibi
1071 2225 1418 2282 vendieabat
1449 2227 1853 2290 successione;
1884 2224 1984 2280 sed
2017 2225 2264 2280 domnus
2298 2224 2611 2293 imperator
2638 2225 2871 2279 easdem
2901 2223 2957 2279 in
2981 2222 3077 2291 jus
3105 2223 3267 2293 regni
3287 2225 3617 2281 conabatur

198 2313 516 2377 attrahere.
555 2313 693 2379 Qum
723 2328 898 2369 causa
958 2313 1229 2371 recidivae
1262 2312 1572 2371 discordiae
1608 2314 1861 2371 fomitem
1893 2314 2070 2385 coepit
2106 2314 2461 2372 ministrare.
2499 2316 2637 2369 Nam
2671 2311 2823 2371 idem
2854 2329 3051 2370 comes
3083 2314 3312 2383 priores
3342 2313 3612 2370 miserias

200 2414 339 2459 suas
373 2400 755 2473 sequentibus
789 2414 1173 2476 exaggerans,
1204 2406 1389 2460 totam
1437 2417 1581 2475 pene
1612 2402 1704 2436 ²¹³⁶
1732 2400 2060 2470 Saxoniam,
2112 2416 2273 2458 suam
2309 2403 2580 2461 videlicet
2613 2405 2882 2476 patriam,
2919 2404 3098 2458 tantis
3130 2402 3392 2473 implevit
3426 2402 3618 2472 queri-

205 2491 433 2560 moniis,
470 2496 535 2551 ut
567 2499 684 2553 tam
717 2497 919 2553 ducem
977 2493 1332 2562 Lotharium,
1385 2507 1553 2564 quam
1586 2493 1930 2548 Ruodolfnm
1990 2494 2402 2562 marchionem,
2435 2492 2793 2549 Tridericum
2829 2492 3148 2563 palatinum
3177 2491 3467 2561 comitem,
3506 2490 3620 2545 Wi-

203 2578 474 2649 gbertum
502 2581 595 2615 “'7
626 2588 802 2654 atque
830 2581 923 2615 ³³³⁸
954 2581 1322 2638 Ludewicum
1352 2580 1446 2613 ¹¹³⁹
1477 2578 1900 2653 nonnullosque
1958 2582 2104 2639 alios
2136 2586 2207 2639 ab
2236 2579 2329 2618 ²¹⁸⁰
2360 2583 2645 2652 obsequio
2688 2580 2953 2637 traheret
2986 2580 3379 2650 imperatoris.
3415 2580 3526 2635 Sed
3556 2582 3619 2633 et

205 2669 523 2743 episcopus
555 2670 1077 2740 Ilalberstatensis,
1103 2684 1327 2727 necnon
1364 2669 1683 2726 Gerdrudis
1714 2670 1825 2738 "‘1,
1861 2670 1955 2725 illa
2015 2675 2331 2742 prepotens
2360 2686 2463 2742 per
2500 2670 2802 2726 Saxoniam
2862 2668 3036 2724 vidua
3068 2667 3161 2701 W’
3195 2666 3367 2739 (332),
3402 2665 3621 2722 violen-

208 2761 345 2812 tiam
379 2756 569 2829 [sem’
600 2758 1029 2830 nichilominus]
1062 2758 1183 2830 pati
1216 2758 1287 2815 ab
1321 2758 1690 2829 imperatoris
1722 2759 2060 2829 prejudiciis
2091 2759 2387 2816 invasione
2405 2759 2743 2830 prediorum
2770 2772 3029 2827 suorum,
3064 2756 3465 2811 clamitabant.
3502 2755 3619 2811 Hec

206 2850 267 2902 et
298 2845 388 2903 his
415 2844 627 2902 similia
658 2846 1064 2911 scandalorum
1097 2847 1317 2902 zizania
1352 2863 1611 2904 murmur
1643 2848 1930 2903 infinitum
1964 2849 2019 2903 in
2052 2863 2237 2920 nuper
2273 2852 2480 2919 pacato
2514 2862 2691 2918 regno
2714 2846 3025 2903 suscitant.
3064 2849 3109 2899 'l

347 2933 397 2988 '1
434 2936 560 2990 6-11
599 2934 836 2992 addant
864 2953 876 2988 :
909 2933 1292 2997 Altamanuus
1323 2935 1502 2991 abbas
1534 2936 1699 3004 i-biit,

1688 3027 1749 3079 Α.
1789 3026 1848 3078 D.
1900 3025 2135 3080 MCXIII.

281 3197 590 3256 Heinricus
643 3111 1237 3271 iniperatocroiliiatglem
1272 3197 1492 3254 Domini
1552 3198 1854 3269 Erpesl‘urt
1887 3122 1941 3179 Α

210 3284 560 3342 celebravit.
612 3286 919 3343 Lotharius
980 3286 1113 3357 dux,
1172 3285 1483 3355 Sigifridus
1534 3286 1855 3358 predictus,

2509 3111 2688 3169 Codd.
2736 3112 2795 3166 D.
2831 3112 2892 3166 E.
2928 3114 3070 3166 4-11.

2046 3200 2349 3256 Heinricus
2400 3200 2719 3270 imperator
2751 3202 2999 3254 natalem
3053 3197 3272 3254 Domini
3306 3197 3617 3270 Erpesfurt

1971 3288 2061 3321 ’1“
2083 3289 2422 3344 celebravit.
2452 3288 2592 3344 llluc
2614 3302 2742 3343 cum
2767 3287 3082 3357 prescripti
3109 3288 3372 3343 Saxonize
3407 3285 3623 3357 princi-

221 3373 602 3445 Ruodolphus
629 3374 906 3445 marchio,
930 3375 1268 3445 Wigbertus
1290 3375 1503 3446 senior,
1531 3374 1862 3431 Friderieus

215 3460 508 3531 palatinus
528 3467 791 3520 comeset
806 3463 1192 3520 Luodewicus
1212 3478 1405 3519 eomes
1418 3462 1862 3520 rebellationem

212 3552 418 3605 contra
477 3550 886 3621 imperatorem
939 3558 1174 3622 parant;
1210 3566 1358 3621 quos
1390 3551 1516 3623 ipse
1547 3551 1671 3608 sine
1702 3566 1861 3608 mora

215 3650 346 3692 cum
377 3638 641 3694 exercitu
674 3642 896 3710 petens,
942 3639 1229 3695 incendiis
1255 3643 1312 3694 et
1347 3637 1732 3696 munitionum
1767 3640 1865 3696 de-

216 3725 640 3784 structionibus
669 3727 947 3783 infestare
987 3742 1101 3783 non
1125 3728 1400 3798 cessavit,
1422 3727 1608 3783 donec
1632 3728 1704 3783 ab
1736 3726 1864 3797 ejus

218 3812 489 3870 ﬁdelibus
521 3814 793 3885 Sigifrido
830 3820 1156 3888 perempto,
1191 3815 1462 3872 Lothario
1493 3821 1552 3872 et
1581 3815 1865 3873 Ruodolt‘o

219 3902 632 3973 reconciliatis,
671 3903 992 3975 Friderico,
1018 3904 1321 3974 Wigberto
1346 3904 1575 3961 seniore
1600 3904 1756 3975 juste
1775 3919 1867 3961 ca-

218 3991 335 4061 ptis
361 3997 421 4047 et
461 3992 746 4049 custodiae
801 3992 1100 4064 deputatis
1130 3994 1383 4063 fortuna,
1444 3993 1619 4049 immo
1649 3993 1865 4049 Christi

215 4078 405 4147 gratia
438 4080 615 4137 rebus
644 4080 817 4136 ﬁnem
850 4080 1013 4137 dedit

328 4348 349 4370 ‘
372 4346 513 4406 2Ει.
535 4349 713 4406 addit
731 4348 797 4408 in
824 4362 1051 4420 marg.:
1089 4348 1469 4417 llildiboidus.
1491 4348 1672 4409 abbas
1696 4348 1862 4405 obiit.

1976 3392 2076 3447 pes
2116 3377 2335 3432 curiam
2387 3391 2494 3433 non
2520 3376 2801 3444 adissent,
2832 3374 3232 3442 indignatione
3255 3374 3426 3429 nimia
3465 3388 3621 3429 com-

1975 3469 2169 3520 motus
2202 3464 2537 3534 imperator,
2575 3464 2720 3518 bona
2754 3476 2951 3518 eorum
2983 3462 3176 3532 diripi,
3218 3461 3625 3532 possessiones

1976 3552 2262 3608 incendiis
2282 3550 2597 3620 devastari,
2625 3551 2799 3605 etiam
2825 3550 2977 3605 inter
3007 3551 3128 3620 ipsa
3154 3551 3297 3605 festa
3319 3548 3621 3619 21“‘prece-

1979 3641 2082 3711 pit,
2119 3655 2223 3695 nec
2258 3638 2438 3694 multo
2474 3643 2605 3709 post
2659 3637 2966 3694 castellum
3026 3636 3286 3709 adprime
3337 3639 3620 3693 munitum

1978 3727 2396 3797 Hornburg’m
2434 3728 2582 3799 (333)
2618 3727 2785 3796 longa
2810 3727 3114 3783 obsidione
3137 3726 3372 3783 delevit.
3408 3725 3625 3782 Deinde

1978 3816 2204 3872 relictis
2254 3832 2357 3887 p-s-r
2400 3816 2653 3886 pres1dia
2688 3815 2957 3871 ﬁdelibus
2986 3816 3127 3883 suis,
3190 3820 3627 3885 contemptores

1979 3918 2117 3959 suos
2140 3902 2368 3958 insidiis
2397 3910 2457 3957 et
2485 3903 2904 3972 congressibus
2926 3902 3160 3967 aillixit;
3193 3902 3346 3957 inter
3375 3916 3504 3971 quae
3536 3913 3627 3955 se-

1978 3992 2247 4063 pedictus
2289 3990 2597 4059 Sigifridus
2629 3990 2921 4061 palatinus
2950 4004 3161 4059 comes,
3212 3989 3300 4043 vir
3332 3987 3628 4043 nobilissi-

1979 4095 2107 4137 mus
2133 4084 2189 4136 et
2226 4093 2333 4136 suo
2367 4079 2422 4132 in
2453 4077 2543 4111 “‘7
2578 4084 2838 4149 tempore
2883 4078 3025 4133 nulli
3058 4078 3111 4131 in
3146 4076 3297 4133 omni
3330 4075 3626 4147 probitate

1979 4168 2293 4239 secundus,
2327 4168 2628 4237 occubuit,
2664 4166 2998 4236 Wigbertus
3026 4164 3118 4198 ’³⁸⁸
3157 4164 3407 4235 capitur,
3445 4161 3626 4218 Lude-

1977 4257 2167 4316 wicus
2188 4255 2281 4290 “"
2303 4255 2374 4312 ad
2396 4256 2752 4313 deditionem
2783 4253 3183 4327 compellitur;
3211 4252 3410 4321 sicque
3446 4251 3624 4306 rebus

1980 4346 2214 4404 interim
2239 4345 2427 4417 quies,
2449 4344 2586 4400 licet
2608 4342 2852 4412 modica,
2877 4341 3247 4399 conceditur.
3272 4341 3340 4394 '2

1575 4461 1810 4518 νΑΡιιΑε
1874 4459 2275 4516 LECTIONES.

291 4550 384 4624 ξω
408 4552 780 4621 gebehardus
809 4555 903 4608 D8.
958 4553 1242 4624 gerardns
1269 4557 1328 4609 7.

345 4637 505 4693 P3933
537 4624 597 4678 Ρ·
651 4624 758 4696 Dl-
868 4622 1359 4696 ’4”'privilegiii'ii
1413 4628 1462 4680 4.
1514 4628 1564 4680 6.
1601 4628 1677 4678 9°.

220 4692 310 4726 "’7
345 4690 436 4750 est
471 4697 528 4749 4.
646 4693 739 4726 ²¹²⁸
765 4690 1046 4752 seminata
1074 4702 1132 4751 7.
1169 4690 1250 4750 9°.
1289 4704 1374 4752 ll.
1414 4696 1700 4752 seminare
1732 4698 1781 4749 5.
1819 4697 1911 4749 10.
1950 4690 2323 4748 seminarium
2356 4692 2410 4744 4.

225 4765 347 4821 inv.
391 4767 447 4821 4.
539 4762 630 4796 ²¹³¹
660 4780 771 4835 que
798 4768 894 4821 E1.
930 4773 987 4823 2.
1028 4767 1163 4823 And
1184 4767 1260 4823 ὧν.
1322 4766 1415 4800 ²¹³²
1444 4768 1516 4823 ab
1546 4767 1589 4822 i.
1628 4764 2006 4823 desunt4-1l.

220 4849 278 4891 e.
316 4838 469 4893 441.
550 4833 643 4867 ³⁵³⁸
673 4837 836 4893 deest
860 4841 937 4893 9°.
998 4836 1088 4875 “'7
1122 4837 1474 4893 Wienertum
1506 4841 1564 4893 4.
1644 4836 1736 4871 ²¹³⁸
1765 4835 1927 4892 deest
1948 4839 2006 4890 9°

550 4833 643 4867 ³⁵³⁸
673 4833 836 4897 deest
860 4841 937 4893 9°.
998 4836 1088 4875 “'7
1122 4837 1474 4965 vvicﬁertum
1506 4841 1564 4893 4.

556 4910 645 4963 10.
734 4905 1193 4965 ²ί⁴¹ετθιιιιιιτιιᾶιε
1298 4914 1349 4964 1.
1417 4914 1475 4965 2.
1540 4924 1564 4965 a

218 4905 314 4939 “‘°
345 4906 501 4964 deest
556 4910 645 4963 10.
734 4905 825 4939 ’1“
852 4907 1193 4976 gerthrudis

218 5047 314 5082 ²¹⁴⁷
341 5047 506 5106 deest
532 5051 623 5102 10.
667 5053 756 5105 11.

221 5118 483 5178 dewicus
516 5123 606 5175 10.

1418 4552 1512 4587 ²¹²⁰
1538 4552 1840 4622 cngelism.
1877 4551 1975 4606 D1.
2011 4551 2154 4604 4-11.

1418 4628 1462 4678 4.
1514 4628 1564 4678 6.
1601 4628 1677 4678 9°.
1783 4621 1875 4655 ²¹²⁶
1905 4621 2069 4678 deest
2115 4624 2149 4674 7

1644 4836 1736 4917 2‘"
1765 4835 1933 4917 deest
1948 4839 2024 4892 9°.
2060 4833 2206 4917 et}.
2238 4831 2367 4917 .fm
2399 4831 2747 4917 lod'evvicum
2778 4835 2837 4886 δ.
2875 4828 3266 4917 lupdexvicnm

1918 4916 1943 4945 ϐ

219 4906 314 4939 ²¹ί⁰
345 4906 501 4964 deest
556 4910 645 4963 10.
734 4906 1193 4976 ““gerthrudis
1246 4906 1349 4965 E1.
1417 4914 1475 4965 2.
1540 4906 1839 4979 gertrudis
1885 4909 1963 4963 9°.

219 4977 314 5059 ξξξξ
343 4977 766 5059 c_rpherl:urt_t3.
804 4984 988 5059 πυρα.
1024 4979 1397 5059 erpliuiirt_4.
1437 4980 1894 5059 ei:phesiu1‘t_10.
1934 4981 2052 5059 _ll.

840 5047 931 5087 ’1"
961 5047 1282 5122 wiepertus
1313 5054 1371 5106 4.
1427 5047 1751 5109 wicbertus
1784 5055 1834 5106 δ.
1869 5049 2193 5122 wiepertus
2224 5052 2300 5103 9°.

2258 4546 2350 4580 ἰιι
2379 4549 2473 4605 ita
2501 4549 2562 4602 E.
2624 4546 2788 4603 Wilt.
2823 4544 3135 4605 Masmesb.
3169 4558 3459 4601 consensu
3487 4540 3622 4598 relt.

3038 4616 3130 4649 ’Μ
3159 4631 3231 4671 m.
3293 4616 3351 4670 in
3405 4628 3540 4683 imp.
3572 4614 3623 4669 ι.

3038 4693 3077 4742 5.
3154 4686 3247 4719 ²¹³⁰
3275 4686 3438 4742 deest
3466 4689 3515 4737 δ.
3568 4686 3626 4737 et

3348 4698 3438 4741 θδῑ
3466 4698 3515 4737 5.

2100 4760 2192 4795 ²¹³³
2224 4760 2571 4818 Uodalricus
2727 4752 2823 4791 ωδ
2856 4758 3169 4837 luodewici
3202 4761 3251 4813 5.
3277 4770 3388 4880 ,ςὲᾳ
3464 4752 3557 4786 ²¹³⁸
3587 4753 3624 4807 Γ.

2100 4838 2120 4880 t.
2151 4833 2206 4880 Δ.-
2273 4831 2367 4866 ²ί³⁹
2399 4831 2747 4880 lmlewmum
2778 4835 2837 4880 δ-
2875 4831 3266 4880 lnndewncnm
3352 4832 3402 4880 ι.
3427 4828 3486 4879 2.
3525 4828 3619 4878 10.

3300 4895 3397 4929 υιι
3426 4898 3518 4951 ita
3551 4894 3594 4949 E

2270 4618 2362 4651 ²¹²⁵
2393 4625 2543 4675 auct.
2609 4617 2752 4674 eccl.
2787 4620 2932 4673 4-l1.

2510 4689 2601 4722 ²¹²⁰
2629 4690 2804 4758 ccepit
2839 4688 2985 4745 circ.

2074 4904 2167 4938 ³1⁸³
2197 4902 2428 4959 viduam
2492 4904 2591 4959 E2.
2648 4915 2797 4958 corr.
2859 4903 3030 4959 vidua
3090 4900 3185 4953 E1.

2129 4974 2228 5039 ΞΜ
2262 4975 2414 5033 facta
2442 4978 2501 5029 ὅ.
2589 4971 2680 5007 ²ί⁴⁸
2712 4973 3196 5043 hornburg_4._7.
3236 4968 3620 5043 lionburg_9°.

2414 5044 2511 5078 ἰδ’
2542 5042 2907 5102 loudewicus
2938 5036 3003 5099 δῖ
3023 5039 3376 5097 lothewieus
3402 5044 3461 5094 7.
3508 5036 3630 5093 luo-

1810 5192 2029 5249 NOTIE.

320 5302 444 5374 330)
476 5299 540 5374 Υ.
576 5300 647 5357 de
678 5301 902 5374 synodo
933 5301 1005 5359 ab
1027 5302 1155 5374 ipso
1185 5301 1418 5374 Viennae
1450 5301 1645 5374 habita
1678 5300 1853 5374 Mansi
1883 5301 2021 5374 XXI,
2058 5316 2110 5372 p.
2138 5303 2270 5374 773-7

318 5371 444 5443 331)
475 5373 555 5428 De
587 5371 864 5440 Weiinar;
893 5389 955 5430 v.
996 5371 1139 5430 Ann.
1177 5376 1237 5430 S.
1278 5372 1341 5429 h.
1380 5386 1431 5429 a.
1468 5373 1555 5428 Df.
1589 5371 1848 5429 Stenzel.
1888 5373 1931 5443 Ι,
1965 5387 2016 5443 p.
2050 5371 2180 5427 654.

296 5446 445 5517 (332)
476 5444 663 5517 Vidua
696 5444 947 5517 Heinrici
981 5444 1354 5505 marchionis.

295 5515 447 5591 (333)
480 5515 566 5577 Ad
594 5515 765 5577 llsam
795 5515 1057 5577 ﬂuvium.
