3994 6062
344 170 497 239 1027
1502 174 1970 238 EKKEHARD]

2094 174 2583 239 RAUGIENSIS
3603 166 3781 231 1028

406 308 726 368 Eodemmo
752 327 900 367 anno
935 308 1254 383 imperator
1285 309 1598 382 impatiens
1626 307 1846 381 aliquid
1869 308 1983 366 dis—
2012 313 2067 371 A
2166 311 2306 367 Post
2327 309 2449 366 haec
2474 308 2705 380 quidam
2748 305 3107 378 Reginoldus
3127 303 3241 375 “‘3,
3266 304 3590 376 provmciae
3624 303 3780 357 Bur-

339 402 553 457 cerdite
597 400 736 456 oriri
790 401 844 455 in
887 415 1062 469 regno
1092 415 1218 469 suo,
1273 399 1495 456 invadit
1526 415 1655 455 cum
1716 398 1980 455 exercitu
2092 398 2323 469 gundiaz
2347 412 2561 468 comes,
2588 401 2667 467 et,
2704 402 2767 453 ut
2788 396 2969 464 aiunt,
2995 395 3368 466 imperatoris
3391 389 3779 459 consangui-

339 490 621 559 qucudam
655 488 1047 557 Regenoldum
1081 491 1153 544 de
1200 491 1440 544 Munzun
1475 488 1647 559 (334),
1670 487 1779 544 sibi
1813 503 1982 558 repu-
2094 502 2257 553 neus,
2306 486 2673 557 tyrannidem
2716 484 2959 555 juvenili
2991 488 3159 539 actus
3192 481 3500 539 insolentia
3534 484 3775 537 contra

338 582 608 645 gnantem
639 582 695 631 et
756 579 901 632 bona
950 579 1352 649 episcopatum
1384 584 1622 631 suorum
1675 576 1981 631 devastan-
2095 590 2213 631 rem
2247 574 2538 646 publicam
2584 573 2845 638 orditur;
2879 572 2977 642 qui
3010 576 3222 641 tamen,
3285 568 3775 641 superveniente

342 672 477 734 tem,
513 679 680 735 quem
711 664 861 735 apud
895 666 1020 734 Bar,
1056 664 1363 720 castellum
1412 678 1600 733 suum,
1636 663 1888 732 obsedit,
1921 668 1981 717 et
2094 664 2205 719 sibi
2227 679 2358 720 cum
2409 677 2578 719 manu
2618 661 2808 718 valida
2830 660 2923 693 ²¹⁶⁴
2954 659 3221 716 Heinrico
3252 662 3521 728 augusto,
3562 654 3774 712 muni-

331 750 466 807 “t'um
500 767 563 809 se
592 758 651 808 et
683 753 989 809 castellum
1023 753 1273 809 viriliter
1317 752 1723 807 defendentem
1752 750 1981 806 vii-ilius
2091 753 2328 822 tionem,
2380 752 2434 807 in
2490 766 2600 821 qua
2660 748 2906 805 maxime
2961 748 3312 816 conﬁdebat,
3371 747 3629 801 Monzun
3669 742 3775 777 ’1“

344 843 461 912 ipse
483 840 657 911 cmpit
686 856 817 896 cum
852 840 1051 896 multis
1083 840 1430 912 primatibus
1459 839 1721 908 ejusdem
1752 839 1977 910 patriae,
2093 840 2279 912 [deest
2295 839 2393 910 E],
2447 839 2571 909 ipse
2598 840 2807 909 captus
2857 836 3083 901 amisit;
3116 836 3314 905 sicque
3368 833 3472 890 lite
3503 833 3639 889 cito
3677 831 3773 887 di-

336 934 394 983 et
429 928 613 998 ipsum
644 927 953 984 castellum
986 928 1117 998 igne
1138 928 1548 985 concremavit.
2094 932 2317 1000 rempta
2349 926 2460 996 ωδ,
2491 925 2775 984 custodiae
2806 924 3082 981 traditur.

1817 1046 1880 1098 Α.
1914 1044 1979 1098 D.
2012 1043 2246 1098 MCXIV.
2683 1064 2699 1091 κ

2162 1138 2437 1195 Dominus
2474 1137 2565 1171 '1"
2599 1138 2915 1209 imperator
2963 1136 3211 1192 natalem
3256 1133 3350 1168 ³³⁸⁸
3376 1134 3611 1191 Domini
3650 1135 3766 1188 Ba-

2093 1228 2354 1296 benherg
2384 1241 2513 1282 cum
2545 1240 2767 1283 summa
2795 1224 2887 1258 ²¹⁵⁹
2916 1224 3341 1295 magniﬁcentia
3376 1222 3767 1293 copiosaque

2091 1314 2417 1387 principum
2450 1314 2824 1371 multitudine
2843 1313 3101 1369 celebrat
3128 1330 3142 1378 ;
3164 1316 3222 1368 et
3245 1313 3353 1367 hoc
3377 1325 3488 1367 non
3515 1309 3766 1381 simpli-

2090 1404 2256 1474 citer,
2276 1404 2408 1474 quia
2440 1404 2626 1460 virum
2648 1402 2747 1458 Dei
2769 1401 3194 1457 Ottoneminibi
3223 1399 3583 1472 episcopum,
3612 1413 3765 1469 pro-

2093 1497 2223 1563 pter
2255 1493 2518 1563 quaedam
2562 1491 2680 1561 jam
2709 1490 2803 1523 ²ι⁶⁰
2832 1490 3078 1546 orientia
3114 1490 3168 1544 in
3224 1503 3402 1558 regno
3457 1486 3762 1544 scandala

411 1138 842 1211 Imperator“lu
872 1141 1176 1197 Heinricus
1224 1140 1475 1196 natalem
1511 1140 1729 1195 Domini
1763 1141 1979 1195 Baben-

339 1232 482 1299 lierg
509 1229 850 1300 celebravit,
875 1228 1181 1301 diSpositis
1202 1230 1423 1300 nuptiis
1445 1229 1567 1285 suis
1588 1229 1891 1299 Maguntize
1922 1228 1977 1283 in

338 1317 596 1388 proxima
611 1317 938 1389 epiphania.
968 1319 1430 1388 Desponsaverat
1452 1317 1604 1372 enim
1627 1322 1760 1372 ante
1801 1317 1979 1371 trien-

337 1406 492 1462 nium
527 1404 880 1475 Mathildem,
932 1406 1102 1475 filiam
1162 1406 1391 1462 Henriei
1424 1407 1578 1475 regis
1639 1405 1974 1475 Anglorum,

339 1494 619 1563 virginem
645 1494 920 1565 moribus,
947 1494 1218 1564 nobilem,
1244 1499 1548 1550 venustam
1575 1509 1806 1565 quoque
1824 1499 1882 1549 et
1908 1494 1977 1548 de

338 1596 533 1638 coram
556 1581 717 1651 facie,
738 1596 865 1652 quae
883 1581 1213 1637 habebatur
1240 1582 1421 1638 decus
1438 1587 1493 1636 et
1519 1582 1705 1651 gloria
1732 1587 1845 1636 tam
1873 1584 1978 1636 Ro-

338 1670 486 1724 mani
512 1670 738 1740 imperii
773 1684 940 1739 quam
969 1670 1189 1739 Anglici
1216 1670 1397 1739 regni.
1433 1672 1571 1725 Erat
1591 1670 1739 1725 enim
1775 1684 1973 1741 proge-

338 1757 454 1813 nita
475 1772 546 1813 ex
579 1761 827 1827 utraque
874 1762 1038 1828 parte
1072 1772 1142 1812 ex
1167 1757 1332 1826 longa
1357 1758 1507 1813 linea
1532 1758 1850 1827 magniﬁcae
1881 1773 1979 1813 no-

339 1844 587 1900 bilitatis
616 1849 676 1900 et
691 1844 904 1915 regalis
928 1845 1231 1916 prosapiae,
1262 1844 1315 1899 in
1340 1845 1505 1915 cujus
1530 1845 1977 1916 loquelaetope-

336 1946 396 1986 re
428 1931 839 2002 resplenaebat
862 1932 1153 2003 specimen
1187 1933 1397 1988 futura:
1424 1933 1703 1989 bonitatis
1727 1933 1972 2005 abunde,

332 2020 477 2077 adeo
498 2023 564 2076 ut
584 2019 853 2076 omnibus
876 2025 1183 2091 optaretur
1212 2022 1450 2077 Romani
1483 2022 1709 2094 imperii
1742 2022 1978 2079 heredis

333 2114 517 2165 mater
552 2109 695 2164 fore.
723 2108 804 2164 Ad
830 2108 987 2180 ipsas
1008 2125 1240 2180 quoque
1264 2111 1496 2181 nuptias
1519 2114 1680 2166 tanta
1703 2112 1977 2167 convenit

334 2196 649 2253 multitudo
681 2196 1281 2269 archiepiscoporum,
1306 2198 1737 2270 episcoporum,
1762 2200 1974 2256 ducum

332 2290 508 2356 atque
527 2287 826 2357 comitum,
859 2287 1133 2343 abbatum
1167 2302 1398 2358 quoque
1430 2294 1489 2344 et
1522 2289 1970 2360 prepositorum,

330 2378 507 2444 atque
529 2374 1060 2431 eruditissimorum
1091 2376 1461 2447 clericorum,
1489 2383 1554 2433 ut
1580 2376 1773 2433 nullus
1797 2392 1974 2432 senex

334 2461 492 2518 illius
522 2462 612 2518 evi
660 2468 858 2534 posset
892 2464 1185 2520 reminisci
1217 2464 1309 2521 vel
1358 2464 1552 2536 aliquo
1586 2464 1755 2522 modo
1783 2465 1974 2523 adtes-

333 2551 444 2607 tari
469 2566 531 2606 se
552 2550 792 2623 vidisse,
830 2552 922 2608 vel
954 2551 1160 2608 saltem
1187 2552 1500 2623 audivisse,
1530 2558 1747 2610 tantam
1782 2555 1973 2610 multi-

2008 1564 2062 1624 B
2090 1582 2309 1637 curiam
2335 1582 2708 1651 frequentare
2732 1584 3092 1648 renuentem,
3119 1593 3192 1634 ex
3212 1582 3379 1648 parte
3392 1582 3757 1648 suspectum

2092 1671 2362 1725 habebat.
2390 1671 2519 1741 Ipse
2551 1683 2691 1725 vero
2713 1669 2892 1723 rebus
2916 1665 3273 1722 transitoriis
3292 1681 3396 1737 pro
3418 1665 3753 1720 concordia

2089 1758 2509 1815 aeeelesiastica
2538 1772 2645 1813 non
2674 1771 2939 1828 parcens,
2958 1754 3254 1811 beneficiis
3276 1752 3593 1809 indefessis
3618 1752 3758 1807 ani-

2089 1846 2418 1902 mositatem
2453 1845 2607 1915 regis
2635 1844 2894 1915 gloriose
2919 1843 3153 1899 devicit.
3185 1843 3326 1897 Hinc
3360 1841 3580 1897 indicto
3601 1855 3752 1896 eon-

2088 1939 2265 1990 ventu
2281 1934 2582 2003 Mogontiae
2594 1932 2684 1966 ²¹⁶¹
2699 1932 2860 2002 (Jan.
2876 1935 2953 2002 7),
2971 1932 3207 2002 nuptias
3218 1928 3745 2002 postepiphaniam

2086 2024 2310 2079 Domini
2329 2022 2741 2093 augustissime
2759 2022 3013 2078 instituit
3032 2039 3045 2087 ;
3062 2020 3156 2077 ubi
3171 2020 3344 2076 etiam
3367 2018 3463 2074 vix
3479 2018 3743 2088 aliquem

2087 2116 2186 2168 aut
2209 2117 2371 2168 certe
2396 2112 2615 2167 nullum
2637 2111 2708 2166 de
2732 2111 3100 2180 magnatibus
3118 2110 3327 2166 abesse
3350 2106 3564 2167 voluit;
3591 2121 3743 2176 quo-

2085 2216 2212 2258 rum
2244 2200 2488 2257 consilio
2519 2200 2611 2257 vel
2643 2214 2933 2257 consensu
2958 2198 3050 2231 ’1“
3073 2198 3229 2268 regis
3267 2196 3487 2266 Anglia:
3531 2193 3736 2264 tiliam,

2085 2287 2456 2346 Mahthildem
2491 2285 2585 2319 ²¹⁶³
2615 2286 2863 2356 nomine,
2899 2286 3115 2342 dudum
3149 2285 3559 2355 desponsatam
3591 2280 3738 2350 legi-

2085 2376 2223 2430 time
2252 2374 2341 2408 ²ί⁶⁴
2370 2375 2481 2432 sibi
2513 2374 2892 2445 conjungens,
2954 2372 3115 2443 regni
3147 2374 3480 2429 consortem
3511 2367 3738 2424 consti-

2085 2464 2215 2521 tuit.

328 2641 593 2697 tudinem
626 2646 919 2698 tantorum
943 2642 1295 2712 primatuum
1320 2658 1375 2697 ιη
1397 2658 1510 2699 uno
1538 2648 1826 2700 conventu
1861 2644 2221 2700 convenisse.
2258 2645 2318 2699 In
2348 2642 2494 2715 ipsis
2522 2642 2673 2699 enim
2705 2641 2928 2714 nuptiis
2977 2643 3365 2697 convenerant

331 2729 759 2801 archiepiscopi
792 2734 842 2799 5,
875 2730 1132 2801 episcopi
1167 2734 1253 2801 40,
1286 2732 1465 2788 duces
1488 2737 1551 2799 5;
1585 2733 1653 2788 de
1685 2733 1896 2803 quibus
1928 2732 2306 2789 duxBoemize
2335 2746 2595 2789 summus
2627 2732 2899 2802 pincerna
2930 2729 3057 2785 fuit.
3084 2727 3367 2785 Comitum

328 2832 470 2874 vero
492 2822 552 2873 et
570 2818 848 2874 abbatum
872 2822 1046 2889 atque
1072 2820 1506 2890 prepositorum
1531 2836 1805 2877 numerus
1829 2836 1858 2877 a
1883 2821 2042 2879 nullo
2063 2821 2336 2892 praesenti
2361 2821 2495 2877 licet
2532 2819 2775 2875 multum
2797 2817 2987 2888 sagaci
3009 2818 3202 2888 potuit
3221 2830 3372 2872 com-

330 2905 632 2978 prehendi.
662 2908 812 2963 Dona
851 2911 1066 2977 autem,
1102 2923 1230 2979 quae
1264 2909 1477 2965 diversi
1510 2924 1677 2980 reges
1708 2918 1881 2982 atque
1914 2910 2365 2967 innumerabiles
2398 2910 2678 2981 primates
2706 2908 2918 2965 domno
2943 2906 3277 2979 imperatori
3312 2906 3365 2961 in

333 2994 481 3067 ipsis
507 2996 730 3067 nuptiis
759 2996 1059 3068 miserunt,
1097 2996 1185 3054 vel
1220 3013 1347 3067 quae
1381 2998 1505 3069 ipse
1535 2999 1853 3070 imperator
1883 3014 1952 3054 ex
1985 3014 2048 3055 se
2078 2997 2482 3055 innumerabili
2515 2997 2872 3053 multitudini
2900 2996 3288 3065 joculatorum
3311 2999 3370 3049 et

332 3078 642 3141 istrionuni
667 3088 842 3156 atque
868 3084 1103 3142 diverso
1125 3086 1326 3155 generi
1359 3086 1719 3143 diversarum
1744 3087 2003 3156 gentium
2027 3087 2352 3155 distribuit,
2385 3084 2866 3156 quemadmodum
2901 3083 3096 3140 nullus
3120 3097 3372 3138 camera-

331 3173 454 3230 rius
490 3173 674 3245 ipsius
703 3174 794 3229 vel
830 3174 923 3244 qui
958 3175 1181 3245 recepit
1210 3175 1303 3231 vel
1337 3175 1433 3245 qui
1463 3174 1762 3231 distribuit
1796 3176 1987 3246 potuit
2018 3189 2343 3244 numerare,
2379 3175 2458 3229 ita
2491 3173 2685 3231 nullus
2705 3172 2963 3244 ejusdem
2998 3171 3369 3242 imperatoris

330 3262 815 3332 chronographus
848 3263 1037 3333 potuit
1070 3263 1286 3319 litteris
1317 3264 1832 3333 comprehendere.

403 3349 614 3404 Eodem
638 3348 728 3381 ²¹⁶²
761 3365 988 3421 quoque
1037 3365 1186 3407 anno
1220 3352 1273 3406 in
1320 3352 1537 3408 eisdem
1570 3353 1792 3423 nuptiis
1816 3354 1972 3423 jura-

332 3442 543 3493 verunt
569 3438 885 3509 principes,
928 3439 1357 3510 expeditionem
1381 3446 1583 3496 contra
1608 3440 1877 3498 Frisones
1908 3455 1971 3496 se

332 3525 601 3581 facturos
653 3525 705 3581 in
739 3527 991 3583 secunda
1043 3528 1366 3598 septimana
1402 3535 1533 3599 post
1566 3533 1967 3599 pentecosten.

330 3612 554 3680 Denega
567 3620 767 3668 verant
789 3614 937 3669 enim
965 3616 1171 3670 dehinc
1201 3616 1537 3686 imperatori
1564 3616 1817 3672 debitam
1842 3618 1973 3672 sub-

324 3700 638 3769 jectiouem
666 3701 997 3772 impendere
1029 3709 1086 3757 et
1114 3705 1333 3759 tributa
1380 3706 1657 3775 quzejure
1676 3705 1970 3760 annuatim

328 3786 619 3843 debebant
671 3789 1026 3859 persolvere.
1065 3792 1200 3846 Nam
1234 3808 1304 3846 ex
1336 3792 1639 3865 insolentia
1678 3794 1881 3850 tumidi
1915 3799 1973 3849 et

328 3873 586 3932 locorum
641 3878 961 3935 munitione
996 3880 1147 3950 freti,
1185 3880 1651 3949 dedignahantur
1674 3882 1844 3938 alicui
1877 3882 1975 3938 do-

329 3962 482 4019 mino
508 3964 714 4035 subjici
742 3966 829 4021 vel
854 3966 1101 4037 alicujus
1128 3968 1263 4023 licet
1286 3970 1452 4024 valde
1488 3970 1744 4041 potentis
1776 3985 1977 4042 prece-

326 4055 489 4122 ptum
519 4054 746 4124 exequi.
771 4055 909 4110 Cum
935 4058 1128 4112 autem
1158 4071 1368 4113 versus
1396 4057 1528 4114 illos
1552 4064 1850 4115 exercitus
1865 4075 1974 4115 caa-

328 4139 512 4210 pisset
547 4157 607 4198 se
641 4157 893 4213 movere,
927 4145 1289 4201 Coloniensis
1320 4147 1794 4218 archiepiscopus
1844 4163 1974 4204 cum

329 4229 678 4298 quibusdam
704 4230 835 4287 aliis
857 4232 1539 4305 principibusimpedivit
1566 4235 1680 4290 iter
1702 4235 1882 4305 illius,
1919 4241 1976 4291 et

329 4317 548 4374 acriter
571 4335 699 4377 cum
718 4321 841 4377 suis
861 4321 1090 4378 civibus
1124 4327 1191 4379 et.
1206 4323 1373 4394 copia
1398 4322 1643 4379 militum
1660 4328 1836 4395 atque
1854 4339 1978 4381 suc-

328 4420 509 4463 cursu
538 4407 897 4467 diversorum
959 4411 1236 4469 comitum
1266 4412 1445 4484 coepit
1476 4412 1708 4470 domino
1740 4428 1846 4471 suo
1879 4414 1975 4470 im-

2157 3354 2367 3409 Deinde
2398 3357 2603 3409 contra
2652 3352 2931 3423 quosdam
2962 3352 3015 3405 in
3067 3348 3215 3404 locis
3243 3347 3335 3380 ³1⁸⁵
3366 3345 3743 3419 palustribus

2085 3441 2237 3498 ultra
2294 3444 2609 3497 Fresonum
2640 3440 2731 3473 ²¹⁶⁶
2763 3440 2985 3495 insulas
3014 3438 3349 3493 habitantes
3407 3436 3742 3504 imperator

2082 3530 2341 3586 navalem
2401 3530 2828 3602 expeditionem
2855 3527 2946 3561 ’⁸⁸⁷
2979 3527 3162 3582 multo
3210 3524 3405 3580 studio
3447 3521 3736 3577 instituit.

2085 3619 2208 3684 Quo
2232 3620 2366 3675 dum
2393 3618 2600 3689 tendit,
2618 3618 2909 3673 Coloniam
2931 3615 3301 3686 Agrippinam
3322 3611 3431 3668 sibi
3449 3609 3737 3666 rebellem

2085 3713 2140 3763 et
2177 3708 2230 3762 in
2264 3709 2372 3763 hoc
2406 3723 2571 3778 quam
2624 3708 2822 3778 plures
2850 3705 3310 3761 Transrheninos
3340 3706 3514 3771 atque
3542 3701 3741 3753 West-

2086 3795 2233 3852 falos
2263 3796 2700 3852 consentientes
2749 3796 3004 3860 invenit;
3055 3808 3299 3864 quorum
3350 3793 3741 3845 numerantur

2087 3884 2530 3941 nominatissimi
2582 3884 2912 3940 Fridericus
2956 3881 3312 3938 Coloniensis
3342 3876 3739 3947 archiepisco-

2086 3988 2217 4044 pus,
2262 3971 2706 4029 Gotefridus’m
2753 3972 2889 4041 dux,
2922 3971 3228 4026 Heinricus
3263 3971 3406 4038 (335)
3440 3965 3733 4036 quondam

2087 4062 2205 4117 dux
2249 4067 2308 4117 et
2367 4061 2699 4116 Fridericus
2757 4059 2827 4115 de
2882 4060 3218 4127 Arnesburg
3244 4054 3353 4112 ’1“.
3391 4052 3735 4109 Intermissa

2087 4150 2284 4220 itaque
2336 4148 2717 4221 profectione,
2769 4163 2995 4204 manum
3046 4147 3101 4202 in
3162 4148 3361 4201 hostes
3422 4151 3737 4214 presentes

2086 4238 2405 4293 extendere
2436 4238 2699 4308 cupiens,
2733 4237 2985 4292 Coloniae
3009 4234 3279 4306 partibus
3301 4230 3562 4293 assedit,
3594 4228 3739 4285 civi-

2087 4326 2195 4380 tati
2228 4340 2367 4382 vero
2390 4324 2631 4381 miriﬁce
2668 4324 2903 4380 munitae
2926 4323 3018 4356 ²¹⁷⁰
3036 4337 3147 4379 ηοη
3191 4319 3519 4392 prevalens,
3544 4316 3738 4385 regio-

2090 4429 2214 4470 nem
2274 4413 2726 4485 circumquaque
2779 4412 3049 4481 vastavit,
3108 4410 3457 4478 tandemque
3533 4403 3735 4463 soluto

1708 4589 1945 4647 VARIxE
1991 4590 2384 4647 LECTIONES.

409 4732 503 4770 ²¹⁸⁰
532 4738 1040 4824 ᾳτιωβσᾳειλιξητῑιν,
1074 4742 1409 4800 atramento
1428 4742 1618 4815 paulo
1649 4744 1869 4802 atriorz‘
1897 4742 2125 4815 scripta
2167 4742 2333 4801 sunt.
2418 4742 2510 4777 ²¹⁸ί
2538 4745 2667 4801 Ηοο
2699 4745 2815 4802 loco
2854 4744 3075 4824 exstat.
3100 4739 3327 4813 tabula,
3350 4753 3483 4868 ἕνα
3507 4738 3737 4810 nuptiis

409 4809 723 4868 meram-2s
755 4809 1067 4868 delmeatee
1094 4815 1249 4868 sunt.
1329 4813 1420 4847 ²¹⁸²
1451 4815 1776 4868 atramento
1802 4817 1980 4868 edule
2012 4830 2049 4868 α
2079 4816 2485 4868 superioribus
2543 4815 2794 4868 diverso.
2872 4814 2963 4848 ²¹⁵³
2996 4815 3296 4868 reinoldus
3403 4817 3445 4868 l.
3481 4826 3529 4868 e.
3562 4825 3726 4868 corr.

337 4807 723 4880 imperatoris
751 4807 1067 4892 delineatee
1094 4815 1249 4871 sunt.
1329 4807 1980 4917 “"“atramentogaulo
2012 4807 2049 4871 ὰ
2079 4816 2485 4917 acgeneribus
2543 4815 2794 4873 diverso.
2872 4814 2963 4848 ²¹⁵³
2996 4814 3296 4871 reiuoldus

337 4881 370 4917 τ’)
420 4885 452 4917 ¹7
586 4879 677 4913 21η
707 4882 892 4917 nollnn
946 4889 977 4917 '1
1121 4883 1213 4916 2156
1245 4900 1490 4917 ηπιηνιιιη
1547 4890 1606 4917 nn
1737 4885 1781 4916 21
1861 4886 2087 4917 Λςηηηίο
2191 4890 2224 4917 6)
2366 4885 2457 4917 ιιδτ
2492 4888 2651 4917 Anno}
2679 4892 2707 4917 κ
2840 4885 2932 4917 1138
2961 4886 3153 4917 ηηίαΙο
3210 4887 3231 4917 ι

336 4887 387 4933 2.
420 4887 472 4934 7.
586 4887 677 4913 ²¹⁶⁴
707 4887 892 4938 ualica
946 4889 1003 4939 7.
1121 4887 1213 4916 ²¹⁶⁶
1244 4900 1490 4941 munzun
1547 4890 1622 4941 9°.
1737 4887 1830 4917 ²¹⁵⁶
1861 4887 2089 4957 direpta
2146 4887 2248 4941 E2.
2366 4887 2457 4919 “‘7
2489 4888 2651 4944 deest
2678 4892 2727 4942 5.

336 4963 439 5005 sua
471 4951 567 5005 E2.
646 4951 740 4985 ²¹⁶ο
768 4953 933 5010 deest
958 4960 1007 5010 5.
1036 4970 1088 5010 o.
1117 4956 1251 5023 jam.
1288 4962 1339 5012 7.
1376 4964 1451 5013 9°.
1530 4954 1623 4988 *1“
1653 4957 1948 5025 moguntie
1991 4959 2040 5011 4.
2120 4955 2211 4989 ²¹⁶²
2243 4971 2481 5014 assensu
2542 4958 2645 5011 Et.
2685 4963 2735 5012 2.

339 5021 754 5077 machthildem
790 5030 839 5079 5.
878 5026 1213 5081 mathildem
1245 5028 1342 5081 Et.
1376 5032 1427 5082 2.
1460 5029 1518 5083 et
1542 5029 1634 5084 ita
1663 5031 1853 5084 intra.
1932 5029 2022 5061 ξω*
2054 5027 2216 5084 deest
2239 5032 2291 5084 7.
2404 5027 2495 5059 ³³⁸⁵
2528 5028 2735 5084 deest?

1934 5042 2022 5061 “°’
2054 5042 2216 5084 αεθετ
2239 5042 2291 5085 7.

335 4881 387 4933 2.
420 4885 472 4934 7.

586 4879 892 4938 "“ualica
946 4889 1003 4939 7.
1121 4883 1213 4916 ²¹⁶⁸
1244 4900 1490 4941 munzun
1547 4890 1622 4941 9°.
1737 4885 1781 4916 ²¹

339 5021 754 5077 machthildem
790 5030 839 5079 5.
878 5021 1213 5081 mathildem
1245 5028 1342 5081 Et.
1376 5032 1427 5082 2.
1460 5029 1518 5083 et
1542 5029 1634 5084 ita
1663 5021 1853 5084 infra.

3403 4817 3445 4869 l.
3481 4826 3529 4869 e.
3562 4825 3726 4868 corr.

2840 4885 2932 4920 ’1⁸⁸
2961 4886 3153 4942 natale
3206 4887 3256 4942 4.
3368 4882 3461 4916 ²¹⁸⁹
3490 4883 3654 4939 deest
3676 4886 3733 4938 4.

2848 4956 2941 4989 ²¹⁶³
2970 4958 3305 5012 mahtildem
3360 4956 3458 5010 D1.
3518 4956 3574 5009 4.
3644 4958 3729 5008 10.

2843 5027 2934 5061 ’³⁸⁵
2964 5028 3236 5084 fresolum
3270 5029 3371 5082 E2.
3454 5024 3545 5057 ’⁸⁸⁷
3574 5024 3742 5081 deest

2366 4885 2457 4919 “‘7
2489 4888 2651 4944 deest
2678 4892 2727 4942 5.

2404 5027 2495 5059 ’1“
2528 5028 2690 5084 deest
2713 5035 2766 5083 7.

338 5093 389 5170 ρ.
426 5093 636 5170 Ἱερέῡὶ
662 5094 722 5150 et
737 5109 895 5170 corr.
933 5115 952 5150 .-
981 5097 1183 5154 navale
1216 5097 1510 5169 prelium.)
1587 5098 1679 5131 ²¹⁶⁸
1706 5100 2076 5169 gothefridus
2100 5101 2198 5156 Dt.
2223 5099 2548 5170 gotefridus
2580 5104 2629 5154 7.
2668 5102 2761 5155 10.
2842 5098 2933 5131 ²ι⁶⁹
2964 5101 3251 5156 arnsburc
3274 5100 3322 5153 4.
3349 5096 3733 5153 .irnesburch.

338 5164 390 5215 7.
470 5160 564 5241 ²¹ξ¹⁰
593 5164 796 5221 muniti
829 5170 907 5222 9ο.

1917 5297 1962 5353 Ν
1970 5298 2138 5355 ΟΤίΕ.

430 5384 558 5532 33ιέ
580 5382 872 5468 Mdusson.
907 5390 981 5448 cf.
1018 5391 1250 5450 Stenzel
1281 5393 1324 5451 ῐ.
1357 5409 1411 5467 p.
1445 5396 1568 5453 657.

430 5457 533 5514 385
586 5456 666 5515 De
696 5457 986 5532 Lunburg.

429 5456 555 5532 385)
586 5456 666 5515 De
696 5457 986 5535 Limburg.
