3972 6042
184 170 217 244 ί
282 184 318 242 2
1056 173 1496 244 CHRONICA.
1535 213 1606 223 -
1641 152 2122 239 CHRONICON
2169 168 2727 241 UNIVEHSAIE.
3441 182 3601 249 1030

179 315 438 389 peratori
470 314 750 372 resistere
775 316 834 370 et
862 326 1002 370 suos
1032 310 1125 368 die
1155 316 1448 383 noctuque
1477 310 1827 369 vexarc.lm-
1858 304 1912 378 Α
1941 314 2236 368 conventu
2267 307 2553 382 [exercitu
2576 311 2675 384 3.]
2709 304 3025 370 recidivam
3046 309 3141 347 “7’
3159 314 3596 388 expeditionem

167 409 414 477 perator
446 404 643 475 itaque
664 416 738 458 ex
767 401 1012 459 consilio
1057 406 1117 457 et
1161 415 1451 458 consensu
1499 399 1826 472 principum
1938 403 2143 455 contra
2180 398 2417 456 eosdem
2446 399 2540 433 ’³⁷³
2588 399 2939 457 rebelliones
2987 400 3216 458 indixit.
3266 405 3387 471 Qua
3430 409 3587 466 circa

173 493 330 549 redit
359 493 726 563 Mogontiam,
760 490 977 546 infecto
1000 490 1233 560 negotio
1280 494 1339 546 et
1366 490 1650 545 frustrato
1718 504 1825 546 suo
1940 487 2227 544 Kalendas
2260 487 2533 545 Octobris
2550 493 2926 559 congregata,
2954 490 3237 547 Friderici
3261 498 3594 563 posscssio-

165 596 528 652 suorumque
559 580 781 636 labore.
808 579 895 634 Illi
928 584 1123 635 autem
1148 579 1243 650 qui
1278 579 1426 634 hanc
1444 578 1825 635 rebellionem
1940 590 2041 631 nes
2070 575 2163 609 “7‘
2195 577 2552 647 aggreditur.
2584 577 2705 643 Qua
2730 577 2985 649 undique
3012 585 3264 650 vastata,
3298 588 3358 637 et
3389 582 3443 639 in
3481 601 3596 642 me-

167 669 805 740 contraimperatorem
826 667 1139 723 machinati
1155 666 1634 735 fuerant,nullam
1654 666 1825 723 aliam
1937 662 2034 719 dio
2057 664 2313 733 regionis
2356 664 2513 721 illius
2544 670 2739 722 castro
2772 665 2937 721 firmo
2989 671 3354 740 constructo,
3409 686 3594 743 eoque

171 757 542 814 occasionem
558 754 1015 812 habebantunde
1039 755 1226 826 ipsum
1252 759 1820 827 possentaccusare,
1938 751 2240 821 militibus,
2274 752 2453 808 armis
2474 756 2651 823 atque
2690 752 3003 824 stipendiis
3052 754 3367 828 instructo,
3406 759 3593 817 hieme

170 845 286 901 nisi
319 845 474 916 quod
510 844 887 900 testabantur
915 843 1202 913 quendam
1257 858 1427 900 suum
1478 843 1828 900 ministeria-
1937 840 2390 913 superveniente
2419 842 2491 896 ab
2523 841 2699 897 armis
2731 840 3079 899 disceditur.
3616 844 3621 849 ‘

170 932 289 989 lem
317 932 489 988 nimis
505 930 1183 989 ferociterdominiumin
1202 930 1324 988 suis
1352 931 1618 1002 partibus
1662 945 1827 988 exer-

174 1035 316 1078 cere
362 1019 478 1076 “7*.

1659 1118 1723 1171 A.
1781 1117 1851 1172 Ι).
1882 1117 2090 1174 MCXV.

246 1214 637 1273 Considerans
667 1213 985 1284 imperator
1017 1212 1323 1268 Saxoniam
1357 1211 1665 1268 manifeste
1687 1212 1910 1283 jam’m
1931 1230 1962 1270 a
1988 1229 2053 1271 se
2071 1214 2344 1285 deficere,
2379 1222 2582 1273 contra
2607 1233 2733 1276 eam
2768 1222 2831 1277 ut
2868 1218 3055 1276 iratus
3094 1220 3171 1276 ita
3197 1219 3373 1277 etiam
3405 1237 3592 1280 arma-

180 1310 301 1377 tus,
327 1306 505 1373 venit,
539 1308 598 1360 et
627 1308 839 1360 tamex
867 1302 958 1359 his
976 1316 1124 1372 quos
1141 1300 1462 1358 adduxerat
1495 1315 1666 1372 quam
1698 1302 2005 1372 quosinibi
2038 1303 2152 1359 sibi
2183 1302 2277 1336 ²¹⁷⁶
2300 1303 2984 1364 voluntariosinvenerat
3005 1312 3202 1364 castra
3221 1323 3336 1365 non
3361 1312 3590 1369 modica

173 1394 454 1450 instituit.
490 1393 748 1448 Saxones
782 1405 922 1447 vero
963 1389 1034 1446 de
1059 1388 1152 1422 “7"
1184 1387 1467 1461 periculis
1499 1388 1623 1445 suis
1638 1390 1728 1459 agi
1753 1395 2085 1455 cernentes,
2121 1390 2324 1462 copias
2354 1406 2487 1448 suas
2509 1392 2601 1425 ²²⁷³
2631 1393 2867 1452 diverso
2901 1395 3119 1463 locant,
3154 1412 3267 1454 non
3297 1400 3592 1468 pugnandi

169 1486 381 1538 contra
408 1480 703 1537 dominum
728 1493 896 1535 suum
932 1476 1315 1546 audacia,sed
1339 1476 1687 1533 defendendi
1704 1492 1766 1533 se
1800 1478 2152 1534 necessitate
2181 1478 2393 1547 coacti,
2432 1485 2490 1535 ut
2521 1479 2615 1514 ²¹⁷⁹
2638 1483 2748 1554 ipsi
2780 1497 2884 1555 per
2909 1467 3314 1542 internuncios
3345 1467 3592 1559 impera-

178 1569 295 1625 tori
317 1567 757 1624 confirmabant.
792 1566 1049 1636 Cumque
1068 1563 1164 1598 ²¹⁸⁰
1208 1579 1312 1636 per
1340 1563 1562 1636 aliquot
1596 1565 1723 1621 dies
1754 1580 1891 1637 pars
1921 1570 2168 1637 utraque
2191 1566 2360 1622 alteri
2391 1566 2484 1600 “'1
2516 1569 2911 1628 minareturet
2942 1577 3231 1645 parceret,
3256 1574 3489 1646 quidam
3506 1576 3596 1632 vir

170 1656 345 1713 fortis
375 1655 605 1712 nomine
637 1654 828 1724 Hoger
854 1651 967 1725 “”,
1006 1652 1101 1724 qui
1134 1652 1717 1710 dudumintermulta
1733 1669 1861 1725 quze
1892 1654 2171 1710 bellicose
2190 1659 2413 1726 egerat,
2442 1657 2698 1727 Sigifridi
2717 1659 3208 1730 palatinicomitis
3242 1662 3490 1719 necem”
3527 1679 3592 1721 se

175 1742 633 1800 famosissimum
664 1740 719 1797 in
741 1740 873 1797 aula
901 1741 1057 1810 regis
1074 1740 1270 1797 effecit
1290 1739 1400 1810 ³1⁸⁸,
1438 1745 1736 1814 assumpta
1768 1741 1922 1797 omni
1953 1739 2046 1773 ¹¹⁸⁶
2077 1740 2266 1798 electa
2293 1742 2624 1814 juventute,
2663 1761 2792 1817 quae
2825 1748 3030 1819 utipse
3055 1764 3229 1806 morae
3265 1752 3373 1806 fuit
3399 1752 3587 1823 impa-

172 1832 348 1902 tiens,
373 1831 646 1900 Saxones,
677 1842 814 1885 suos
838 1827 1105 1883 nimirum
1133 1828 1577 1898 compatriotas,
1609 1829 1891 1885 audacter
1924 1828 2138 1885 invasit
2169 1827 2359 1900 (Febr.
2394 1834 2506 1902 11;)
2541 1832 3031 1904 ipsequeleonina
3049 1838 3358 1894 ferocitate
3388 1839 3486 1873 ’1“
3506 1839 3592 1895 di-

171 1921 416 1990 micans,
450 1917 654 1988 gloriaa
677 1916 1079 1988 cupiditatem,
1116 1932 1228 1988 qua
1257 1915 1349 1950 ’1"
1382 1917 1909 1989 ﬂagrabat,multis
1929 1919 2514 1990 secumcadentibus,
2550 1922 2785 1994 prepria
2810 1928 2998 1980 morte
3031 1927 3442 1998 comprobavit
3466 1926 3587 1985 '1".

174 2007 449 2064 Interfuit
481 2005 616 2064 huic
630 2003 909 2061 conflictu
930 2003 1044 2075 ω’,
1071 2004 1244 2061 immo
1260 2008 1320 2063 ut
1344 2006 1506 2062 aiunt
1523 2005 1951 2077 quodammodo
1966 2006 2205 2078 prefuit,
2222 2007 2538 2079 episcopus
2564 2009 3060 2069 Halberstatensis
3092 2015 3193 2070 Rei
3204 2015 3462 2072 nhardus
3486 2015 3587 2051 ²¹⁸⁰

176 2096 279 2168 qui
301 2095 518 2152 dudum
548 2095 621 2150 ab
652 2093 1004 2165 imperatore
1036 2107 1149 2148 non
1190 2092 1413 2149 modice
1440 2094 1543 2150 fuit
1578 2094 2025 2166 injuriatus;qui
2057 2094 2326 2151 nimirum
2359 2097 2484 2152 suis
2520 2112 2781 2167 magnam
2808 2098 3133 2171 predicavit
3162 2101 3423 2171 justiciw
3453 2120 3594 2160 con-

172 2182 545 2253 solationem,
578 2182 948 2253 imperatoris
979 2195 1117 2237 vero
1149 2181 1220 2236 de
1254 2185 1420 2251 parte
1450 2182 1605 2238 cesis
1635 2182 1813 2238 etiam
1844 2182 2164 2254 sepultura,
2188 2183 2497 2239 interdixit
2526 2186 3380 2248 communionem.Sicdomnus
3400 2193 3584 2263 impe-

171 2276 338 2328 rator
360 2285 472 2328 non
502 2284 704 2341 parum
728 2270 1099 2333 amaricatus,
1124 2267 1196 2324 ad
1218 2269 1479 2324 Rhenum
1501 2268 1978 2326 convertitur’m
2011 2272 2332 2335 ;Saxonum
2348 2286 2485 2328 vero
2507 2288 2834 2331 consensus
2858 2275 2929 2330 ad
2954 2276 3346 2334 resistendum
3377 2278 3464 2335 illi
3488 2277 3584 2313 '1"

172 2359 358 2430 magis
385 2374 452 2415 ac
479 2358 662 2428 magis
692 2358 1005 2413 roboratur
1032 2355 1150 2411 ³1³³.
1193 2356 1275 2412 Ad
1310 2358 1431 2412 h'ee
1462 2357 1748 2427 quendam
1779 2357 2137 2413 eardinalem
2170 2360 2487 2415 Romanum
2506 2361 2738 2417 nomine
2753 2362 3105 2420 Dietericum
3130 2365 3243 2437 “",
3277 2367 3575 2437 legatione

172 2448 230 2504 in
265 2446 592 2503 Pannonias
616 2444 709 2478 ’1⁸⁸
733 2446 1015 2510 functum,
1051 2459 1155 2515 per
1185 2445 1429 2501 nuncios
1457 2444 1780 2511 asciscunt;
1807 2459 1920 2515 quo
1943 2446 2118 2501 etiam
2154 2448 2470 2518 prescripti
2503 2449 2736 2506 concilii
2757 2450 3051 2510 actionem
3071 2457 3128 2509 et
3163 2470 3267 2526 per
3288 2454 3588 2529 “"ipsam

170 2533 1219 2605 imgeratorisexcommunicationcm
1250 2531 1589 2603 prcdicante
1618 2530 1731 2601 “’7,
1756 2537 1872 2587 tam
1886 2533 2898 2609 archiepiscopusMagdcburgensis
2921 2555 3093 2611 quam
3123 2546 3473 2601 calerarum
3494 2543 3588 2583 ’δ”

168 2623 569 2681 aacclesiarum
603 2622 870 2695 presules
895 2620 1431 2677 reconciliationem
1467 2619 1754 2691 recipiunt
1789 2620 2028 2691 ;sicque
2056 2621 2239 2679 scisso
2268 2620 2361 2656 ³³³³
2417 2627 2633 2681 Iterum
2690 2625 2785 2659 ²²⁰⁰
2843 2641 3042 2698 regno,
3104 2631 3365 2703 undique
3420 2647 3586 2689 nova:

174 2726 274 2768 res
324 2709 417 2745 ²¹⁰¹
448 2711 720 2768 oriuntur
749 2728 765 2777 ;
790 2709 876 2766 sic
912 2708 1207 2765 contraria
1241 2707 1517 2780 quaslibet
1552 2710 1607 2763 in
1630 2707 1723 2740 ¹²⁰²
1752 2708 2000 2764 invicem
2035 2713 2234 2780 partes
2264 2715 2530 2783 utraeque
2562 2712 2903 2772 moliuntur.

243 2802 474 2857 Interea
504 2799 714 2856 directi
737 2800 810 2855 ab
839 2798 1005 2854 Italia
1038 2798 1231 2854 nuncii
1259 2798 1484 2853 obitum
1516 2796 1665 2869 (336)
1699 2796 1857 2853 illius
1888 2797 2107 2855 inclita)
2138 2799 2432 2857 Mathildis
2464 2802 2763 2874 nunciant,
2794 2803 3040 2876 ejusque
3100 2807 3442 2878 prediorum
3470 2816 3587 2867 ter-

176 2904 277 2947 ras
304 2887 697 2961 amplissimas
717 2886 1075 2973 hereditario
1098 2885 1231 2955 jure
1261 2885 1647 2958 possidendas
1669 2900 1948 2942 czesarem
1982 2886 2382 2955 invitant.Qua
2416 2889 2687 2946 nimirum
2718 2891 2925 2948 femina
2954 2893 3110 2950 sicut
3152 2910 3320 2952 nemo
3366 2899 3586 2955 nostris

177 2979 234 3033 in
260 2977 625 3050 temporibus
645 2976 823 3033 ditior
853 2990 919 3032 ac
949 2973 1356 3044 famosiorm‘,
1390 2974 1469 3029 ita
1494 2988 1660 3031 nemo
1694 2974 2013 3031 virtutibus
2042 2979 2104 3031 et
2162 2975 2444 3046 religione
2494 2980 2602 3035 sub
2660 2978 2808 3036 laiea
2864 2981 3231 3052 professione
3289 2986 3588 3057 reperitur

180 3078 486 3136 insignior.

150 3208 156 3219 ,
248 3153 582 3211 Conventus
613 3156 747 3225 post
778 3151 899 3208 haec
933 3151 1251 3223 imperator
1285 3151 1600 3208 amicorum
1623 3150 1910 3221 consiliis,
1944 3150 2116 3208 immo
2146 3151 2237 3185 "0‘
2270 3152 2454 3210 totius
2481 3154 2645 3225 regni
2677 3156 3020 3227 compulsus
3069 3159 3468 3231 querimoniis,
3487 3176 3585 3230 ge-

176 3241 435 3300 neralem
465 3243 522 3297 in
554 3241 791 3298 Kalend.
825 3241 1132 3298 Novembr.
1168 3239 1391 3296 curiam
1422 3239 1729 3309 Mogontize
1762 3239 1887 3296 fieri
1920 3239 2199 3311 instituit,
2238 3241 2333 3297 ubi
2358 3241 2603 3299 liberam
2632 3244 2901 3301 omnibus
2947 3246 3323 3319 audientiam,
3359 3249 3433 3306 de
3461 3251 3576 3307 sibi

178 3330 428 3400 objectis
457 3328 550 3363 ²²⁰⁵
570 3328 1029 3386 satisfactionem
1050 3327 1162 3399 ²²⁰⁶,
1196 3328 1268 3384 ile
1290 3328 1415 3384 suis
1443 3327 1912 3384 extraordinarie
1942 3326 2037 3361 ²²⁰⁷
2066 3328 2159 3385 vel
2188 3328 2725 3402 juvenilitergestis
2753 3334 3202 3406 correctionem,
3239 3336 3311 3393 ad
3340 3345 3581 3396 senatus

175 3417 515 3475 consultum
545 3417 902 3490 repromisit.
935 3417 1169 3473 Statuto
1200 3417 1398 3488 itaque
1427 3424 1693 3489 tempore
1724 3416 1858 3474 dum
1889 3416 2014 3488 ipse
2034 3418 2340 3488 Mogontiaa
2374 3434 2617 3491 presens
2630 3421 2961 3479 condictum
2986 3424 3205 3481 frustra
3218 3424 3312 3459 ²²⁰⁸
3340 3433 3570 3498 preste-

176 3508 336 3564 latur
364 3512 712 3564 conventum
731 3521 934 3563 —nam
958 3510 1158 3577 preter
1189 3519 1411 3576 paucos
1439 3505 1750 3576 episcopos
1782 3520 1950 3562 nemo
1974 3506 2303 3578 principum
2357 3508 2730 3566 adventabat.
2766 3542 2835 3551 -ο-
2883 3512 3198 3580 Mogontini
3251 3520 3449 3587 aptum
3465 3516 3584 3574 sibi

176 3602 411 3667 tempus
442 3595 705 3651 arridere
729 3594 1185 3668 perpendentes,
1214 3593 1409 3650 subito
1442 3593 1719 3664 palatium
1749 3594 1982 3649 loricati
2016 3599 2074 3650 et
2106 3597 2314 3651 armati
2349 3596 2588 3665 vallant;
2623 3598 2721 3654 alii
2783 3601 2995 3657 atrium
3036 3601 3254 3659 furiose
3294 3603 3590 3662 irruentes

177 3685 232 3739 in
264 3689 493 3741 turmas
510 3687 568 3739 et
597 3698 815 3741 cuneos
831 3698 893 3740 se
924 3682 1271 3753 glomerant;
1297 3681 1487 3738 omnia
1513 3681 1796 3752 strepitu,
1814 3688 2025 3739 cuncta
2067 3684 2422 3742 clamoribus
2446 3687 2774 3758 implentes,
2802 3688 3009 3745 aulicis
3050 3689 3332 3747 horribile
3357 3696 3586 3763 specta-

180 3772 379 3830 culum
407 3771 987 3839 demonstrantzQuid
1022 3771 1203 3851 multa
1233 3770 1526 3827 ?Dubium
1547 3785 1658 3826 non
1694 3775 1786 3827 est
1814 3771 1988 3841 quod,
2025 3773 2133 3828 nisi
2167 3773 2321 3829 datis
2349 3774 2421 3829 ad
2438 3789 2683 3846 presens
2706 3776 3011 3834 obsidibus
3034 3778 3353 3850 imperator
3375 3794 3444 3837 ea
3458 3795 3585 3851 quae

181 3861 297 3918 sibi
332 3862 777 3932 imponebantur
809 3850 1186 3918 facturum'se
1217 3859 1500 3917 citissime
1527 3858 2050 3931 eonﬁrmassetm’,
2078 3861 2262 3932 ipsum
2298 3862 2544 3920 fortasse
2579 3864 2855 3935 palatium
2887 3881 3018 3922 cum
3053 3850 3585 3941 universorumqui

183 3949 239 4006 in
271 3963 345 4006 eo
367 3957 535 4007 erant
561 3949 965 4007 crudelissima
999 3963 1140 4006 nece
1181 3947 1314 4004 ilico
1342 3947 1685 4017 corruisset,
1719 3948 1803 4003 lta
1835 3948 2038 4006 sedato
2094 3949 2192 4004 vix
2219 3950 2465 4007 militum
2522 3950 2825 4021 plebisque
2878 3953 3307 4010 ferventissimo
3366 3956 3586 4028 furore,

181 4052 369 4096 caesar
397 4039 472 4095 ab
502 4039 645 4096 urbe
676 4038 944 4108 secessit,
971 4040 1026 4092 et
1054 4040 1188 4108 post
1217 4050 1434 4108 paucos
1463 4035 1590 4092 dies
1614 4034 2015 4105 Adelbertum,
2051 4051 2221 4107 quem
2245 4037 2361 4106 jam
2396 4052 2498 4110 per
2532 4053 2710 4095 annos
2742 4044 2867 4095 tres
2892 4039 3185 4096 artissima
3228 4044 3592 4114 mancipave-

186 4132 274 4185 rat
309 4127 597 4198 custodia,
615 4127 713 4185 vix
744 4127 1014 4183 nimirum
1051 4126 1144 4159 ²²¹⁰
1174 4126 1406 4184 ossibus
1433 4125 1757 4195 herentem,
1782 4127 1845 4181 ut
1860 4126 2799 4197 coactuspromiserat,kathedrze
2813 4126 3037 4184 suae”11
3059 4129 3283 4184 remisit
3306 4128 3588 4201 [secessit

185 4220 242 4272 et
267 4216 437 4287 juxta
454 4216 728 4289 placitum
751 4216 936 4274 tercia
956 4216 1048 4272 die
1081 4215 1493 4287 Adalbertum,
1529 4228 1698 4285 quem
1724 4215 1839 4284 jam
1864 4228 1964 4285 per
1979 4215 2605 4272 annostresartissima
2632 4215 3063 4288 mancipaverat
3118 4218 3406 4289 custodia,
3489 4221 3587 4275 vix

115 4340 123 4346 υ
186 4306 459 4363 nimirum
491 4306 723 4364 ossibus
754 4307 1051 4363 herentem
1075 4305 1371 4363 kathedra:
1404 4319 1523 4362 suae
1549 4303 1818 4374 remisit.]
1842 4303 2097 4374 Hicergo
2112 4319 2225 4361 non
2258 4304 2441 4362 multo
2456 4304 3221 4378 postsedis”“aposlolicze
3251 4305 3345 4340 ²¹¹³
3388 4307 3582 4379 legato

1566 4446 1656 4501 VA
1666 4444 1800 4501 Rlz’E
1842 4445 2241 4502 LECTIONES.

254 4563 638 4635 “"itaﬂuis
658 4562 840 4667 lngus
868 4564 1079 4635 operis.
1140 4561 1232 4596 ¹¹⁷²
1264 4560 1557 4639 reciduam
1587 4575 1737 4633 corr,
1796 4561 2111 4618 recidivam
2167 4567 2218 4618 7.
2297 4561 2390 4595 ’1⁷³
2437 4562 2597 4620 deest
2647 4565 2742 4620 Di.
2795 4578 2897 4622 eos
2951 4565 3045 4620 ΕΞ.
3076 4565 3197 4604 -²ι⁷⁶
3273 4580 3592 4638 ροεεθεειο-

261 4651 312 4667 ηρ.
389 4636 458 4667 ιη
530 4640 564 4667 ς)
653 4633 721 4667 117
778 4636 885 4667 tam
954 4650 1003 4667 m
1074 4634 1181 4667 :nm
1252 4638 1281 4667 κ
1342 4632 1488 4667 270..
1559 4647 1585 4667 ο
1656 4636 1677 4667 ι
1743 4630 2024 4667 21771.net
2056 4635 2169 4667 LM
2247 4634 2282 4667 α
2348 4650 2383 4667 υ
2440 4633 2716 4667 ηοιιῖηιιιῖο
2771 4650 2834 4667 οη
2876 4636 3055 4667 ηηηῖι
3126 4635 3224 4667 2m
3279 4651 3347 4667 ον
3421 4642 3449 4667 κ
3491 4640 3546 4667 ιι

184 4651 314 4693 nem
389 4630 498 4691 Et:
530 4640 589 4690 2.
653 4630 1032 4706 ²¹⁷⁶Ῑειιηῖηιψ
1067 4634 1210 4704 jam.
1250 4638 1307 4689 δ.
1342 4632 1518 4688 ’“u.
1557 4647 1612 4706 s_.
1651 4630 1835 4706 μω
1863 4631 2024 4706 deest
2052 4635 2204 4706 {ii-ll.
2247 4634 2308 4688 S.
2348 4650 2407 4690 v.
2440 4633 2718 4706 periculis
2770 4650 2834 4692 se
2874 4636 3004 4706 angi
3030 4639 3087 4693 4.
3126 4635 3224 4670 ἰη
3273 4630 3352 4692 'ex
3419 4640 3585 4694 5.11.

184 4706 279 4740 ²ιτ⁹
308 4707 471 4778 deest
503 4709 558 4761 4.
597 4707 664 4762 7?
702 4702 879 4778 10.11.
918 4704 1011 4738 “3°
1040 4702 1294 4778 Comque
1325 4708 1401 4778 9°.
1442 4735 1512 4743 —
1538 4703 1967 4778 Ηορξ-ζριξοηωἶ
2007 4702 2139 4761 alia
2163 4719 2350 4761 manu
2377 4702 2514 4778 add,
2550 4707 2618 4761 in
2656 4721 2851 4778 marg.
2889 4702 3013 4764 :llie
3047 4707 3194 4778 facit
3224 4707 3496 4764 callidam
3530 4712 3589 4763 et

186 4777 614 4835 traudulentam
648 4777 1037 4833 narrationem
1060 4777 1130 4832 de
1162 4773 1432 4832 H’einrieo
1461 4789 1597 4844 rege
1644 4773 1735 4807 ’1'“
1766 4774 1968 4831 haberi
2001 4779 2057 4828 ὅ.
2097 4780 2155 4830 6.
2196 4779 2271 4831 9ο.
2310 4780 2402 4831 10.
2471 4776 2630 4833 deest
2658 4779 2715 4833 4.
2749 4773 2949 4835 abheri
2974 4777 3119 4835 add.
3178 4784 3474 4834 certamen
3525 4783 3585 4834 7.

182 4848 503 4931 ἷξῖἶπὶοίὲθη
532 4851 785 4931 4;“..9;
823 4851 908 4903 9°~
950 4848 1149 4931 ηοβίεέἓ·
1183 4844 1537 4931 19.-..“-’.‘”
1566 4845 2243 4931 4ee€€‘-..’“‘.ﬁ£fe°3"2i
2286 4849 2336 4931 .‘-
2370 4846 2652 4931 ῗθῖίέἱθέί
2679 4850 2736 4903 δ·
2775 4855 2850 4931 7.-.
2901 4852 3003 4931 εὶῗι.
3040 4848 3229 4904 electa
3289 4848 3457 4931 fit“!
3524 4854 3585 4931 Z-

186 4919 278 4954 ²¹⁸⁸
312 4915 546 4976 feritate
576 4925 634 4974 7.
680 4917 769 4952 “'7
812 4933 981 4989 quam
1011 4915 1067 4973 4?.
1108 4922 1164 4974 5.
1222 4915 1611 4989 m{probavit
1675 4921 1764 4972 10.
1806 4920 1888 4973 Ill.
1943 4915 2035 4949 '1”
2070 4917 2349 4989 conflictu
2379 4925 2429 4975 7.
2455 4917 2548 4950 ²¹⁹⁰
2578 4919 2642 4973 ll.
2700 4921 2865 4975 codd.
2917 4917 3007 4951 ²¹⁹¹
3067 4919 3359 4974 convertit
3413 4923 3471 4975 6.
3524 4923 3584 4976 7.

191 4996 267 5045 9°.
318 4990 415 5062 31”
483 4990 678 5062 Ardeas;
748 4986 896 5062 6.77.
1076 4989 1258 5062 ei
1295 4986 1387 5020 ²¹νυ
1462 4987 1862 5062 ἱιιὶίιικρῖῖ.
1929 4990 2005 5042 9°.
2065 4988 2156 5021 ’1“
2229 4988 2539 5062 dietrieum
2590 4990 3050 5062 Lutiederieum
3129 4989 3363 5062 Ἱρή-’Μ
3449 5005 3586 5062 pan-

192 5060 365 5132 nonia
398 5064 448 5115 4.
479 5059 571 5093 ’³⁸⁸
626 5060 801 5132 deest,
837 5063 887 5115 4.
948 5059 1039 5132 "’7
1100 5060 1495 5132 predican‘lem
1532 5061 1590 5132 4.
1641 5056 2033 5132 ’9'Maliarum
2091 5065 2143 5132 4.
2229 5058 2320 5095 ³¹⁹⁹
2348 5062 2506 5117 cisso
2561 5062 2613 5114 7.
2661 5060 2755 5094 "0°
2810 5060 3105 5132 denuob.
3158 5058 3246 5132 ’Ψ
3308 5074 3415 5132 rex
3449 5056 3583 5118 'Eﬁ.

186 5130 475 5202 Ψιίιθει
521 5137 574 5189 7.
634 5130 726 5164 ²⁰⁰³
782 5128 1240 5202 ἴοι-ωοείον“Ε2.
1293 5128 1624 5202 m‘unimiis
1648 5131 1697 5202 4.
1750 5129 1844 5163 ¹²⁰⁵
1892 5129 2178 5202 subjectis
2238 5135 2371 5202 ιδ.
2438 5135 2515 5187 9ο.
2585 5135 2662 5202 to.
2750 5133 2833 5187 14.
2907 5128 3032 5202 -²²⁰⁶
3086 5130 3444 5202 satisfactio
3528 5135 3579 5188 ι.

186 5200 281 5308 :3
307 5202 838 5332 :xtgagiljgti‘nare
877 5201 969 5236 ²²⁰⁸
1003 5203 1220 5260 frustra
1273 5207 1329 5257 5.
1390 5199 1483 5233 ²²⁰⁹
1527 5201 1950 5258 eonformasset
1986 5199 2079 5258 lii-2.
2113 5200 2205 5237 ⁹²¹ο
2262 5201 2427 5261 deest
2479 5203 2535 5256 4.
2612 5200 2704 5235 ²²¹ι
2752 5200 2920 5259 deest
2966 5206 3023 5258 4.
3079 5201 3171 5234 ²²ί²
3251 5202 3410 5259 sedis
3467 5203 3573 5260 ΕΩ.

315 5288 366 5331 a.
406 5289 456 5332 8.
483 5288 638 5332 αιθῑιδ
766 5288 825 5331 4.

1782 5368 2005 5427 NOTAE.

265 5459 412 5535 (336)
440 5459 681 5522 Obierat
711 5459 774 5520 d.
814 5463 910 5520 24.
950 5462 1079 5521 Jun.
