3994 6062
369 267 521 334 1043
1520 258 2005 327 EKKEHARDI
2044 257 2610 327 URAUGIENSIS
3612 250 3771 320 i0“

363 402 605 475 injurias
639 397 927 473 requievit
961 396 1015 456 in
1048 396 1307 469 Domino,
1344 396 1399 456 in
1433 395 1656 471 [eadem
1686 394 1799 468 ³⁸⁸⁸]
1832 392 2099 453 acclesia
2119 392 2214 429 ²⁴⁰⁰
2233 392 2328 452 cui
2354 392 2689 468 prosidebat
2720 388 3019 466 sepultus;
3051 386 3143 449 vir
3168 385 3429 464 adprime
3458 384 3770 450 litteratus

363 498 423 550 et
456 492 514 547 in
545 493 749 546 saneta
778 486 1224 544 conversatione
1255 502 1442 559 usque
1476 487 1545 543 ad
1577 485 1837 543 ultimam
1868 487 2101 542 atatem
2133 483 2678 540 constantissimus.

438 581 583 635 Sunt
609 578 666 632 in
698 575 947 632 Saxonia
969 574 1098 632 dua
1122 575 1384 646 quadam
1416 574 1768 631 munitiones
1790 587 1899 629 non
1925 572 2098 643 longo
2117 568 2209 604 ²⁴⁹¹
2232 586 2260 627 a
2287 586 2350 629 se
2373 570 2699 628 interstieio
2726 572 2989 639 remota,
3024 582 3268 640 quarum
3298 565 3580 625 vocabula
3613 582 3767 624 nunc

365 667 597 724 minime
629 666 948 721 occurrunt
981 664 1295 721 memoria.
1328 663 1510 720 Media
1544 664 1664 721 fere
1695 668 1863 720 nocte
1896 657 2207 719 videbatur
2237 661 2542 732 utriusque
2570 659 2796 717 castelli
2830 658 3103 729 vigilibus
3130 656 3242 729 ²⁸⁹²,
3273 672 3387 713 non
3418 656 3766 727 imaginarie

365 755 468 813 sed
501 769 638 812 vere
667 751 779 822 ²⁴⁹³,
812 767 1057 823 persona
1087 752 1196 807 viri
1220 767 1251 808 a
1277 766 1441 809 muro
1470 751 1642 809 unius
1676 749 2076 824 progrediens,
2101 754 2159 806 et
2182 749 2253 806 ad
2278 748 2527 805 alterum
2562 763 2664 820 per
2693 751 2878 803 totam
2909 746 3096 818 campi
3130 744 3533 816 interiacentis
3562 745 3769 802 latitu-

366 844 555 900 dinem
598 840 937 913 proccdens,
983 842 1108 896 toto
1149 854 1395 913 corpore
1427 840 1482 895 in
1516 839 1745 896 modum
1788 837 1992 895 facula
2024 836 2113 895 vel
2149 851 2350 894 massa
2386 836 2692 894 candentis
2720 834 2812 870 ""
2842 834 3150 904 exardens,
3194 848 3324 905 qua
3359 833 3536 890 etiam
3577 848 3767 905 prope

363 928 673 990 castellum
704 926 1037 1001 oppositum
1070 926 1378 1001 disparuit.
1414 930 1548 986 Hac
1577 927 1728 986 visio
1757 942 1868 985 non
1901 924 2099 996 semel,
2133 924 2234 984 sed
2266 924 2356 982 bis
2384 924 2477 983 vel
2508 924 2697 983 tereio
2730 922 3003 981 similiter
3029 921 3123 956 "”
3154 920 3445 996 apparuit.

1854 1080 1917 1132 Α.
1945 1077 2009 1133 Ι).
2042 1076 2274 1138 MCXXI.

437 1227 691 1285 Domnus
738 1226 1081 1283 Thidericus
1106 1225 1219 1297 ⁸⁸⁸⁸,
1255 1227 1353 1297 qui
1384 1226 1681 1284 Burkardo
1709 1225 1803 1261 ²⁴⁹⁷
1832 1228 2002 1298 Rufo,
2045 1226 2261 1284 dudum
2292 1226 2350 1283 in
2379 1224 2668 1297 legatione
2707 1225 2958 1283 Heinrici
3001 1224 3372 1297 imperatoris
3416 1221 3568 1297 apud
3621 1223 3768 1279 Con-

368 1315 811 1387 stantinopolim
843 1315 1141 1386 defuncto,
1177 1331 1281 1388 per
1310 1316 1657 1374 electionem
1690 1315 2167 1374 acclesiasticam
2200 1317 2257 1373 in
2288 1316 2625 1374 cathedram
2655 1315 2749 1351 ¹⁶⁹⁸
2772 1314 3284 1372 Monasteriensem
3314 1316 3707 1380 successerat,
3734 1325 3769 1366 a

365 1403 492 1461 suis
522 1403 757 1473 indigne
796 1407 1109 1475 tractatus,
1145 1404 1444 1462 Saxonicis
1473 1404 1838 1477 principibus
1870 1404 2289 1475 querimoniam
2322 1404 2661 1475 injuriarum
2703 1419 2936 1462 suarum
2978 1402 3222 1469 detulit;
3262 1407 3319 1459 et
3352 1402 3484 1473 quia
3517 1401 3606 1457 vir
3636 1399 3769 1455 illu-

366 1494 507 1551 stris
539 1498 677 1550 natu
708 1497 764 1550 et
798 1493 1121 1551 virtutibus
1154 1494 1408 1552 famosus
1435 1494 1654 1565 extitit,
1692 1508 1792 1566 per
1824 1493 2156 1552 Lotharium
2188 1492 2393 1549 ducem
2423 1495 2781 1564 congregato
2818 1490 3103 1561 exercitu,
3147 1489 3343 1547 sedem
3385 1504 3547 1547 suam
3585 1488 3765 1545 etiam

367 1588 575 1640 contra
617 1582 772 1653 regis
811 1581 1175 1639 voluntatem
1217 1583 1475 1655 repetiit.
1522 1584 1779 1653 Contigit
1818 1588 2011 1640 autem
2053 1582 2285 1639 occulto
2316 1582 2409 1616 "”
2438 1582 2536 1639 Dei
2573 1581 2818 1652 judicio,
2852 1581 2987 1638 dum
3019 1580 3282 1637 inimicas
3321 1580 3475 1636 acies
3510 1577 3767 1635 videndo

362 1672 521 1727 cives
554 1673 923 1727 terrerentur
952 1684 1020 1726 ac
1054 1685 1157 1742 pro
1190 1670 1508 1727 imminenti
1550 1671 1811 1743 periculo
1853 1669 2065 1740 singuli
2102 1685 2206 1727 sua
2236 1670 2329 1703 ²⁸⁰⁰
2362 1670 2725 1740 molirentur,
2757 1684 2923 1727 casas
2951 1669 3176 1741 aliquas
3209 1669 3437 1725 incaute
3464 1666 3765 1735 succendi,

367 1758 765 1831 paulatimque
793 1757 1128 1814 dominante
1155 1758 1379 1814 ﬂamma
1413 1760 1587 1816 etiam
1621 1758 1916 1815 basilicam
1951 1757 2245 1830 majorem,
2279 1774 2407 1830 qua
2438 1759 2609 1816 sedes
2639 1759 2798 1815 illius
2830 1763 2956 1816 erat
2986 1757 3285 1827 acclesia,
3324 1755 3583 1813 funditus
3613 1771 3771 1811 com-

370 1847 498 1902 buri
526 1845 638 1901 εισι.
676 1846 768 1903 Sic
790 1860 1020 1917 quoque
1044 1845 1363 1903 miserabili
1386 1846 1558 1919 potiti
1584 1847 1852 1917 victoria,
1889 1847 2218 1918 pontificem
2244 1846 2469 1919 pulsum
2494 1847 2838 1918 restituunt,
2872 1846 3108 1903 multam
3132 1854 3323 1902 autem
3344 1844 3437 1877 ¹⁸⁰²
3457 1844 3767 1916 pecuniam

367 1934 441 1991 ad
472 1934 962 1991 restaurationem
993 1933 1276 1991 acclesia
1305 1935 1646 2000 conferunt;
1679 1934 2138 2006 interpretantes
2164 1935 2426 1992 nonnulli
2456 1950 2690 1992 causam
2723 1934 2869 1991 tanti
2900 1935 3111 1991 excidii
3143 1949 3252 1990 non
3284 1948 3433 2002 esse,
3465 1933 3573 1990 nisi
3608 1931 3767 2003 quod

370 2022 630 2079 defuncti
654 2020 910 2094 presulis
932 2021 1216 2080 Burkardi
1246 2021 1358 2093 ποθ,
1390 2022 1484 2093 qui
1512 2023 1691 2081 multa
1719 2021 1838 2079 illic
1860 2037 1931 2079 ex
1955 2022 2265 2095 iniquitate
2297 2028 2748 2096 comportasset,
2776 2022 2998 2080 oblatio
3020 2022 3493 2080 manifestaretur
3515 2023 3632 2078 Deo
3657 2034 3770 2075 non

369 2110 681 2182 placuisse.

441 2198 691 2256 Auditur
719 2198 941 2254 interea
973 2211 1198 2254 necnon
1226 2202 1286 2255 et
1313 2198 1544 2256 nunciis
1568 2212 1600 2255 a
1622 2200 1798 2255 Roma
1829 2199 2201 2257 venientibus
2234 2200 2612 2272 approbatur,
2647 2200 2809 2258 illum
2842 2200 3274 2273 pseudopapam
3305 2198 3644 2269 Burdinum,
3680 2212 3773 2253 ea-

366 2287 541 2346 stello
561 2286 654 2322 ³⁸⁰⁸
678 2287 906 2357 Sutria,
943 2301 1057 2358 quo
1090 2286 1417 2343 miserrimo
1440 2302 1546 2344 suo
1570 2287 1895 2344 inserviens
1917 2288 2104 2344 oﬂicio
2128 2289 2424 2345 residebat
2453 2288 2566 2359 ²⁸⁰⁸,
2602 2305 2703 2361 per
2731 2290 2968 2345 Romani
2999 2288 3294 2345 exercitus
3323 2287 3511 2345 zelum
3544 2288 3774 2345 destru-

367 2382 464 2434 cto
496 2376 710 2449 (Apin),
742 2379 999 2447 captum,
1038 2379 1099 2431 et
1135 2377 1270 2447 post
1315 2373 1513 2448 plures
1542 2390 1570 2431 a
1604 2376 1779 2446 vulgo
1817 2376 1929 2432 sibi
1970 2376 2354 2433 contumelias
2384 2383 2443 2434 et
2474 2377 2777 2435 illusiones
2818 2377 3034 2449 illatas,
3078 2377 3172 2433 vix
3203 2392 3232 2433 a
3266 2376 3531 2433 manibus
3569 2390 3771 2432 eorum

369 2466 580 2522 domno
614 2462 935 2537 apostolico
963 2462 1127 2520 illum
1158 2463 1466 2535 eripiente,
1495 2465 1569 2521 ob
1601 2465 1881 2535 agendam
1911 2465 2312 2536 panitentiam
2340 2465 2517 2523 exilio
2548 2466 2867 2537 relegatum
2892 2466 3005 2523 ²⁸⁶⁶.
3042 2464 3188 2522 Sunt
3217 2465 3393 2521 etiam
3427 2464 3522 2536 qui
3552 2465 3775 2523 talibus

368 2569 499 2610 eum
532 2557 799 2611 asserant
830 2553 1258 2624 deprehensum
1290 2552 1554 2622 ﬂagiciis,
1591 2567 1719 2623 qua
1751 2552 1969 2609 nostris
2000 2552 2297 2622 indignum
2329 2553 2599 2611 duximus
2629 2555 2864 2611 tradere
2894 2556 3162 2628 scriptis.

439 2642 624 2712 Igitur
647 2640 953 2697 Heinricus
976 2641 1316 2711 imperator,
1344 2640 1488 2696 inito
1512 2639 1767 2696 fidelium
1793 2656 2029 2698 suorum
2060 2643 2307 2701 consilio
2339 2644 2551 2715 (ἆται),
2587 2644 2839 2702 rebelles
2862 2646 2972 2702 sibi
2995 2646 3358 2715 Mogontinos
3379 2645 3635 2715 aﬂligere
3664 2650 3778 2699 tra-

367 2731 551 2787 ctavit
571 2728 696 2796 ’“7;
729 2743 795 2785 ac
827 2729 1013 2800 primo
1036 2728 1267 2785 navium
1290 2733 1672 2785 commeatum
1695 2729 1963 2786 omnibus
1987 2731 2170 2787 modis
2192 2731 2548 2803 interclusit,
2581 2733 2788 2791 deinde
2813 2734 3086 2805 presidiis
3106 2734 3485 2791 circumcirca
3508 2733 3775 2797 munitis,

369 2816 701 2890 hujusmodi
734 2816 964 2873 insidiis
993 2816 1281 2874 nundinas
1313 2816 1435 2873 sive
1467 2821 1760 2874 mercatus
1792 2817 1915 2875 ﬁeri
1948 2819 2073 2874 sive
2104 2820 2412 2891 quicquam
2447 2820 2785 2877 victualium
2821 2822 2875 2877 in
2909 2821 3206 2879 civitatem
3240 2822 3450 2879 deferri
3482 2820 3777 2883 inhibuit;

368 2906 440 2965 ad
473 2911 797 2962 extremum
827 2920 966 2961 vero
986 2903 1079 2939 ³⁸⁸⁸
1102 2905 1158 2961 in
1180 2904 1274 2939 ²⁸⁰⁹
1294 2904 1659 2962 obsidionem
1687 2905 1945 2977 ejusdem
1977 2907 2141 2964 urbis
2174 2907 2465 2978 publicam
2496 2909 2927 2981 expeditionem
2960 2910 3214 2981 undique
3242 2910 3417 2967 indici
3444 2909 3776 2967 constituit.

369 2995 471 3054 llis
493 2994 729 3065 auditis,
756 2992 956 3066 presul
981 2993 1336 3051 Adalbertus
1361 2998 1541 3050 totam
1566 2994 1889 3066 Saxoniam,
1926 2995 2020 3052 ubi
2055 2999 2196 3052 tunc
2227 2998 2516 3068 manebat,
2549 3003 2875 3055 commovet
2897 2996 3010 3069 ²⁸¹⁰,
3033 3003 3093 3055 et
3116 2999 3249 3071 quia
3272 2998 3618 3070 legationem
3644 3013 3783 3070 apo-

367 3083 636 3141 stolicam
658 3084 731 3140 ab
755 3082 883 3155 ipso
905 3096 1050 3155 papa
1076 3082 1292 3140 dudum
1318 3086 1648 3155 acceperat,
1682 3082 1788 3137 hac
1812 3083 2164 3139 auctoritate
2198 3084 2504 3155 pontifices
2527 3090 2589 3142 et
2611 3086 2908 3158 principes
2940 3086 3125 3158 ipsius
3154 3087 3469 3158 provincia
3490 3102 3598 3158 pro
3622 3086 3786 3143 utili-

369 3171 594 3229 tatibus
637 3171 842 3227 matris
873 3170 963 3205 ²⁵¹¹
995 3170 1280 3229 acclesia
1320 3172 1661 3242 frequenter
1700 3175 2016 3238 convocat;
2071 3171 2166 3227 ubi
2207 3171 2296 3228 vir
2332 3172 2612 3245 eloquens
2651 3179 2707 3230 et
2751 3174 3059 3247 primatum
3100 3175 3153 3230 in
3195 3174 3502 3248 Cisalpinis
3524 3174 3618 3209 ²⁸¹²
3652 3189 3785 3247 par-

368 3261 531 3325 tibus
581 3259 1019 3317 multiformiter
1058 3265 1283 3329 tenens,
1328 3260 1399 3317 ad
1439 3259 1827 3315 defensionem
1867 3258 2054 3316 totius
2094 3261 2411 3321 Germania
2462 3262 2805 3334 metropolis
2855 3262 3077 3319 animos
3126 3263 3380 3319 omnium
3429 3263 3781 3320 catholicam

370 3347 763 3404 obedientiam
796 3348 1194 3418 proﬁtentium
1227 3347 1456 3404 tandem
1493 3347 1714 3404 excitat
1739 3345 1850 3402 "1'.
1883 3349 2005 3404 Huc
2027 3348 2203 3405 etiam
2225 3349 2498 3419 accessit,
2528 3349 2681 3420 quod
2705 3349 2967 3421 episcopi
2993 3349 3282 3421 Spirensis
3302 3355 3364 3407 et
3385 3351 3786 3407 Wormacien-

367 3435 472 3506 sis,
507 3439 563 3491 et
596 3434 643 3491 si
673 3434 767 3505 qui
802 3434 897 3490 alii
927 3434 1206 3492 resistere
1226 3434 1316 3468 ³⁸⁸⁸
1343 3450 1454 3491 non
1484 3436 1751 3493 valentes
1782 3438 1973 3492 tamen
2003 3435 2095 3470 ²⁸¹⁸
2124 3436 2506 3510 apostolicam
2538 3438 2932 3494 obedientiam
2966 3438 3207 3509 professi
3230 3437 3343 3510 'm,
3366 3438 3517 3510 pulsi
3537 3438 3629 3471 ²⁸¹⁷
3653 3439 3785 3495 suis

370 3524 614 3582 sedibus
653 3524 1014 3594 vagabantur
1053 3527 1354 3591 extorres;
1396 3540 1543 3595 quos
1585 3526 1822 3597 proprio
1866 3538 2153 3596 quemque
2190 3523 2319 3582 loco
2361 3525 2673 3582 restituere
2715 3524 3101 3597 disponebant
3131 3524 3279 3581 idem
3323 3524 3637 3598 principes,
3676 3542 3783 3597 pro

369 3612 611 3669 Domino
641 3613 757 3669 Deo
787 3610 879 3645 ²⁸¹⁸
910 3612 1271 3670 exercituum
1312 3613 1437 3669 zelo
1480 3612 1758 3671 zelantes.
1804 3614 2062 3685 Denique
2102 3614 2258 3670 circa
2299 3612 2626 3670 solsticium
2660 3614 2939 3683 astivale,
2973 3628 3105 3670 cara
3134 3614 3251 3685 jam
3284 3614 3500 3685 ubique
3527 3612 3640 3684 ³⁸⁸⁸,
3674 3629 3782 3686 per

370 3704 632 3758 vastatas
659 3699 929 3757 nimirum
962 3701 1255 3772 regiones,
1300 3715 1544 3773 annona,
1584 3703 1850 3772 geminus
1884 3703 2133 3773 tibimet,
2166 3717 2201 3758 ο
2234 3701 2449 3758 nobilis
2482 3702 2789 3772 Mogontia,
2822 3702 3107 3758 conflatur
3137 3701 3452 3773 exercitus,
3487 3701 3640 3758 alter
3670 3702 3783 3759 sci-

370 3786 506 3845 licet
543 3788 599 3842 in
631 3788 883 3858 Alsacia,
919 3793 1006 3845 ast
1036 3787 1129 3822 ²⁵²⁰
1159 3789 1309 3846 alter
1342 3790 1398 3846 in
1432 3790 1697 3864 Saxonia,
1733 3791 1955 3863 dispari
1987 3791 2177 3848 animo
2207 3806 2445 3848 annosa
2473 3788 2565 3823 ²⁸²¹
2597 3790 2903 3860 dignitatis
2932 3795 3045 3846 tua
3080 3790 3264 3846 monia
3300 3791 3554 3863 superba
3587 3790 3783 3861 queri-

373 3880 602 3943 tantes;
632 3875 782 3932 alter
804 3876 1264 3935 destructionem
1287 3882 1467 3950 tuam,
1492 3879 1643 3937 alter
1665 3880 2058 3938 defensionem
2085 3880 2465 3951 intentantes,
2490 3879 2612 3936 acsi
2634 3879 3045 3949 conquerendo
3068 3878 3286 3936 dicenti
3310 3879 3419 3935 tibi
3447 3897 3459 3932 :
3481 3877 3635 3937 Filii
3656 3893 3781 3935 πιαο

373 3965 487 4025 tris
504 3978 647 4022 mee
654 3967 1090 4037 pugnaverunt
1103 3968 1308 4026 contra
1326 3977 1447 4025 me!
1472 3967 1667 4038 (Cant.
1694 3984 1732 4038 ι,
1760 3972 1838 4041 5.)
1864 3970 2039 4026 rebus
2066 3967 2451 4039 responderet
2477 3966 2743 4023 Christus
2764 3986 2776 4020 :
2798 3967 2947 4024 Ecce
2964 3966 3184 4024 iterum
3198 3965 3288 4000 ²⁸¹²
3304 3967 3413 4024 isti
3431 3967 3784 4038 congregati

376 4052 455 4127 [c.
490 4053 657 4111 sunt.
696 4054 764 4108 Ι).
806 4054 903 4125 Ε.]
933 4057 1226 4113 venerunt
1250 4055 1393 4115 tibi!
1425 4056 1531 4127 (Is.
1565 4072 1714 4128 χιιι,
1750 4059 1861 4128 18.)
1894 4058 1951 4113 Fi

2209 4056 2409 4113 nterim
2446 4071 2548 4128 per
2576 4069 2776 4139 omnes
2806 4054 3104 4112 acelesias
3126 4053 3365 4126 jejunia,
3401 4054 3786 4126 supplicatio-

375 4158 498 4210 nes,
529 4141 624 4199 vel
656 4143 887 4199 letania
914 4142 1035 4211 '5";
1066 4158 1173 4201 nec
1198 4148 1325 4201 erat
1358 4144 1477 4203 ulla
1506 4146 1619 4202 lilia
1652 4147 1822 4217 Syon,
1857 4161 1985 4217 qua
2013 4160 2074 4202 se
2104 4145 2324 4201 faceret
2351 4147 2651 4217 expertem
2674 4142 2822 4199 tanti
2849 4143 3091 4215 periculi
3117 4143 3323 4200 matris
3343 4158 3483 4200 sua.
3521 4144 3786 4215 Quapro-

377 4236 509 4304 pter
549 4231 806 4302 respexit
848 4233 1124 4290 Dommus
1164 4233 1221 4289 in
1259 4234 1579 4291 orationem
1617 4233 1917 4291 humilium
1958 4239 2019 4290 et
2057 4248 2169 4289 non
2212 4232 2433 4305 sprevit
2478 4246 2707 4305 precem
2735 4231 2825 4265 ²⁸²⁴
2853 4245 3074 4303 eorum,
3119 4231 3219 4289 sed
3261 4232 3437 4289 misso
3470 4231 3781 4304 principali

376 4334 483 4377 suo
512 4319 727 4392 spiritu
758 4318 870 4391 ²⁸²⁸,
904 4320 1119 4393 Spiritu
1148 4320 1398 4393 consilii,
1432 4322 1644 4394 spiritu
1675 4322 1853 4395 pacis,
1889 4322 2042 4378 inter
2069 4321 2160 4355 ²⁶²⁶
2192 4321 2487 4395 principes
2530 4320 2835 4391 utriusque
2863 4319 2953 4353 ³⁸³⁷
2983 4319 3205 4392 populi,
3235 4319 3369 4378 dum
3395 4319 3513 4391 jam
3543 4334 3657 4376 non
3690 4317 3787 4353 ³⁵³⁸

374 4409 547 4479 longe
579 4408 653 4464 ab
684 4407 930 4464 invicem
964 4412 1212 4481 uterque
1241 4408 1607 4467 consedisset
1640 4410 1958 4480 exercitus,
1995 4425 2099 4482 pro
2128 4424 2197 4467 eo
2226 4410 2381 4481 quod
2406 4410 2462 4466 in
2485 4409 2834 4466 alterutrum
2866 4407 3024 4465 acies
3057 4407 3312 4479 dirigere
3342 4408 3781 4480 disposuerant,

378 4494 572 4552 missis
604 4496 896 4567 utrimque
929 4496 1257 4569 quibusque
1285 4497 1377 4532 ²⁸²⁹
1407 4497 1856 4571 sapientissimis
1887 4503 2063 4570 atque
2096 4498 2389 4570 religiosis
2427 4497 2793 4571 proceribus,
2829 4495 2901 4554 de
2929 4496 3242 4554 concordia
3272 4511 3377 4555 sua
3408 4495 3635 4555 scilicet
3671 4496 3786 4552 ira.

1733 4667 1969 4724 VARle
2002 4666 2384 4723 LECTIONES
2397 4706 2412 4724 .

451 4809 544 4845 ""
573 4813 616 4867 Ι)
646 4800 813 4893 deest
838 4815 890 4869 l.
967 4811 1061 4847 ²⁶⁹ο
1089 4812 1144 4870 in
1176 4813 1446 4895 acclesia
1494 4815 1959 4873 Cluniaeensium
2010 4815 2381 4885 (cloniacensi
2412 4818 2490 4920 η
2538 4813 2821 4887 sepultus.
2864 4813 2959 4873 cui
2998 4812 3353 4887 prasidebat
3387 4811 3478 4869 vir
3514 4813 3785 4917 adprime

466 4885 598 4920 4-00
664 4898 716 4920 ιη
761 4897 877 4920 ραι-η
941 4884 992 4920 nl
1058 4899 1083 4920 α
1146 4900 1237 4920 mn
1278 4901 1304 4920 ο
1376 4892 1438 4920 4η
1502 4892 1557 4920 44
1699 4887 1789 4920 seu
1833 4888 2001 4920 Ιηηηο
2040 4889 2082 4920 n
2149 4890 2279 4920 1.-“
2421 4887 2513 4920 us
2548 4886 2680 4920 anno}
2723 4885 2845 4920 ηλλ
2900 4891 2935 4920 η
3067 4882 3160 4918 sm
3195 4884 3358 4920 111101
3397 4886 3427 4920 Α
3635 4885 3652 4917 t
3690 4900 3785 4920 nn-

379 4881 417 4958 l_.
464 4885 629 4958 θρα.
663 4883 719 4939 in
760 4884 1014 4958 acc._cl.
1044 4885 1331 4958 _s..viria.
1376 4892 1456 4943 10.
1502 4892 1588 4958 tt.
1699 4887 1789 4921 ²⁴⁹¹
1833 4881 2101 4958 Ιοηςσῐ).
2144 4890 2307 4944 4-H.
2421 4881 2513 4921 ²⁴δ²
2541 4881 2860 4958 postea,
2900 4891 2954 4942 7.
2998 4881 3160 4958 '___"”
3194 4884 3358 4958 deest
3395 4886 3447 4939 4.
3560 4881 3792 4958 "ﬁca-

381 4954 576 5011 dentis
607 4956 658 5009 4.
771 4954 864 4987 ³⁸³⁵
893 4955 1058 5013 deest
1082 4959 1131 5012 4.
1246 4957 1337 4990 ²⁴⁹⁶
1368 4957 1664 5014 heinrieus
1689 4960 1751 5014 D.
1797 4954 1959 5013 4-H?
2010 4958 2189 5024 Quem
2224 4971 2482 5014 errorem
2517 4954 2920 5014 Ekkehardus
2956 4955 3177 5013 ultima
3215 4955 3447 5012 dmum
3481 4955 3791 5012 recisime

322 5050 325 5051 ν
379 5025 1010 5099 δεηθεῖεεεηηᾴᾱᾳύιιν.
1125 5025 1599 5099 “"’__burchardo
1647 5030 1709 5084 D.
1754 5032 1927 5099 4-11.
2040 5028 2133 5061 ²⁸⁹³
2178 5029 2480 5085 ethedram
2537 5030 2587 5083 4.
2700 5027 2793 5060 "”
2838 5026 3135 5099 deest__7._
3162 5095 3175 5099 _
3218 5025 3311 5099 ξδοο
3351 5039 3617 5099 έθτνεες
3647 5027 3797 5099 post

380 5094 518 5150 add.
552 5102 604 5151 7.
718 5094 812 5129 ²⁸⁴¹
842 5096 1013 5153 obrui
1037 5101 1090 5153 7.
1203 5096 1296 5130 ²⁸⁰²
1321 5100 1486 5155 deest
1510 5104 1564 5155 7.
1675 5098 1767 5132 ²⁸⁰³
1795 5099 2106 5156 burchardi
2139 5102 2301 5156 4-11.
2413 5099 2505 5133 ²⁶⁰⁴
2535 5098 2592 5153 in
2614 5113 2666 5155 c.
2696 5101 2777 5154 10.
2806 5102 2890 5152 11.
2969 5096 3061 5130 ³⁸⁰⁶
3090 5095 3320 5154 sidebat
3350 5096 3445 5153 ΕΩ.
3525 5094 3618 5129 ⁸⁸⁸⁸
3648 5094 3793 5151 i'eli-

381 5170 579 5232 gatum
628 5166 723 5222 E1.
777 5171 828 5222 2.
943 5167 1035 5201 ²⁸⁰⁷
1062 5168 1290 5225 curavit
1340 5170 1437 5225 Et.
1488 5174 1541 5225 2.
1654 5169 1746 5203 ²⁸⁰³
1773 5170 1935 5227 deest
1978 5174 2026 5225 4.
2139 5169 2231 5203 ²⁸⁰⁹
2258 5169 2417 5227 deest
2459 5176 2511 5226 7.
2566 5172 2642 5223 9°.
2753 5166 2846 5201 "1°
2877 5167 3190 5223 commovit
3236 5171 3289 5222 6.
3400 5164 3492 5199 ²⁸¹¹
3523 5166 3688 5223 deest
3721 5170 3756 5223 ι

382 5233 478 5312 ξφ
506 5236 837 5312 cisalpinis
868 5242 943 5293 9°.
1057 5236 1457 5312 ’fff_excitavit
1487 5243 1538 5295 4.
1572 5239 1736 5312 deest
1760 5244 1811 5312 β.
1843 5244 1921 5312 99.
1959 5245 2039 5296 to.
2059 5240 2279 5312 incitat
2295 5240 2439 5312 post
2461 5238 2665 5312 cdd._7
2733 5254 2793 5311 p.
2831 5238 3005 5312 erigit
3039 5236 3272 5312 tandem
3302 5241 3463 5312 5:__p.
3511 5237 3790 5293 accendit

386 5309 478 5361 11.
560 5304 657 5383 mf
686 5304 890 5383 honur.
935 5314 995 5383 7_.
1079 5307 1171 5342 ²⁵¹⁸
1204 5317 1457 5383 propter;
1470 5314 1529 5383 4.
1612 5309 1702 5343 ³⁸³⁸
1732 5311 1980 5383 deest}.
2039 5309 2221 5383 _’“"s.
2256 5304 2413 5383 pi].
2447 5309 2568 5383 _"”
2598 5304 3179 5383 deo_exerc_.;desunt
3204 5309 3254 5361 4.
3336 5304 3516 5383 "una:
3549 5312 3785 5363 vastata

384 5388 439 5451 n.
473 5389 599 5451 per.
633 5377 1067 5451 4.____’“°_alter
1095 5375 1237 5437 vero
1266 5375 1330 5451 4,'
1394 5379 1485 5415 ³⁸³⁸
1515 5395 1733 5437 annosa
1764 5387 1815 5437 ὅ.
1893 5380 1985 5413 ²⁸³²
2013 5381 2173 5439 deest
2194 5375 2273 5438 7.’
2326 5380 2417 5414 ²⁸²⁸
2446 5380 2665 5437 letatue
2691 5381 2787 5451 E2.
2862 5448 2872 5451 Α
2901 5377 2993 5411 ’⁸³⁸
3027 5392 3233 5451 preces
3258 5383 3312 5451 74.
3423 5375 3518 5451 7⁸³⁸
3549 5392 3635 5451 sp.
3668 5391 3785 5435 suo

385 5424 1055 5589 ﬁt‘i‘éumzdztgﬁgé
1077 5424 1235 5507 1'55.”
1266 5424 1381 5486 ’ἔτι
1411 5468 1465 5510 u.
1500 5424 1956 5525 Eﬁﬁéiﬁeé'pop.
1988 5424 2168 5508 ζ”Τῐ
2204 5424 2249 5438 Η
2270 5451 2361 5486 ³⁸³⁸
2390 5424 2875 5509 εὖνέἶῖ“ἔ.’ἶίἷσει
2895 5454 2949 5506 7.
3027 5424 3536 5519 ’ίῆἶῖιιῖίηιδᾱειω
3549 5424 3779 5506 *ἕξ-ἶἶῖ
