3994 6062
389 252 537 323 1051
1545 253 1966 320 EKKEHARI

2230 252 2626 322 .UGIENSIS
3640 253 3807 324 1052

463 389 726 451 Alterum
760 405 991 465 quoque
1022 405 1135 450 non
1168 391 1350 450 multo
1381 397 1532 466 post,
1567 389 1625 448 id
1647 394 1737 449 est
1763 391 1817 448 in
1852 392 1998 450 festo
2026 389 2215 450 sancti
2249 390 2498 463 Martini,
2531 389 2888 466 colloquium
2923 391 3243 468 imperator
3269 408 3397 454 cum
3429 391 3807 467 principibus

393 485 490 557 qui
513 482 697 556 priori
723 497 832 539 non
859 482 1100 539 aderant
1135 483 1473 554 Babenberg
1493 481 1585 517 ²⁶τ⁴
1605 483 1836 549 habuit;
1870 482 1968 539 ubi
1991 487 2050 538 et
2073 482 2301 539 cunctis
2323 481 2378 537 in
2405 497 2510 538 sua
2534 486 2668 538 vota
2694 483 3210 556 concordantibus,
3245 483 3398 541 inter
3429 482 3634 554 multa,
3670 497 3806 556 qua)

394 576 510 629 tam
536 571 606 628 ad
630 571 791 641 regni
817 586 984 642 quam
1011 569 1080 627 ad
1105 571 1419 628 sacerdotii
1451 572 1852 641 congruebant
1879 571 2178 641 honorem,
2213 585 2371 626 more
2403 571 2682 642 majorum
2713 572 3075 644 compositis,
3109 572 3336 644 legatos
3363 571 3638 646 proprios
3667 587 3802 629 cum

390 660 662 718 Romanis
686 660 1018 731 destinavit,
1045 666 1103 716 et
1127 665 1408 730 utrosque
1430 659 1541 730 ³⁸⁷⁵,
1567 660 1772 718 nuncia
1797 659 1966 716 simul
1987 665 2042 716 et
2064 673 2302 716 munera
2325 660 2581 717 ferentes
2603 659 2938 732 honoriﬁca,
2969 661 3180 720 domno
3205 661 3530 734 apostolico
3552 659 3802 732 Calisto,

391 749 824 820 consanguineo
855 749 1086 806 scilicet
1112 749 1229 818 iam
1273 748 1504 806 sibimet
1536 748 2155 820 unitissimo,~direxit.
2839 754 2846 758 ‘

463 837 760 908 [Preterea
797 837 1006 894 domno
1037 836 1276 907 Erlolfo,
1299 837 1407 908 'qui
1435 837 1820 895 Fuldensibus
1853 838 2026 896 etiam
2057 837 2258 895 invitis
2291 840 2547 910 preerat,
2581 839 2714 893 ante
2745 849 2962 909 paucos
3002 837 3128 894 dies
3169 837 3466 908 defuncto,
3502 851 3634 894 cum
3663 851 3802 894 con-

393 939 568 984 sensu
602 925 958 997 presentium
991 926 1338 999 principum,
1382 926 1669 984 electione
1709 925 1963 998 regulari
2003 927 2304 999 premissa,
2339 927 2584 984 domnus
2622 925 2989 997 Oudalricus,
3023 925 3282 996 ejusdem
3323 925 3800 996 congregationis

393 1015 596 1086 frater,
630 1015 686 1070 in
719 1014 973 1086 regimen
1005 1017 1313 1088 successit,
1347 1021 1407 1074 et
1432 1018 1599 1088 iuxta
1630 1017 1999 1090 privilegium
2031 1017 2424 1091 prescriptum
2457 1015 2674 1087 regalia
2702 1015 2796 1076 vel
2827 1014 3047 1075 ﬁscalia
3077 1015 3266 1074 eidem
3287 1014 3648 1076 m“cenabio
3671 1029 3803 1088 per-

392 1102 636 1161 tinentia
671 1105 744 1161 ab
774 1104 1127 1178 imperatore
1155 1105 1435 1179 suscepit.
1467 1105 1552 1177 E.]

1789 1223 1852 1277 A.
1885 1221 1946 1276 D.
1983 1219 2384 1278 ""MCXXHI.

468 1346 792 1416 Imperator
819 1345 1122 1404 Heinricus
1153 1345 1404 1402 natalem
1439 1345 1660 1403 Domini
1691 1345 1936 1416 Traiecti
1971 1345 2311 1403 celebravit.
2345 1345 2546 1402 Oritur
2568 1345 2623 1402 in
2648 1347 2790 1418 ipsis
2815 1347 2981 1404 festis
3004 1345 3212 1404 diebus
3245 1346 3506 1418 quaedam
3538 1345 3802 1402 simulta-

393 1433 496 1504 tio,
535 1435 688 1490 inter
719 1433 944 1491 aulicos
975 1434 1198 1492 scilicet
1222 1438 1280 1490 et
1305 1435 1562 1507 episcopi
1598 1435 2047 1500 ministerialcs;
2077 1449 2206 1506 quae
2233 1434 2407 1490 etiam
2429 1449 2498 1491 eo
2519 1436 2826 1506 processit,
2855 1439 2917 1492 ut
2941 1435 3032 1469 ³⁸⁷⁸
3055 1435 3327 1492 universa
3349 1435 3512 1492 curia
3535 1433 3710 1491 simul
3734 1449 3802 1491 ac

390 1523 631 1580 civitate
665 1529 952 1580 commota
979 1523 1090 1592 “7°,
1123 1524 1434 1594 utriusque
1464 1523 1555 1557 ²⁶⁸⁰
1589 1525 1773 1595 partis
1803 1526 2042 1579 armatae
2074 1527 2495 1580 concurrerent
2526 1525 2822 1580 cohortes.
2857 1525 2942 1580 Fit
2976 1524 3196 1581 clamor
3233 1524 3534 1593 confusus,
3569 1524 3742 1593 quasi
3769 1537 3799 1579 a

386 1613 858 1684 Trajectonsihus
880 1613 933 1668 in
957 1612 1046 1646 ²⁸³¹
1071 1613 1478 1685 imperatorem
1511 1613 1838 1682 coniuratio
1862 1613 1933 1669 sit
1963 1614 2147 1681 facta;
2180 1613 2384 1683 sicque
2416 1611 2533 1669 illis
2566 1613 2927 1671 irruentibus
2949 1617 3008 1669 et
3031 1613 3163 1670 istis
3183 1611 3618 1680 resistentibus,
3645 1612 3801 1668 acris
3885 1651 3893 1656 -

391 1701 783 1756 committitur
805 1716 1017 1774 pugna,
1041 1702 1184 1758 adeo
1207 1707 1270 1759 ut
1295 1703 1458 1758 multi
1483 1703 1781 1768 caderent,
1804 1701 2007 1772 plures
2025 1703 2095 1757 de
2115 1701 2424 1773 oppidanis
2444 1705 2815 1772 caperentur,
2837 1701 3047 1772 reliqui
3071 1701 3125 1756 in
3152 1700 3358 1758 turrim
3383 1699 3797 1768 ﬁrmissimam,

391 1804 520 1859 quae
553 1788 645 1822 ²⁶³²
679 1789 795 1847 illic
825 1797 972 1861 erat,
1013 1793 1414 1862 confugerent.
1452 1791 1718 1846 Pontifex
1751 1779 1924 1846 etiam
1961 1791 2106 1861 ipse,
2155 1791 2316 1862 quasi
2349 1789 2512 1862 pravi
2545 1789 2776 1846 consilii
2808 1790 3108 1862 particeps
3138 1793 3198 1846 et
3228 1791 3302 1845 ob
3332 1789 3439 1844 hoc
3471 1787 3805 1859 maiestatis

393 1892 526 1934 reus
559 1879 812 1949 habitus,
847 1879 1132 1936 custodiae
1167 1880 1441 1951 traditur,
1472 1894 1500 1935 a
1539 1893 1648 1950 qua
1687 1883 1888 1951 postea
1933 1893 2133 1949 magna
2177 1879 2434 1950 pecuniae
2473 1892 2691 1935 summa
2735 1879 3034 1948 multatus,
3078 1877 3278 1935 multis
3315 1877 3491 1934 etiam
3534 1876 3804 1950 primori-

393 1967 501 2024 bus
519 1965 610 2001 ’⁸⁸³
632 1967 861 2025 illarum
887 1970 1138 2040 partium
1160 1969 1703 2040 intervenientibus,
1727 1973 1786 2024 et
1807 1967 2052 2024 maxime
2077 1968 2375 2025 Friderico
2401 1967 2727 2024 Coloniensi
2755 1967 3201 2039 archiepiscopo
3220 1965 3330 2037 “9‘,
3352 1966 3448 2022 vix
3466 1965 3798 2022 redimitur.

396 2055 584 2128 Coepit
614 2057 789 2114 etiam
823 2062 960 2114 tunc
990 2059 1317 2128 germinare
1347 2057 1655 2115 discordiae
1679 2055 1839 2113 illius
1861 2057 2254 2128 seminarium,
2283 2072 2410 2127 quae
2435 2055 2698 2127 sequenti
2729 2059 2936 2113 testate
2969 2055 3216 2112 maximo
3239 2053 3398 2111 illius
3422 2053 3514 2088 ’⁸⁸⁵
3539 2053 3800 2125 regionis

397 2143 645 2216 dampno
668 2160 796 2216 quae
821 2145 993 2216 vulgo
1015 2146 1246 2202 Hollant
1263 2145 1356 2180 ³³⁸⁸
1379 2150 1642 2216 vocatur,
1673 2160 1902 2202 morose
1928 2159 1993 2202 ac
2015 2143 2105 2178 ³⁸⁸⁷
2127 2145 2440 2215 laboriose,
2473 2149 2534 2200 et
2561 2143 2660 2200 vix
2689 2143 2918 2201 tandem
2952 2144 3079 2216 ipso
3115 2143 3465 2215 imperatore
3492 2140 3798 2214 copiosum

393 2231 492 2288 illo
527 2234 851 2290 exercitum
884 2234 1156 2306 ducente,
1191 2233 1644 2300 terminabatur;
1681 2234 1777 2290 ubi
1808 2238 2069 2311 matrona
2104 2235 2347 2305 quedam
2372 2234 2540 2305 cujus
2564 2248 2770 2291 nomen
2791 2233 3006 2290 excidit
3041 2232 3387 2304 [exercitum
3409 2230 3664 2288 ducente
3687 2235 3802 2286 ter-

395 2321 746 2392 minabatur,
773 2323 870 2380 ubi
895 2327 1159 2380 matrona
1181 2325 1426 2396 quedam
1451 2323 1758 2400 Gertrudis
1779 2323 2010 2380 nomine
2033 2323 2190 2395 (E.)],
2224 2338 2392 2380 soror
2419 2321 2688 2380 nimirum
2713 2321 2970 2380 Lotharii
3001 2321 3188 2394 ducis,
3214 2319 3382 2392 cujus
3403 2318 3496 2354 ²⁶⁸⁸
3517 2325 3578 2377 et
3601 2324 3802 2392 patro-

393 2408 548 2465 cinio
579 2411 818 2482 confisa,
854 2411 1194 2484 imperatori
1224 2410 1511 2468 rebellare
1549 2410 1941 2482 presumebat.

465 2498 546 2554 Eo
577 2499 776 2570 itaque
802 2503 1062 2572 tempore
1091 2501 1277 2572 primo
1305 2515 1410 2572 per
1441 2499 1764 2570 Saxoniam,
1796 2498 2004 2555 deinde
2037 2512 2140 2570 per
2170 2501 2351 2554 totam
2384 2511 2529 2570 pene
2559 2497 2652 2532 ²⁶⁸⁹
2683 2497 3044 2555 Germaniam
3071 2497 3332 2554 externis
3359 2496 3798 2568 quiescentibus

397 2586 592 2656 [bellis
613 2589 749 2661 ²⁶⁹⁰],
787 2589 1044 2646 civilium
1075 2591 1292 2662 ubique
1325 2589 1677 2646 seditionum
1709 2593 2029 2660 tempestas
2057 2589 2336 2655 increvit;
2369 2592 2423 2643 ct
2453 2592 2512 2644 ut
2537 2587 2614 2644 ait
2639 2587 2925 2660 preplieta
2953 2605 2965 2640 :
2989 2586 3363 2644 mendacium
3383 2586 3442 2642 et
3458 2585 3800 2657 perjurium

397 2679 862 2748 inundaverant,
897 2680 958 2750 et
982 2678 1073 2712 ²⁶⁹³
1100 2681 1351 2749 sanguis
1379 2679 1734 2748 sanguinem
1765 2679 1966 2749 tetigit
1997 2678 2162 2746 (Osee
2191 2693 2266 2747 ιν,
2302 2680 2376 2748 2).
2411 2677 2706 2733 Predones
2738 2677 2975 2748 quippe,
3007 2677 3103 2747 qui
3135 2677 3244 2732 sub
3273 2673 3502 2731 nomine
3533 2673 3798 2744 equitum

398 2765 654 2836 undique
695 2767 1310 2838 superhabundabant,
1353 2766 1520 2822 villas
1557 2770 1615 2822 et
1658 2781 1830 2836 agros
1865 2766 2263 2822 aecclesiarum
2312 2765 2682 2835 invadebant,
2719 2765 2958 2822 colonos
2987 2765 3079 2798 ²⁶⁹²
3111 2763 3260 2820 domi
3294 2763 3554 2834 forisque
3583 2761 3798 2834 spolia-

397 2855 556 2922 bant,
585 2859 641 2910 et
666 2855 738 2911 ah
760 2853 852 2888 ’⁸9³
875 2855 1068 2912 scelus
1093 2859 1104 2912 !
1131 2857 1203 2912 ab
1235 2855 1326 2912 his
1355 2854 1444 2888 ²⁶⁰⁵
1468 2855 1562 2925 qui
1598 2869 1742 2926 pane
1773 2856 1899 2911 solo
1931 2860 1991 2910 et
2022 2870 2166 2925 aqua
2197 2853 2289 2888 ²⁶⁹⁵
2316 2853 2588 2910 victitare
2619 2853 2909 2926 solebant,
2941 2853 3184 2911 delicias
3214 2852 3448 2909 sibimet
3475 2849 3798 2908 ministrari

395 2943 708 2998 tormentis
748 2943 1058 3012 exigebant
1103 2942 1225 3011 ²⁶⁹⁶;
1269 2943 1470 3014 sicque
1516 2941 1711 3014 predis
1751 2947 1808 2999 ct
1853 2943 2134 3000 incendiis
2177 2957 2523 3014 unoquoque
2563 2957 2700 2999 suas
2740 2942 2984 3012 injurias
3023 2942 3378 3010 vindicante,
3409 2939 3592 3011 erepit
3633 2939 3801 2996 undi-

395 3044 507 3100 que
539 3031 755 3087 caritas
788 3031 960 3088 immo
988 3033 1204 3088 raritas
1230 3046 1472 3089 annonae
1500 3047 1896 3088 succrescere.
1922 3063 1988 3072 —-—
2013 3034 2072 3088 In
2098 3048 2244 3104 pago
2276 3032 2688 3090 Wormaciensi
2710 3030 2804 3064 ²⁶⁹τ
2827 3030 3136 3088 videbatur
3160 3045 3263 3102 per
3284 3029 3506 3098 aliquot
3529 3027 3662 3084 dies
3685 3041 3801 3083 non

395 3117 615 3174 modica
649 3123 706 3174 et
741 3124 959 3176 armata
996 3119 1308 3177 multitudo
1339 3120 1599 3191 equitum
1631 3121 1889 3176 euntium
1925 3125 1984 3176 et
2017 3121 2404 3192 redeuntium,
2440 3127 2498 3177 ct
2537 3123 2704 3191 quasi
2735 3119 2804 3174 ad
2843 3118 3041 3190 placiti
3075 3116 3166 3150 ²⁶⁰⁸
3196 3115 3486 3187 colloquia
3518 3129 3675 3170 nunc
3705 3113 3803 3168 hic

394 3222 546 3262 nunc
579 3207 694 3264 illic
728 3212 953 3265 turmas
982 3208 1074 3242 ²⁶⁹⁹
1105 3210 1310 3278 facere,
1347 3209 1503 3264 circa
1538 3221 1742 3264 nonam
1775 3223 1914 3264 vero
1947 3209 2146 3264 horam
2174 3208 2403 3265 cuidam
2435 3207 2635 3278 monti,
2660 3223 2688 3264 a
2714 3222 2828 3278 quo
2863 3211 2923 3262 et
2953 3219 3147 3262 exisse
3178 3204 3548 3272 videbantur,
3573 3217 3640 3258 se
3672 3201 3806 3258 red-

394 3296 550 3350 dere.
597 3295 846 3352 Tandem
890 3297 1123 3368 quidam
1157 3297 1226 3352 de
1257 3295 1464 3352 incolis
1503 3297 1759 3365 regionis
1792 3296 1961 3353 illius
1999 3312 2112 3353 non
2151 3297 2275 3353 sine
2313 3311 2517 3366 magno
2553 3296 2766 3352 timore
2807 3294 3136 3366 huiusmodi
3175 3296 3292 3349 tam
3325 3291 3682 3364 prodigiosae
3708 3289 3807 3323 ’τοο

396 3383 683 3452 conrioni,
717 3385 910 3440 crucis
942 3384 1244 3453 signaculo
1278 3383 1552 3454 munitus,
1587 3384 2017 3455 appropinquat
2038 3383 2150 3454 ²⁷⁰¹,
2178 3399 2308 3440 mox
2341 3385 2628 3455 quandam
2658 3399 2730 3440 ex
2763 3383 2878 3440 illis
2904 3386 3312 3439 occurrentem
3343 3379 3453 3436 sibi
3488 3393 3802 3450 personam

397 3485 496 3540 per
531 3486 738 3527 nomen
760 3471 850 3506 ²⁷⁰²
871 3473 1288 3543 omnipotentis
1319 3471 1539 3527 Domini
1574 3473 1758 3528 nostri
1793 3473 2165 3528 manifestare
2196 3488 2427 3530 causam
2465 3471 2660 3545 populi
2698 3473 2794 3542 qui
2828 3471 2920 3504 ²⁷⁰³
2952 3471 3038 3528 sic
3069 3473 3379 3542 appareret
3413 3467 3667 3538 adiurat.
3697 3466 3803 3522 Cui

397 3558 492 3614 illc
517 3560 668 3615 inter
692 3564 902 3617 caetera
932 3579 944 3616 :
971 3561 1102 3619 Non
1127 3574 1350 3630 sumus,
1385 3559 1593 3630 inquit,
1623 3561 1695 3616 ut
1709 3561 1950 3630 putatis
1961 3561 2372 3632 fantasmata,
2404 3575 2510 3618 nec
2536 3560 2800 3618 militum
2821 3559 2942 3616 uta
2963 3557 3126 3616 vobis
3153 3556 3450 3615 cernimur
3474 3553 3671 3624 turba,
3696 3553 3806 3612 sed

395 3649 612 3704 anima
637 3649 904 3705 militum
933 3663 1048 3705 non
1082 3649 1244 3720 longe
1271 3648 1526 3706 antehac
1553 3641 2016 3722 interfectorum.
2049 3649 2236 3705 Arma
2256 3665 2391 3707 vero
2414 3651 2470 3706 et
2490 3649 2580 3682 ²τ⁰⁶
2605 3648 2852 3706 habitus
2873 3649 3054 3718 atque
3082 3645 3222 3718 equi
3250 3645 3398 3716 quia
3427 3641 3598 3701 nobis
3621 3642 3804 3714 prius

381 3736 648 3806 fuerant
665 3735 758 3768 ²⁷⁰⁵
777 3736 1180 3794 instrumenta
1201 3735 1508 3808 peccandi,
1532 3750 1689 3793 nunc
1708 3736 1876 3794 nobis
1896 3738 2042 3807 sunt
2062 3739 2321 3795 materia
2354 3739 2648 3807 tormenti,
2683 3739 2743 3794 et
2767 3751 2900 3794 cere
2929 3737 3112 3792 totum
3139 3735 3400 3807 ignitum
3428 3733 3522 3790 est
3543 3730 3708 3802 quod
3736 3730 3802 3786 in

394 3823 564 3882 nobis
591 3824 858 3894 cernitis,
884 3827 1160 3895 quamvis
1182 3825 1248 3882 id
1263 3839 1364 3882 vos
1384 3823 1790 3896 corporalibus
1819 3827 2008 3883 oculis
2035 3825 2364 3883 discernere
2387 3840 2505 3883 non
2519 3825 2790 3898 possitis.
2827 3826 2888 3892 In
2912 3821 3245 3894 huiusmodi
3271 3821 3553 3878 comitatu
3575 3819 3800 3876 dicitur

394 3912 570 3968 etiam
611 3913 844 3969 Emicho
885 3927 1102 3983 comes,
1147 3917 1280 3968 ante
1317 3929 1534 3984 paucos
1575 3927 1756 3969 annos
1793 3913 2025 3970 occisus
2069 3915 2240 3985 (361),
2285 3914 2648 3986 apparuisse,
2684 3921 2743 3969 ct
2774 3915 2846 3970 ab
2877 3913 2984 3969 hac
3017 3927 3186 3984 pce-na
3217 3909 3309 3942 ²⁷⁰⁶
3340 3907 3711 3964 orationibus
3738 3910 3798 3962 et

395 4001 736 4058 clcmosinis
758 4017 817 4059 se
841 4017 1013 4073 posse
1035 4001 1126 4036 ²⁷⁰⁷
1150 4000 1351 4058 redimi
1379 4001 1670 4058 docuisse.
1696 4033 1764 4042 ——
1787 4003 2064 4058 Referunt
2101 4003 2353 4074 quidam,
2384 4003 2538 4073 quod
2569 4007 2740 4059 nocte
2773 4017 2902 4073 quae
2935 4001 3086 4056 diem
3116 3999 3419 4056 dominicae
3451 4010 3636 4053 orente
3667 4010 3799 4066 prc-

398 4103 496 4144 ccs
513 4089 600 4160 =it,
637 4091 770 4146 dum
796 4091 866 4147 ad
891 4091 1116 4161 vigilias
1140 4105 1294 4147 more
1315 4091 1731 4148 aecclesiastico
1763 4095 2168 4161 properarent,
2198 4091 2410 4148 vidisse
2432 4107 2494 4147 se
2521 4091 2682 4162 quasi
2709 4089 2915 4147 stellas
2940 4090 3271 4145 innumeras
3293 4087 3364 4144 de
3386 4085 3532 4143 caelo
3555 4083 3794 4152 cadere,

398 4176 453 4232 in
489 4183 714 4234 tantum
749 4183 812 4236 ut
842 4180 1050 4251 pluvia:
1081 4184 1282 4250 guttas
1311 4185 1368 4235 et
1403 4179 1775 4235 multitudine
1807 4183 1866 4234 et
1896 4180 2132 4236 casibus
2164 4179 2504 4236 viderentur
2528 4179 2764 4234 imitari.

472 4265 690 4323 Claruit
730 4267 839 4324 hoc
883 4273 1144 4340 tempore
1185 4267 1508 4325 Dietericus
1537 4267 1631 4300 “03
1662 4268 1922 4324 Cicensis
1957 4268 2295 4340 cpiscopus,
2331 4267 2548 4324 litteris
2577 4267 2838 4339 adprime
2870 4265 3160 4336 eruditus,
3193 4279 3422 4336 semper
3451 4269 3656 4320 contra
3688 4263 3797 4320 sci-

403 4361 608 4425 smata,
650 4371 777 4426 quae
819 4355 941 4412 suis
985 4357 1344 4428 temporibus
1384 4370 1790 4426 nonnunquam
1832 4355 2196 4427 pululabant,
2229 4363 2630 4428 propugnator
2659 4353 3002 4424 catholicus,
3036 4359 3095 4408 et
3128 4353 3183 4408 in
3211 4355 3367 4409 omni
3396 4351 3679 4424 pastorali
3705 4351 3800 4386 ’7”

404 4440 800 4499 sollicitudine
827 4445 1151 4501 commissae
1179 4444 1415 4501 sibimet
1443 4442 1726 4500 aecclesiae
1745 4443 2038 4500 desudans
2068 4443 2443 4502 utilitatibus.
2476 4445 2576 4500 Hic
2599 4444 2799 4514 itaque
2821 4457 2933 4499 non
2957 4441 3126 4512 longe
3148 4457 3176 4497 a
3203 4441 3540 4498 suburbano
3563 4440 3657 4496 vel
3683 4445 3802 4497 ter-

407 4528 612 4586 ritorio
644 4545 763 4586 suae
783 4529 878 4564 ²⁷¹⁰
897 4531 1156 4588 civitatis
1190 4531 1604 4589 monasterium
1627 4531 1749 4588 sive
1780 4531 2071 4598 abbatiam
2106 4547 2329 4589 summo
2358 4535 2570 4588 conatu
2604 4545 2926 4602 magnoque
2955 4532 3287 4602 sumptuum
3321 4543 3384 4586 ac
3415 4527 3797 4586 mdificiorum

1764 4669 1998 4728 VARUE
2033 4669 2432 4729 LECTIONES.

467 4795 563 4871 ξθτξ
597 4793 926 4871 babenbcrc
949 4799 1007 4850 6.
1037 4797 1096 4850 7.
1124 4798 1208 4850 9°.
1241 4799 1332 4871 19.
1364 4799 1422 4850 11
1444 4792 1628 4871 .___”"
1657 4798 1902 4871 u_tro_s_6.
1959 4791 2076 4871 >397“
2103 4793 2456 4871 eiusdemi}!
2479 4835 2520 4871 ,ᾳ
2547 4792 2972 4871 _’°7"ddom_inice
3005 4789 3426 4871 incarnationis
3449 4795 3532 4871 9°.
3565 4795 3658 4845 10.
3693 4796 3791 4871 11.

399 4863 493 4937 ’Ψ
524 4867 680 4923 deest
929 4877 1224 4937 superscr.
1263 4867 1366 4937 Et.
1447 4863 1698 4937 impost
1723 4865 2060 4937 attalum.
2089 4864 2224 4937 __"“°
2254 4865 2463 4937 utrius
2488 4866 2592 4937 D1.
2653 4867 2710 4918 5.
2775 4868 2858 4937 16.
2920 4863 3792 4937 16ςί118,συννεῃμμπίῃεαυ-θ-ϋ.

399 4935 491 5011 fffi
523 4929 1022 5011 οοηί-ίη,1ξῐιη-,7ῖ,
1091 4935 1182 4968 ²⁶⁸²
1213 4951 1266 5006 q-
1295 4929 1720 5011 ίρειιὲεείιῐφιϋο
1765 4934 2329 5011 -.ἷῗ⁸³-Ρνί9.ῐ·ίὶ)ιΞξ.ζι--
2378 4935 2770 5011 ²⁸¹ῗ⁴ρρίε,εξρρο
2793 4935 2843 5011 ίε·
2921 4932 3087 5011 ²⁶⁸⁵-¹ἶ·
3119 4933 3152 4987 i-
3178 4929 3388 5011 ’41⁸⁸⁸
3417 4929 3794 5011 iiollailﬁllt-

399 5002 491 5040 ’⁸⁸⁷
525 5013 584 5063 ct
611 5014 670 5064 7.
755 5005 846 5040 ³⁸³⁸
868 5001 1098 5062 diutius
1137 5001 1246 5062 9°.'
1305 5005 1397 5040 ²⁶⁸⁹
1427 5006 1590 5063 deest
1623 5008 1682 5060 4.
1765 5005 1857 5039 ²⁶⁹⁰
1885 5001 1978 5062 ita
2016 5007 2086 5060 E.
2167 5004 2259 5038 "’1
2288 5005 2450 5062 deest
2479 5001 2545 5059 6Ῑ
2613 5001 2712 5038 ²⁶⁹²ῖ
2731 5003 2969 5060 colones
3008 5005 3110 5059 E2.
3191 5002 3282 5036 ²⁶⁹³
3312 5002 3382 5056 ba
3413 5007 3471 5056 6.
3510 5007 3568 5056 7.
3611 5001 3668 5056 hi
3703 5007 3792 5058 9°.

400 5076 487 5109 ’⁸³⁵
523 5078 594 5146 ab
627 5078 718 5134 bis
751 5079 790 5134 d
821 5078 1040 5134 sunt6.
1069 5083 1129 5132 7.
1161 5079 1247 5131 9°.
1329 5075 1422 5110 ²⁶⁹⁵
1449 5082 1505 5132 et
1531 5089 1680 5146 aqua
1701 5075 2005 5146 desunt4.
2080 5074 2170 5108 ²⁸⁹⁶
2195 5075 2468 5146 exicbant
2489 5081 2548 5130 6.
2579 5087 2736 5146 corr.
2767 5074 3074 5146 exigebant
3103 5079 3192 5146 10.
3267 5071 3801 5146 εθντλεγξιιιιηθᾳίθ-ηεξ

403 5146 458 5201 4.
546 5145 636 5180 ³⁸³⁸
665 5147 944 5216 placitum
969 5153 1059 5202 10.
1095 5151 1185 5203 11.
1265 5146 1358 5181 ²⁶⁹⁹
1389 5141 1598 5203 turbas
1620 5151 1710 5202 10.
1745 5151 1836 5202 11.
1917 5144 2012 5178 ¹⁷⁰⁰
2042 5145 2378 5216 prodigione
2402 5147 2506 5201 E2.
2591 5141 3220 5216 "PfiapprOpinquabat
3242 5148 3300 5198 7.
3373 5141 3465 5216 '7_°"
3488 5157 3549 5196 [ι.
3580 5142 3802 5216 ebriati

407 5216 610 5286 manif.
648 5212 706 5286 4.
789 5217 882 5250 ²⁷⁰³
914 5233 1024 5286 que
1053 5225 1110 5273 7.
1189 5217 1282 5251 ²⁷⁰⁸
1314 5220 1488 5286 atque
1512 5217 1748 5274 habitus
1767 5220 1826 5272 et
1851 5231 1908 5273 θ.
1942 5217 1996 5271 4.
2042 5212 2056 5216 ’
2080 5215 2174 5249 ²⁷⁰⁸
2207 5212 2437 5286 fuerunt
2471 5221 2557 5271 9°.
2637 5213 2730 5286 “PF
2752 5212 2918 5271 deest
2942 5212 3037 5286 ’ῖς-ξ
3073 5212 3164 5286 ²ἶ⁰⁷
3195 5227 3259 5268 se
3288 5229 3348 5284 p.
3387 5212 3604 5270 desunt
3627 5216 3688 5268 6.
3731 5219 3795 5270 7.

407 5291 491 5360 9°.
573 5285 668 5320 ²τ⁰³
698 5283 1058 5344 tbiedericus
1087 5289 1188 5344 E2.
1228 5283 1607 5345 theodericus
1639 5292 1697 5344 7.
1737 5286 2022 5344 dietricus
2056 5287 2114 5342 4.
2150 5291 2234 5343 9°.
2317 5285 2410 5320 ’τοο
2437 5283 2752 5356 pastoralis
2782 5290 2866 5342 9°.
2945 5283 3038 5317 ²⁷¹⁰
3067 5283 3190 5339 sive
3220 5283 3307 5340 9°;

699 5473 702 5478 I
723 5477 731 5480 _
1607 5426 1612 5433 ε
1975 5406 2204 5463 nam.

471 5501 618 5575 (351)
647 5501 718 5559 V.
759 5516 816 5560 a.
860 5508 1021 5560 m7.
