3994 6062
349 198 500 275 1055
1498 199 1926 269 EKKEHARI

2182 196 2587 271 .UGIENSIS
3590 198 3759 269 1056

342 363 684 439 impugnant
706 370 960 424 exteras.
984 364 1304 424 Nunciatur
1324 365 1555 423 interim
1579 382 1608 424 a
1632 370 1816 438 tergo,
1838 366 2293 425 Wormacienses
2318 364 2534 424 auxilio
2558 364 2723 424 ducis
2746 363 3023 425 Friderici
3045 370 3246 425 contra
3269 364 3634 423 voluntatem
3658 362 3759 401 ’⁷³⁸

346 454 721 527 imperatoris
779 458 1106 527 Buggonem
1137 456 1229 490 ’7"
1261 472 1427 514 suum
1460 458 1801 530 episcopum
1845 459 1965 515 sedi
1998 473 2117 516 suae
2149 457 2502 527 restituisse,
2536 471 2713 528 seque
2757 456 2911 513 inter
2936 456 3195 515 civitatis
3224 470 3422 514 muros
3452 456 3525 513 ad
3559 456 3757 514 rebel-

344 541 579 599 landum
629 545 958 603 omnimodo
1010 546 1281 603 munisse.
1316 548 1442 603 Ruo
1475 546 1674 603 audito
1705 548 1945 618 reversi,
1982 548 2181 604 urbem
2200 545 2441 604 eandem
2476 546 2719 602 maxima
2738 545 2830 581 ’7”
2860 546 3135 604 invadunt
3167 546 3421 612 feritate;
3448 560 3556 603 nec
3588 545 3757 601 obsi-

346 629 575 687 dionem
607 633 733 703 ejus
765 633 1013 705 solvunt,
1050 634 1234 690 donec
1264 634 1483 704 multis,
1518 638 1581 692 ut
1612 635 1735 691 ﬁeri
1779 635 1948 705 solet,
1983 636 2116 692 hinc
2148 636 2281 692 inde
2310 635 2616 692 conatibus
2648 637 2923 708 expensis
2952 636 3061 707 2"",
3099 636 3299 693 multis
3346 639 3481 693 ante
3512 650 3749 693 murum

348 718 539 791 captis
561 720 652 777 vel
682 722 909 793 occisis,
944 722 1011 780 ad
1043 724 1306 781 ultimum
1330 723 1740 781 deﬁcientibus
1765 724 2071 797 alimoniis,
2097 725 2352 798 quinque
2382 723 2615 782 milibus
2642 724 2995 783 talentorum
3020 725 3226 782 urbani
3252 724 3505 792 multati,
3531 725 3751 782 relicto

346 806 641 881 episcopo,
676 816 905 881 pactum
936 810 1004 866 ad
1024 811 1332 868 arbitrium
1366 812 1736 884 imperatoris
1766 813 2004 870 faciunt.

421 897 670 953 Domnus
704 913 846 970 papa
879 899 1133 956 Calistus
1154 901 1201 955 ll
1224 900 1334 972 '7“,
1358 901 1449 958 vir
1478 915 1691 971 genere
1721 906 1777 957 et
1810 903 2088 973 moribus,
2125 902 2411 975 sapientia
2445 918 2676 975 quoque
2709 902 3053 974 cunctisque
3089 901 3416 959 divinarum
3433 900 3523 935 *7“
3548 902 3750 959 huma-

348 999 666 1056 narumque
699 1001 889 1043 rerum
951 988 1431 1060 dispositionibus
1465 990 1796 1062 precipuus,
1831 992 1886 1047 in
1942 991 2179 1049 Domino
2208 992 2386 1048 vitam
2424 992 2626 1050 ﬁnivit.
2662 994 2801 1049 Post
2834 992 3002 1061 cujus
3032 990 3338 1048 decessum
3380 1006 3518 1063 pars
3548 991 3747 1062 aliqua

350 1072 735 1131 Romanorum
766 1076 1157 1135 Ravennatem
1189 1078 1692 1151 archiepiscopum
1726 1080 1893 1152 (354),
1921 1080 2076 1137 omni
2108 1080 2408 1150 religionis
2441 1081 2779 1139 testimonio
2813 1083 2960 1137 satIs
2991 1078 3475 1149 commendatum,
3509 1084 3749 1151 aposto-

350 1160 476 1217 licae
502 1163 626 1218 sedi
661 1164 941 1235 pretio-ere
974 1167 1279 1234 nituntur;
1324 1168 1460 1224 item
1492 1168 1671 1239 aliqui
1704 1168 2070 1240 Lamperturn
2101 1169 2192 1203 ’⁷⁸³
2224 1169 2590 1235 Ostiensem;
2626 1168 2720 1237 qui
2762 1169 2841 1235 et,
2874 1164 3192 1222 universali
3223 1164 3599 1235 postmodum
3631 1164 3751 1220 ele-

347 1250 542 1305 ctione
572 1254 966 1311 concordante
995 1253 1106 1326 ²³⁶³,
1138 1255 1259 1312 voti
1291 1260 1592 1327 compotes
1619 1256 1968 1313 efﬁciuntur.
2002 1258 2140 1313 Nam
2171 1256 2260 1313 vir
2293 1256 2445 1312 idem
2476 1257 2533 1311 et
2568 1254 2624 1310 in
2657 1255 2907 1310 Romana
2942 1257 3056 1309 tam
3087 1252 3185 1309 diu
3216 1253 3499 1323 probatus
3530 1251 3748 1309 zeccles

348 1337 452 1403 sia,
487 1344 542 1395 et
578 1339 633 1394 in
665 1355 729 1397 ea
766 1341 1074 1413 legatione,
1113 1358 1222 1415 qua
1256 1344 1381 1415 ipsc
1414 1344 1629 1400 dudum
1687 1344 1741 1399 in
1775 1345 2252 1402 reconciliatione
2304 1344 2466 1414 regni
2515 1347 2571 1398 et
2615 1341 2927 1400 sacerdotii
2985 1340 3343 1397 Germanicis
3385 1340 3441 1396 in
3474 1340 3749 1411 partibus

348 1430 588 1485 strenue
622 1429 1007 1502 laboraverat,
1040 1433 1124 1489 cis
1155 1433 1419 1504 citraque
1454 1433 1811 1504 notiﬁcatus,
1845 1439 1964 1489 tam
1998 1433 2231 1491 illorum
2264 1433 2359 1505 qui
2389 1432 2556 1504 longe
2590 1447 2759 1504 quam
2793 1431 2888 1502 qui
2925 1444 3108 1502 prope
3163 1434 3330 1487 erant
3371 1429 3747 1486 sacerdotum

347 1517 600 1572 unanimi
646 1518 841 1575 favore
872 1522 1153 1578 canonice
1207 1525 1589 1579 consecratur
1622 1521 1732 1593 ποί,
1768 1537 2042 1594 moreque
2075 1522 2233 1579 sedis
2285 1521 2444 1578 illius
2477 1526 2538 1578 nt
2571 1535 2706 1578 vere
2736 1518 2828 1555 ’7“
2859 1523 3021 1576 tanto
3049 1518 3258 1591 dignus
3289 1519 3530 1588 honore,
3558 1520 3750 1575 Ilono-

348 1604 472 1662 rius
500 1608 795 1665 secundus
826 1614 919 1665 est
954 1610 1284 1682 appellatus
1313 1610 1403 1645 ³⁷⁸⁸
1438 1612 1509 1666 1".

488 1695 566 1764 ’1)
599 1699 827 1753 6-11,
862 1696 1131 1756 addunt:
1160 1701 1359 1772 Poppo
1391 1700 1572 1755 abbas
1598 1699 1772 1756 obiit.

1737 1826 1810 1880 A.
1849 1825 1917 1880 Ι).
1953 1823 2044 1857 ’⁷⁸⁷
2074 1825 2339 1882 MCXXV.

421 1941 726 2000 Heinricus
760 1943 1077 2016 imperator
1132 1945 1381 2003 natalem
1403 1945 1496 1983 *7“
1516 1946 1739 2004 Domini
1797 1947 1949 2019 apud
1982 1948 2356 2016 Argentinam
2414 1944 2735 2015 civitatem,
2771 1957 2899 2015 quae
2928 1945 2986 1999 et
3034 1942 3354 2012 Strazburg
3382 1939 3475 1976 ³⁷⁸³
3504 1940 3743 2012 dicitur,

352 2028 693 2101 celebravit,
730 2032 1238 2104 frequentantibus
1269 2036 1346 2093 ibi
1381 2036 1599 2093 curiam
1650 2036 2014 2108 principibus
2044 2036 2137 2070 ²τ⁷⁰
2169 2035 2436 2106 Alsacize,
2462 2031 2871 2102 Lotharingiae,
2920 2034 3383 2100 caeterarumque
3411 2030 3747 2086 Transreni-

352 2128 553 2174 narum
588 2118 839 2190 partium
870 2121 1252 2179 obtimatibus
1280 2123 1388 2194 νηί,
1425 2123 1548 2189 Quo
1576 2128 1837 2195 tempore
1869 2123 2095 2180 hiemen
2114 2124 2512 2196 asperrimam,
2538 2134 2640 2178 ver
2674 2123 3153 2191 tempestuosum,
3188 2118 3369 2175 fames
3385 2116 3744 2175 validissima

349 2216 416 2262 ac
446 2206 773 2266 mortalitas
802 2209 1212 2268 crudelissima
1237 2215 1475 2283 secutae,
1508 2215 1729 2268 tantam
1779 2216 2032 2282 stragem
2066 2227 2168 2285 per
2226 2212 2531 2269 universas
2564 2209 2913 2282 provincias,
2948 2206 3193 2265 maxime
3224 2210 3416 2264 tamen
3447 2204 3518 2263 de
3546 2206 3747 2276 vulga-

350 2292 512 2350 ribus
543 2294 853 2370 dederunt,
886 2303 950 2356 ut
981 2315 1127 2373 pene
1158 2299 1250 2334 ²⁷⁷²
1280 2302 1465 2362 tet-cia
1498 2316 1632 2374 pars
1661 2299 1753 2335 ³⁷⁷³
1784 2301 1979 2373 populi
2014 2305 2251 2357 nctetur
2279 2299 2652 2357 occubuisse.

418 2384 536 2440 Hoc
569 2388 851 2459 tempore,
886 2388 1112 2446 scilicet
1144 2389 1200 2446 in
1232 2390 1362 2463 ipso
1394 2392 1768 2447 sacrosancto
1790 2389 1882 2423 ³⁷⁷⁸
1902 2390 2132 2460 paschae
2157 2390 2402 2446 sabbato
2427 2387 2634 2459 (Mart.
2658 2386 2771 2459 28),
2798 2384 3335 2444 desideratissimus
3356 2382 3745 2454 ""nobisque

347 2471 575 2530 caelitus
605 2477 881 2545 provisus
911 2476 1180 2549 provisor
1219 2483 1436 2549 noster,
1490 2479 1627 2536 Otto
1655 2477 1874 2550 presul,
1909 2480 2040 2549 post
2096 2478 2309 2534 multas
2350 2493 2453 2549 pro
2486 2476 2716 2533 Christo
2776 2474 3193 2533 tribulationes
3220 2487 3481 2530 emersas
3505 2485 3742 2542 gregem

344 2559 453 2614 sibi
487 2562 858 2620 commissum
890 2565 1129 2632 revisit;
1159 2580 1264 2622 nec
1294 2566 1467 2622 aliter
1495 2581 1664 2636 quam
1698 2565 1966 2621 Christus
1994 2564 2118 2637 ipse
2147 2564 2406 2621 christus
2434 2564 2652 2621 Domini
2685 2568 3010 2635 susceptus,
3063 2560 3282 2632 gavisis
3321 2557 3414 2595 "7‘
3435 2557 3744 2631 discipulis

346 2648 622 2714 gaudium
654 2650 955 2709 dominicae
986 2653 1441 2711 resurrectionis
1470 2653 1809 2725 duplicavit.

417 2733 572 2790 Idem
607 2739 796 2793 tamen
829 2738 1040 2795 Christi
1075 2739 1263 2797 ﬁdelis
1286 2741 1654 2812 dispensator
1685 2746 1742 2796 et
1777 2741 2035 2812 prudens
2066 2745 2332 2812 questum
2357 2738 2426 2795 de
2458 2739 2767 2795 commisso
2796 2737 2907 2795 sibi
2939 2736 3158 2793 talento
3185 2735 3473 2793 lucratum
3505 2734 3578 2792 ad
3611 2732 3745 2790 fidei

345 2836 466 2877 suae
496 2823 938 2909 devotionisque
969 2827 1354 2884 testimonium
1373 2829 1589 2886 litteris
1607 2831 1871 2885 annotari
1910 2829 2169 2900 precepit
2191 2847 2205 2896 ;
2231 2844 2374 2900 quas
2398 2833 2457 2885 et
2480 2829 2673 2884 nosob
2695 2826 3122 2884 ediﬁcationem
3147 2823 3465 2895 legentium
3498 2823 3595 2880 hic
3613 2822 3752 2879 sub-

349 2917 585 2967 nectere
610 2927 722 2970 non
747 2914 953 2985 piguit.
992 2914 1160 2986 [σοιί.
1199 2916 1278 2972 Ε.
1318 2918 1526 2974 omisit
1550 2918 1704 2973 ldem
1735 2949 1779 2956 ι-
1805 2917 2011 2989 piguit]
2048 2937 2060 2971 :

416 3001 582 3057 Anno
604 3002 911 3061 dominica
920 3005 1354 3063 incarnationis
1364 3005 1455 3039 ²⁷⁷⁷
1474 3005 1993 3063 1124""indictim

2175 3005 2335 3062 unda
2352 3006 2453 3061 Ka
2462 3004 2595 3062 listo
2617 3004 2708 3039 9""
2720 3019 2885 3081 papa
2913 3005 2991 3061 II
3005 3002 3097 3038 ’τεο
3116 3004 3395 3061 Romana
3414 3001 3543 3060 sedi
3553 3001 3752 3073 presi-

352 3087 459 3144 den
468 3090 538 3157 te,
550 3091 679 3147 Otto
690 3092 802 3148 Dei
807 3094 1018 3163 gratia
1029 3094 1374 3166 Babenberg
1382 3095 1541 3152 ensis
1551 3095 1826 3152 (ecclesia
1842 3094 2146 3165 episcopus
2159 3094 2360 3150 divino
2380 3094 2722 3152 admonitus
2735 3092 3306 3165 instinctu,predicti
3316 3090 3631 3163 apostolici
3645 3103 3753 3146 απιρ

347 3177 623 3235 ctoritate
635 3181 693 3236 et
702 3192 947 3238 assensu
957 3180 1289 3253 roboratus,
1309 3183 1513 3254 partes
1525 3184 1990 3240 Pomeranorum
1990 3196 2373 3253 paganorum
2384 3197 2516 3239 cum
2527 3183 2887 3254 quibusdam
2899 3180 3251 3241 civitatibus
3274 3181 3447 3237 terra
3468 3177 3756 3236 Louticia

348 3279 661 3335 aggressus
675 3269 777 3331 est.
798 3271 972 3327 uteos
984 3268 1057 3326 ab
1073 3284 1265 3327 errore
1276 3285 1379 3327 suo
1390 3272 1692 3327 revocaret
1709 3271 1769 3326 et
1780 3271 1862 3327 ad
1872 3273 2033 3327 viam
2043 3272 2322 3328 veritatis
2335 3271 2477 3328 etad
2489 3272 2992 3342 agnitionem/itii
3013 3272 3125 3328 Dei
3125 3269 3494 3344 perduceret.
3522 3265 3751 3332 Quibus

346 3352 457 3423 baj)
465 3354 581 3411 fisa
591 3356 669 3412 tis
686 3357 744 3412 et
752 3358 1066 3428 conversis,
1086 3358 1383 3415 acclesias
1394 3359 2256 3428 construuitetconsecravit,et
2273 3360 2395 3417 liae
2404 3360 2723 3417 secundum
2736 3361 3076 3419 sanctorum
3074 3360 3323 3432 patrum
3334 3357 3621 3415 instituta
3632 3368 3756 3413 ser-

345 3455 490 3497 vare
500 3456 594 3500 eos
607 3443 862 3501 edocuit:
876 3447 1366 3504 seilicetutsea'ta
1378 3446 1466 3479 ’⁷⁸³
1478 3448 1641 3511 feria
1653 3461 1689 3503 a
1698 3446 2045 3504 bstineanta
2061 3461 2209 3504 earn
2221 3462 2250 3504 e
2262 3448 2481 3506 etlacte
2491 3463 2650 3506 more
2663 3451 3002 3506 ceterorum
3013 3444 3759 3513 christiana-ammonetis?

347 3543 415 3585 ca
444 3531 540 3587 die
558 3530 955 3589 vacentm’ab
976 3535 1135 3590 omni
1146 3549 1312 3605 opere
1324 3549 1418 3590 ma
1429 3536 1500 3603 Io,
1543 3536 1603 3591 et
1620 3534 1701 3591 ad
1719 3536 2043 3592 (ecclesiam
2084 3535 2297 3592 divinu
2317 3550 2377 3590 m
2408 3537 2664 3606 oﬁcium
2685 3535 2958 3592 audituri
2977 3533 3450 3604 veniant,ibique
3468 3532 3761 3590 orationi-

349 3616 454 3673 bus
468 3619 731 3676 studiose
756 3619 1061 3678 insistant.
1078 3623 1161 3679 So
1169 3622 1562 3693 llempnilates
1575 3624 1915 3679 sanctorum
1934 3637 2064 3679 cum
2080 3623 2323 3692 vigiliis
2334 3622 2675 3681 sanctorum
2686 3622 2776 3657 ³⁷⁸³
2788 3625 2885 3680 vel
2905 3623 3225 3680 secundum
3252 3621 3412 3693 qnod
3421 3622 3508 3679 eis
3518 3620 3756 3679 indica-

349 3706 468 3761 tum
469 3706 695 3778 fuerit,
726 3709 886 3765 omni
915 3708 1004 3742 ³⁷⁸⁸
1037 3710 1359 3780 diligentia
1389 3709 1725 3778 observent;
1752 3711 2203 3768 sacrosanctam
2241 3711 3060 3783 quadragesimamjejuniis,
3082 3710 3322 3781 vigiliis
3344 3705 3758 3767 εἰσπιοεὶπὶεοί

346 3793 718 3854 orationibus
748 3797 2136 3872 diligentissimeobservarestudeant;infantes
2149 3813 2284 3856 suos
2297 3800 2363 3855 in
2391 3797 2950 3856 sabbatosancto’m
2972 3798 3217 3870 pascha:
3277 3799 3335 3855 et
3372 3794 3751 3870 pentecosten

346 3880 436 3915 ²⁷⁸⁶
457 3897 587 3940 cum
613 3885 880 3943 candelis
908 3886 967 3942 et
992 3900 1181 3959 vappa
1207 3901 1340 3958 qua
1359 3888 1583 3945 dicitur
1613 3888 1792 3945 vestis
1823 3887 2112 3957 candida,
2139 3886 2198 3943 et
2215 3887 2484 3957 patrinis
2516 3886 2956 3956 comitantibus,
2992 3886 3074 3943 ad
3090 3885 3445 3959 baptismum
3470 3883 3754 3957 deferant

344 3974 1076 4047 ersquevesteinnocentice
1097 3976 1334 4034 indutos
1355 3991 1468 4047 per
1481 3977 1752 4047 singulos
1774 3977 1902 4034 dies
1926 3990 2112 4049 usque
2138 3978 2204 4033 in
2235 3977 2389 4032 diem
2417 3975 2685 4031 octavum
2712 3972 2805 4007 ’⁷⁸⁷
2835 3973 3099 4046 ejusdem
3155 3972 3394 4032 sabbati
3436 3971 3519 4029 ad
3549 3971 3747 4030 eccle-

345 4063 502 4119 siam
528 4063 832 4137 deferant;
850 4066 906 4121 et
925 4054 1310 4124 eetebrationi
1330 4066 1528 4124 divini
1539 4066 1737 4138 of/lcii
1752 4067 2033 4123 interesse
2044 4064 2346 4135 satagunt.
2366 4064 2491 4120 Hoc
2512 4064 2695 4121 etiam
2710 4061 3108 4134 injunait’m,
3134 4076 3206 4119 ne
3213 4061 3384 4134 ﬁlios
3416 4072 3555 4117 suos
3577 4072 3750 4117 neca-

344 4153 496 4223 rent,
521 4153 680 4225 quod
704 4155 879 4225 nefas
888 4155 1150 4211 maxime
1160 4155 1317 4212 inter
1340 4168 1434 4211 eos
1444 4153 1711 4225 vigebat;
1725 4168 1798 4211 ne
1808 4155 2162 4226 etiam/ilics
2174 4167 2311 4210 suos
2324 4152 2555 4224 etjitias
2567 4151 2649 4208 ad
2659 4150 3017 4222 baptismum
3033 4148 3397 4217 teneant,sed
3406 4147 3527 4205 sibi
3543 4148 3750 4218 patri-

341 4256 445 4297 nos
458 4242 1008 4315 querantgvatrinis
1020 4243 1201 4301 etiam
1202 4243 1389 4312 ﬁdem
1401 4243 1459 4299 et
1467 4243 1803 4300 amiciciam
1816 4244 2079 4299 utcarna
2087 4241 2240 4300 libus
2248 4240 2606 4311 parentibus
2618 4238 2863 4297 servent.
2876 4238 3207 4296 Inter-diuit
3216 4236 3593 4305 multum,“
3606 4234 3750 4305 quis

348 4331 722 4387 commatrem
741 4344 913 4387 suam
943 4331 1125 4388 ducat
1140 4333 1478 4401 inuaorem,
1502 4344 1691 4402 neque
1695 4332 2008 4401 propriam
2035 4330 2345 4401 cognatam
2360 4342 2531 4386 suam
2560 4339 2748 4397 usque
2760 4325 3070 4382 inseatam
3098 4326 3156 4381 et
3172 4325 3487 4395 septimam
3493 4334 3751 4396 genera-

352 4418 601 4488 tionem;
620 4418 679 4474 et
700 4421 1116 4491 unusquisque
1139 4420 1443 4477 contentus
1468 4420 1557 4477 sit
1580 4433 1703 4477 una
1716 4433 1923 4488 ua'ore;
1934 4416 2582 4489 nesepeliantmortuos
2601 4414 2963 4472 christianos
2977 4414 3133 4471 inter
3151 4426 3441 4484 paganos,
3475 4417 3541 4467 in
3569 4409 3750 4468 silvis

358 4505 469 4561 aut
497 4506 562 4562 in
585 4508 837 4579 campis,
858 4508 961 4565 sed
988 4508 1401 4579 incimiteriis,
1451 4508 1610 4567 sicut
1652 4521 1775 4565 mos
1815 4506 1903 4563 est
1935 4507 2196 4563 omnium
2242 4504 2744 4572 cbristianorum;
2773 4516 2846 4559 ne
2851 4502 3051 4574 fustes
3087 4500 3170 4558 ad
3192 4499 3512 4573 sepulchra
3544 4512 3750 4557 eorum

1701 4622 1937 4678 νΑΡιΙίΕ
1987 4620 2384 4679 LECTIONES.

417 4736 509 4771 ’7"
540 4736 874 4795 voluntates
903 4743 958 4792 5.
998 4743 1075 4795 9°.
1177 4734 1270 4771 ³⁷⁸⁷
1296 4738 1506 4807 contra
1526 4735 1856 4807 ibuggonem
1886 4738 1989 4791 Et.
2025 4740 2079 4792 2.
2160 4732 2485 4807 ’7‘§_inagna
2540 4733 2643 4787 Et.
2685 4737 2744 4788 2.
2824 4730 2916 4765 ²τ⁶⁰
2944 4730 3747 4807 expensisf—detlcientihus
3784 4766 3805 4773 ι

345 4811 411 4866 in
448 4821 648 4880 marg.
688 4813 744 4880 6.
804 4808 897 4845 ²⁷⁶⁰
920 4808 1085 4865 deest
1103 4813 1156 4865 7.
1192 4812 1285 4880 10.
1317 4814 1408 4864 11.
1490 4805 1580 4841 ’⁷⁸1
1604 4801 2165 4880 divinarumqueuto,
2234 4804 2324 4880 ²ῖ⁶²
2358 4801 3160 4880 lambertu_m_ostensie_nsem
3183 4803 3278 4880 1:32.
3313 4801 3747 4880 lambgrtumﬂ'

343 4879 433 4913 ³⁷⁸³
463 4870 891 4936 οοηῦονόθηιθε
924 4879 1026 4934 Et.
1065 4883 1124 4934 2.
1191 4876 1283 4913 ³⁷⁸⁸
1313 4882 1691 4935 consecratus
1724 4881 1806 4933 10.
1840 4870 1965 4932 11.’
1991 4874 2081 4909 ²⁷⁶³
2113 4876 2275 4932 deest
2301 4881 2358 4931 6.
2398 4880 2458 4930 7.
2497 4879 2575 4930 9°.
2636 4873 2727 4907 ’7“
2757 4889 2802 4930 s.
2839 4873 3168 4943 appellatur
3197 4874 3298 4943 Et.
3338 4876 3396 4927 2.
3462 4870 3553 4905 "‘7
3581 4872 3637 4927 d.
3662 4872 3751 4927 in-

342 4952 691 5006 cernat.10.
736 4957 827 5004 11.
917 4948 1008 4982 ²⁷⁶⁸
1041 4948 1232 5005 natale
1266 4953 1349 5005 10.
1386 4952 1479 5005 11.
1568 4947 1658 4981 ²⁷⁶⁹
1687 4948 1995 5003 strazburc
2054 4948 2157 5003 El.
2224 4951 2275 5000 2.
2337 4952 2367 4999 5
2478 4950 2529 5001 9.
2611 4943 2703 4978 ²⁷τ⁰
2736 4941 2998 5001 ἀθεεῖἻ.
3034 4947 3109 4999 9°.
3196 4941 3286 4974 ’7'”
3316 4944 3409 4999 ita
3463 4943 3567 4997 Dl.
3631 4943 3740 4998 Et.

340 5019 430 5053 ²⁷⁷²
459 5021 706 5077 deest6.
743 5025 802 5076 7.
840 5023 916 5076 9°.
999 5018 1091 5053 ²³⁷⁷³
1117 5020 1282 5077 deest
1303 5025 1377 5077 9°.
1441 5015 1532 5051 ³⁷⁷⁸
1562 5022 1932 5075 sacrosancte
1959 5016 2055 5083 l7°.
2141 5015 2233 5049 ²⁷⁷¹
2293 5014 2859 5082 desiderantissjmus
2914 5016 2945 5066 4
3096 5016 3154 5068 7.
3205 5017 3294 5067 11.
3363 5011 3752 5068 desideranti—

347 5091 456 5145 bus
484 5092 569 5145 9°.
610 5089 1153 5147 desiderantissime
1183 5093 1274 5146 10.
1357 5087 1449 5122 ²⁷⁷⁸
1500 5090 1740 5156 gavisus
1769 5092 1827 5144 6.
1865 5087 2230 5155 corrgavisis
2259 5089 2361 5142 Et.
2443 5084 2776 5156 "77Domiui
2826 5087 2929 5139 D1.
3015 5083 3104 5117 ²⁶⁷⁸
3132 5084 3467 5138 M.C.XXVI.
3497 5086 3546 5137 6.
3574 5088 3630 5138 7.
3650 5086 3741 5139 9°.

344 5158 436 5192 ’7"
468 5159 686 5217 Calisto
719 5165 905 5231 11.-10.
975 5160 1196 5217 Kalisto
1229 5161 1335 5217 Dl.
1443 5154 1588 5231 ’τάξ-ἶ.
1621 5159 1808 5231 (uero)
1840 5162 1898 5213 7.
2012 5154 2101 5191 7"“
2133 5158 2175 5214 f.
2218 5172 2272 5231 sq.
2314 5162 2372 5212 7.
2465 5154 2795 5231 ’7_‘_’__vacant
2844 5156 2947 5231 Di.
2986 5158 3175 5231 5:19.
3213 5157 3419 5231 vocant
3451 5167 3609 5231 corr.
3652 5169 3753 5231 [εξ

342 5234 479 5284 cant
507 5234 636 5287 6.7.
722 5229 1082 5288 ""deest6.
1117 5230 1177 5286 7.
1214 5235 1299 5288 9°.
1340 5236 1431 5286 11.
1516 5228 1605 5265 ⁸⁷⁸⁸
1630 5223 1856 5287 ὀιιηιό.
1887 5234 1938 5286 δ.
1972 5232 2063 5284 11.
2100 5228 2289 5285 omnia
2326 5231 2417 5283 10.
2499 5225 2592 5259 '7“
2622 5230 2839 5283 sancta
2873 5230 2964 5281 11.
3048 5223 3140 5257 ’7“
3173 5227 3549 5296 pentecostes
3580 5229 3638 5279 5.
3667 5229 3705 5281 7
3729 5226 3754 5278 ?

340 5298 432 5334 "'7
464 5313 525 5356 ο.
565 5299 627 5355 d.
670 5305 701 5356 5
733 5305 916 5357 -11.
1002 5299 1344 5359 ³⁷⁹⁸ἰηιιηχὶι
1373 5306 1459 5357 9°.
1540 5299 1633 5334 ’π’
1664 5300 1870 5356 indixit
1896 5304 1988 5354 10.
2030 5304 2123 5355 11.
2750 5331 2760 5340 ο

419 5480 591 5555 ((3υι)
623 5481 972 5543 Gualterius,
1915 5414 2146 5474 Nom.
