3972 6042
205 202 361 264 1061

1054 197 1493 261 CHRONICA.
1525 234 1602 243 ——
1634 196 2112 260 CHRONICON
2160 195 2686 256 UNIVERSALE

3452 197 3606 260 1062

198 343 322 393 tum
375 335 443 390 ad
502 333 742 392 eandem
773 333 1300 406 peregrinationem
1375 332 1712 401 animatum,
1762 331 1843 386 uti
1881 338 1936 395 Α
1971 331 2175 385 mortis
2207 329 2470 384 redeunt.
2500 330 2611 383 Nec
2644 328 2978 397 desuntjam
3004 326 3246 385 eandem
3280 336 3496 387 terram
3518 347 3604 387 re-

200 424 417 481 nullam
438 423 683 495 spiritus
715 422 842 492 ejus
900 422 1154 492 requiem
1198 420 1461 489 haberet,
1521 419 1704 475 donec
1747 434 1853 490 per

202 513 413 570 multas
442 511 860 569 tribulationes
889 509 1181 581 corporali
1211 508 1509 578 prosentia
1555 508 1648 563 ubi
1677 514 1857 563 stete-

201 606 338 657 runt
372 600 549 672 pedes
583 598 803 655 Domini
829 597 1169 669 pertingens
1222 596 1515 652 adoraret.
1563 598 1679 651 Nec
1759 596 1858 650 mi-

201 689 443 745 randum
479 689 575 744 sed
611 686 1024 743 venerandum.
1065 689 1193 757 post
1221 686 1411 741 ablata
1430 685 1589 740 saxis
1617 684 1855 740 duriora

199 776 465 833 cordium
499 776 864 832 ethnicorum
885 773 1258 843 seandala,de
1288 773 1376 828 via
1426 773 1858 829 Dominicatbo-

203 864 373 920 licam
410 863 758 918 unanimiter
787 861 1111 917 zecclesiam
1144 862 1213 916 ad
1243 862 1457 915 fontem
1492 861 1580 916 sui
1616 868 1855 915 exortus

202 956 262 1009 et
295 951 365 1007 ad
389 950 678 1008 cunabula
713 950 1023 1021 primitivzu
1053 964 1170 1005 suae
1197 948 1589 1004 institutionis
1630 962 1696 1002 ac
1728 962 1856 1018 spe-

201 1040 408 1097 cialem
439 1039 564 1095 veri
598 1038 766 1110 panis
800 1039 1029 1094 domum
1046 1052 1189 1092 nova
1207 1037 1565 1108 poenitentiae
1616 1037 1706 1091 via
1722 1050 1857 1092 con-

204 1129 452 1183 tendere
480 1145 494 1194 ;
528 1141 697 1197 quam
720 1131 949 1181 constat
982 1125 1116 1181 olim
1166 1125 1426 1195 preciosa
1458 1139 1703 1207 quaeque
1751 1138 1855 1181 sua

204 1215 459 1270 membra
495 1227 598 1285 per
627 1212 867 1270 eandem
899 1213 1046 1268 viam
1095 1227 1205 1267 non
1268 1213 1391 1267 neci
1454 1215 1700 1281 tantum,
1752 1212 1855 1268 sed

202 1304 379 1359 etiam
415 1302 738 1372 omnigenis
768 1315 1123 1373 paganorum
1156 1301 1427 1357 ludibriis
1456 1306 1516 1356 ut
1548 1316 1688 1357 oves
1706 1316 1857 1357 OCCI-

203 1391 387 1446 sionis
419 1389 786 1460 exposuisse.
813 1388 1125 1445 Exeisdem
1159 1388 1368 1444 Christi
1419 1389 1855 1445 confessoribus

205 1479 375 1551 pauci
405 1478 502 1548 qui
534 1482 850 1549 supersunt
882 1477 1092 1534 testari
1125 1474 1337 1547 Solent,
1365 1476 1520 1548 quod
1553 1478 1854 1533 recordari

204 1566 539 1623 miserabile
562 1571 670 1637 est,
698 1580 803 1622 nec
827 1580 1058 1637 passum
1093 1580 1155 1622 se
1178 1566 1344 1636 pedis
1377 1566 1530 1621 inter
1571 1564 1855 1621 idolatras

1970 418 2376 489 promissionis
2398 416 3093 472 incolentibuscotidiana
3118 420 3606 487 martyria,ultro-

1970 522 2137 563 neum
2172 506 2445 561 videlicet
2461 503 2998 573 exilium,absentia
3026 510 3604 577 parentum,penuria

1970 610 2182 665 rerum,
2220 594 2602 663 incursiones,
2630 593 2956 661 latrocinia,
2992 593 3166 648 timor
3195 597 3603 665 continuus,et

1970 683 2194 739 insidiae
2226 684 2627 752 barbarorum,
2666 681 2947 736 inﬁnitiva
3010 681 3160 737 bella
3213 696 3340 737 cum
3412 684 3606 752 regnis

1968 775 2274 828 Persarum
2297 772 2390 827 vel
2423 769 2891 840 Babyloniorum.
2924 771 3171 826 Econtra
3203 771 3259 825 in
3285 770 3411 827 dies
3436 785 3610 828 exeu-

1970 857 2122 913 tiens
2153 872 2214 913 se
2244 857 2314 913 de
2348 857 2585 928 pulvere
2647 856 2760 911 lilia
2796 857 2962 926 Syon,
3005 856 3511 913 Hierosolimitana
3528 859 3610 913 ni-

1968 946 2173 1001 mirum
2196 946 2483 1014 aecclesia,
2514 945 2803 1000 canticum
2833 959 3043 1000 novum
3073 944 3291 1001 dilecto
3337 961 3463 1016 suo,
3511 947 3610 1017 qui

1967 1049 2164 1091 secum
2180 1034 2466 1089 mirabilia
2493 1033 2826 1101 fecit,canta
2836 1047 2896 1087 re
2912 1047 3019 1088 non
3037 1038 3232 1089 cessat
3251 1034 3610 1092 :Seczmdum

1963 1123 2433 1191 multitudinem,
2473 1121 2758 1191 inquiens,
2789 1121 3057 1177 dolorum
3093 1136 3355 1178 meorum
3392 1124 3458 1179 in
3489 1137 3609 1180 cor-

1967 1212 2039 1268 de
2079 1225 2201 1267 meo
2245 1211 2674 1267 consolationes
2706 1210 2819 1266 tum
2849 1210 3310 1283 lati/lcaoerunt
3342 1214 3609 1268 animum

1967 1315 2158 1356 meam
2182 1300 2374 1365 (Psal.
2400 1300 2687 1369 xcm,19).
2714 1300 2851 1354 Nam
2876 1300 3030 1355 inter
3061 1300 3184 1355 hzec
3214 1300 3495 1356 exercitia
3521 1315 3610 1355 sa-

1969 1403 2065 1444 cra
2098 1388 2225 1443 loco
2255 1388 2325 1442 ab
2355 1387 2698 1442 inveteratis
2735 1403 3090 1458 paganorum
3125 1388 3427 1458 spurcitiis
3457 1403 3611 1444 mun-

1970 1477 2201 1546 dantur,
2220 1474 2499 1533 aacclesize
2527 1475 2843 1532 destructas
2870 1480 3295 1543 restaurantur,
3312 1476 3605 1547 episcopia

1968 1564 2058 1619 vel
2094 1564 2332 1620 cenobia
2365 1578 2468 1635 per
2526 1564 2788 1633 regiones
2841 1564 3107 1635 pristinis
3149 1564 3205 1619 in
3249 1563 3393 1620 locis
3426 1565 3609 1635 insti-

199 1654 389 1725 gratis
419 1634 789 1749 consecutos,
821 1634 1038 1724 quanto
1058 1634 1246 1710 minus
1291 1653 1548 1710 vietuum
1598 1652 1691 1710 vel
1760 1653 1856 1709 ho-
1884 1689 1937 1749 B
1969 1653 2526 1723 tuuntur,civitates
2548 1658 2604 1706 et
2631 1634 2874 1708 castella
2907 1653 3266 1723 muniuntur,
3303 1634 3511 1723 portus
3549 1660 3609 1709 et

205 1743 522 1813 spieiorum
554 1731 858 1799 solamina.
885 1744 962 1797 De
980 1743 1289 1798 tormentis
1308 1742 1587 1798 inauditis
1609 1747 1665 1798 et
1692 1743 1850 1798 innu-

206 1846 402 1901 meris,
440 1846 566 1901 quas
600 1846 705 1902 pro
736 1831 862 1888 auri
919 1832 1223 1888 exactione
1280 1831 1432 1902 passi
1506 1837 1662 1901 sunt,
1727 1831 1854 1902 quis

203 1920 352 1975 satis
384 1920 645 1975 scribere
672 1919 1106 1990 queat;quibus
1158 1934 1314 1976 mors
1368 1920 1567 1989 utique
1616 1920 1853 1975 amaris-

202 2008 347 2063 sima
377 2023 483 2078 pro
507 2007 709 2078 lucro,
730 2007 844 2063 vita
880 2022 984 2079 pro
1011 2022 1188 2064 cruce
1212 2010 1378 2063 erat?
1408 2009 1517 2063 Sed
1551 2012 1612 2064 ut
1659 2008 1729 2062 ad
1755 2022 1854 2063 no-

202 2100 327 2151 stra
361 2096 666 2152 redeamus
696 2099 963 2167 tempora
993 2098 1232 2166 —quod
1255 2097 1403 2152 enim
1428 2096 1645 2153 scimus
1668 2096 1854 2167 loqui-

201 2199 351 2253 mur,
383 2184 616 2255 etquod
637 2184 889 2240 vidimus
931 2188 1306 2241 testamur—
1344 2185 1597 2241 nondum
1641 2185 1852 2241 desunt

202 2272 384 2328 illoin
403 2271 615 2342 stadio,
651 2273 914 2342 quamvis
947 2272 1115 2344 plana
1164 2274 1281 2343 jam
1322 2274 1434 2344 via,
1477 2274 1854 2329 currentibus

199 2359 261 2414 in
297 2360 1039 2430 absolutionemculparum
1068 2360 1327 2431 martyrii
1364 2360 1852 2432 bravia,pericula

199 2448 427 2504 scilicet
462 2449 774 2517 latronum,
806 2448 1065 2518 pericula
1092 2449 1406 2517 fluminum,
1445 2448 1704 2519 pericula
1741 2462 1855 2504 ma-

202 2537 308 2597 ris.
340 2536 690 2604 solitudinis,
720 2535 884 2591 famis
900 2540 961 2591 et
991 2536 1318 2604 sitis,estus
1366 2545 1423 2591 et
1481 2536 1849 2607 egritudinis,

200 2624 435 2694 aliaque
453 2623 606 2678 mille
621 2624 927 2694 peregrina
941 2624 1113 2679 tionis
1129 2620 1512 2693 incommoda,
1531 2624 1854 2695 inexpertis

199 2713 301 2767 vix
333 2712 661 2767 credibilia.
704 2713 852 2767 Dant
904 2711 1073 2768 ﬁdem
1120 2712 1297 2768 dictis
1346 2712 1565 2767 nostris
1608 2717 1696 2767 tot
1754 2728 1855 2783 per

200 2799 443 2855 eandem
481 2806 725 2855 stratam
775 2805 960 2855 strata
995 2800 1213 2855 Christi
1257 2801 1678 2857 erucit‘erorum
1700 2802 1856 2875 capi-

203 2888 367 2944 tibus
402 2887 615 2943 ablatis
644 2889 950 2957 cadavera,
984 2888 1080 2958 qui
1103 2887 1597 2945 latrocinantihus
1640 2890 1853 2946 ibidem

202 2977 389 3033 invasi
425 2977 682 3047 paganis,
719 2977 775 3031 in
823 2977 1053 3032 modum
1092 2978 1287 3033 crucis
1326 2982 1537 3034 contra
1569 2978 1853 3035 orientem

1968 1746 2265 1797 mercatus
2298 1741 2433 1796 olim
2468 1740 2721 1796 desolati
2764 1740 3065 1811 populosis
3105 1741 3493 1797 conventibus
3524 1742 3610 1811 jo-

1966 1830 2498 1898 cundantur,etiam
2516 1833 2572 1883 et
2593 1828 2887 1898 agricolis,
2925 1828 3276 1885 vinitoribus
3292 1833 3350 1884 et
3364 1830 3610 1900 pastori-

1968 1919 2075 1973 bus
2091 1918 2273 1973 oﬁieia
2295 1932 2397 1973 sua
2415 1917 2906 1987 conceduntur,et
2920 1917 3071 1987 quod
3091 1917 3357 1973 omnibus
3372 1917 3611 1972 excellit

1968 2006 2265 2062 beneﬁciis
2287 2005 2731 2077 temporalibus,
2771 2005 3025 2062 caelestis
3046 2006 3194 2075 ignis
3237 2007 3292 2060 in
3351 2021 3611 2063 resurre-

1965 2095 2158 2151 ctione
2193 2095 2404 2150 Christi
2430 2108 2683 2150 annuum
2725 2094 2975 2150 karisma
3011 2095 3378 2151 ministratur
3404 2096 3608 2152 usibus

1964 2184 2250 2240 humanis.
2276 2183 2443 2238 Venit
2478 2184 2652 2239 etiam
2684 2182 2738 2237 in
2772 2197 2974 2239 manus
2997 2187 3249 2254 nostras,
3310 2185 3463 2254 quod
3491 2185 3609 2256 jam

1965 2286 2066 2343 per
2089 2277 2276 2328 totum
2307 2272 2506 2327 orbem
2564 2270 3006 2326 disseminatum
3063 2272 3379 2341 credimus,
3421 2286 3613 2327 exem-

1965 2360 2093 2430 plar
2121 2361 2425 2431 cujusdam
2449 2359 2738 2430 epistolas,
2788 2373 2957 2429 quam
3010 2359 3334 2415 Gabrielem
3372 2361 3611 2417 archan-

1965 2448 2155 2517 gelum
2181 2463 2251 2503 ex
2274 2463 2515 2518 persona
2543 2448 2864 2503 Salvatoris
2880 2448 3061 2503 nostri
3096 2447 3204 2518 ipsi
3255 2447 3537 2507 aieclesize
3552 2454 3610 2505 ct

1965 2551 2069 2606 per
2101 2537 2258 2591 illam
2282 2537 2549 2591 omnibus
2573 2536 2858 2591 {ecclesiis
2892 2536 3121 2591 missam
3183 2538 3613 2596 referuntattu-

1968 2624 2267 2694 Iisse,quze
2301 2625 2450 2681 sicut
2486 2625 2702 2680 multos
2758 2624 3297 2694 prevaricatoribus
3356 2626 3603 2683 intentat

1968 2714 2248 2768 minarum
2318 2717 2600 2782 terrores,
2663 2713 2742 2767 ita
2795 2713 3097 2768 conversis
3147 2712 3356 2769 solitas
3405 2713 3611 2772 divinae

1968 2801 2294 2858 clementia:
2329 2817 2437 2857 non
2482 2804 2727 2870 denegat
2766 2800 3219 2857 consolationes.
3253 2804 3402 2871 Ergo
3448 2807 3609 2859 tanta

1966 2904 2071 2960 per
2096 2888 2502 2945 multitudines
2525 2889 3387 2960 miserationumDominisuper
3410 2890 3613 2946 Hieru-

1968 2979 2145 3034 salem
2164 2982 2288 3034 orta
2305 2979 2487 3047 gloria
2505 2980 2631 3048 ejus
2644 2984 2973 3049 oportet,ut
2991 2978 3488 3036 universzetribus
3502 2985 3612 3035 ter-

199 3071 382 3129 tcrra:
416 3044 696 3136 protensi,
730 3065 971 3121 calicem
995 3066 1207 3121 Christi
1234 3066 1452 3123 bibisse
1506 3072 1852 3137 cernuntur,
1887 3044 1934 3104 (ἶ
1968 3044 2956 3136 raginemoresquodvelimsalvatio
2972 3066 3042 3121 de
3062 3071 3255 3122 monte
3273 3068 3424 3138 Syon
3443 3082 3611 3125 vene-

204 3154 365 3209 inter
385 3153 714 3208 orationum
749 3168 854 3223 pro
886 3153 1098 3223 quibus
1125 3154 1653 3225 peregrinabantur
1694 3159 1849 3211 vota.

204 3241 580 3312 Quapropter
612 3246 840 3297 cessent
857 3255 1098 3298 necesse
1131 3247 1220 3298 est
1253 3243 1486 3312 quidam
1512 3242 1855 3300 deliciarum

204 3329 461 3385 vinculis
495 3329 731 3397 irretiti,
757 3345 988 3386 crucem
1021 3335 1153 3402 post
1181 3330 1490 3400 Christum,
1512 3331 1777 3401 quamvis
1798 3331 1853 3386 in

204 3418 445 3487 angaria
472 3434 601 3475 cum
626 3419 892 3490 Symone,
927 3419 1297 3490 portantibus
1328 3420 1730 3494 inproperare,
1752 3434 1857 3477 cur

205 3508 400 3578 ipsum
435 3508 567 3577 iter,
606 3512 810 3579 utpote
854 3523 1134 3578 nusquam
1194 3507 1404 3563 divinis
1441 3507 1670 3577 legibus
1712 3506 1859 3564 indi-

199 3600 385 3665 ctum,
420 3595 570 3651 vicio
596 3596 901 3652 dumtaxat
935 3596 1702 3667 mobilitatisassequantur;
1724 3611 1854 3653 cum

204 3683 411 3756 ipsese
426 3685 623 3755 potius
650 3685 1100 3755 incorrigibiles,
1130 3686 1262 3742 dum
1278 3686 1403 3741 vias
1427 3685 1649 3741 Domini
1681 3685 1861 3743 duras

205 3786 324 3828 non
359 3777 666 3843 appetunt,
700 3774 1169 3830 detractionibus
1227 3781 1508 3839 venenata
1543 3775 1735 3845 lingua
1779 3781 1859 3830 te-

206 3864 463 3917 stentur.
500 3863 616 3917 Nos
647 3868 841 3917 autem
864 3863 1001 3932 quid
1033 3864 1137 3918 hos
1153 3864 1260 3919 nisi
1278 3878 1415 3919 vere
1437 3868 1859 3934 martyrescre-

207 3948 437 4015 damus,
472 3948 685 4016 quibus
710 3949 957 4004 mundus
979 3950 1315 4021 cruciﬁxus,
1340 3955 1396 4005 et
1447 3949 1557 4021 ipsi
1620 3950 1852 4007 mundo.

209 4034 416 4090 Crucis
448 4049 510 4090 se
542 4035 708 4105 signo
743 4036 813 4092 ad
844 4041 925 4091 tot
951 4037 1248 4094 cruciatus
1307 4038 1649 4107 insigniunt,
1683 4042 1741 4093 et
1787 4038 1856 4093 de

210 4122 413 4178 multis
443 4123 775 4195 paucissimi
813 4125 1079 4196 idemque
1112 4125 1348 4198 palmati
1383 4127 1549 4198 quasi
1602 4125 1858 4183 victores

1966 3154 2040 3209 rit
2069 3154 2305 3223 mundo,
2342 3154 2749 3210 sicutidudum
2796 3154 3075 3223 lugebant
3122 3153 3420 3210 ﬁliationis
3477 3155 3610 3211 affe-

1965 3246 2063 3297 ctu
2082 3243 2507 3312 supercam,ita
2533 3256 2683 3297 nunc
2722 3242 2905 3297 eidem
2932 3243 3242 3313 primitivze
3268 3244 3435 3298 matri
3477 3259 3611 3300 con-

1964 3331 2255 3400 gaudeant
2299 3336 2356 3384 ct
2391 3331 2693 3386 sacicntur
2741 3331 2813 3387 ab
2842 3330 3125 3387 uberibus
3188 3332 3610 3388 consolationis

1965 3418 2113 3489 ejus,
2142 3418 2280 3474 illuc
2313 3421 2699 3475 ascendentes
2749 3420 2938 3475 asolis
2970 3427 3103 3476 ortu
3155 3424 3213 3476 et
3260 3435 3494 3492 occasu,
3537 3422 3610 3477 ab

1977 3508 2248 3577 aquilone
2270 3514 2329 3562 et
2348 3509 2485 3562 mari
2503 3509 2572 3564 ad
2594 3508 2989 3563 conﬁtendum
3015 3508 3219 3580 procul
3236 3509 3411 3567 dubio
3426 3510 3612 3567 modis

1966 3596 2234 3651 omnibus
2256 3597 2467 3651 nomini
2496 3597 2714 3652 Domini
2747 3597 2933 3654 nostri
2974 3598 3101 3653 Iesu
3135 3598 3369 3668 Christi,
3402 3599 3499 3669 qui
3535 3597 3615 3655 lo-

1967 3686 2379 3755 cumeundcm,
2416 3685 2570 3756 quod
2594 3686 2748 3741 salva
2768 3690 2962 3743 tamen
2980 3686 3090 3743 fide
3114 3686 3228 3743 dici
3252 3685 3446 3758 liceat,
3480 3686 3613 3758 plus

1970 3774 2343 3844 quamipsum
2382 3774 3097 3844 paradysumterrestrem
3131 3775 3497 3833 consecravit
3531 3776 3613 3832 in-

1967 3864 2323 3929 carnatione,
2355 3862 2668 3932 miraculis,
2730 3862 3017 3933 passione,
3069 3864 3503 3920 resurrectione
3552 3870 3610 3921 et

1969 3950 2306 4005 ascensione
2359 3966 2491 4016 sua;
2544 3950 2712 4019 cujus
2756 3964 2965 4006 nomen
3010 3957 3071 4006 et
3152 3950 3611 4008 misericordiam

1969 4043 2182 4094 cuncta
2218 4036 2518 4108 prcdicent
2557 4042 2614 4093 et
2661 4037 2993 4107 glorificent
3025 4039 3353 4097 seculorum
3388 4040 3607 4098 secula.

1974 4128 2171 4181 Amen.

1695 4318 2012 4376 EXPLICIT
2040 4316 2132 4352 ²⁸³⁸

281 4414 374 4450 ³⁸³⁸
403 4415 582 4475 deest.
614 4416 711 4476 E1.
753 4418 796 4473 ².

1331 4738 2513 4893 EKKEHARDI

909 5042 1485 5144 EPISTOLA
1671 5049 1834 5142 AD

2022 5043 2909 5140 ERKEMBERTUM

1562 5264 1735 5341 (Vide
1760 5277 1948 5339 supra
1974 5263 2083 5325 col.
2120 5264 2272 5338 449.)
