3994 6062
255 282 417 355 1077

248 532 594 605 Arimaspes
629 529 973 588 laudantur.
1016 530 1102 586 De
1135 527 1387 601 Egberto
1420 526 1663 599 quidem
1692 526 1903 597 etpra-

247 621 437 679 ximis
449 623 579 695 ejus
611 617 1046 679 successoribus
1067 618 1274 674 auctor
1286 617 1488 675 minus
1517 630 1696 688 parco
1708 614 1901 672 utitur

245 720 550 778 sermone;
575 708 680 766 sed
691 721 827 763 mox
866 707 1135 764 consueto
1172 718 1330 762 more
1364 704 1579 777 pergit.
1618 703 1902 775 Nequeex

246 796 505 859 fontium
535 795 801 868 penuria
837 795 961 851 huc
970 797 1107 866 jam
1135 792 1435 864 explicari
1451 793 1714 864 possunt.
1744 792 1901 849 Nam

243 900 364 958 quo
374 884 629 957 propius
641 884 721 940 all
741 897 852 940 sua
866 885 1127 954 tempora
1142 882 1402 952 scriptor
1425 880 1678 949 devenit,
1701 895 1762 937 eo
1777 879 1899 936 bre-

242 974 379 1031 vius
406 987 505 1030 res
551 973 928 1029 Treverenses
954 970 1253 1038 narravit,
1289 972 1402 1027 aut
1427 983 1526 1027 eas
1552 969 1705 1027 satis
1730 971 1898 1025 notas

240 1075 362 1120 esse
378 1062 574 1126 ratus,
601 1062 712 1117 aut
729 1074 788 1116 eo
808 1058 1059 1117 consilio
1084 1059 1294 1116 ductus
1332 1061 1403 1114 ut
1416 1060 1665 1115 veterem
1687 1056 1898 1115 civita-

241 1150 321 1208 tis
331 1165 371 1222 g
382 1150 598 1207 loriam
618 1165 654 1221 q
664 1164 802 1206 uam
821 1149 1213 1219 amplissimis
1240 1147 1410 1204 laudi
1418 1146 1522 1205 bus
1539 1147 1792 1220 eferret,
1807 1160 1897 1203 re-

239 1239 504 1297 centiora
524 1252 660 1296 vero
680 1239 945 1309 tempora
959 1252 1108 1308 sape
1122 1237 1322 1293 minus
1324 1236 1552 1309 felicia
1569 1251 1677 1306 neg
1687 1236 1902 1308 ligeret

237 1328 338 1385 vel
366 1327 514 1385 aliis
544 1326 788 1384 uberius
818 1326 1206 1385 describenda
1236 1325 1625 1396 relinqueret.

310 1417 436 1474 Sed
460 1416 654 1473 aliam
656 1416 929 1488 fortasse
950 1414 1133 1487 hujus
1164 1414 1538 1471 diversitatis
1559 1427 1806 1496 causam
1823 1412 1895 1468 li-

248 1507 339 1563 cet
360 1504 654 1562 indicare.
686 1504 845 1570 Quid
879 1503 1033 1561 enim
1054 1503 1109 1561 si
1130 1502 1236 1560 ille
1256 1518 1429 1574 quem
1472 1505 1779 1563 Gestorum
1809 1501 1897 1560 di-

241 1594 430 1652 cimus
452 1594 749 1651 auctorem
770 1592 1086 1664 antiquius
1117 1591 1436 1663 descripsit
1453 1607 1612 1663 opus,
1637 1590 1797 1662 quod
1825 1589 1895 1647 de

238 1681 453 1753 primis
501 1681 770 1740 historice
824 1681 1201 1738 Treverensis
1251 1680 1608 1752 temporibus
1650 1678 1892 1736 uberius

1647 269 2276 347 PROLEGOMENA
2960 342 2963 343 ν

250 438 514 502 cioribus
555 436 754 500 verbis
798 450 981 513 quam
1026 434 1418 514 fabulosiilli
1468 432 1797 496 Catholdus
1850 432 1910 492 et
1932 413 1986 478 Α
2013 425 2168 488 mini
2188 425 2501 500 sepultam:
2516 419 2888 514 refermetur,
2905 414 3356 514 antiquiore
3373 414 3668 514 illolibro

3514 256 3670 328 1078

2011 535 2131 578 non
2155 516 2513 591 legebantur.
2539 514 2683 574 Alia
2707 510 3012 586 probabili
3033 511 3377 582 conjectura
3402 509 3671 569 indicari
3728 544 3731 545 ν

2001 610 2273 681 possunt,
2295 621 2341 663 e.
2361 620 2458 679 gr.
2483 617 2616 676 quae
2631 603 2701 662 de
2720 603 2968 661 ecclesia
2985 600 3060 660 ab
3081 599 3391 659 Euchario
3410 600 3669 672 sedi/ica-

2011 700 2093 767 ta,
2121 697 2190 754 de
2228 695 2548 762 Eucherio,
2594 693 2827 751 Valerio
2858 694 2916 750 et
2939 689 3212 749 Materno
3233 689 3322 747 ibi
3345 690 3596 761 sepultis
3616 702 3663 748 c.

2009 791 2095 857 14,
2129 791 2213 857 15,
2244 790 2325 856 16,
2363 785 2432 842 de
2459 784 2612 843 cella
2641 783 2837 841 sancti
2866 780 3160 839 Eucharii
3183 794 3230 838 c.
3259 784 3320 835 21
3354 780 3659 851 leguntur.

2007 877 2150 933 Haec
2169 873 2327 931 enim
2355 874 2702 945 scriptorem
2732 869 3087 928 monasterii
3115 869 3333 926 Sancti
3364 869 3668 927 Eucharii

2005 967 2130 1025 sive
2159 965 2410 1023 Mathia
2438 963 2734 1033 indicant,
2765 963 2873 1033 qui
2894 959 3233 1034 prasertim
3262 959 3330 1015 id
3358 961 3485 1031 egit
3508 962 3579 1017 ut
3600 960 3670 1017 in

2003 1070 2109 1114 suo
2128 1053 2488 1111 monasterio
2522 1052 2695 1124 ponti
2688 1052 2837 1122 ﬂces
2858 1049 3123 1121 egregios
3155 1050 3215 1105 et
3238 1049 3402 1106 viros
3430 1050 3666 1106 sanctos

2002 1145 2260 1216 sepultos
2282 1156 2405 1200 esse
2425 1141 2758 1199 ostenderet
2775 1139 2942 1209 (102).
2973 1138 3183 1209 Capite
3207 1142 3271 1192 16
3292 1151 3430 1195 vero
3450 1139 3666 1209 episco-

2000 1247 2213 1306 porum
2225 1230 2564 1302 catalogum
2583 1228 2762 1285 valde
2785 1229 2983 1296 auxit,
3003 1229 3075 1283 ut
3093 1228 3370 1284 lacunam
3382 1227 3554 1283 illam
3574 1228 3666 1284 in-

2004 1325 2092 1381 ter
2115 1322 2456 1379 Maternum
2477 1318 2852 1389 etAgritium
2875 1318 3209 1389 expleretet
3223 1316 3506 1373 Ecclesia
3534 1316 3667 1372 Tre-

2001 1413 2270 1470 verensis
2298 1409 2727 1481 antiquitatem
2772 1406 2994 1465 certius
3014 1407 3372 1463 vindicaret.
3411 1406 3552 1462 Haec
3568 1419 3666 1461 no-

2000 1503 2190 1571 mina,
2217 1513 2350 1572 quae
2372 1499 2438 1555 in
2457 1496 2903 1570 antiquioribus
2923 1495 3213 1567 catalogis
3234 1494 3634 1552 desiderantat

2004 1591 2177 1661 (103),
2197 1588 2429 1662 ﬂctitia
2478 1600 2620 1656 esse,
2644 1588 2782 1659 jam
2810 1584 3102 1655 omnibus,
3137 1585 3261 1641 nisi
3266 1583 3495 1656 fallar,
3531 1596 3662 1640 con-

2002 1680 2154 1743 stat(
2167 1682 2287 1750 104)
2300 1694 2324 1745 ,ο
2342 1678 2540 1748 major
2559 1689 2690 1731 vero
2712 1688 2913 1732 eorum
2928 1686 3075 1745 pars
3095 1673 3163 1728 in
3178 1671 3331 1728 libro
3357 1670 3659 1744 legebatur

240 1768 380 1839 egit,
404 1768 565 1839 quod
582 1768 854 1839 ipsevere
867 1766 1102 1824 brevius
1123 1767 1592 1824 continuandum
1603 1764 1891 1835 sumpsit?
1918 1779 1975 1842 Β
2002 1766 2295 1824 Methodii
2319 1763 2668 1822 Paterensis
2687 1763 2923 1820 nomine
2943 1762 3232 1833 inscripto
3266 1761 3474 1831 (105),;
3489 1774 3663 1833 quem

238 1857 406 1913 Sunt
436 1869 581 1914 sane
620 1869 753 1928 qua
777 1857 848 1912 ut
870 1854 959 1911 ita
988 1856 1322 1912 statua-mus
1351 1854 1527 1911 valde
1554 1854 1880 1912 suadeant.

236 1945 556 2018 Ejusmodi
585 1944 805 2001 librum
834 1957 1021 2016 usque
1042 1944 1124 2001 ad
1151 1942 1371 2000 Basini
1402 1944 1663 2014 tempora
1682 1944 1886 2000 decur-

237 2035 464 2090 rentem
491 2032 807 2090 Hillarius
833 2031 1009 2088 vidit.
1041 2031 1170 2089 sive
1208 2031 1453 2088 eundem
1490 2031 1616 2088 sive
1635 2030 1894 2088 similem

245 2123 546 2179 Catmelus
559 2135 687 2193 pm
706 2119 895 2179 oculis
918 2119 1137 2178 habuit
1153 2134 1340 2192 eaqne
1362 2120 1719 2193 attulitquee
1738 2120 1896 2178 hanc

240 2210 654 2268 narrationem
681 2211 1039 2283 plerumque
1063 2223 1195 2267 cum
1236 2207 1434 2267 Gestis
1469 2208 1796 2279 convenire,
1826 2208 1895 2266 in

235 2300 505 2370 singulis
526 2314 662 2357 vero
695 2299 838 2357 locis
870 2299 1212 2370 discrepare
1240 2298 1555 2355 ostendant
1578 2299 1715 2367 (09).
1755 2298 1895 2365 Qui-

242 2386 348 2445 bus
372 2388 721 2445 accuratius
744 2387 1133 2457 examinatis,
1166 2385 1235 2442 id
1242 2387 1430 2457 patet,
1466 2386 1622 2443 hunc
1640 2387 1895 2444 codicem

237 2476 487 2547 propius
516 2476 599 2532 ad
624 2476 833 2549 fontes
860 2475 1134 2533 accedere
1154 2489 1341 2546 neque
1358 2488 1428 2531 ea
1453 2474 1733 2531 exhibere
1763 2489 1895 2546 qua

253 2564 521 2638 fabulosa
533 2567 588 2621 et
605 2564 673 2621 in
685 2564 936 2622 eoenobio
954 2563 1398 2622 Sanmathiano
1420 2564 1664 2621 inventa
1676 2564 1894 2621 essevi-

247 2653 526 2712 deantur.
550 2654 729 2719 Quem
745 2653 1328 2725 codicemquominus
1340 2653 1741 2724 antiquiorem
1763 2654 1894 2714 Ges-

248 2744 442 2799 torum
456 2743 710 2801 formam
724 2741 1002 2799 exhibere
1014 2741 1282 2800 dicamus
1299 2743 1493 2799 multa
1503 2742 1707 2800 vetant
1720 2742 1892 2815 (100),

248 2831 376 2888 nisi
405 2833 694 2904 quotquot
710 2831 780 2887 de
801 2829 1059 2888 historia
1086 2831 1431 2889 Treverensi
1450 2832 1661 2903 scripti
1678 2832 1809 2889 sint
1825 2833 1895 2889 li-

242 2918 356 2990 bri,
408 2918 588 2978 Gesta
616 2920 994 2993 appellemus.
1043 2921 1168 2978 Sed
1195 2918 1387 2978 Gestis
1414 2921 1637 2979 nostris
1675 2920 1895 2977 librum

246 3007 424 3065 illum
428 3009 836 3081 fundamento
847 3022 968 3067 esse
985 3009 1244 3080 positum
1264 3008 1323 3066 et
1323 3011 1529 3081 fontes
1548 3023 1693 3081 quos
1708 3023 1894 3081 supra

2020 1870 2094 1913 ne
2120 1868 2332 1913 revera
2364 1854 2504 1911 huic
2544 1852 2777 1911 auctori
2806 1850 3108 1909 attribuas
3137 1852 3261 1907 tum
3290 1849 3485 1921 ipsius
3516 1852 3661 1907 tetas

2004 1948 2125 2003 tum
2148 1945 2289 2002 alia
2306 1942 2574 2001 rationes
2588 1943 2795 1999 vetant
2808 1940 2977 2013 (106).
3001 1940 3119 1996 His
3141 1938 3391 2009 receptis
3412 1940 3533 1996 octo
3553 1938 3657 1995 ad-

2003 2033 2296 2091 debantur
2329 2030 2696 2104 Tungrensis
2720 2028 3006 2087 Ecclesia
3035 2026 3311 2099 episcopi,
3348 2027 3419 2084 de
3438 2026 3658 2099 quibus

2001 2123 2198 2180 noster
2237 2120 2523 2190 Herigeri
2544 2118 2726 2176 verba
2743 2119 3017 2187 retinuit,
3041 2116 3147 2174 sed
3168 2130 3423 2189 quorum
3451 2115 3552 2173 hic
3581 2116 3659 2173 lo-

2002 2226 2135 2270 cum
2161 2210 2481 2281 sepulturee
2508 2222 2571 2266 se
2598 2207 2829 2265 nescire
2868 2206 3036 2276 dicit,
3069 2204 3169 2263 hos
3196 2219 3358 2262 more
3387 2206 3656 2264 consueto

2000 2302 2071 2357 in
2089 2299 2283 2357 sancti
2304 2298 2606 2355 Eucharii
2618 2295 2866 2354 ecclesia
2886 2295 3145 2367 sepultos
3162 2295 3398 2352 asserit.
3414 2293 3658 2352 —-Aliis

2006 2389 2150 2445 locis
2170 2401 2301 2460 quae
2313 2400 2387 2443 ex
2398 2399 2569 2457 opere
2587 2386 2697 2442 illo
2718 2385 2970 2456 sumpta.
2991 2397 3125 2455 qua
3135 2383 3351 2440 addita
3362 2382 3504 2452 sint,
3519 2383 3657 2454 jam

2001 2478 2271 2535 indicari
2315 2476 2543 2549 nequit,
2573 2488 2765 2547 neque
2791 2473 2932 2531 inde
2961 2487 3001 2530 a
3026 2487 3142 2544 quo
3173 2474 3429 2544 tempore
3460 2473 3656 2532 Gesto-

1998 2580 2135 2624 rimi
2164 2566 2418 2637 scriptor
2434 2564 2674 2636 proprio
2694 2562 2892 2620 Marte
2910 2561 3323 2620 narrationem
3350 2562 3655 2619 continua-

1999 2656 2157 2713 verit
2182 2656 2539 2728 commrtum
2567 2652 2867 2711 habemus.
2906 2651 3209 2710 C’almetus
3253 2650 3506 2709 codicem
3538 2664 3656 2707 non

2000 2745 2168 2802 ultra
2206 2743 2535 2802 Maximini
2585 2744 2847 2814 tempora
2900 2740 3099 2813 dfert,
3148 2740 3463 2798 Hillarius
3510 2740 3655 2798 alte-

1998 2846 2136 2890 rum
2206 2831 2274 2888 in
2319 2831 2548 2888 Basino
2610 2829 2894 2900 desinere,
2947 2828 3223 2898 alterum,
3298 2842 3472 2901 quem
3518 2828 3656 2886 Gal-

1998 2921 2326 2977 metianum
2367 2918 2561 2989 habet,
2619 2920 2959 2976 sanctorum
2998 2916 3328 2990 primitivis
3395 2918 3654 2975 ecclesia

1999 3007 2470 3080 compendiosam
2552 3008 2819 3065 vitarum
2927 3007 3281 3065 relationem
3371 3005 3653 3065 exhibere

242 3096 523 3202 recensui
540 3111 818 3196 magnam
835 3099 1202 3202 partemnon
1221 3096 1294 3154 ab
1315 3097 1768 3202 ipsulG‘estorum
1789 3112 1893 3156 au-
1922 3139 1970 3202 α
1999 3096 2197 3202 dicit.)
2216 3095 2533 3202 Equidem!
2553 3096 2695 3202 inde
2737 3109 2777 3202 ξι
2815 3094 3018 3196 capite
3048 3096 3192 3202 (ere
3238 3097 3306 3151 23
3350 3097 3651 3202 auctorem

241 3185 401 3241 ctare
418 3185 523 3243 sed
542 3199 581 3242 a
602 3184 806 3257 priore
831 3186 942 3243 illo
961 3184 1248 3257 scriptore
1275 3185 1578 3243 adhibitos
1607 3199 1749 3255 esse,
1775 3201 1892 3244 non
1924 3184 1970 3202 υ
1998 3186 2107 3243 hoc
2158 3184 2302 3242 duce
2350 3184 2699 3242 destitutum
2714 3184 2922 3257 fuisse
2961 3185 3272 3257 putarim;
3309 3184 3415 3242 sed
3463 3186 3649 3242 etiam

240 3286 554 3344 possumus
581 3273 732 3347 quin
759 3274 1132 3343 statuamus;
1157 3274 1432 3346 quamvis
1457 3288 1615 3331 nunc
1642 3288 1775 3345 qua
1794 3274 1891 3332 hic

252 3360 401 3418 liber
430 3362 792 3434 exhibuerit,
824 3377 957 3436 quae
987 3364 1297 3423 Gestorum
1323 3363 1530 3421 auctor
1558 3363 1883 3435 addiderit,

250 3463 367 3507 non
394 3451 550 3509 satis
572 3451 831 3510 discerni
844 3452 1052 3524 possit.
1083 3453 1223 3520 Quae
1244 3452 1541 3511 Calmetus
1566 3451 1747 3526 afert
1767 3453 1889 3512 hac

236 3539 421 3594 sunt:
453 3539 612 3597 locus
641 3552 687 3597 c.
718 3543 784 3595 16
815 3539 886 3596 de
930 3541 1221 3612 episcopis
1257 3539 1416 3597 inter
1457 3539 1801 3597 Maternum
1830 3538 1888 3597 et

238 3627 548 3698 Agritium
567 3629 879 3687 ecclesiam
913 3631 1322 3687 Treverensem
1340 3630 1682 3702 regentibus
1713 3631 1880 3703 (101),

225 3716 516 3786 praeterea
539 3730 673 3787 quia
698 3732 744 3773 e.
780 3721 846 3772 15
884 3717 954 3774 de
978 3719 1312 3789 viniductu,
1345 3733 1390 3776 c.
1428 3724 1496 3775 19
1537 3719 1606 3776 de
1632 3712 1886 3777 Mathix

230 3802 461 3862 ossibus
480 3804 538 3861 et
550 3806 757 3863 tunica
767 3804 1025 3875 Domini,
1046 3805 1265 3863 ibidem
1288 3806 1598 3879 deAgritii
1611 3809 1671 3864 et
1680 3806 1883 3865 Maxi-

1996 3287 2131 3345 quce
2174 3274 2353 3330 antea
2408 3286 2482 3330 ex
2539 3270 2825 3344 Gregorio
2871 3279 2931 3330 et
2971 3273 3339 3345 Fredegario
3383 3273 3642 3345 sumpta,

1995 3362 2172 3419 immo
2188 3375 2321 3433 quae
2353 3362 2423 3419 de
2451 3362 2964 3435 antiquacivitate
2994 3361 3343 3419 Treverensi
3373 3375 3448 3418 ex
3471 3360 3646 3420 libris

1987 3452 2233 3523 partim,
2248 3453 2477 3523 partim
2485 3464 2558 3508 ex
2570 3450 3144 3523 traditionevulgari
3156 3449 3476 3521 compilata
3485 3453 3641 3522 sunt,

1992 3541 2274 3599 monacho
2309 3541 2410 3599 illi
2435 3541 2881 3599 Sanmathiano
2932 3538 3267 3607 tribuerim,
3300 3540 3408 3610 qui
3430 3540 3644 3596 seculo

1995 3645 2075 3685 xu
2097 3643 2172 3686 ex
2195 3629 2445 3688 breviori
2456 3630 3029 3702 archiepiscoporum
3043 3628 3302 3687 historia
3324 3628 3502 3687 Gesta
3521 3627 3645 3686 hac

1992 3720 2402 3791 composuerit,
2424 3734 2487 3777 eo
2514 3719 2761 3777 consilio
2786 3720 3014 3789 ductus,
3039 3721 3111 3776 ut
3126 3718 3343 3790 patria
3370 3719 3429 3775 et
3442 3718 3643 3776 Eccle-

1991 3807 2099 3866 sia
2114 3821 2238 3866 sua
2249 3809 2516 3881 gloriam
2534 3822 2718 3881 quam
2734 3811 3003 3867 maxime
3021 3807 3348 3867 celebraret
3366 3807 3539 3880 (107).

1830 3904 2033 3962 ΝΟΤᾸΩ

327 3971 531 4044 99)_Cl‘.
566 3986 741 4044 supra
775 3987 827 4027 n.
863 3976 949 4029 51.

329 4042 454 4111 100)
491 4045 605 4099 Hoc
635 4042 821 4114 nuper
865 4042 1036 4113 Sybel
1059 4043 1383 4111 contendit,
1408 4043 1508 4099 Die
1539 4044 1876 4102 Advocaten

228 4111 336 4187 des
365 4114 595 4187 Trierer
626 4111 818 4170 Rocks
849 4111 1040 4187 Fascs.
1076 4115 1171 4185 III,
1206 4130 1261 4187 p.
1297 4120 1366 4172 75
1400 4129 1561 4187 sqq.,
1579 4116 1873 4187 antiquam

231 4182 549 4261 Gestorum.
563 4185 805 4261 formam
826 4185 1151 4261 restituere
1154 4182 1432 4261 conatus.
1451 4182 1571 4261 Sed
1592 4182 1876 4261 quaepar-

232 4254 435 4327 tim_ex
464 4254 723 4327 Hillario,
761 4257 972 4326 partim
1015 4271 1087 4312 ex
1118 4257 1374 4314 Calmeto
1408 4254 1784 4327 aﬂ'ertfinte'r
1814 4272 1876 4314 se

230 4322 393 4380 nullo
426 4326 597 4397 modo
645 4322 964 4397 cohaerent,
995 4332 1054 4382 et
1084 4333 1277 4384 utrum
1309 4341 1382 4383 ex
1440 4322 1642 4384 eodem
1672 4328 1875 4385 codice

226 4396 810 4470 sumpta_sin_t__valde
850 4397 1054 4470 dubito
1098 4399 1174 4470 (v.
1228 4413 1403 4469 supra
1436 4416 1487 4470 p.
1528 4403 1628 4455 110
1659 4414 1713 4454 n.
1750 4402 1866 4469 50).

229 4465 414 4539 Verba
437 4466 508 4521 ab
529 4466 768 4539 Hillario
790 4469 983 4525 exsgri
994 4473 1088 4539 pta
1108 4465 1224 4525 non
1248 4465 1536 4526 Gésta'vel
1559 4465 1871 4526 Historiam

228 4517 331 4611 seu
348 4517 1876 4611 "stigmata.a'a‘di'eaai'ziarsatirigatus:
1904 4517 1956 4577 D
1989 4517 2219 4611 (Ηῖἱιὶιῖί.

225 4605 443 4685 charii,
472 4605 740 4667 Treviris
763 4610 1046 4681 depositio
1065 4605 1145 4685 S.‘
1162 4611 1384 4668 Valerii
1398 4610 1521 4667 sine
1544 4610 1769 4685 dierum
1794 4612 1876 4666 in-

227 4674 518 4752 dicatmne
550 4674 888 4752 nequeunt),
924 4686 985 4737 et
1016 4695 1046 4736 a
1072 4683 1377 4739 Gestorum
1398 4686 1565 4738 textu
1592 4682 1765 4752 longe
1789 4697 1874 4737 re-

224 4748 472 4831 ρρςίυηκ
496 4723 1380 4831 ρ..δείδι’-εδδ.;“ς“ε,ῖῖιῑείῖέηῑ;ζέ
1400 4723 1763 4831 unum
1785 4723 1875 4809 ἐξ.

225 4822 300 4874 tis
325 4822 619 4892 convenit.
657 4823 788 4892 Ipse
820 4836 957 4879 vero
979 4822 1274 4879 Calmetus
1303 4822 1446 4880 dicit
1477 4843 1488 4877 :
1547 4825 1637 4880 Un
1663 4822 1872 4881 manu-

220 4889 515 4974 scritpqis
531 4889 745 4974 ancien
762 4893 823 4974 et
838 4894 983 4974 plus
995 4894 1178 4974 court,
1206 4894 1873 4974 doritappai'emm_ent_le

82 4962 99 4969 ‘
431 4962 684 5036 '_I'_hie_rrg
696 4960 1064 5036 sfe'toitservi
1077 4964 1134 5036 et
1144 4960 1251 5035 qui
1266 4966 1355 5036 est
1369 4960 1584 5036 conime
1597 4966 1871 5036 lefonde-

217 5032 445 5089 mentet
468 5032 545 5107 la,
561 5032 927 5107 basedeqsoni
943 5032 1209 5107 histoire,
1234 5032 1673 5106 Theodericum,
1696 5036 1791 5107 qui
1817 5051 1863 5093 s.

221 5114 396 5177 xrex.,
448 5117 505 5177 xi
532 5103 643 5161 inc.
690 5105 854 5175 vixit,
900 5104 1122 5177 Calmet
1137 5103 1402 5177 primum
1422 5103 1739 5177 Gestorum
1773 5120 1870 5164 au-

218 5176 441 5248 ctorem
483 5174 656 5248 habet
691 5174 950 5248 (.....'est
976 5174 1433 5248 probablement
1471 5176 1736 5248 campose
1744 5192 1870 5248 par

228 5241 526 5322 Thierry).
554 5246 688 5322 Ideo
702 5241 823 5322 non
847 5241 1039 5322 Gesta,
1060 5247 1169 5322 sed
1196 5241 1867 5322 Gestorumiontemfillo

219 5312 740 5389 codice’contineri
772 5316 987 5389 innuit.
1026 5312 1235 5389 (Quod
1271 5318 1580 5389 Hontheim
1613 5320 1780 5389 Hist.
1819 5321 1862 5389 Ι,

220 5396 351 5465 pag.
385 5399 517 5442 xxv:
548 5386 711 5457 dicit,
758 5386 1254 5465 Eberhardianum
1273 5388 1576 5465 exemplar
1607 5386 1865 5465 Calmeto

219 5457 407 5535 visum
438 5471 585 5535 esse,
621 5457 908 5535 neminem.
936 5459 1205 5531 tenebit.)
1263 5457 1585 5535 Gesta—saec
1606 5475 1690 5535 _xu
1720 5460 1866 5535 anti-

219 5527 424 5602 quiora
458 5527 616 5584 nulla
649 5529 849 5602 fuisse,
887 5528 1005 5600 jam
1050 5527 1232 5602 supra,
1259 5530 1406 5588 satis
1448 5530 1649 5598 docui;
1679 5531 1864 5589 codex

217 5611 368 5678 vero.
391 5601 595 5678 Aureae
625 5599 1044 5678 Wallisﬂuem
1069 5599 1239 5673 Sjbel
1270 5602 1719 5678 hucrevocavit,
1747 5602 1863 5678 alio

220 5670 505 5744 pertinet;
536 5686 588 5727 v.
624 5670 794 5744 infra.
827 5670 1083 5744 Denique
1112 5670 1246 5744 'quae
1274 5673 1345 5731 de
1379 5670 1864 5731 Annalibus'civi-

215 5738 360 5797 tatis
403 5746 568 5815 gesta
618 5738 1027 5817 antiquissime
1071 5738 1528 5815 continentibus,
1581 5758 1727 5816 quos
1759 5744 1864 5802 Sil-

1989 3981 2186 4033 vester
2220 3989 2366 4047 papa
2395 3975 2716 4032 revolvisse
2744 3974 2981 4043 dicitur,
3005 3975 3061 4031 in
3083 3975 3213 4032 Vita
3249 3977 3302 4032 S.
3333 3974 3541 4045 Agritii
3561 3974 3641 4031 le-

1986 4051 2207 4117 guntur
2239 4047 2317 4116 (ν.
2350 4062 2528 4118 supra
2551 4062 2607 4118 p.
2636 4049 2792 4118 112),
2814 4052 2982 4117 gesta
3008 4048 3271 4118 quaedam
3303 4047 3432 4103 Vita
3462 4047 3641 4104 fuisse

1989 4119 2339 4243 antigziiolra,
2377 4116 2513 4173 mihi
2545 4116 2903 4190 persuadere
2936 4116 3254 4189 nedueunt.

2269 4232 2283 4243 .
2320 4205 2369 4243 ι).
2396 4204 2493 4243 vn.

2088 4193 2209 4255 101)
2243 4193 2283 4255 Ι,
2319 4205 2369 4255 p.
2396 4204 2493 4244 νη.

2243 4191 2641 4331 ὕιρρἔδίῖοθηι
2675 4273 2802 4332 quae
2842 4272 2894 4314 c.
2929 4262 2998 4332 25
3040 4257 3123 4332 die
3146 4256 3535 4332 translatione
3567 4259 3629 4315 S.

1988 4329 2296 4400 Maximini,
2332 4329 2383 4386 ό.
2415 4335 2484 4386 ‘25
2511 4335 2571 4387 et
2600 4334 2669 4386 28
2695 4329 2768 4386 de
2790 4330 2947 4386 Hetti
2979 4334 3038 4386 et
3067 4329 3422 4386 Theoderico
3447 4329 3525 4385 ibi
3548 4345 3639 4388 se-

1988 4402 2191 4472 pultis,
2224 4417 2274 4458 c.
2310 4406 2379 4459 27
2411 4401 2481 4457 de
2511 4415 2760 4472 corpore
2798 4402 2851 4457 S.
2884 4401 3154 4458 Eucherii
3187 4400 3524 4457 traduntur.

2059 4473 2205 4552 (103)
2228 4473 2288 4527 V.
2307 4472 2480 4552 catal.
2499 4472 2899 4552 Qislonignum
2918 4487 3009 4544 ap.
3031 4472 3338 4552 Hontheim
3362 4473 3402 4552 I_,
3425 4487 3480 4544 p.
3503 4486 3636 4552 xgrv

2260 4560 2344 4616 p._
2375 4546 2463 4613 71,
2500 4547 2646 4616 159),
2707 4543 3105 4616 Prumiensem
3138 4544 3342 4600 Prodr.
3380 4543 3436 4613 l,
3459 4560 3510 4616 p.
3542 4549 3630 4602 78.

1987 4613 2209 4679 Quibus
2238 4613 2386 4671 a'dde
2416 4613 2656 4671 tertium
2682 4628 2867 4685 usque
2900 4615 2969 4671 ad
2996 4616 3311 4685 Egbertum
3333 4613 3635 4672 continua-

1939 4740 1952 4752 .
1985 4688 2107 4740 tum
2132 4699 2303 4756 quem
2330 4686 2722 4742 Bethmannus
2742 4700 2813 4741 ex
2832 4686 3122 4742 Lamberti
3152 4685 3384 4742 Florido
3413 4685 3635 4743 descri-

1983 4756 2474 4828 psitsﬂontheim
2506 4758 2548 4827 Ι,
2600 4772 2660 4828 p.
2692 4771 2851 4814 xxvn
2879 4756 3022 4814 dicit
3058 4776 3071 4828 ;
3106 4775 3133 4806 α
3167 4757 3332 4824 Quod
3366 4756 3515 4813 alius
3546 4756 3633 4813 vir

1982 4826 2232 4899 eximius
2263 4833 2324 4883 et
2345 4826 2548 4884 harum
2574 4826 2769 4885 rerum
2797 4827 3286 4899 prudentissimus
3317 4827 3508 4899 simile
3526 4828 3629 4883 Ms.

1983 4898 2292 4954 Gestorum
2337 4899 2652 4971 exemplar,
2707 4899 2762 4954 in
2798 4898 2911 4971 duo
2944 4899 3165 4971 pariter
3221 4898 3378 4971 nulla
3410 4898 3633 4971 episco-

1982 4982 2185 5039 porum
2217 4969 2448 5026 nomina
2495 4968 2648 5026 inter
2678 4968 2998 5027 Maternum
3029 4974 3086 5026 et
3121 4969 3407 5038 Agritium
3442 4968 3628 5025 media

1980 5043 2136 5109 sunt,
2172 5039 2286 5096 alio
2321 5040 2450 5097 loco
2482 5055 2512 5095 a
2546 5056 2609 5097 se
2630 5041 2820 5097 visum
2854 5041 2989 5096 mihi
3028 5041 3320 5097 retulerit.
3348 5062 3374 5088 ι
3402 5039 3629 5096 Sedl'or-

1980 5113 2141 5166 tasse
2168 5110 2471 5180 catalogus
2497 5111 2589 5167 vel
2613 5111 2845 5168 brevior
2864 5112 3112 5167 historia
3144 5110 3387 5181 intelligi
3414 5111 3485 5168 de
3506 5112 3622 5168 bet.

2051 5181 2195 5251 (104)
2239 5181 2513 5248 Quamvis
2562 5182 2840 5239 Hillarius
2887 5182 3203 5240 fortissime
3249 5188 3450 5239 contra
3480 5182 3626 5241 hanc

1979 5249 2342 5308 dimicaverit
2367 5253 2735 5309 sententiam.

2078 5327 2197 5381 105)
2231 5324 2312 5379 Cf.
2349 5323 2496 5379 infra
2530 5330 2723 5381 notam
2759 5322 2828 5380 ad
2857 5340 2908 5380 c.
2942 5327 3026 5380 16.

2079 5394 2197 5468 106)
2231 5394 2538 5468 Ηοηιὶιθὶηι
2573 5396 2791 5468 Hist._l,
2817 5412 2869 5468 p.
2899 5410 3013 5451 xxx.
3040 5396 3182 5468 Acta
3215 5395 3309 5468 SS.
3344 5397 3501 5468 Sept.
3530 5396 3620 5468 IV,

1977 5477 2031 5591 Β.
2065 5467 2191 5591 360.
2227 5467 2305 5521 De
2337 5478 2475 5522 vera
2506 5465 2781 5525 Methodii
2818 5465 3027 5525 aetate.
3058 5482 3112 5523 v.
3149 5466 3363 5523 ibidem
3392 5465 3502 5524 Iun
3531 5465 3620 5539 IV,

2006 5674 2016 5685 _
2048 5607 2196 5685 (107)
2216 5606 2608 5685 Paucissaape
2637 5607 2837 5664 verbis
2858 5607 3200 5685 additisvel
3233 5609 3473 5685 mutatis
3503 5609 3625 5665 fon-

1974 5677 2119 5732 tium
2149 5677 2555 5735 testimoniairi
2586 5693 2752 5736 suum
2776 5694 2943 5737 usum
2977 5681 3187 5746 vertit;
3210 5695 3261 5737 c.
3294 5684 3382 5736 22.
3418 5681 3624 5735 Roma-

1973 5760 2179 5805 norum
2209 5748 2392 5808 duces
2421 5749 2477 5809 in
2507 5751 2892 5809 Treverorum
2921 5751 3218 5825 principes
3249 5751 3516 5808 mutavit.
3550 5751 3611 5807 S.
