3994 6062
318 230 466 297 1081

1693 224 2320 292 PROLEGOMENA

3576 235 3733 301 1082

314 381 761 441 nonnunquam
806 367 1040 441 injusta
1061 366 1117 425 et
1136 367 1319 428 nimis
1340 368 1554 425 acerba
1573 367 1782 437 ratus:
1809 369 1971 427 alius
2004 369 2057 426 A
2089 369 2224 427 dose
2248 368 2321 426 ut
2341 370 2541 428 scriba
2576 371 2805 429 textum
2845 371 3013 429 haud
3047 372 3201 430 satis
3235 372 3609 432 intellexisse
3632 372 3738 432 sed

319 458 643 533 Godefridi
673 458 1108 532 archiepiscopi
1139 460 1396 532 tempora
1417 474 1493 518 ex
1511 462 1664 519 actis
1686 462 1973 530 genuinis

316 550 504 608 latius
528 550 872 622 exponenda
892 552 1114 608 sumsit
1134 554 1281 622 (1‘25)
1296 568 1320 619 ;
1346 552 1508 607 alius
1531 552 1785 624 denique
1804 551 1974 608 novis

315 639 733 698 additionibus
776 641 1000 697 textum
1041 642 1237 711 auxit,
1281 641 1513 699 chartis
1550 643 1608 698 et
1636 640 1975 713 diplomati-

316 727 441 793 bus,
473 744 606 802 quee
623 731 689 787 in
706 731 980 801 antiquis
1005 731 1199 789 Gestis
1223 731 1473 788 breviter
1490 730 1765 789 indicata
1783 732 1971 800 erant,

314 819 581 892 aliisque
610 818 822 878 multis
846 821 1019 891 plene
1049 821 1380 893 descriptis,
1415 822 1507 878 ita
1527 821 1595 878 ut
1611 835 1809 878 eorum
1827 822 1978 877 mole

310 910 644 980 genuinum
679 910 902 966 textum
932 924 1357 981 nonnunquam
1380 925 1628 982 prorsus
1655 911 1898 968 obruere
1924 911 1981 967 et

314 999 763 1056 chartularium
798 1000 1006 1071 potius
1045 1015 1229 1071 quam
1268 1001 1585 1058 chronicon
1629 1002 1980 1058 Treverense

316 1087 596 1144 exhibere
628 1089 924 1144 videatur.
966 1091 1131 1156 Quod
1150 1104 1188 1146 a
1211 1090 1519 1148 Lamberto
1552 1092 1622 1147 de
1650 1092 1834 1162 Legia
1864 1106 1980 1147 mo-

313 1177 501 1233 nacho
524 1177 974 1235 Sanmathiano
980 1178 1229 1250 factum
1252 1194 1393 1245 esse,
1414 1181 1556 1237 sunt
1575 1181 1683 1251 qui
1704 1174 1985 1238 statuant

315 1265 502 1335 (126);
531 1267 599 1321 id
625 1266 786 1336 quod
818 1282 1007 1338 neque
1034 1270 1388 1339 confirmare
1416 1284 1598 1340 neque
1626 1284 1846 1342 negare
1875 1284 1980 1325 au-

318 1354 461 1409 sim.
509 1354 677 1411 Certe
703 1356 904 1425 codex,
929 1357 1052 1413 nisi
1071 1356 1248 1413 valde
1250 1358 1472 1429 fallor,
1498 1358 1571 1415 ab
1593 1360 1719 1430 ipso
1743 1359 1982 1415 auctore

316 1445 625 1513 exaratus,
662 1445 727 1501 in
748 1458 884 1503 sxe.
919 1461 994 1500 xu
1016 1445 1207 1501 med-io
1240 1447 1519 1504 collocari
1548 1447 1736 1513 debet,
1763 1449 1819 1503 et
1837 1447 1980 1502 olim

314 1531 387 1587 in
420 1531 772 1592 bibliotheca
799 1534 1257 1592 Sanmathiana
1272 1536 1434 1607 fuit.
1475 1538 1775 1593 Praeterea
1798 1537 1980 1592 etiam

323 1622 467 1678 nota
491 1623 560 1678 de
581 1623 827 1680 ecclesia
858 1624 1076 1680 Sancti
1107 1625 1403 1681 Eucherii
1427 1626 1795 1697 rexdzjicata
1828 1625 1885 1681 et
1911 1626 1981 1681 de

2086 475 2267 531 quam
2276 463 2704 543 fidelissimum
2725 465 2979 522 ulterius
2996 465 3215 522 codicis
3238 466 3540 536 exemplar
3545 464 3734 536 fecis-

2083 564 2147 607 se
2164 552 2457 610 videatur.
2485 555 2559 609 In
2578 555 2843 625 singulis
2863 554 3057 610 verbis
3075 554 3407 611 scribendis
3428 569 3466 611 a
3487 555 3734 626 vulgari

2084 652 2234 713 sxpe
2260 643 2503 712 recedit,
2532 646 2749 713 quippe
2778 645 2883 714 qui
2906 660 2937 699 c
2954 659 3061 714 pro
3084 648 3126 710 1,
3159 660 3222 699 cc
3243 658 3347 713 pro
3369 648 3449 710 ct,
3478 658 3605 699 cum
3626 658 3733 714 pro

2085 745 2210 790 com
2243 735 2298 786 et
2334 732 2467 789 alia
2499 732 2779 789 exhibeat
2795 734 3161 804 peculiaria.
3214 735 3356 789 Tam
3403 733 3517 789 huc
3554 746 3735 803 quam

2083 822 2299 878 menda
2328 823 2445 878 illa
2468 824 2761 893 graviora
2796 821 3006 880 scribes
3045 822 3361 881 tribuenda
3401 835 3523 880 esse
3556 822 3737 892 puto;

2084 923 2205 967 non
2227 924 2448 981 paucos
2473 924 2604 966 vero
2630 925 2858 968 errores
2884 912 3006 982 ipsi
3035 911 3341 970 Gestorum
3369 912 3601 969 auctori
3628 913 3735 968 im-

2081 999 2444 1071 putaverim.
2492 1002 2703 1058 Brevis
2742 1000 2811 1056 de
2845 1001 3305 1070 archiepiscopis
3343 999 3730 1068 Adalberone,

2091 1089 2415 1162 Godefrido
2437 1091 2496 1146 et
2519 1089 2864 1160 Meginhero
2890 1091 3109 1146 notitia
3138 1091 3265 1146 alia
3291 1103 3477 1145 manu
3497 1088 3562 1144 in
3581 1087 3736 1144 codi-

2090 1192 2169 1246 ce,
2194 1179 2378 1250 hujus
2398 1180 2466 1235 ut
2484 1179 2723 1236 videtur
2743 1178 3097 1250 temporibus
3117 1179 3354 1249 scripto,
3381 1178 3592 1234 addita
3615 1176 3726 1232 est.

2090 1268 2265 1325 Hanc
2284 1281 2408 1325 una
2429 1283 2560 1325 cum
2583 1268 2894 1328 Gestorum
2916 1268 3357 1338 textu/ideli/er
3386 1265 3727 1335 descripsit.

2164 1358 2254 1427 (Α)
2290 1358 2367 1413 1ι).
2407 1357 2606 1414 Codex
2623 1359 2811 1415 musci
2830 1357 3199 1421 Britannici,
3230 1356 3462 1411 Harlei.
3488 1369 3545 1409 n.
3573 1358 3731 1422 3773,

2089 1459 2225 1503 sxc.
2256 1462 2353 1516 xu,
2381 1460 2553 1516 quem
2573 1447 2711 1502 ante
2729 1460 2916 1503 annos
2937 1446 3170 1516 aliquot
3183 1447 3318 1515 jam
3342 1444 3618 1500 Pertzius
3640 1456 3736 1497 no-

2090 1547 2174 1590 vx
2204 1534 2344 1591 huic
2374 1533 2683 1591 Gestorum
2714 1534 2965 1590 editioni
2997 1533 3377 1598 adhibuerat,
3419 1547 3575 1587 nunc
3603 1545 3736 1587 vero

2093 1622 2190 1681 his
2216 1624 2449 1681 schedis
2483 1622 2754 1679 Treveris
2785 1621 3109 1694 deperditis
3131 1623 3345 1677 iterum
3368 1635 3545 1691 quam
3569 1633 3738 1676 accu-

317 1713 522 1768 saneto
555 1711 798 1768 Mathia
826 1713 1065 1769 invento
1090 1715 1235 1785 (127)
1259 1715 1443 1787 hujus
1469 1714 1711 1772 cxnobii
1737 1716 1979 1785 scripto-
2008 1735 2060 1794 Β
2089 1714 2396 1771 ratissime
2424 1714 2569 1770 V.cl.
2591 1712 2795 1768 ai‘hler
2811 1711 3147 1782 exscripsit.
3172 1713 3291 1773 Quo
3310 1709 3739 1779 comprobatum

315 1813 441 1856 rem
467 1801 752 1872 arguunt.
776 1803 944 1859 Idem
958 1804 1464 1861 continuationem
1481 1804 1553 1860 ab
1570 1819 1625 1860 a.
1652 1809 1673 1859 1
1692 1808 1807 1859 132-
1820 1808 1839 1861 1
1854 1810 1872 1858 1
1887 1808 1973 1873 52,

319 1904 399 1945 ex
442 1890 577 1946 Vita
606 1892 804 1948 sancti
840 1892 1235 1950 Adalberonis
1263 1908 1545 1963 magnam
1562 1894 1803 1964 partem
1832 1894 1980 1950 hau-

319 1979 497 2048 stam,
544 1980 839 2051 adjecisse
856 1982 1171 2052 putandus
1201 1984 1304 2048 est,
1341 1997 1524 2052 quam
1554 1983 1621 2039 in
1649 1983 1845 2041 codice
1871 1983 1979 2039 illo

329 2067 532 2124 eadem
558 2083 764 2139 manu,
798 2073 1075 2139 quamvis
1107 2085 1224 2127 non
1253 2071 1529 2129 continuo
1560 2071 1801 2141 calamo,
1834 2074 1980 2129 scri-

322 2158 490 2229 ptam
516 2157 802 2215 videmus.
834 2161 1039 2230 Neque
1058 2175 1190 2216 vero
1212 2160 1377 2217 ultra
1404 2161 1560 2218 hunc
1585 2175 1810 2218 annum
1834 2163 1980 2218 scri-

323 2247 460 2318 ptor
477 2260 827 2318 progressus
848 2250 951 2319 est,
975 2249 1081 2306 sed
1109 2250 1223 2306 alii
1246 2251 1450 2320 postea
1480 2251 1640 2307 alias
1671 2252 1981 2309 continua-

324 2335 512 2394 tiones
542 2336 910 2409 adjecerunt,
945 2338 1015 2395 de
1042 2338 1263 2409 quibus
1290 2339 1442 2396 alibi
1472 2342 1819 2398 accuratius
1847 2355 1980 2413 age-

321 2440 453 2484 mus
468 2469 480 2480 .

393 2515 521 2572 Hoc
552 2514 671 2571 loco
700 2515 1125 2587 antiquissima
1162 2517 1540 2575 Treverorum
1573 2516 1753 2575 Gesta
1792 2531 1981 2589 usque

325 2602 409 2659 ad
437 2617 495 2659 a.
536 2608 691 2673 1101,
730 2605 909 2662 Gesta
938 2606 1117 2662 aucta
1144 2606 1201 2661 et
1222 2606 1573 2663 continuata
1599 2621 1787 2678 usque
1813 2607 1894 2664 ad
1919 2621 1975 2664 a.

328 2696 483 2761 1132,
507 2692 763 2762 denique
779 2693 1117 2751 additiones
1137 2708 1265 2751 sese.
1296 2710 1370 2750 xu
1376 2696 1593 2767 factas
1614 2695 1976 2754 exhibemus.

327 2781 468 2846 qu
498 2781 699 2837 omnia
726 2782 990 2839 codicum
1011 2783 1070 2838 et
1083 2783 1477 2840 recentiorum
1500 2784 1857 2855 scriptorum
1879 2799 1982 2842 au-

323 2869 603 2926 ctoritate
625 2870 788 2928 ducti
818 2871 1199 2927 Treverorum
1231 2873 1414 2931 Gesta
1442 2875 1855 2942 nominamus;
1879 2875 1984 2931 sed

332 2959 401 3014 ut
426 2959 673 3029 singula
703 2959 1127 3017 discernantur
1147 2976 1344 3031 opera,
1368 2961 1627 3031 primum
1648 2977 1700 3032 a,
1724 2963 1983 3020 alterum

329 3047 384 3115 b,
418 3048 660 3104 tertium
679 3062 811 3104 vero
834 3063 864 3103 c
886 3050 1277 3107 nominamus.
1314 3050 1833 3108 C’ontinuationem
1864 3052 1985 3109 bre-

328 3150 455 3192 vem
480 3150 669 3207 usque
687 3138 768 3193 ad
788 3151 853 3193 a.
887 3142 1023 3193 1152
1042 3138 1096 3192 et
1121 3152 1254 3207 qua?
1272 3140 1473 3208 postea
1496 3140 1751 3198 diversis
1778 3142 1988 3211 tempo-

2091 1803 2195 1867 est,
2232 1802 2389 1859 hunc
2415 1800 2635 1859 librum
2662 1800 2880 1857 codicis
2913 1805 2935 1855 1
2970 1812 3091 1857 esse
3121 1800 3442 1868 exemplar,
3472 1799 3581 1865 ita,
3616 1798 3739 1852 nisi

2072 1891 2297 1963 fallor,
2317 1891 2560 1963 factum
2587 1890 2655 1946 ut
2681 1888 2882 1947 scriba
2912 1887 3194 1960 magistri
3234 1887 3523 1944 dictantis
3558 1884 3739 1942 verba

2087 1981 2317 2037 calamo
2339 1979 2662 2050 exciperet;
2685 1991 2808 2050 qua
2827 1977 3130 2034 occasione
3149 1977 3248 2033 hic
3270 1976 3494 2031 textum
3511 1975 3576 2030 in
3602 1979 3616 2029 1
3645 1974 3738 2029 de-

2075 2069 2406 2140 pravatum
2444 2067 2801 2138 conjecturis
2838 2079 3060 2123 sanare
3097 2056 3427 2132 conaretur,
3471 2063 3577 2119 ille
3603 2076 3736 2117 vero

2086 2171 2262 2214 novos
2284 2155 2670 2214 committeret
2689 2168 2916 2211 errores
2935 2153 3211 2224 antiquis
3226 2153 3555 2224 graviores.
3583 2152 3739 2209 Nam

2089 2247 2234 2303 adeo
2244 2248 2381 2317 jam
2401 2244 2577 2301 verba
2597 2243 3039 2315 sententiasque
3056 2241 3336 2312 corrupta
3359 2240 3637 2308 videmus,
3670 2239 3739 2295 ut

2086 2349 2239 2393 verx
2265 2335 2530 2392 lectionis
2550 2333 2734 2389 etiam
2753 2331 3013 2403 vestigia
3039 2344 3188 2401 sxpe
3214 2329 3590 2386 evanuerint.
3630 2330 3739 2385 Re-

2089 2425 2311 2482 centior
2331 2437 2545 2480 manus
2563 2421 2758 2478 multa
2779 2420 3059 2489 correxit,
3091 2432 3519 2489 nonnunquam
3548 2417 3737 2473 altero

2087 2515 2157 2571 ut
2175 2512 2411 2569 videtur
2433 2511 2628 2569 codice
2656 2510 2890 2580 adjuta,
2923 2510 3141 2580 sapius
3167 2509 3350 2565 meris
3379 2507 3739 2578 conjecturis

2088 2603 2409 2674 indulgens
2452 2633 2521 2641 -—-
2545 2601 2621 2658 In
2642 2600 2878 2657 ultimis
2900 2599 3159 2667 quatuor
3183 2597 3325 2654 libri
3339 2596 3526 2668 foliis
3548 2593 3738 2651 libelli

2091 2691 2253 2749 alius
2274 2690 2613 2761 argumenti
2634 2688 2782 2760 (129)
2805 2688 3016 2757 scripti
3040 2688 3201 2745 sunt.

2166 2780 2255 2851 (A)
2277 2784 2336 2835 2.
2377 2780 2576 2837 Codex
2592 2780 2782 2835 musci
2798 2776 3168 2845 Britannici,
3191 2772 3499 2833 Arundell.
3526 2788 3583 2829 n.
3610 2777 3736 2840 270,

2092 2884 2227 2928 sae.
2268 2885 2387 2937 xm,
2422 2868 2493 2925 ut
2514 2867 2773 2937 videtur,
2806 2868 2980 2925 iri-lim
3004 2867 3283 2936 scriptus,
3317 2862 3420 2921 ubi
3441 2863 3568 2935 fol.
3619 2864 3739 2917 1-23

2098 2960 2277 3019 Gesta
2302 2959 2681 3015 Treveron
2704 2956 2961 3028 antiqua
2986 2956 3281 3026 leguntur.
3306 2955 3480 3009 Hunc
3503 2951 3739 3016 librum,

2096 3051 2239 3106 olim
2262 3048 2534 3121 fortasse
2560 3046 2880 3118 Moguntix
2906 3045 3004 3101 vel
3026 3046 3094 3102 in
3123 3043 3359 3100 dioecesi
3388 3040 3742 3112 Moguntina

2096 3136 2462 3195 asservatum
2492 3135 2658 3207 (130),
2689 3135 2924 3206 primus
2960 3134 3039 3190 cl.
3088 3130 3462 3202 Lappenberg
3503 3128 3739 3193 evolvit,

331 3223 503 3281 ribus
536 3225 604 3280 de
635 3226 921 3296 episcopis
955 3226 1413 3284 Treverensibus
1443 3230 1671 3300 scripta
1696 3230 1841 3286 sunt
1866 3231 1990 3286 alio
2098 3240 2285 3295 nuper
2312 3239 2448 3281 vero
2479 3225 2559 3281 cl.
2602 3224 2826 3295 Thorpe
2854 3224 2920 3279 in
2947 3235 3092 3279 usus
3126 3220 3357 3277 nostros
3396 3216 3742 3287 exscripsit.

343 3312 529 3383 hujus
559 3314 923 3370 collectionis
952 3315 1253 3370 volumine
1282 3315 1537 3373 edemus.

398 3402 575 3459 Nunc
616 3403 842 3459 codices
873 3405 1164 3475 quotquot
1191 3405 1271 3460 ad
1297 3404 1580 3461 notitiam
1609 3406 1875 3464 nostram
1902 3423 1995 3465 ve-

328 3492 546 3547 nerunt
569 3490 827 3548 breviter
856 3492 1276 3562 describemus,
1311 3508 1411 3564 spe
1442 3494 1604 3551 ducti
1619 3497 1765 3567 fore
1792 3497 1864 3553 ut
1890 3497 1997 3556 hoc

214 3640 223 3643 Α
328 3580 497 3635 modo
528 3595 645 3638 non
674 3583 867 3638 solum
906 3582 1163 3640 editioni
1203 3585 1420 3640 nostree
1447 3585 1611 3641 viam
1638 3586 1993 3659 sternamus,

340 3668 447 3725 sed
473 3683 543 3726 ea
571 3684 803 3741 quoque
826 3672 1023 3741 magis
1050 3673 1473 3742 confirmentur
1492 3676 1674 3743 atque
1692 3676 2001 3733 illustren-

348 3758 444 3813 tur
465 3772 597 3829 qua
604 3761 743 3829 jam
764 3761 1165 3829 exposuimus.
1208 3761 1365 3816 Nam
1385 3761 1611 3817 codices
1630 3765 1838 3833 secuti,
1868 3764 1998 3821 Tri-

345 3846 403 3902 th
413 3848 553 3902 emii
584 3861 811 3904 errores
842 3847 1267 3917 deprehendere
1287 3850 1346 3903 et
1362 3864 1475 3904 non
1495 3849 1685 3905 solum
1708 3851 1828 3908 tres
1852 3854 1996 3909 illas

353 3936 661 3993 Gestorum
672 3937 917 4007 formas
944 3950 1244 3992 secernere
1267 3937 1373 3993 sed
1397 3937 1578 3994 etiam
1599 3938 1848 3997 leviores
1866 3956 1996 3998 mu-

335 4024 599 4081 tationes
628 4024 903 4081 indicare
919 4025 1247 4096 potuimus.

408 4112 495 4181 (A)
531 4117 579 4167 1.
620 4112 819 4169 C'odex
846 4117 991 4185 (128)
1014 4114 1157 4170 olim
1188 4114 1591 4173 «monasterii
1616 4116 1832 4175 Sancti
1863 4112 1994 4176 ua-

336 4201 479 4258 thix
508 4202 763 4271 apostoli
794 4204 967 4258 extra
996 4216 1194 4259 muros
1227 4203 1608 4262 Treverenses
1635 4207 1759 4261 ord.
1796 4208 1992 4264 sancti

334 4290 667 4360 Benedicti,
700 4309 727 4341 »
762 4291 986 4347 nostris
1019 4291 1377 4361 temporibus
1405 4293 1471 4348 in
1499 4293 1850 4351 bibliotheca
1872 4296 1992 4354 viri

338 4378 671 4436 doctissimi
720 4379 990 4435 Fiehard
1038 4379 1566 4452 Francofurtensis
1614 4386 1979 4442 asservatus.

2101 3316 2229 3371 Hoc
2258 3314 2565 3373 Gestorum
2594 3312 2917 3384 exemplar,
2946 3325 3064 3366 non
3082 3323 3157 3366 ex
3178 3315 3230 3379 1,
3257 3308 3363 3365 sed
3391 3321 3464 3362 ex
3492 3307 3615 3362 alio
3646 3304 3752 3360 hu-

2088 3404 2198 3475 jus
2222 3403 2584 3461 recensionis
2612 3402 2807 3458 codiee
2834 3400 3150 3470 sumptum,
3185 3396 3473 3455 accurata
3491 3393 3755 3467 praestat

2103 3493 2403 3552 scribendi
2421 3493 2674 3559 ratione,
2699 3490 2805 3547 sed
2817 3489 3048 3546 mendis
3067 3487 3309 3545 minime
3327 3485 3508 3567 caret,
3534 3485 3752 3555 quippe

2104 3583 2265 3655 quod
2280 3582 2447 3637 modo
2466 3581 2642 3637 verba
2667 3580 2920 3648 omittat,
2955 3578 3119 3633 modo
3149 3576 3280 3632 alia
3310 3573 3611 3632 addatvel
3630 3586 3751 3630 cor-

2104 3671 2463 3730 rectio-nibus
2508 3671 2823 3740 antiquum
2864 3680 3185 3725 sermonem
3229 3665 3521 3736 deformet
3563 3662 3741 3733 (131).

2104 3762 2473 3818 Brevissima
2504 3761 2569 3815 in
2585 3760 2713 3830 ﬁne
2742 3758 2981 3831 adjecta
3018 3756 3110 3814 est
3141 3753 3509 3813 continuatio
3547 3751 3750 3809 eadem

2102 3865 2288 3906 manu
2312 3849 2568 3919 scripta.

2180 3938 2326 3994 Cum
2357 3936 2463 3993 hoc
2488 3935 2684 3992 codice
2702 3934 2911 4004 plures
2939 3935 3031 3991 ita
3061 3932 3431 4001 conveniunt,
3463 3931 3533 3987 ut
3563 3943 3638 3987 ex
3664 3945 3750 3986 eo-

2105 4025 2234 4082 dem
2257 4026 2434 4096 fonte
2472 4022 2676 4079 hausti
2715 4035 2838 4079 esse
2877 4020 3147 4076 debeant.
3194 4019 3363 4075 Inter
3385 4032 3531 4089 quos
3557 4021 3750 4090 primo

2104 4114 2223 4171 loco
2252 4112 2622 4170 nominanda
2648 4111 2789 4167 sunt
2807 4110 2920 4165 duo
2937 4109 3203 4166 codicum
3216 4108 3593 4180 fragmenta,
3620 4122 3751 4179 qua

2100 4203 2303 4259 utrum
2331 4202 2472 4258 huic
2500 4200 2684 4257 classi
2716 4197 3035 4255 tribuenda
3064 4198 3193 4255 sint
3216 4211 3393 4255 necne
3412 4199 3550 4269 jam
3575 4197 3750 4254 intel-

2105 4292 2215 4363 ligi
2244 4291 2458 4362 nequit
2475 4310 2495 4345 .-

2173 4382 2256 4450 33)
2290 4379 2489 4436 Codex
2517 4375 3026 4449 Guelferbytanus
3041 4388 3175 4433 sxo.
3208 4389 3306 4445 xu,
3332 4376 3440 4445 qui
3458 4388 3616 4432 nunc
3634 4386 3749 4431 uno

338 4467 513 4525 Liber
526 4468 713 4541 foliis
743 4471 812 4522 75
842 4469 1094 4537 minoris
1109 4444 1331 4540 fornix
1360 4472 1607 4541 constat,
1640 4487 1893 4543 quorum
1921 4480 1989 4531 69
2018 4444 2072 4505 Β
2104 4444 2335 4527 tantum
2355 4444 2746 4540 quaternione
2763 4444 3012 4535 constat,
3038 4479 3152 4536 quo
3176 4444 3487 4525 Gestorum
3502 4464 3749 4520 initium

340 4556 536 4614 Gestis
584 4556 918 4627 explentur,
969 4571 1102 4629 qux
1151 4559 1363 4615 sxculo
1410 4575 1487 4615 xu
1533 4561 1657 4617 ine.
1712 4576 1829 4618 non
1865 4578 1991 4622 una

336 4657 539 4713 manu,
562 4645 798 4714 partim
831 4647 900 4702 in
927 4646 1291 4704 membranis
1321 4661 1474 4719 quas
1504 4649 1715 4707 dicunt
1727 4651 1990 4724 palimp-

337 4732 512 4789 sestis
531 4732 761 4803 scripta
780 4735 938 4803 sunt,
962 4735 1329 4806 negligenter
1349 4738 1592 4808 quidem
1613 4740 1673 4796 et
1692 4741 1815 4797 tam
1833 4756 1990 4800 men-

2098 4571 2287 4628 usque
2308 4557 2390 4613 ad
2409 4555 2530 4613 hac
2547 4569 2674 4626 cap.
2702 4560 2735 4611 9
2754 4554 2974 4613 verba:
2998 4570 3050 4610 In
3076 4553 3325 4610 concilio
3348 4552 3552 4609 habuit
3593 4551 3677 4608 cir
3704 4553 3747 4607 ll

2100 4645 2341 4717 legitur,
2365 4659 2581 4702 acc/ira
2590 4645 2644 4700 te
2662 4644 2816 4702 satis
2838 4643 2898 4700 et
2912 4642 3104 4701 nitide
3124 4641 3404 4713 scriptus.

2172 4745 2256 4815 3b)
2275 4744 2473 4801 Codex
2484 4742 2683 4800 viricl.
2704 4741 2978 4814 Leopoldi
2995 4755 3114 4798 van
3130 4737 3747 4811 Alstein,Gandensis,

1920 4920 2142 4979 NOT/E.

438 5058 561 5126 125)
596 5055 734 5120 Quae
765 5053 898 5109 vide
931 5052 1078 5126 infra
1099 5052 1283 5126 edita.

412 5056 561 5194 (125)
596 5056 734 5120 Quae
765 5056 898 5109 vide
931 5056 1078 5108 infra
1107 5056 1283 5109 edita.

438 5130 563 5208 120)
595 5124 1064 5208 Wytienbach‘p.
1098 5124 1445 5208 1181101.Δ
1469 5126 1546 5208 (ρ.
1584 5131 1687 5208 172
1718 5145 1769 5208 ρ.
1798 5131 1986 5208 eidem

342 5198 697 5270 mutationes
730 5195 1070 5270 1111181211.Δ
1098 5199 1180 5270 15.
1203 5197 1401 5270 iactas
1432 5195 1686 5270 tribuit.)
1720 5202 1796 5256 De
1831 5203 1988 5260 Lam-

341 5269 509 5323 berto
536 5283 590 5321 ν.
628 5268 817 5323 Mirac.
851 5268 902 5322 S.
941 5266 1167 5323 Mathiae
1200 5266 1255 5321 in
1288 5268 1548 5339 Append.

412 5339 561 5403 (127)
590 5339 645 5392 C.
679 5343 766 5393 25.

965 5407 1071 5465 hoc
1107 5407 1364 5491 filiisque
1391 5409 1697 5467 codicibus
1722 5412 1839 5482 jam
1887 5417 1990 5471 Ar—

341 5479 493 5538 chiv.
528 5481 642 5546 VII,
677 5495 732 5550 p.
769 5484 860 5534 5H
902 5493 1054 5551 sqq.,
1089 5479 1227 5536 dixi.

415 5552 564 5624 (129)
594 5552 820 5624 Prima
837 5551 1131 5624 dedicatio
1145 5566 1339 5624 quam
1361 5552 1674 5611 constituit
1687 5568 1800 5612 rex
1816 5556 1990 5614 Salo-

342 5637 509 5694 mon;
539 5622 620 5681 De
634 5622 988 5696 paenitentia
1009 5624 1069 5680 et
1088 5622 1438 5682 liberatione
1454 5626 1831 5698 Salomonis;
1855 5629 1989 5685 Dis-

2097 5065 2383 5121 sonantia
2415 5061 2715 5122 Ambrosii
2743 5063 2803 5118 et
2825 5062 3146 5118 Jeronimi.

2171 5135 2319 5207 (130)
2352 5136 2488 5192 Nam
2524 5133 3098 5207 archiepiscoporum
3147 5132 3748 5207 Moguntinorucha-

2100 5203 2355 5276 talogu’m
2414 5239 2447 5245 —-
2483 5221 2532 5261 a.
2574 5208 2711 5260 12.30
2742 5204 2796 5259 in
2832 5204 3036 5260 ultimo
3067 5203 3177 5274 legi
3208 5204 3482 5276 foliojam
3514 5204 3743 5262 Archiv.

2098 5278 2212 5332 VII.
2251 5293 2305 5347 p.
2342 5281 2462 5345 512,
2498 5276 2714 5332 notavi.

2171 5345 2320 5419 (131)
2355 5350 2413 5402 Ε.
2445 5362 2532 5418 gr.
2566 5362 2614 5419 c.
2643 5353 2679 5419 0
2704 5360 2895 5417 neque
2919 5378 2988 5387 —
3016 5345 3291 5419 volebant
3309 5362 3359 5404 c.
3395 5352 3460 5404 10
3488 5362 3617 5405 cum
3651 5347 3748 5405 his

2096 5448 2167 5458 —
2189 5417 2598 5489 pervenerant,
2626 5418 2682 5474 et
2707 5418 2815 5488 qui
2848 5449 2913 5458 —
2941 5418 3469 5490 proﬁciscebantur
3491 5420 3705 5476 desum.
3732 5435 3745 5477 :

2098 5504 2147 5545 c.
2183 5494 2272 5559 23,
2308 5503 2627 5563 propenus
2657 5490 2939 5561 scriptum
2968 5496 3060 5547 est
3076 5492 3343 5563 penuria
3370 5496 3425 5547 et
3469 5490 3600 5547 inde
3634 5491 3744 5547 loci

2099 5575 2306 5618 sensus
2340 5561 2721 5618 deformatur.
