3972 6042
306 216 309 219 -
340 179 496 251 1088

1575 180 1845 251 GESTA
1872 173 2230 249 'TREVER
2239 180 2476 251 ORUM

3585 172 3800 247 1084

338 338 519 397 antea
539 339 841 397 Lammens
870 335 890 409 (
900 338 1042 411 132),
1068 352 1198 399 sae.
1233 354 1332 411 xu,
1376 341 1677 414 eleganter
1713 341 1783 399 in
1808 352 1985 396 mem-
2013 320 2065 379 Α
2097 338 2434 398 ternionum
2453 337 2688 396 numeri
2715 332 3199 395 XXXI-XXXIV
3217 332 3552 407 ostendunt,
3574 334 3797 394 nota-

340 427 549 487 branis
577 429 884 487 exoratus.
921 430 1126 501 Hujus
1155 444 1388 503 quoque
1418 432 1540 488 octo
1572 430 1805 487 tantum
1817 429 1984 502 folia

337 520 675 590 supersunt,
713 532 845 591 qua
862 532 1051 590 usque
1069 519 1153 576 ad
1184 533 1232 577 c.
1258 522 1328 576 12
1352 518 1559 577 verba:
1605 519 1983 590 magistratus

342 622 471 680 quia
494 608 812 679 pertinent.

409 698 547 754 Huc
571 695 859 754 accedunt
874 695 1120 765 codices,
1154 708 1301 768 quos
1330 709 1461 754 cum
1484 696 1761 768 antiquis
1791 696 1986 757 Gestis

343 782 459 855 (Η.)
482 797 672 857 usque
691 784 774 841 ad
789 782 1125 839 Eberhardi
1142 784 1386 841 mortem
1408 784 1475 853 (σι-
1496 798 1552 842 a.
1582 786 1740 855 1066)
1764 785 1985 842 exscri-

325 872 452 944 ptis
471 871 974 929 continuationem
992 871 1169 928 illam
1187 886 1375 945 usque
1394 873 1476 929 ad
1494 888 1550 930 a.
1578 878 1714 929 1132
1731 872 1863 943 conj
1869 886 1975 930 un-

332 962 498 1018 aisse
512 960 668 1017 etita
679 973 891 1016 nov-um
902 959 1328 1031 quodammodo
1340 976 1482 1032 opus
1495 961 1777 1034 cfeeisse,
1791 975 1982 1034 supra

322 1051 459 1120 jam
496 1048 651 1105 dini.
695 1050 907 1106 Nescio
938 1063 1019 1105 an
1047 1049 1272 1106 codices
1303 1055 1364 1105 3°
1394 1051 1456 1105 3b
1487 1051 1602 1107 huc
1614 1051 1980 1121 pertineant,

331 1137 558 1208 reliqui
569 1151 703 1194 vero
713 1138 991 1195 saculum
1008 1153 1106 1194 xm
1119 1152 1235 1195 non
1248 1140 1550 1210 superant,
1566 1153 1754 1209 neque
1789 1140 1978 1209 atate,

330 1239 519 1299 neque
555 1227 844 1284 accurata
873 1226 1117 1285 lectione
1162 1227 1660 1297 commendantur,
1706 1230 1984 1299 quamvis

333 1328 466 1373 cum
493 1319 527 1371 2
551 1315 903 1386 plerumque
929 1316 1298 1373 conveniant.

407 1403 461 1474 4)
488 1403 687 1460 ϐοάσω
715 1405 770 1460 γ.
796 1405 867 1461 el.
899 1403 1449 1476 ThomaPhillipps
1473 1406 1713 1477 equitis,
1730 1406 1795 1461 in
1812 1407 1985 1475 cujus

333 1493 639 1550 ditissima
665 1491 1015 1550 bibliotheca
1039 1493 1371 1551 Middlehil
1391 1494 1757 1564 asservatur,
1792 1495 1898 1564 qui
1920 1495 1986 1550 in

315 1582 501 1653 foliis
519 1584 589 1636 42
608 1581 1075 1639 membranaceis
1100 1596 1284 1639 manu
1310 1596 1438 1640 sae.
1468 1598 1564 1638 xm
1598 1581 1776 1639 Gesta
1798 1583 1983 1639 conti-

332 1671 452 1740 net,
482 1670 636 1728 satis
666 1670 989 1740 diligenter
1019 1671 1296 1728 eaarata.
1328 1672 1676 1743 Pracipuas
1709 1672 1983 1728 lectiones
2012 1697 2065 1757 Β

334 1760 407 1815 cl.
444 1758 821 1830 Lappenberg
854 1760 1136 1817 enatavit.

2093 420 2209 501 que
2226 428 2341 486 hac
2357 428 2707 486 recentioris
2729 440 2943 483 manus
2972 425 3398 497 confirmatur:
3419 427 3481 480 In
3503 423 3789 497 v[e1.eri]

2092 517 2352 591 c[odice]
2381 517 2790 590 praecedebant
2811 515 2982 573 Gesta
2999 516 3352 571 Francorum
3376 517 3435 569 et
3463 514 3785 571 Historiae

2094 605 2369 664 miscella
2416 605 2581 663 Pauli
2629 604 2864 661 Diaconi
2921 603 3151 661 nomine
3196 602 3330 659 libri
3382 618 3531 659 xxxv.
3567 604 3791 662 Nunc

2078 695 2259 753 nihil
2271 696 2396 753 nisi
2414 692 2593 752 Gesta
2620 694 3002 751 Treverorum
3023 692 3125 750 hic
3161 691 3443 763 leguntur
3443 693 3583 763 jam
3603 692 3789 748 duo-

2095 783 2200 842 bus
2214 784 2398 858 foliis
2419 785 2657 842 omissis
2675 796 2909 840 manca.
2938 781 3062 839 Sed
3080 782 3202 839 hac
3222 795 3407 851 nuper
3422 780 3786 838 Eethman-

2090 887 2205 930 nus
2224 874 2422 931 noster
2445 874 2641 929 Roma
2668 871 2894 943 reperit
2911 872 2980 928 in
2998 870 3121 928 cod.
3178 870 3464 927 Vaticano
3490 867 3775 938 Christ,

2090 977 2149 1020 n.
2186 965 2344 1032 1283,
2378 961 2480 1018 ubi
2492 961 2554 1034 f.
2586 966 2674 1031 70,
2708 964 2795 1032 71,
2818 959 3076 1017 exstant.

2163 1051 2246 1123 δυ)
2266 1050 2466 1108 ϐοάσω
2505 1051 2882 1107 Parisiensis
2920 1047 3471 1115 Saint-Germain,n.
3497 1051 3590 1116 77,
3608 1046 3766 1118 fol.

2089 1140 2260 1211 magi,
2286 1154 2315 1197 s
2376 1156 2497 1209 xm,
2542 1139 2773 1197 duabus
2810 1138 3100 1195 columnis
3120 1135 3389 1207 scriptos,
3410 1136 3517 1206 qui
3539 1149 3783 1192 eacon-

2093 1229 2246 1287 tinet
2261 1242 2394 1300 qua
2422 1231 2489 1287 in
2527 1233 2589 1284 6°
2600 1230 2736 1301 jam
2758 1227 3199 1288 desiderantur,
3213 1225 3452 1297 partem
3472 1224 3780 1282 historia

2090 1318 2460 1374 Francorum
2480 1316 2553 1373 ab
2584 1317 2834 1388 Hugone
2854 1315 3224 1373 Floriawnsi
3252 1313 3508 1385 scripta,
3546 1313 3778 1370 Histo-

2090 1408 2253 1463 riam
2278 1406 2624 1474 miscellam,
2658 1403 3023 1477 fragmenta
3063 1403 3338 1473 quadam
3384 1402 3454 1457 de
3483 1400 3775 1459 historia

2094 1495 2480 1561 Francorum,
2507 1496 2708 1564 iisque
2730 1492 2911 1553 Gesta
2930 1492 3312 1548 Treverorum
3332 1488 3509 1546 addit
3525 1489 3612 1545 ad
3620 1503 3770 1545 ver-

2097 1582 2229 1639 bum
2249 1596 2325 1638 σω
2335 1585 2416 1637 6°.
2437 1582 2667 1653 descrip
2674 1582 2754 1646 ta,
2770 1581 2842 1637 ut
2856 1581 3141 1637 accurata
3153 1578 3418 1636 codicum
3428 1576 3771 1634 collatione

2090 1684 2231 1728 mea
2257 1669 2553 1727 intellexi.

2164 1759 2274 1827 ὅδ’)
2327 1758 2528 1815 ϐοάσω
2552 1756 2930 1814 Parisiensis
2960 1754 3437 1824 Saint-Germain,
3470 1767 3535 1810 n.
3582 1757 3759 1825 1079,

406 1848 489 1915 5⁸)
519 1846 717 1902 ϐοάσω
736 1846 1215 1918 Hamburgensis
1234 1848 1395 1904 Hist.
1418 1848 1580 1916 eccl.,
1602 1852 1680 1917 4ο,
1706 1862 1761 1903 n.
1786 1848 1992 1907 XXXI
2092 1848 2304 1905 saculo
2326 1863 2440 1918 xvn,
2467 1860 2541 1903 σω
2559 1846 2713 1904 libro
2732 1846 2909 1903 Joan.
2955 1845 3010 1902 le
3026 1845 3216 1903 Feron
3241 1843 3757 1915 Carolopolitani,

342 1934 513 2005 (133),
531 1935 674 1991 olim
691 1935 1079 2008 Ufenbachii,
1094 1936 1305 2007 postea
1330 1936 1542 2003 Wol/li,
1561 1935 1837 2005 ehart.,s.
1856 1938 1979 2005 XV,

333 2025 413 2093 4ο,
464 2024 573 2094 qui
600 2022 776 2086 foliis
805 2027 910 2078 223
952 2026 1132 2081 varia
1174 2038 1353 2096 opera
1381 2026 1645 2082 continet
1670 2024 1978 2095 historica,

331 2110 588 2168 Joannis
618 2111 689 2167 de
714 2110 1053 2168 Stabulaus
1080 2110 1259 2169 Gesta
1298 2113 1653 2183 ponti/lcum
1687 2113 1985 2183 Tungren-

330 2196 475 2267 ium,
516 2197 697 2257 Gesta
730 2199 1177 2256 Treverensium
1204 2212 1428 2257 necnon
1457 2199 1707 2257 Eusebii
1726 2201 1786 2257 et
1807 2202 1983 2259 Pros-

322 2285 461 2358 peri
486 2286 782 2345 Chronica
807 2287 1124 2359 Sigeberto
1147 2288 1480 2360 pramissa.
1509 2289 1686 2347 Gesta
1713 2289 1983 2346 Trevero-

329 2388 468 2432 rum
488 2380 557 2432 70
562 2376 734 2448 folia
755 2376 1011 2447 eaplent,
1036 2376 1183 2434 olim
1202 2376 1447 2434 seorsim
1468 2378 1803 2449 numerata,
1826 2392 1985 2436 nunc

327 2464 577 2536 paginis
614 2468 845 2523 159-278
879 2466 1208 2536 inscripta;
1232 2464 1338 2522 sed
1353 2465 1495 2523 inde
1515 2480 1629 2536 ap.
1658 2470 1761 2523 253
1782 2466 1858 2538 (f.
1892 2468 1979 2537 48)

329 2552 703 2610 continuatio
726 2551 947 2624 legitur
968 2552 1051 2610 ad
1084 2553 1461 2611 Wernherum
1480 2567 1669 2625 usque
1687 2554 1983 2626 archiepi-

339 2654 579 2711 scopum
610 2640 690 2710 (a.
726 2643 885 2713 1388)
917 2641 1192 2699 deducta.

407 2728 488 2801 5b)
506 2729 705 2786 ϐοάσω
716 2729 1193 2802 Hamburgensis
1211 2729 1374 2787 Hist.
1394 2729 1580 2787 Germ.
1592 2773 1606 2800 ,
1616 2731 1761 2803 fol.,
1777 2746 1835 2788 n.
1857 2732 1977 2802 31b,

330 2816 610 2889 pluribus
626 2817 906 2876 manibus
931 2832 1061 2876 sae.
1098 2833 1305 2876 xxv-xvi
1327 2819 1501 2876 in-iw
1523 2822 1669 2891 maj.
1695 2821 1977 2893 scriptus,

333 2905 597 2978 amplam
629 2906 918 2965 librorum
936 2908 1359 2965 historicorum
1382 2907 1781 2965 collectionem
1802 2909 1982 2967 conti-

326 2995 428 3052 net
457 2994 627 3067 (134),
642 2996 802 3054 inter
821 3009 954 3067 qua
975 2998 1098 3053 tam
1115 2997 1374 3055 Joannis
1398 2996 1469 3053 de
1487 2997 1820 3056 Stabulaus
1839 3011 1982 3069 opus

327 3098 511 3158 quam
557 3084 946 3143 Treverorum
972 3083 1154 3144 Gesta
1183 3085 1258 3157 le,
1276 3085 1484 3155 untur,
1516 3084 1638 3143 hae
1651 3086 1713 3158 f.
1751 3090 1983 3144 175-190

330 3187 514 3230 manu
541 3187 590 3231 s.
622 3188 716 3245 xv,
745 3174 819 3231 ut
841 3173 1081 3232 videtur
1118 3175 1394 3231 escarata.
1431 3175 1731 3231 Lectiones
1759 3188 1891 3231 cum
1920 3180 1982 3231 5⁸

324 3263 677 3334 plerumque
687 3263 1060 3333 conveniunt,
1077 3262 1450 3321 continuatio
1451 3263 1513 3334 f.
1532 3264 1767 3319 186-190
1781 3264 1984 3320 eadem

333 3350 440 3408 est.

404 3443 484 3509 5ο)
502 3438 699 3496 ϐοάσω
712 3438 1190 3511 Hamburgensis
1201 3439 1364 3497 Hist.
1375 3439 1567 3499 Germ.
1583 3440 1740 3512 sing.
1753 3441 1977 3512 region.

328 3528 465 3599 fol.,
494 3543 549 3584 n.
579 3532 648 3584 '70
670 3529 820 3597 (135)
858 3528 1208 3586 reeentioris
1229 3529 1448 3599 atatis,
1470 3529 1578 3600 qui
1582 3529 1767 3600 foliis
1787 3532 1853 3587 88
1873 3544 1980 3586 ea-

2092 1936 2162 1993 id
2189 1935 2276 1992 est
2305 1949 2380 1992 σω
2404 1938 2466 1989 6°
2498 1935 2849 2006 descriptus.

2165 2024 2299 2094 6°")
2336 2023 2536 2080 ϐοάσω
2565 2023 2940 2081 Parisiensis
2970 2019 3181 2078 Baluze
3212 2019 3478 2077 Armoire
3498 2020 3570 2090 11,
3592 2033 3750 2092 pag.

2096 2118 2149 2183 5,
2176 2127 2238 2169 n.
2260 2117 2311 2169 2.
2345 2112 2566 2171 codicis
2602 2116 2663 2167 Οτι
2694 2110 3102 2189 apographum
3122 2124 3169 2167 s.
3213 2108 3582 2183 xvnfactmn
3609 2122 3747 2167 con-

2098 2202 2264 2259 tinet.

2166 2293 2247 2363 6°)
2274 2290 2896 2348 C’odeaBruzellensis
2924 2304 2981 2346 n.
3017 2290 3342 2356 9178-9187,
3366 2301 3413 2345 s.
3448 2301 3575 2356 xm,
3593 2286 3747 2359 fol.,

2094 2379 2295 2436 eadem
2316 2392 2495 2450 opera
2521 2378 2784 2437 continet
2809 2391 2941 2449 qua
2954 2379 3022 2435 in
3042 2381 3104 2433 6°
3125 2376 3268 2433 olim
3292 2374 3659 2446 legebantur,
3678 2376 3753 2433 in

2093 2467 2158 2523 6b
2179 2467 2411 2539 partim
2437 2466 2728 2537 hodieque
2755 2466 3008 2523 eastant.
3048 2465 3407 2531 Quibuscum
3434 2463 3749 2522 codicibus

2092 2554 2275 2627 huius
2305 2556 2579 2614 lectiones
2608 2569 2646 2611 a
2689 2555 2746 2610 V.
2771 2554 2843 2611 el.
2889 2554 3100 2611 Oehler
3128 2551 3595 2624 diligentissime
3614 2564 3750 2608 eno-

2093 2645 2232 2703 tata
2258 2645 2480 2716 ubique
2508 2644 2884 2702 concordant.

2162 2733 2249 2807 6°)
2274 2733 2472 2791 ϐοάσω
2492 2732 2923 2805 Lugdunensis.
2945 2734 3137 2801 n.127,
3161 2744 3211 2800 s,
3234 2744 3337 2786 xm
3356 2730 3497 2799 inc.,
3518 2730 3601 2799 4ο,
3622 2726 3747 2787 ini-

2093 2820 2176 2879 tio
2188 2822 2244 2878 et
2267 2823 2381 2880 ﬁne
2396 2834 2664 2891 mancus,
2683 2821 2864 2880 Gesta
2883 2819 3040 2876 enim
3058 2819 3154 2876 his
3174 2832 3223 2876 c.
3248 2821 3319 2874 24
3337 2816 3566 2874 verbis:
3584 2817 3745 2888 quod

2091 2915 2335 2967 vocatur
2347 2911 2618 2966 horreum
2632 2906 3314 2981 incipiunt.Seq-uuntur
3321 2908 3523 2979 prima
3536 2907 3749 2965 Histo-

2088 3000 2201 3057 ria
2209 2999 2489 3058 miseella
2500 2998 2698 3069 verba,
2710 2999 2955 3069 reliqua
2966 2997 3150 3069 hujus
3164 2995 3306 3055 libri
3305 2996 3486 3067 parte
3497 2994 3740 3053 avulsa.

2015 3060 2064 3122 Ο
2092 3090 2301 3146 Etiam
2332 3089 2431 3146 hic
2462 3087 2609 3145 liber
2630 3101 2669 3144 a
2685 3060 3060 3145 Eethmanno
3086 3100 3217 3143 cum
3237 3060 3418 3142 editis
3435 3097 3747 3156 compara-

2095 3178 2189 3235 tus
2210 3191 2392 3249 quam
2403 3178 2677 3248 proxime
2696 3175 2777 3233 ad
2789 3176 2946 3233 alios
2966 3174 3148 3246 hujus
3168 3173 3382 3232 classis
3400 3172 3628 3230 codices
3647 3186 3747 3229 ae-

2093 3266 2281 3333 cedit;
2291 3278 2475 3338 neque
2493 3264 2763 3322 dubitari
2770 3263 3128 3336 potestquin
3139 3275 3334 3319 omnes
3354 3275 3429 3319 σω
3448 3275 3563 3317 uno
3577 3260 3746 3320 fonte

2091 3354 2420 3423 manarint,
2443 3355 2552 3426 qui
2565 3353 2704 3423 jam
2731 3353 2959 3409 textum
2984 3352 3162 3409 valde
3185 3350 3479 3407 mutatu/ni
3493 3348 3576 3407 iis
3584 3362 3745 3420 pra-

2095 3441 2304 3499 buerit.
2330 3442 2489 3500 Nam
2507 3442 2783 3512 quamvis
2800 3440 2995 3498 multa
3023 3441 3154 3498 sint
3165 3453 3297 3498 cum
3309 3441 3341 3495 4
3357 3439 3418 3495 et
3433 3442 3463 3492 5
3485 3451 3741 3495 commu-

2089 3531 2219 3595 nia,
2222 3530 2412 3602 plura
2433 3531 2629 3586 tamen
2645 3529 2985 3600 peculiaria
3007 3527 3105 3586 hic
3121 3528 3420 3600 leguntur,
3435 3539 3569 3596 qua
3587 3528 3737 3584 scri-

335 3616 464 3672 dem
476 3615 767 3674 Historia
786 3617 1161 3674 Treverensis
1177 3617 1556 3673 monumenta
1569 3616 1825 3685 exhibet,
1850 3619 1983 3688 qui-
2080 3619 2330 3691 ptorem,
2346 3618 2417 3673 ut
2432 3618 2758 3675 orationem
2767 3617 3041 3674 redderet
3040 3617 3183 3689 favi
3191 3616 3399 3673 liorem
3419 3615 3480 3671 et
3503 3614 3740 3686 elegan-

338 3702 444 3760 bus
481 3701 663 3760 Gesta
701 3703 1279 3776 archiepiscoporum
1301 3704 1738 3763 (Joloniensium
1777 3706 1869 3769 (ut
1894 3706 1979 3778 5δ)

335 3790 528 3848 addit.
552 3792 673 3849 Hic
698 3790 1042 3849 libermanu
1060 3793 1217 3851 satis
1228 3792 1489 3864 eleganti
1509 3794 1769 3864 scriptus
1780 3793 1982 3855 fadis-

329 3881 503 3938 simis
513 3880 701 3937 scalet
711 3879 1032 3947 erroribus,
1054 3879 1429 3952 quiseribam
1441 3882 1656 3939 veteris
1666 3883 1982 3954 scriptura

334 3967 620 4040 ignarum
641 3968 925 4040 arguunt.
959 3968 1109 4025 Cum
1120 3972 1183 4023 5⁸
1204 3968 1261 4025 et
1272 3969 1336 4025 5δ
1347 3968 1522 4026 valde
1540 3970 1874 4041 concordat,
1905 3984 1983 4027 σω

332 4057 541 4114 neutro
565 4058 762 4115 tamen
796 4058 1064 4129 sumptus
1088 4058 1207 4126 est;
1228 4057 1334 4115 sed
1351 4057 1435 4114 ad
1453 4058 1772 4131 antiquius
1791 4072 1982 4117 enem-

324 4146 468 4220 plar
493 4161 690 4205 omnes
717 4148 940 4220 referri
968 4146 1183 4205 debent
1217 4178 1288 4188 —
1306 4147 1596 4218 Ejusdem
1609 4150 1869 4220 generis.

406 4235 490 4307 5°)
532 4236 732 4294 ϐοάσω
774 4239 967 4295 musci
1010 4237 1383 4306 Britannici,
1422 4236 1645 4295 Cotton.
1698 4238 1860 4295 Titus
1899 4240 1975 4296 Β.

335 4325 517 4395 XXV,
532 4339 656 4384 esse
674 4326 930 4396 videtur,
945 4324 1053 4397 qui
1075 4326 1256 4386 Gesta
1282 4325 1669 4384 Treverorum
1696 4340 1885 4398 usque
1899 4326 1982 4385 ad

2092 3706 2510 3777 tiorem,libere
2520 3706 2871 3764 etaudacter
2880 3706 3061 3763 verba
3072 3707 3395 3763 correxisse
3406 3703 3731 3762 ostendunt.

2161 3795 2471 3868 Integruon
2480 3795 2625 3868 fere
2645 3794 2857 3852 horum
2883 3794 3152 3852 codicum
3170 3792 3526 3851 varietatem
3554 3793 3736 3848 adno-

2092 3885 2240 3956 tavi,
2252 3885 2594 3958 prasertim
2608 3897 2739 3942 eam
2758 3884 2826 3940 in
2853 3897 2978 3956 qua
3005 3896 3203 3942 omnes
3228 3883 3329 3939 vel
3351 3879 3735 3953 singularum

2090 3974 2378 4034 classium
2415 3974 2641 4033 codices
2669 3971 3108 4032 conveniebant.
3150 3972 3329 4029 Hanc
3358 3969 3583 4028 litteris
3602 3973 3656 4040 3,
3677 3974 3728 4040 5,

2090 4068 2143 4135 6,
2174 4062 2467 4120 iudicavi.

2161 4149 2331 4209 Libri
2355 4149 2690 4222 sequuntur
2714 4147 3134 4220 manuscripti,
3159 4148 3269 4221 qui
3286 4145 3727 4209 Gestorumtea-

2091 4242 2217 4300 tum
2234 4239 2447 4298 multis
2465 4238 2880 4296 additionibus
2895 4239 3138 4296 auctum
3148 4239 3402 4309 etusque
3420 4234 3504 4293 ad
3516 4248 3576 4292 a.
3596 4238 3730 4291 1132

2089 4328 2504 4388 continuatum
2523 4326 2821 4385 exhibent.
2846 4327 3057 4384 Etiam
3072 4327 3140 4384 hi
3157 4326 3227 4384 in
3246 4325 3398 4383 duas
3408 4324 3627 4383 classes
3644 4336 3728 4380 se-

333 4427 390 4470 a.
427 4417 587 4484 1387,
611 4428 833 4471 necnon
855 4412 1035 4471 Gesta
1063 4414 1642 4487 archiepiscoporum
1673 4415 1979 4474 Colonien-
2008 4414 2064 4478 D
2090 4417 2415 4477 cernantur
2446 4415 2687 4488 oportet,
2729 4415 2987 4473 alteram
3022 4427 3156 4486 qua
3184 4412 3515 4487 genuinam
3550 4411 3729 4484 hujus

336 4502 493 4559 sium
518 4501 575 4558 et
601 4502 1073 4572 Trajeetensium
1092 4502 1343 4573 aliaque
1357 4502 1623 4560 continet
1645 4501 1813 4575 (136).
1856 4562 1863 4567 ,

403 4592 488 4663 δα)
515 4589 715 4648 ϐοάσω
746 4589 1111 4648 bibliotheca
1132 4590 1316 4661 regia
1343 4591 1716 4649 Parisiensis
1735 4606 1793 4649 n.
1815 4595 1974 4664 5873,

335 4678 478 4738 olim
490 4679 541 4735 I.
563 4680 629 4736 Α.
655 4678 915 4749 Thuani,
931 4679 1111 4736 antea
1125 4696 1153 4729 α
1167 4692 1242 4735 σω
1263 4677 1440 4736 libris
1450 4679 1544 4736 Jo.
1561 4680 1813 4752 Leferon
1836 4681 1982 4738 Uar-

337 4769 670 4841 lopolitani.
687 4790 714 4819 »
748 4769 872 4826 Uno
882 4768 1179 4825 volumine
1196 4769 1315 4825 tres
1335 4767 1561 4826 codices
1583 4768 1833 4827 diversa
1843 4769 1981 4827 ata-

333 4856 412 4916 tis
431 4856 829 4916 continentur.
854 4856 1117 4914 Tertium
1126 4869 1254 4914 sae.
1272 4870 1373 4912 xm
1386 4855 1501 4913 inc.
1524 4854 1754 4915 duabus
1764 4857 1980 4915 colum-

334 4945 432 5005 nis
441 4947 732 5020 scriptum
743 4945 886 5005 olim
897 4944 981 5004 ad
989 4944 1984 5019 aliudpertinuissevolmnen,qua-

2090 4505 2563 4579 operisformam
2570 4502 2857 4575 prabeat,
2872 4502 3307 4561 alteramnovis
3327 4500 3729 4572 interpolatio-

2088 4592 2265 4651 nibus
2286 4591 2429 4650 hinc
2440 4591 2576 4650 inde
2595 4591 2852 4649 auctam.
2867 4590 3301 4664 Alioquinvero
3310 4590 3469 4648 inter
3489 4602 3553 4646 se
3562 4586 3731 4645 valde

2089 4680 2462 4751 conveniunt,
2487 4680 2544 4737 et
2561 4680 2839 4753 quamvis
2865 4692 3296 4752 nonnunquam
3314 4678 3501 4736 etiam
3537 4676 3619 4734 ad
3644 4689 3731 4733 co-

2092 4770 2249 4828 dices
2275 4774 2306 4826 5
2327 4770 2387 4827 σι
2401 4773 2434 4825 6
2456 4768 2759 4839 accedant,
2791 4768 3144 4840 plerumque
3182 4769 3380 4826 tamen
3403 4763 3728 4838 genuinam

2089 4858 2313 4917 codicis
2337 4863 2362 4914 1
2399 4856 2705 4915 lectionem
2725 4856 2970 4914 servant
2994 4854 3173 4929 (137).

2160 4945 2256 5007 Ad
2279 4947 2543 5019 priorem
2566 4944 2817 5004 classem
2830 4944 3137 5017 pertinent
3169 4963 3183 5001 :

1912 5070 2116 5129 NOTAE
2130 5114 2145 5130 .

407 5221 554 5294 (132)
581 5223 662 5279 Cf.
693 5222 933 5280 Archiv.
972 5223 1096 5279 VIII
1123 5236 1179 5294 p.
1199 5292 1209 5294 _
1233 5226 1367 5294 522;
1389 5221 1531 5292 VIII,
1558 5236 1614 5293 p.
1646 5225 1768 5278 555.
1802 5221 1985 5279 Minus

336 5298 497 5349 recte
536 5292 931 5364 Bethmannus
962 5292 1166 5364 noster
1192 5292 1305 5364 hoc
1341 5292 1723 5363 fragmentum
1756 5297 1981 5364 partem

333 5377 465 5421 esse
496 5363 719 5436 codicis
746 5363 1146 5436 Lugdunensis
1173 5362 1319 5436 dicit.
1345 5369 1423 5436 (ρ.
1442 5366 1582 5436 555,
1607 5367 1727 5436 97).

404 5435 552 5583 £133;
585 5436 662 5489 De
696 5448 810 5504 quo
946 5435 1181 5492 Archiv.
1216 5435 1306 5505 Vl,
1341 5433 1396 5508 ρ’.
1429 5433 1535 5491 230

432 5508 532 5563 134
586 5505 651 5562 ν.
684 5506 917 5560 Archiv.
953 5506 1045 5576 VI,
1079 5520 1135 5579 p.
1171 5508 1294 5576 240,
1320 5509 1379 5562 et
1411 5520 1535 5580 quas

1168 5474 1306 5576 .26'01,’
1320 5474 1396 5562 δί’
1411 5474 1554 5580 (δεῖ
1572 5504 1685 5561 vol.
1718 5506 1765 5563 Χ
1794 5506 1985 5565 dictu-

2093 5238 2193 5281 l‘llS
2234 5236 2382 5281 sum.

2164 5295 2314 5366 (135)
2346 5292 2579 5366 Archiv.
2616 5293 2706 5366 VI,
2740 5307 2802 5364 p.
2838 5294 2963 5350 244.

2187 5364 2310 5436 136)
2346 5364 2810 5436 Αιιοιιίν.λνιι,ίρ.
2839 5368 2928 5421 7s.

2092 5429 2313 5560 ιοέξξτ)
2369 5433 2643 5508 Exempla
2696 5429 2829 5492 vide
2876 5448 2937 5492 ο.
2985 5436 3038 5506 9,
3090 5436 3178 5505 10,
3229 5437 3289 5489 et
3340 5431 3472 5489 aliis
3533 5429 3723 5488 multis

2115 5520 2257 5565 0018.
