3994 6062
172 225 337 291 1089

1571 230 2031 295 PROLEGOM
2041 231 2203 293 ENA

3437 239 3595 303 1090

166 381 324 439 tensi
346 382 494 455 (153)
521 384 577 440 et
597 383 923 443 annalibus
943 397 1019 444 ea:
1038 384 1322 444 Mariano
1350 384 1616 457 aliisque
1627 384 1823 458 fonti-
1853 367 1907 427 Α
1935 383 2357 444 Hontheimius
2379 388 2505 445 tum
2520 389 2918 448 recensionem
2941 390 3001 460 C,
3025 390 3131 448 sed
3146 391 3325 447 initio
3347 391 3595 452 destitu-

168 470 373 534 busin
399 472 475 530 ις’.
514 472 808 545 Dysibodi
855 475 1210 533 monasterio
1256 475 1543 548 confectis
1572 476 1721 548 (154)
1754 475 1824 531 de

162 560 343 619 rebus
372 563 830 622 Treverensibus
854 565 1152 635 teguntur,
1175 563 1425 622 aliunde
1445 578 1722 622 manasse
1740 564 1825 621 vi-

164 650 397 708 dentur.
423 651 747 709 Domestici
773 667 909 709 vero
935 655 1255 724 scriptores
1283 668 1478 711 omnes
1511 651 1709 711 Gestis
1735 667 1825 711 re-

167 739 456 797 centiores
475 754 667 797 eorum
681 740 809 812 ﬁde
822 741 1119 811 nituntur,
1138 744 1359 799 narrat
1383 756 1516 800 ones
1530 741 1819 813 repetunt,

166 827 352 885 verba
369 828 504 900 ipsa
523 843 673 900 saepe
690 831 968 888 retinent.
996 832 1131 888 Huc
1143 830 1451 904 referendi
1470 832 1615 888 sunt
1627 831 1825 888 aucto-

168 930 265 974 res
266 918 573 989 passionis
581 918 923 991 martyrum
942 920 1086 977 Trev
1094 919 1820 991 erensimnineditd(155).

180 1006 328 1064 Vita
346 1007 422 1065 S.
450 1005 702 1065 Mathice
722 1010 871 1081 (156)
894 1010 952 1065 et
968 1008 1239 1066 chronici
1267 1009 1641 1067 Treverensis
1660 1042 1729 1051 —
1750 1025 1812 1067 α.

172 1098 309 1151 1353
333 1094 502 1166 (157),
528 1110 751 1155 necnon
779 1097 1063 1167 Eqidius
1090 1098 1415 1156 monachus
1443 1101 1653 1155 Aurece
1692 1099 1823 1158 Val-

170 1183 250 1242 lis
268 1183 416 1257 (158)
437 1186 495 1242 et
511 1186 818 1244 Johannes
837 1188 909 1245 de
925 1187 1260 1245 Stabulaus
1281 1189 1450 1261 (159).
1467 1203 1671 1246 rerum
1690 1191 1823 1247 Leo-

169 1273 470 1333 diensium
486 1276 825 1346 scriptores,
842 1277 1131 1347 praterea
1148 1291 1286 1334 vero
1308 1280 1415 1350 qui
1434 1290 1561 1336 saec.
1592 1292 1685 1335 xvr
1699 1279 1815 1336 inc.

166 1378 322 1422 nova
363 1362 543 1422 Gesta
576 1365 702 1423 sive
734 1365 1026 1423 historias
1068 1366 1452 1425 Treverenses
1487 1380 1816 1440 composue-

164 1454 332 1525 runt,
352 1454 676 1513 monachus
694 1452 1377 1513 Eberhardo-(Jlusanus
1398 1456 1566 1526 (160),
1598 1470 1820 1529 anony-

165 1555 298 1601 mus
327 1542 481 1601 alter
502 1543 674 1615 (161),
707 1543 1012 1602 Johannes
1032 1545 1200 1601 Enen
1223 1546 1393 1616 (162),
1426 1544 1644 1615 quibus
1671 1545 1819 1603 addi

164 1633 414 1704 possunt
438 1633 794 1705 Kyriander
815 1634 964 1706 (163)
987 1636 1045 1691 et
1061 1633 1368 1692 Johannes
1396 1634 1623 1692 Linden
1644 1634 1813 1706 (164),

1938 474 2078 542 tam,
2100 488 2175 532 eo;
2193 475 2391 533 codice
2408 478 2446 533 C
2471 482 2516 547 1,
2540 478 2661 537 tum
2678 479 2889 537 varias
2909 480 3386 538 continuationcs
3408 497 3482 537 ea:
3502 497 3592 540 co-

1936 562 2169 621 dicitur
2204 564 2660 625 Treverensibus
2695 568 2890 624 edidit
2917 568 3297 639 (Prodromus
3329 570 3588 628 historiae

1934 653 2102 708 Trev.
2137 653 2223 723 II,
2246 668 2311 724 p.
2341 654 2600 710 746-948.
2641 657 2922 726 Augusta
2956 657 3115 713 Vind.
3143 662 3321 729 1757).
3356 659 3594 720 Nostris

1933 753 2069 797 vero
2090 740 2448 812 temporibus
2483 742 2547 797 V.
2577 743 2655 801 cl.
2701 744 3179 815 Wyttenbachius
3210 748 3266 802 et
3292 747 3591 807 Multerus

1934 842 2146 884 novam
2176 829 2493 887 editionem
2528 832 2805 889 curaturi
2837 832 3054 891 multos
3096 834 3335 905 quidem
3365 837 3592 895 codices

1934 915 2339 974 adhibuerunt
2364 918 2718 992 uberemque
2754 934 2956 978 rerum
3005 923 3450 980 Treverensium
3480 924 3593 982 col-

1938 1004 2244 1062 lectionem
2264 1020 2341 1062 ea:
2361 1007 2536 1066 libris
2557 1010 2617 1065 et
2633 1010 3079 1081 antiquioribus
3100 1012 3156 1066 et
3170 1013 3592 1073 recentioribus

1918 1094 2205 1165 fecerunt
2232 1095 2287 1167 (3
2330 1095 2480 1152 Volt.
2517 1098 2692 1154 ίπ-ιιο
2720 1098 3001 1169 Augustae
3036 1101 3421 1157 Treverorum
3457 1106 3591 1158 1836

1930 1184 2126 1254 sqq.),-
2153 1184 2260 1240 sed
2283 1184 2538 1241 codicem
2560 1185 2645 1240 C1
2672 1187 3023 1260 plerumque
3049 1190 3259 1257 secuti,
3293 1192 3363 1246 ut
3388 1192 3593 1248 varias

1933 1270 2241 1331 Gestorum
2249 1273 2488 1345 formas
2510 1273 2915 1332 discernerent
2928 1276 3176 1333 minime
3195 1279 3593 1348 studuerunt;

1930 1373 1992 1415 eo
2015 1360 2211 1417 tamen
2228 1361 2545 1431 laudandi,
2566 1363 2725 1434 quod
2744 1378 2820 1420 ea;
2839 1364 3140 1422 codicibus
3164 1365 3480 1425 ditissimis
3507 1367 3590 1426 bi-

1932 1448 2233 1509 bliothecis
2254 1451 2649 1522 Treverensis,
2670 1466 2708 1509 a
2737 1453 3181 1525 Wyttenbachio
3201 1470 3425 1529 magna
3451 1456 3594 1514 dili-

1923 1538 2136 1610 yentia
2152 1538 2415 1597 collectis
2436 1540 2494 1597 et
2512 1542 2790 1612 servatis,
2812 1546 2995 1615 plura
3013 1545 3094 1602 ad
3112 1545 3419 1605 Gestorum
3438 1549 3590 1606 locos

1928 1627 2328 1687 illustrandae
2356 1630 2697 1689 attulerunt
2711 1632 2922 1689 natatu
2942 1636 3152 1705 digna.

168 1721 277 1793 qui
299 1734 489 1793 usque
513 1722 597 1779 ad
619 1736 675 1780 a.
708 1726 846 1779 1629
872 1720 1183 1791 Gestorum
1205 1723 1617 1781 narrationem
1639 1724 1814 1783 conti-

2002 1718 2233 1777 Novam
2250 1718 2407 1775 hanc
2422 1718 2741 1777 editionem
2750 1722 3087 1793 paratu/rus
3100 1724 3326 1794 partim
3344 1724 3426 1781 iis
3450 1738 3594 1783 usus

166 1814 397 1871 nuavit.
425 1813 656 1871 Secuto
678 1828 772 1869 xv:
798 1813 1164 1872 Trithemius
1187 1813 1497 1873 Gestorum
1515 1813 1819 1882 eccemplar

167 1902 378 1959 nactus
406 1915 587 1973 quam
608 1901 885 1974 plurima
914 1902 1057 1959 inde
1085 1904 1153 1960 in
1179 1915 1358 1975 opera
1387 1915 1501 1960 sua
1526 1901 1818 1961 historica

169 1989 487 2047 transtulit
505 1991 681 2062 atque
710 1990 853 2049 libri
863 1992 1110 2063 famam
1120 2006 1233 2064 per
1256 1990 1643 2052 Germaniam
1664 1992 1817 2050 dila-

169 2080 336 2145 tavit,
369 2079 463 2137 ita
489 2079 561 2138 ut
581 2092 721 2137 mea:
738 2080 952 2151 plures
984 2080 1055 2137 de
1091 2082 1286 2141 Gestis
1323 2082 1567 2140 edendis
1594 2084 1817 2154 coqita-

163 2167 317 2235 rent,
363 2166 434 2224 C'.
479 2168 835 2238 Bruschius,
884 2168 1195 2239 Freherus,
1244 2171 1589 2229 Lambecius
1631 2174 1805 2244 (165).

168 2256 317 2313 Cum
334 2269 501 2314 nemo
524 2256 723 2313 tamen
742 2256 848 2315 hoc
866 2259 1178 2316 exsecutus
1194 2260 1348 2317 esset
1357 2258 1696 2330 consilium,
1719 2274 1815 2318 ne-

164 2358 277 2418 que
296 2345 617 2403 Bromerus
640 2344 858 2403 librum
879 2346 968 2403 tot
982 2346 1127 2405 locis
1143 2346 1484 2405 adhibitum
1498 2362 1629 2405 cum
1648 2349 1816 2406 lecto-

161 2433 333 2491 ribus
353 2435 861 2505 communicasset,
882 2438 1115 2507 primus
1134 2437 1471 2495 Dacherius
1492 2436 1672 2495 Gesta
1694 2437 1815 2496 edi-

164 2522 261 2581 dit
284 2522 502 2595 qualia
528 2523 598 2581 in
624 2524 820 2582 codice
848 2525 913 2579 6b
938 2524 1176 2582 invenit
1202 2524 1289 2595 (a.
1330 2530 1488 2598 1675,
1529 2527 1804 2600 Spicileg.

163 2611 304 2682 XII,
332 2627 401 2684 p.
443 2616 565 2681 196,
600 2612 693 2671 ed.
734 2626 889 2671 nova
914 2614 1002 2684 II,
1032 2628 1099 2685 p.
1139 2615 1293 2686 208).
1347 2614 1514 2681 Quod
1548 2617 1816 2675 nesciens

164 2699 496 2760 Leibnitz‘us
504 2703 697 2775 paulo
706 2703 849 2775 post
861 2704 1054 2774 primo
1078 2704 1487 2763 Accessionum
1505 2704 1815 2764 historica-

161 2804 296 2847 rum
310 2789 602 2847 volumini
619 2792 847 2850 tectum
861 2792 901 2847 Β
914 2805 988 2849 ea:
1005 2791 1198 2852 tribus
1215 2792 1517 2852 codicibus
1533 2793 1815 2851 haustum

164 2878 424 2936 inseruit
454 2878 695 2951 (Lipsiae
718 2882 907 2954 1698).
951 2882 1097 2941 Tum
1125 2895 1240 2939 uno
1254 2883 1397 2954 fere
1424 2884 1678 2955 tempore
1704 2885 1816 2942 Ec-

166 2968 384 3027 cardus
414 2971 913 3030 continuationem
949 2986 1013 3029 a.
1052 2975 1374 3028 1132-1239
1392 2970 1628 3043 publici
1641 2972 1816 3044 juris

1928 1819 2062 1865 sum
2088 1820 2222 1879 quis
2247 1808 2372 1866 viri
2401 1807 2751 1877 doctissimi,
2798 1809 2999 1868 debita
3041 1812 3220 1868 laude
3237 1814 3374 1884 jam
3400 1827 3590 1885 supra

1927 1896 2245 1967 nominati,
2278 1909 2355 1953 ea:
2379 1897 2678 1955 codicibus
2707 1900 3167 1971 descripserunt,
3191 1902 3421 1971 partim
3448 1916 3587 1959 vero

1927 1983 2156 2041 codices
2179 1986 2712 2057 praestantissimos
2732 1988 2860 2058 ipse
2881 1988 3067 2045 evolvi
3089 1989 3149 2045 et
3166 2002 3287 2060 qua
3300 1992 3475 2061 potui
3498 1990 3587 2048 di-

1930 2072 2182 2144 ligentia
2199 2076 2588 2145 pertractavi,
2609 2076 3141 2148 Francofurtenses
3161 2078 3217 2134 et
3234 2076 3587 2152 Guelferby-

1929 2162 2100 2218 tanos
2124 2164 2514 2233 Hannoveree,
2547 2165 2927 2222 Parisienses
2948 2166 3239 2236 Parisiis,
3277 2168 3591 2225 Treveren-

1925 2263 2019 2309 ses
2039 2251 2107 2309 in
2127 2250 2310 2322 hujus
2330 2251 2500 2309 urbis
2522 2251 2901 2322 bibliotheca,
2920 2253 3405 2327 Hamburqenses
3425 2256 3585 2314 deni-

1926 2340 2287 2410 que‘Kilid.
2335 2341 2515 2399 Gesta
2551 2341 2986 2413 antiquissima
3009 2344 3203 2414 primo
3237 2345 3357 2401 loco
3386 2344 3581 2412 edidi;

1926 2428 2181 2486 codicem
2206 2433 2225 2484 1
2240 2429 2600 2499 plerumque
2619 2429 2873 2500 secutus,
2899 2432 3007 2501 qui
3026 2430 3237 2490 multis
3259 2431 3403 2490 locis
3421 2433 3585 2491 solus

1924 2528 2129 2574 veram
2153 2517 2460 2573 lectionem
2477 2518 2743 2574 servavit
2761 2516 2931 2590 (166),
2960 2521 3169 2576 rarius
3193 2533 3268 2577 ea;
3286 2524 3378 2576 2-6
3398 2534 3584 2578 emen-

1928 2602 2163 2663 dandus
2201 2605 2357 2661 erat.
2404 2604 2651 2678 Subjeci
2691 2621 2822 2678 quea
2856 2608 2894 2662 Β
2926 2608 2986 2664 et
3013 2610 3051 2663 C
3080 2608 3463 2678 addiderunt,
3510 2611 3585 2667 le-

1926 2692 2119 2750 ctione
2138 2692 2401 2751 codicum
2424 2695 2464 2749 B
2485 2699 2519 2750 2
2540 2695 2656 2751 etC
2683 2700 2703 2750 1
2732 2695 2954 2767 ubique
2957 2698 3099 2771 fere
3120 2711 3417 2769 expressa.
3448 2698 3585 2765 Qud

1926 2780 1995 2839 in
2012 2782 2053 2836 B
2068 2783 2210 2839 inde
2230 2795 2269 2840 a
2291 2784 2586 2855 Popponis
2608 2784 2966 2856 temporibus
2988 2786 3205 2843 addita
3224 2789 3380 2844 sunt.
3409 2787 3583 2843 Addi-

1929 2875 2248 2928 tamentum
2278 2876 2334 2928 et
2366 2873 2862 2930 continuationem
2902 2876 3205 2933 nominavi
3234 2890 3422 2947 eaque
3451 2878 3582 2934 tan-

1928 2972 2111 3030 quam
2128 2960 2451 3017 secundam
2474 2958 2781 3019 Gestorum
2800 2962 3032 3033 partem
3053 2963 3239 3033 edidi,
3263 2964 3475 3035 parvis
3496 2978 3582 3021 co-

152 3055 318 3157 ,ζςοίί
342 3057 542 3131 (Corp.
581 3058 791 3115 histor.
817 3059 907 3130 ῙῙ,
920 3075 993 3132 p.
1019 3062 1366 3130 2197-2258,
1390 3061 1609 3133 Lipsiae
1630 3064 1811 3134 1723),

1942 3048 2128 3106 ticum
2145 3050 2184 3105 Β
2202 3051 2270 3105 46
2289 3051 2347 3105 et
2361 3050 2399 3104 C
2418 3049 2835 3107 additionibus
2850 3051 2949 3107 vel
2956 3051 3388 3110 mutationibus
3405 3053 3583 3125 infra

172 3144 491 3218 Calmetus,
534 3148 978 3207 Leibnitianam
1005 3149 1322 3208 editionem
1348 3151 1603 3221 secutus,
1631 3151 1817 3222 majo-

165 3246 289 3291 rem
308 3232 451 3292 libri
454 3236 697 3307 partem
713 3238 1165 3309 exprimendam
1179 3238 1427 3309 curavit,
1444 3238 1819 3311 codicumque

170 3322 443 3381 lectiones
478 3324 716 3395 aliquot
747 3327 983 3385 notavit
1019 3327 1295 3397 (Histoire
1338 3328 1410 3383 de
1454 3329 1728 3386 Lorraine
1758 3331 1811 3400 Ῑ,

1927 3137 2244 3195 indicatis.
2290 3138 2465 3195 Satis
2503 3138 2738 3195 uberem
2776 3139 3044 3197 lectionis
3072 3140 3425 3197 varietatem
3455 3157 3585 3201 eno-

1930 3227 2073 3297 tavi,
2107 3240 2294 3299 neque
2322 3228 2388 3285 in
2411 3228 2547 3299 ipsa
2574 3229 2927 3285 narratione
2958 3229 3332 3287 illustranda
3358 3245 3583 3302 parcus

1928 3329 2051 3373 esse
2080 3316 2263 3385 volui,
2294 3316 2376 3374 iis
2404 3318 2742 3387 prcesertim
2782 3317 3142 3388 temporibus
3179 3319 3397 3390 quibus
3438 3319 3582 3379 libri

169 3411 429 3472 Preuves
450 3429 508 3485 p.
548 3418 695 3470 1-50.
734 3417 947 3489 Nancy
977 3420 1135 3488 1728,
1170 3418 1257 3475 ed.
1290 3423 1340 3475 2.
1377 3414 1526 3475 ibid.
1561 3432 1617 3476 a.
1656 3423 1812 3490 1745,

1942 3405 2123 3462 fontes
2150 3405 2419 3463 indicari
2445 3405 2541 3461 vel
2570 3405 2841 3463 divinari
2865 3408 3132 3478 possunt.
3171 3407 3444 3479 Denique
3471 3411 3581 3480 Ap-

165 3515 219 3572 p.
248 3504 426 3576 I-Lxr),
459 3503 716 3577 denique
741 3505 1077 3564 Martenius
1098 3507 1154 3563 et
1176 3508 1506 3568 Durandus
1532 3508 1817 3565 recensio-

166 3602 298 3647 nem
324 3591 406 3661 C.,
433 3592 743 3663 prioribus
769 3594 1068 3665 capitibus
1090 3599 1348 3663 resectis,
1378 3597 1483 3654 sed
1507 3598 1816 3657 continua-

165 3676 425 3738 tionibus
439 3711 510 3722 -—
531 3686 666 3737 1455
683 3682 935 3750 additis,
951 3683 1352 3742 adhibuerunt
1370 3685 1546 3754 (Vett.
1568 3685 1810 3756 Scriptt.

164 3773 223 3827 et
247 3785 506 3827 monum.
542 3771 721 3843 ampl.
755 3772 1037 3831 Collectio
1057 3776 1099 3832 Ι
1110 3775 1260 3847 V,‘p.
1299 3777 1556 3831 145-452.
1594 3777 1806 3833 Paris.

168 3861 348 3931 1729).
378 3860 476 3917 En
496 3859 611 3919 hac
630 3861 889 3920 editione
891 3863 1253 3935 fragmenta
1271 3864 1545 3937 quaedam
1564 3864 1632 3922 in
1648 3866 1814 3922 Scri-

153 3949 397 4021 ptorum
410 3963 613 4007 rerum
633 3950 1005 4012 Gallicarum
1026 3952 1424 4011 collectionem
1443 3953 1817 4011 transierunt

168 4036 464 4109 (Bouquet
476 4038 626 4095 cont.
648 4038 830 4110 XI,p.
856 4041 990 4107 194,-
1007 4039 1061 4095 Χ
1075 4039 1241 4110 VIII,
1256 4055 1315 4112 p.
1336 4040 1482 4110 670).
1505 4041 1652 4099 Post
1666 4054 1814 4113 quos

1921 3492 2226 3564 pendicem
2273 3494 2779 3550 monumentorum
2833 3495 3279 3552 Treverensium
3330 3494 3579 3568 subject,

1926 3596 2049 3654 qua
2089 3596 2158 3639 ea
2195 3582 2405 3654 collegi
2446 3596 2579 3653 qud
2605 3582 2705 3639 vel
2728 3582 2810 3640 ad
2836 3585 2972 3655 ipsa
3003 3585 3182 3643 Gesta
3218 3584 3581 3656 explicanda

1924 3672 2019 3727 vel
2065 3672 2149 3731 ad
2193 3671 2513 3730 historiam
2559 3672 2961 3744 antiquiorem
3013 3674 3424 3733 Treverensem
3458 3675 3581 3746 ple-

1924 3760 2066 3817 nius
2095 3761 2557 3832 coqnoscendam’
2566 3761 2783 3833 facere
2808 3760 3185 3820 videbantur.

3068 3935 3136 3988 ϐ.
3176 3936 3392 3990 Wu'rz.

1747 4271 1975 4329 ΝΟΤᾸΞ.

163 4500 394 4578 Valerio
416 4505 472 4578 et
497 4502 773 4578 Iiate‘rno,
790 4504 884 4578 111,
916 4502 1006 4576 45,
1031 4502 1104 4578 de
1122 4503 1337 4578 Helena
1358 4504 1592 4563 Treveri
1616 4505 1813 4565 oriun-
1842 4517 1894 4578 ι)

163 4572 382 4659 ἀελῃζ,
414 4572 910 4659 ξρῃόςμακὶρξίηρ
933 4572 1001 4632 δι’
1030 4576 1292 4659 Ιξθιιιὶηο.
1326 4648 1359 4659 __

164 4615 382 4726 “(133)
414 4615 1423 4726 3’s.“575675;}.ib‘éwé'iiuna
1475 4661 1548 4705 ex
1598 4648 1811 4706 Ottoue

163 4715 409 4784 Frismg.
437 4719 501 4773 ut
531 4716 790 4773 Videtur.

160 4785 553 4916 60(151437léiec
584 4787 870 4845 Methodio
894 4788 1257 4859 tribuuntur,
1285 4790 1356 4849 de
1380 4806 1495 4865 quo
1525 4793 1597 4849 cf.
1635 4805 1807 4863 supra

258 4900 653 4987 isis"'Kichiv.
692 4929 809 4999 vn,
846 4946 900 5002 p.
955 4934 1079 4988 517.

257 4934 383 5074 156ζ
415 5001 681 5074 ActaASS.
717 5001 886 5074 Febr.
918 5002 1013 5071 111,
1051 5017 1112 5074 p.
1151 5005 1275 5074 442,
1318 5005 1420 5059 445

258 4933 359 4986 155
415 4929 653 4987 Archiv.
692 4929 809 4999 VII,
846 4946 900 5002 p.
955 4934 1079 4988 517.

230 4927 383 5141 ἑίῦϐζ
415 5001 681 5083 Acta-SS.
717 5001 886 5057 Febr.
918 5002 1013 5071 111,
1051 5017 1112 5075 p.
1151 5005 1275 5073 442,
1318 5005 1473 5085 445..

193 5141 205 5153 .
254 5074 378 5153 157)
404 5074 640 5153 Archiv.
680 5072 799 5143 VII,
834 5088 895 5145 p.
933 5075 1066 5130 693.
1106 5073 1312 5131 Plures
1342 5073 1579 5131 codices
1605 5075 1808 5131 Treve-

157 5147 703 5338 Ξέιᾷἒῖέῗὲέξὲειέῗ
732 5227 871 5338 eg.
939 5215 1340 5274 Leodiensium
1401 5230 1491 5289 ap.
1555 5214 1807 5287 Οὴερθι-

154 5283 295 5342 ville
326 5283 368 5356 l,
409 5288 604 5412 8.19,
635 5289 722 5369 21,
758 5283 853 5342 23.
977 5359 989 5371 .
1436 5283 1453 5289 “
1673 5283 1690 5370 ξ

226 5353 413 5439 (159)
456 5356 841 5439 uipsitb‘runi.
869 5372 933 5415 ν.
973 5373 1028 5416 ιη
1070 5359 1199 5418 cod.
1262 5359 1804 5429 Hamburgeumbus

151 5427 328 5499 supra
357 5427 443 5498 5⁸,
479 5429 560 5499 κδ,
603 5427 904 5487 indicatis.

178 5442 221 5486 ιιι
266 5442 328 5485 ra
362 5442 443 5498 σι,
479 5442 560 5499 ευ,
603 5442 904 5513 indicatis.

178 5442 1079 5649 C§3%)C&ggwf£;hhotheca
1136 5503 1375 5563 Trever.
1443 5502 1553 5559 No.
1630 5504 1794 5558 1360.

1999 4503 2147 4586 (161)
2179 4501 2372 4559 Codex
2414 4502 2653 4586 Treyer.
2689 4502 3028 4586 No.43“.
3090 4504 3300 4586 (XXIX)
3328 4536 3400 4586 -_-_-
3442 4511 3578 4586 1522

1924 4573 2070 4631 Alis:
2100 4573 2492 4629 Treverenses
2523 4573 2783 4630 historia
2816 4573 3030 4631 ibidem
3060 4573 3296 4633 etstant
3333 4579 3406 4635 Ν.
3438 4583 3571 4635 1391

1924 4644 2135 4716 (1347).
2174 4676 2242 4684 —
2276 4648 2431 4715 1537,
2464 4645 2533 4700 N.
2578 4650 2713 4702 1392
2745 4645 2948 4716 (1346).
2981 4677 3045 4688 -
3078 4650 3234 4704 1569.

1997 4715 2147 4787 (162)
2181 4718 2258 4771 De
2276 4716 2442 4787 cujus
2472 4715 2623 4773 libro
2654 4732 2682 4771 a
2716 4715 3149 4774 Scheckmanno
3192 4719 3246 4774 in
3312 4720 3575 4778 Latinum

1921 4801 2099 4844 verso
2132 4792 2189 4843 et
2221 4788 2388 4843 Metis
2415 4803 2467 4843 s.
2512 4792 2559 4843 t.
2625 4788 2900 4859 Epitome
2946 4790 3109 4847 alias
3148 4789 3422 4849 Medulla
3477 4789 3580 4849 Ge-

1918 4861 2147 4934 storum
2176 4859 2620 4934 [revircnsium
2636 4860 2874 4916 editov.
2908 4860 3216 4916 Hontheim
3241 4862 3335 4933 111,
3365 4878 3425 4934 ρ.
3449 4866 3573 4919 989.

2018 4934 2145 5003 163)
2166 4930 2485 5003 ﬂontheim
2518 4929 2559 5003 Ι.
2584 4929 2645 4999 1.,
2672 4946 2734 5003 ρ.
2770 4934 2900 4986 990.

2019 5000 2141 5077 164)
2165 5001 2503 5058 Hontheim.
2546 5000 2608 5071 1.,
2635 5000 2698 5071 ρ’.
2736 5003 2869 5057 991.
2908 5002 3300 5072 Wyttenbach
3331 5003 3375 5075 1,
3411 5004 3567 5077 prol.

1918 5088 1975 5145 p.
2002 5073 2116 5145 XL.

2017 5146 2139 5214 165)
2164 5143 2244 5216 κγ.
2284 5141 2555 5216 Leibnitii
2582 5144 2976 5216 Accessiones,
2995 5145 3034 5213 1,
3064 5145 3252 5216 praef.

2015 5217 2138 5286 166)
2162 5215 2283 5270 Hoc
2316 5214 2582 5285 pluribus
2612 5229 2672 5286 c_.
2701 5217 2755 5283 9,
2816 5218 2900 5281 10,
2965 5214 3110 5272 locis
3156 5230 3290 5274 cum
3340 5219 3571 5279 Caesare

1916 5284 2150 5359 collatis
2170 5300 2244 5359 pa
2251 5284 2330 5359 tet
2358 5302 2372 5350 ;
2405 5298 2600 5359 e._gr.,
2626 5284 3034 5359 hortatusque,
3059 5286 3231 5359 tqnqe
3250 5302 3310 5359 a,
3336 5304 3377 5347 a
3399 5293 3570 5350 Seno-

1916 5300 2150 5343 couaus
2210 5300 2330 5340 ater.
2358 5302 2372 5350 ;
2405 5300 2463 5340 e.
2488 5300 2600 5355 gn,
2626 5300 3018 5357 hortatusque
3059 5300 3114 5342 to
3201 5302 3231 5344 e
3250 5302 3310 5359 α,
3336 5304 3377 5347 α
3399 5300 3555 5350 seno

1912 5356 2092 5414 nibus
2122 5300 2589 5426 εἵσανποιίῡω,
2642 5354 2866 5421 Quibus
2886 5388 2956 5397 -
2999 5302 3374 5419 λαιῗῖαπιαν
3429 5370 3555 5422 etc.

1914 5427 2102 5485 Codd.
2133 5432 2168 5484 2
2191 5432 2302 5485 -6
2329 5440 2619 5500 εθωρθιῂα
2652 5427 2881 5484 Οωεειιθ
2894 5427 3201 5500 recedunt,
3228 5430 3293 5488 Β.
3332 5434 3398 5491 C.
3423 5449 3567 5493 vero

1913 5512 2327 5578 nonnunquam
2379 5498 2524 5578 cuin
2565 5498 2696 5578 ipso
2751 5500 3138 5578 conveniunt,
3185 5498 3563 5578 guia_ipsius

1912 5568 2125 5632 librum
2155 5568 2381 5650 primus
2397 5568 2617 5631 codicis
2639 5572 2707 5631 Β.
2745 5571 3001 5649 scriptor
3046 5568 3408 5636 adhibuerit;
