3958 6046
383 264 539 336 11¹79

1289 265 1563 335 GESTA
1592 265 2186 336 TREVERORUM.
2223 303 2300 319 --
2332 264 2881 340 CONTINUATIO

3647 265 3806 339 1180

377 405 437 459 et
461 393 732 459 laticiam
750 391 842 433 ’⁸⁸⁸
859 392 1149 456 universae
1171 391 1431 456 civitatis
1451 396 1786 457 cathedram
1811 396 2035 471 episco-
2063 388 2118 450 A
2150 395 2414 471 episcopo
2435 396 2720 472 Popponi,
2744 398 2964 459 sancta
2991 397 3315 459 Trevertca
3330 396 3491 459 sedis
3512 396 3805 473 arcliept-

382 490 570 563 palem
588 488 850 560 suscepit
870 488 990 559 (an.
1012 489 1193 560 1015),
1214 503 1373 559 vere,
1390 489 1639 560 inquam,
1659 488 1713 545 in
1733 488 2030 559 gaudium,

380 579 514 651 quia
541 583 604 636 ut
626 578 682 635 in
706 578 894 650 ipsum
918 576 1211 635 scolastici
1237 576 1537 647 cujusdam
1563 577 1761 634 verbis
1786 583 1918 635 utar
1945 596 1957 631 :

473 668 712 727 Abmmn
739 667 989 724 tutorem
1015 672 1211 724 secu/m
1240 666 1385 723 tulit
1411 667 1526 723 huc
1553 667 1941 738 ngeonem;

382 757 537 814 unde
551 755 1003 827 insequentibus
1023 754 1267 826 plenius,
1286 756 1400 811 Deo
1419 754 1721 825 largiente,
1740 756 2028 812 tractabo.

382 846 637 903 Primum
690 849 881 901 autem
934 843 1147 915 quibus
1197 843 1559 915 parentibus,
1615 844 1828 914 quibus
1856 844 2032 900 etiam

378 933 648 1006 partibus
670 932 934 989 extiterit
955 931 1261 1002 oriundus,
1288 936 1565 1002 quantum
1586 932 1655 989 ad
1676 947 1859 989 meam
1884 933 2034 988 noti-

381 1023 525 1080 ciam
572 1022 867 1079 seniorum
912 1020 1196 1077 relatione
1237 1021 1493 1092 devenit,
1539 1022 1761 1078 referre
1790 1023 2028 1078 curabo.

376 1111 533 1168 Patri
555 1110 682 1181 ejus
704 1109 981 1182 Luopaldi
1006 1108 1097 1143 ³³³⁷
1123 1124 1327 1165 nomen
1352 1114 1497 1180 erat,
1526 1111 1622 1181 qui
1642 1110 1901 1180 regionis
1927 1114 2034 1167 Au-

378 1200 542 1257 striae
587 1212 837 1256 marcam
884 1200 1142 1269 tenebat,
1179 1202 1364 1254 mater
1394 1203 1587 1256 autem
1619 1199 1744 1269 ejus
1780 1199 2030 1255 Richeza

381 1286 679 1358 cujusdam
696 1288 860 1345 ducis
873 1286 1190 1343 Germanize
1206 1287 1461 1343 Francize
1480 1288 1626 1359 (457)
1650 1287 1761 1343 tilia
1786 1287 1910 1357 fuit,
1928 1287 2031 1344 sed

378 1382 439 1434 et
467 1377 646 1434 frater
677 1376 802 1447 ejus
834 1376 1020 1447 patris
1060 1375 1395 1446 mquivocus
1428 1375 1599 1446 (458),
1634 1380 1802 1447 patre
1832 1390 2032 1432 eorum

383 1464 677 1535 defuncto,
696 1465 931 1522 eandem
958 1479 1206 1521 marcam
1232 1467 1513 1520 strennue
1533 1464 1919 1534 gubernabat.
1943 1464 2032 1519 liii

381 1554 580 1625 itaque
612 1553 791 1611 lilium
822 1568 1008 1621 suum,
1043 1554 1370 1623 Popponem
1393 1550 1486 1584 ²⁸⁸⁸
1510 1552 1661 1621 dico,
1696 1558 1869 1609 aetate
1904 1568 2033 1624 pro-

382 1642 670 1699 ﬁcientem
693 1640 1003 1712 disciplina
1026 1639 1263 1696 litterali
1290 1640 1673 1696 erudiendum
1701 1641 1754 1695 in
1779 1642 2034 1711 Regene—

2147 501 2316 560 scapo
2331 488 2677 559 venerabili,
2694 491 2976 547 veternum
2998 491 3061 547 in
3081 491 3329 549 Domino
3341 489 3597 548 salutem
3609 490 3671 547 et
3679 505 3804 563 ape-

2146 576 2420 635 stolicam
2479 577 2957 636 benedictionem.
3015 578 3358 651 Apostoliea
3401 580 3803 638 sollicitudini

2146 667 2419 724 convenit
2432 665 2749 737 benignum
2762 682 2861 736 erg
2868 668 3021 741 afra
3029 669 3148 726 tres
3160 681 3388 740 seraper
3397 667 3652 740 prebere
3668 667 3803 741 afe-

2145 754 2303 811 ctum
2322 768 2639 826 eorumque
2651 756 3050 828 peticionibus
3070 771 3201 829 gues
3216 758 3367 814 rata
3380 757 3806 815 rationabiles-

2146 857 2260 915 gue
2271 857 2395 902 esse
2406 843 2686 900 videntur
2697 845 3063 902 commodare
3075 859 3381 903 assensum
3393 845 3801 913 ’“lProinde,

2148 931 2603 1000 dulcissimefra
2613 935 2716 1003 ter,
2727 935 2874 1004 quia
2874 934 3204 1005 postulasti
3215 949 3254 991 a
3267 948 3355 990 me
3366 934 3459 991 uti
3460 935 3680 1006 juavta-l
3702 948 3803 990 ino-

2143 1021 2770 1092 remprcedecessormn
2783 1023 3017 1079 tuorum
3030 1037 3201 1081 usum
3216 1023 3327 1081 tibi
3335 1024 3521 1095 pallii
3535 1024 3803 1080 concede-

2144 1123 2363 1177 remus,
2400 1108 2650 1167 libenter
2673 1111 2805 1168 voto
2839 1112 2932 1167 tuo
2963 1112 3305 1180 annuimus,
3335 1110 3614 1169 sollerter
3648 1113 3805 1169 tuam

2146 1211 2401 1254 common
2410 1198 2568 1255 entes
2567 1199 2685 1270 fra
2693 1200 2846 1256 terni
2853 1200 2911 1255 ta
2920 1199 3129 1269 tem,ut
3140 1200 3457 1257 exterioris
3472 1201 3808 1258 indumenti

2147 1284 2414 1342 habitum
2429 1300 2659 1343 morum
2668 1286 2965 1357 probitate
2976 1302 3244 1357 exornes,
3263 1289 3563 1359 talemque
3576 1288 3743 1345 tem“
3755 1291 3811 1345 in

2145 1388 2236 1430 om
2244 1373 2342 1431 nib
2350 1388 2417 1431 us
2431 1374 3059 1445 euhibeas,utcredit¢
3076 1377 3543 1448 dispensationis
3555 1378 3810 1447 oﬂeium

2134 1463 2441 1534 pastorali
2463 1478 2608 1521 cura
2630 1478 2857 1535 semper
2888 1464 3323 1523 administrare
3347 1466 3612 1523 studeas.
3658 1467 3814 1523 Tune

2147 1550 2304 1606 enim
2323 1550 2511 1607 veluti
2533 1551 2781 1608 lucerna
2803 1567 2929 1622 qua
2948 1554 3013 1609 in
3026 1554 3191 1609 domo
3214 1554 3440 1610 domini
3467 1555 3627 1610 lucet
3646 1569 3813 1611 cunc-

2149 1640 2247 1707 tis,
2264 1640 2583 1711 apparebis
2602 1644 2972 1712 conspicuus,
2991 1644 3046 1700 si
3058 1644 3153 1699 uti
3165 1643 3450 1700 exteriori
3468 1642 3713 1711 habitu,
3730 1644 3811 1699 ita

382 1732 559 1787 sburc
590 1730 681 1763 ³³³⁸
708 1730 947 1786 civitate
977 1728 1117 1785 viris
1145 1728 1511 1786 doctioribus
1545 1728 1939 1797 tradiderunt,
1975 1735 2035 1785 et
2071 1747 2116 1803 Β
2148 1728 2714 1801 etinteriorifueris
2738 1731 3087 1801 adornatus,
3105 1746 3328 1789 crucem
3355 1732 3811 1803 Christi,guam

385 1824 516 1891 post
539 1818 595 1874 in
620 1833 899 1891 processu
937 1817 1215 1888 temporis
1238 1817 1489 1873 sciencia
1524 1816 1856 1874 litterarum
1888 1818 2036 1875 satis

381 1906 663 1963 imbutum
686 1912 744 1962 et
777 1906 830 1961 in
855 1904 1155 1975 virilejam
1178 1907 1359 1961 robur
1388 1905 1649 1962 adultum
1683 1906 1915 1963 notieiae
1946 1922 2037 1963 su-

385 1994 629 2066 pradicti
651 1994 807 2064 regis
825 1993 1239 2051 exhibuerunt.
1267 1993 1365 2050 Cui
1392 1994 1446 2048 in
1467 1994 1629 2050 brevi
1652 1999 1765 2051 tam
1784 1994 2039 2052 dilectus

384 2082 575 2140 factus
602 2085 838 2153 tamque
869 2080 1110 2139 idoneus
1139 2082 1301 2138 visus
1331 2086 1442 2153 est,
1481 2084 1562 2149 ut,
1593 2082 1744 2139 sicut
1769 2082 1909 2153 dixi,
1933 2084 2042 2139 Me“

380 2170 675 2241 gingaudo
707 2170 983 2242 episcopo
1015 2170 1337 2227 Trevericae
1370 2170 1715 2243 metropolis
1749 2171 1817 2227 de
1848 2171 2040 2227 medio

376 2260 551 2329 facto,
600 2274 701 2315 rex
736 2260 858 2331 ipse
889 2259 1183 2315 Treberim
1225 2260 1506 2316 festinato
1546 2260 1775 2316 venerit
1807 2292 1875 2301 —
1907 2275 2041 2335 erat

377 2347 529 2404 enim
562 2347 618 2404 in
652 2347 1012 2405 Conﬂuentia
1062 2348 1295 2419 positus
1324 2379 1423 2419 --,
1456 2352 1514 2405 ct
1562 2348 1876 2420 impetrato
1928 2354 2039 2405 tam

379 2435 522 2493 cleri
546 2451 715 2508 quam
736 2435 935 2508 populi
955 2436 1478 2508 consensu,,ipsum
1500 2436 1822 2517 pontificali
1840 2438 2040 2517 cathe:

382 2524 486 2580 dra
510 2523 935 2580 sublimaverit.
973 2524 1225 2580 Proinde
1256 2524 1468 2580 ibidem
1497 2525 1567 2580 ab
1589 2524 1907 2597 episcopis,
1941 2522 2039 2596 qu1

381 2625 559 2670 causa
582 2614 738 2682 regis
760 2613 1119 2669 advenerant
1158 2617 1541 2669 consecratus
1562 2618 1652 2669 est
1673 2614 1780 2668 sub
1799 2614 1892 2670 die
1915 2614 2016 2670 Kal

383 2702 643 2766 Januar.,
675 2715 824 2757 anno
852 2700 1164 2757 Dominicze
1197 2700 1615 2758 incarnationis
1641 2705 1796 2759 1016.
1830 2695 2038 2781 Conso:

377 2792 677 2847 cratorum
710 2792 903 2845 autem
938 2788 1179 2859 ejus’“°_
1203 2804 1350 2846 unus
1373 2794 1497 2845 erat
1519 2790 1855 2847 Theodorus
1889 2789 2037 2862 (4691

374 2876 670 2934 secundus
718 2876 991 2934 Metensis
1044 2878 1379 2949 episcopus.
1435 2877 1655 2935 Deinde
1687 2878 1896 2936 diebus
1926 2895 2035 2936 non

378 2964 578 3021 multis
610 2965 1006 3038 interpositis,
1046 2966 1288 3023 Romam
1320 2967 1614 3024 oracionis
1643 2982 1815 3024 causa
1848 2969 2041 3040 profe-

370 3058 503 3111 ctus
531 3059 640 3126 est,
671 3061 730 3112 et
760 3060 820 3112 ut
855 3054 1012 3127 quod
1047 3059 1245 3113 sancta
1276 3056 1532 3112 Romana
1565 3060 1750 3112 mater
1780 3056 2034 3114 ecclesia
2070 3105 2114 3127 ,,

2088 3140 2116 3162 ’⁴
2149 3144 2596 3217 lempnitate”“
2611 3146 2885 3203 Omnium
2901 3146 3279 3214 Sanctorum,
3294 3146 3549 3218 infestis
3568 3162 3804 3219 quoque

373 3142 507 3201 illia;
530 3159 673 3213 suae,
702 3144 1050 3201 Treberensi
1079 3143 1351 3201 videlicet
1375 3144 1665 3216 ecclesiae,
1698 3160 1771 3202 ex
1801 3145 2038 3202 institu-

372 3231 538 3287 cione
554 3238 891 3288 sanctorum
914 3232 1374 3302 apostolicoruni
1394 3233 1632 3289 honoris
1646 3240 1703 3289 et
1718 3232 1921 3302 gratiae
1936 3233 2035 3289 de-

374 3319 596 3376 buisset
628 3318 984 3391 impendere,
1023 3320 1146 3375 ﬁeri
1189 3320 1296 3376 sibi
1343 3320 1675 3391 postularet
1704 3320 1813 3376 "‘1.
1852 3321 2029 3388 Quem

373 3407 620 3465 domnus
634 3408 985 3465 Benedictus
1003 3407 1096 3440 ²⁸⁶²
1120 3409 1236 3464 Vill
1257 3407 1671 3466 sacratissima}
1690 3408 2030 3480 apostolicae

370 3495 496 3553 sedi
538 3496 879 3568 praesidens,
919 3512 1131 3567 magno
1171 3512 1301 3554 cum
1342 3499 1561 3554 honore
1601 3500 1882 3571 suscep't,
1919 3515 2031 3555 mo-

372 3598 607 3655 ramque
632 3584 710 3641 ibi
739 3584 974 3641 facienti
999 3599 1226 3641 omnem
1255 3584 1349 3618 ²⁵⁴³
1381 3587 1768 3643 reverentiam
1798 3596 1857 3642 et
1889 3587 2030 3643 dile-

367 3672 619 3729 ctionem
657 3674 945 3744 exhibuit,
998 3674 1077 3731 ita
1109 3679 1172 3731 ut
1200 3673 1291 3707 '5“
1325 3689 1429 3746 pro
1460 3690 1529 3731 eo
1559 3691 1765 3732 missas
1809 3677 2028 3733 faceret

364 3766 569 3819 etcum
588 3761 718 3833 ipso
738 3762 961 3834 saepius
980 3763 1174 3819 cibum
1194 3767 1450 3834 caperet,
1472 3763 1880 3835 volentemque
1897 3765 2027 3822 inde

369 3849 786 3921 transmigrare
823 3866 1193 3923 summopere
1224 3853 1295 3909 de
1328 3852 1456 3923 ejus
1487 3867 1615 3925 quae
1647 3853 1701 3909 in
1730 3856 1904 3911 Deum
1936 3861 2026 3911 est

368 3935 500 3994 ﬁdei
523 3952 802 3996 conserva
814 3939 1110 4011 cione’m,
1132 3946 1190 3997 et
1214 3940 1283 3997 de
1305 3941 1677 3999 subditorum
1703 3943 1811 3999 sibi
1834 3943 2029 3999 erudi-

366 4026 523 4085 tione
546 4032 720 4100 atque
749 4030 818 4086 de
846 4030 1212 4101 peccantium
1244 4046 1358 4086 non
1393 4031 1612 4089 furiosa
1647 4033 1749 4089 sed
1785 4037 2024 4105 paterna

364 4116 775 4188 castigatione,
815 4118 918 4174 sed
937 4122 994 4173 et
1020 4119 1090 4174 de
1117 4118 1405 4176 mundicia
1438 4120 1642 4177 animae
1671 4124 1728 4177 et
1761 4121 2026 4192 corporis

364 4203 636 4262 sollerter
658 4205 1047 4275 admonebat;
1070 4212 1127 4262 et
1147 4206 1239 4240 ’⁸⁸⁸
1260 4212 1321 4263 ιιι
1341 4208 1462 4278 ipsa
1484 4208 1608 4265 haec
1624 4208 1717 4241 ²⁸⁴⁷
1734 4208 1861 4279 ejus
1882 4225 2025 4280 μνω-

362 4297 533 4365 cepta
557 4294 851 4352 memoriae
870 4295 1055 4367 ipsius
1073 4310 1186 4351 non
1204 4295 1563 4367 exciderent,
1581 4296 1743 4354 dedit
1760 4301 2026 4367 cyrogra'

365 4381 543 4452 phum
576 4380 732 4439 hunc
764 4382 1068 4439 habentem
1102 4383 1331 4439 modum
1358 4402 1371 4438 :
1398 4385 1755 4442 Benedictus
1783 4383 1876 4417 ³⁸⁸⁸
1906 4386 2024 4456 epi-

2146 1817 2254 1873 sub
2284 1819 2467 1889 pallii
2485 1820 2678 1889 specie
2693 1821 2898 1890 gestas
2918 1822 2985 1877 in
3005 1834 3261 1892 corpore,
3286 1819 3450 1877 intus
3479 1820 3811 1879 decreti-ris

2136 1907 2478 1976 portare,in
2492 1921 2622 1963 men
2632 1908 2685 1963 te
2700 1909 2966 1965 clamans
2980 1923 3108 1966 cum
3119 1910 3392 1980 Apostolo
3407 1928 3459 1965 :«
3474 1909 3810 1966 Mihinunr

2149 1994 2260 2051 dus
2281 1994 2614 2065 cruciﬁxus
2636 1997 2740 2065 est,
2766 1998 2823 2052 et
2843 2011 2944 2067 ego
2960 1998 3178 2054 mundo
3203 1996 3361 2062 (Gal.
3381 2012 3456 2065 vr,
3478 1997 3587 2069 1b),
3606 2017 3634 2049 ιι
3657 1998 3808 2055 desi-

2152 2082 2429 2139 deranter
2445 2097 2679 2155 quoque
2691 2086 2747 2141 et
2759 2085 2986 2142 addens
2997 2083 3089 2118 ²⁵⁵ί
3103 2084 3262 2142 illud
3261 2084 3568 2158 propheta
3579 2104 3600 2141 :
3616 2105 3645 2137 α
3663 2086 3808 2143 Con-

2138 2171 2266 2242 ﬂge
2281 2170 2576 2230 clavis'm
2589 2187 2626 2228 a
2643 2174 2853 2230 timore
2870 2174 2966 2229 tuo
2985 2187 3194 2231 carnes
3209 2187 3370 2231 meas
3392 2174 3588 2239 (Psal.
3611 2188 3803 2242 cxvm,

2150 2262 2259 2330 20).
2271 2279 2297 2311 ››
2313 2259 2530 2318 Debita
2545 2260 2735 2333 igitur
2752 2261 3017 2319 karilate
3030 2262 3083 2318 te
3094 2261 3573 2332 admonentes,ab
3587 2263 3808 2335 aposto-

2154 2349 2273 2406 lica
2293 2348 2428 2405 sede
2434 2350 2699 2419 pallium
2721 2350 2831 2407 tibi
2854 2350 3343 2416 transmittimus,
3361 2349 3544 2422 hujus
3554 2351 3809 2422 privile-

2145 2439 2241 2508 gii
2260 2438 2452 2495 nostri
2474 2439 2836 2497 auctoritate
2862 2439 3210 2509 statuentes,
3235 2439 3305 2495 ut
3321 2439 3390 2496 in
3409 2438 3810 2496 celebracione

2148 2524 2472 2583 missarum
2486 2525 2582 2583 his
2596 2527 2999 2583 tantummodo
3012 2526 3104 2584 sol
3109 2525 3556 2598 lempnitatibus
3569 2542 3635 2584 eo
3647 2529 3811 2585 ador-

2149 2614 2331 2669 natus
2350 2615 2616 2683 incedas,
2647 2614 2929 2673 videlicet
2947 2618 3012 2672 in
3033 2615 3261 2673 Natale
3289 2617 3553 2684 Domini,
3584 2617 3652 2672 in
3674 2617 3809 2686 Epi-

2138 2699 2377 2772 phania
2404 2702 2665 2772 Domini,
2696 2704 2763 2760 in
2793 2703 2973 2760 C'cena
3001 2703 3265 2773 Domini,
3293 2704 3357 2758 in
3377 2703 3623 2762 Pascha
3645 2707 3705 2759 et
3722 2703 3809 2737 ⁸⁸⁸⁸

2151 2790 2275 2846 Pen
2282 2790 2428 2847 tecos
2435 2790 2545 2856 ten,
2565 2789 2723 2847 et"“
2736 2791 2803 2849 in
2816 2794 2857 2850 A
2866 2795 3171 2849 scensione
3184 2792 3426 2848 Domini
3440 2793 3575 2850 etin
3570 2793 3811 2866 festivi-

2150 2877 2375 2936 tatibus
2404 2880 2626 2937 sancta
2656 2881 2769 2937 Dei
2794 2879 3115 2952 genitricis
3139 2880 3196 2938 et
3217 2881 3511 2952 perpetua
3543 2882 3808 2952 virginis

2145 2965 2524 3037 Maria,etin
2537 2967 3189 3026 Nativitate"“sanrti
3200 2969 3498 3027 Johannis
3512 2968 3803 3040 baptista,

2147 3055 2280 3113 etin
2292 3057 2829 3127 sollempnitatibus
2845 3058 3105 3114 omnium
3117 3056 3532 3129 apostolorum,
3549 3059 3686 3115 etin
3696 3059 3807 3115 sol-

2146 3233 2741 3292 illorumsanctorum
2751 3248 3005 3307 quorum
3018 3248 3259 3307 corpora
3271 3236 3615 3307 etreliguiee
3625 3236 3802 3292 intuo

2144 3324 2482 3396 episcopatu
2499 3323 2810 3394 habentur,
2832 3325 2891 3379 et
2909 3326 2974 3380 in
2993 3323 3367 3381 dedicatione
3389 3324 3503 3381 tua
3523 3325 3800 3382 ecclesia

2144 3413 2276 3469 etin
2289 3412 2387 3469 die
2398 3426 2616 3485 annuae
2626 3412 3041 3472 ordinarionis
3056 3412 3189 3482 tuae,
3209 3413 3330 3471 etsi
3342 3412 3581 3483 quando
3601 3426 3805 3470 sacros

2142 3499 2383 3557 ordines
2404 3500 2796 3571 competenter
2802 3502 3019 3572 facere
3042 3500 3387 3558 decreveris.
3416 3500 3806 3558 Concedimus

2142 3589 2321 3646 etiam
2348 3586 2583 3658 tibim",
2612 3587 3074 3659 karissime/lli,
3105 3586 3555 3659 [licentiam'mj
3578 3601 3806 3645 crucem

2140 3676 2280 3734 ante
2297 3676 2349 3731 te
2358 3676 2641 3747 gestandi
2657 3675 2770 3731 "‘°.
2802 3677 3176 3748 Omnipotens
3201 3674 3805 3748 Dominus/retent-

2142 3764 2320 3821 tatem
2336 3764 2519 3833 tuam,
2543 3765 2888 3821 dulcissime
2888 3764 3120 3836 frater,
3137 3763 3235 3822 hic
3251 3765 3308 3821 et
3319 3764 3384 3821 in
3384 3764 3602 3833 futuro
3615 3764 3804 3821 custo—

2141 3853 2289 3921 diat,
2322 3852 2527 3923 sicque
2548 3854 2768 3910 mentes
2788 3855 3026 3910 nostras
3049 3854 3115 3909 in
3136 3854 3383 3910 servitio
3411 3866 3517 3910 suo
3544 3850 3799 3910 corrobo-

2136 3942 2248 4011 ret,
2270 3942 2337 3997 ut
2350 3955 2456 4012 pro
2475 3939 2615 3997 bene
2633 3941 3078 3999 administrata
3088 3940 3422 4012 pastoralis
3441 3954 3597 3998 cura
3611 3941 3797 4011 oﬁcio

2137 4030 2204 4086 in
2224 4030 2446 4087 (eterna
2471 4028 2843 4086 beatitudine
2868 4029 3125 4086 laborem
3144 4030 3413 4087 nostrum
3436 4042 3558 4085 rem
3567 4029 3790 4086 sineret.

2137 4119 2295 4174 Bene
2309 4117 2498 4175 valete
2512 4116 2623 4172 ’5“.
2645 4118 2806 4174 Data
2823 4121 2854 4172 6
2874 4118 3021 4176 Idus
3040 4117 3272 4189 Aprilis
3290 4118 3533 4187 mensis,
3544 4132 3659 4189 per
3672 4130 3791 4173 ma-

2136 4221 2248 4263 nus
2265 4205 2574 4263 Benedicti
2594 4205 2847 4278 episcopi
2871 4206 3208 4278 apostolica
3225 4205 3388 4264 sedis
3412 4205 3616 4277 legati,
3636 4218 3789 4261 anno

2137 4294 2415 4351 Heinrici
2449 4294 2835 4351 invictissimi
2866 4294 3028 4365 regis
3057 4295 3462 4351 Romanorum
3492 4295 3579 4363 16,
3613 4293 3791 4364 ἐθηρι-

2134 4382 2220 4438 rii
2239 4381 2329 4415 ἐυ
2352 4395 2485 4439 vero
2506 4380 2596 4415 ³⁵⁵⁸
2619 4382 2747 4453 ejus
2766 4386 2797 4437 3
2818 4396 2845 4451 ·,
2869 4382 3200 4439 indictione
3222 4384 3288 4436 14
3313 4384 3437 4445 (an.
3466 4384 3646 4450 1016).

361 4472 1274 4540 scopus,servusservormnDei,
1291 4470 1629 4529 beatissimo
1647 4471 1951 4544 con/ratri
1968 4472 2028 4528 et
2057 4459 2104 4518 Ι)
2206 4476 2257 4526 2.
2275 4469 2366 4503 ί⁸⁶³
2389 4471 2523 4525 Inde
2550 4486 2688 4526 vero
2712 4472 2878 4526 annis
2906 4470 3127 4541 aliquot
3155 4470 3495 4540 transactis,
3520 4483 3649 4525 cum
3674 4472 3792 4523 sat-

1733 4568 1969 4623 VARIE
2027 4566 2431 4623 LECTIONES.

437 4660 529 4695 ’⁸³⁸
559 4662 609 4717 ci
628 4675 744 4733 pro
772 4662 815 4716 ti
846 4676 921 4719 ea:
951 4663 989 4716 Β
1016 4667 1067 4719 2.
1101 4663 1449 4765 plerumque
1475 4663 1729 4719 retinui.
1812 4662 1903 4695 ’⁸³⁷
1937 4655 2178 4735 liﬁpaldi
2212 4664 2251 4719 Β
2279 4666 2338 4718 2.
2376 4654 2620 4737 liiipaldi
2657 4664 2694 4719 C
2728 4669 2783 4721 1.
2826 4669 2886 4721 3.
2927 4668 2984 4720 4.
3066 4662 3160 4697 ⁸⁵³⁸
3194 4663 3305 4734 bop

437 4746 612 4791 ωηεν.
653 4748 931 4791 nononem
965 4734 1022 4787 C.
1126 4732 1193 4765 ⁵³⁸
1225 4734 1653 4791 regenesburch
1688 4737 1780 4790 B2.
1820 4734 2184 4791 genesburch
2215 4734 2348 4791 post
2371 4747 2521 4791 corr.
2557 4736 2995 4791 regenesburch
3031 4735 3125 4791 C1.
3165 4738 3215 4790 3.
3292 4734 3314 4765 ²

1225 4739 1653 4802 regenesburch
1689 4739 1780 4790 B2.
1820 4739 2184 4803 genesbureh
2204 4739 2348 4806 post
2371 4747 2521 4794 corr.
2557 4739 2995 4804 regenesburch
3031 4739 3125 4791 C1.
3165 4739 3215 4790 3.

1227 4805 1287 4859 Ι).
1333 4817 1475 4874 papa
1514 4806 1609 4859 B1.
1712 4804 1805 4837 ’⁸⁸³
1844 4820 2186 4875 omnemque
2220 4806 2321 4860 C3.
2364 4808 2420 4862 6.
2525 4805 2616 4839 ²⁵⁸⁴
2659 4805 2822 4865 deest
2850 4809 2951 4862 B1.
3051 4804 3145 4839 ’⁸⁸⁸
3186 4820 3215 4862 c

362 4745 612 4804 semper.
653 4748 931 4804 poponem
965 4734 1022 4787 C.

358 4802 456 4874 11⁸1
488 4802 861 4869 τιθειυιθςδθῐ.
895 4806 994 4859 Bl.
1058 4873 1061 4874 γ
1096 4803 1188 4836 ’⁸⁸³
1227 4805 1287 4859 b-
1333 4817 1475 4874 papa
1514 4806 1609 4859 81-

3317 4662 3695 4791 “melliﬁci.
3722 4667 3782 4790 2:

2525 4803 2822 4865 “"deest
2850 4809 2915 4862 B1
2938 4849 2951 4862 .
3051 4804 3145 4839 ““
3186 4803 3642 4862 conversacione
3676 4804 3780 4861 B2.

360 4872 456 4906 ’Μ
493 4879 550 4930 et
586 4881 650 4931 ut
679 4906 746 4914 —
777 4875 1006 4930 modum
1039 4873 1280 4944 totaque
1309 4872 1620 4932 Ben-edicti
1648 4876 1993 4933 constitutio
2022 4872 2237 4934 desunt
2268 4876 2306 4931 C
2338 4880 2389 4932 3.
2426 4881 2477 4934 ι.
2555 4874 2647 4910 ’⁸⁸⁷
2676 4877 2837 4935 deest
2870 4879 2964 4932 Bl.
3040 4874 3133 4910 ³⁵⁸³
3164 4889 3212 4934 e.
3245 4876 3427 4932 XLIX.
3462 4874 3690 4944 Leibn.,
3723 4888 3779 4934 c.

364 4944 570 5018 1111111.
601 4946 650 5018 AC
682 4949 729 5001 1.
771 4949 829 5000 6.
912 4944 1004 4977 ’⁵⁸⁸
1023 4944 1197 5018 deest
1211 4946 1341 5018 B1.
1380 4945 1661 5018 vocabulo
1696 4947 1965 5018 videntur
1995 4949 2213 5004 iterum
2239 4948 2461 5018 scripto
2489 4946 2596 5006 sed
2624 4947 2838 5003 deleto.
2921 4946 3015 5018 "'9
3045 4947 3202 5005 deest
3230 4948 3331 5003 BI.
3373 4946 3428 5002 in
3464 4948 3625 5018 o.__t_e
3656 4946 3697 5001 C
3718 4949 3780 5018 6.

363 5014 457 5047 ¹⁶⁸¹
503 5016 726 5072 addens
756 5020 813 5071 et
848 5018 940 5070 B2.
976 5015 1040 5070 3?
1071 5017 1135 5070 4?
1207 5015 1299 5048 ³⁸⁸³
1330 5031 1377 5071 c.
1416 5031 1467 5071 a.
1502 5017 1715 5073 desunt
1745 5019 1836 5072 Bt.
1876 5018 2070 5074 claves
2104 5020 2194 5072 Bb‘.
2274 5014 2377 5051 ’⁸⁵⁸
2399 5020 2456 5075 In
2493 5020 2550 5073 Β.
2587 5020 2639 5074 4.
2672 5023 2721 5073 5.
2759 5020 2797 5074 C
2823 5024 2869 5073 1.
2949 5017 3039 5051 ²⁵⁸⁸
3073 5018 3233 5075 deest
3260 5019 3353 5074 Bt.
3388 5022 3442 5073 δ.
3516 5014 3611 5050 ³⁸⁸³
3642 5017 3791 5072 nati-

375 5085 540 5160 ﬂtale
565 5088 658 5143 B2.
689 5086 881 5160 natale
903 5087 941 5141 C
967 5085 1183 5160 Lm?“
1205 5085 1675 5160 solemnitatibus
1698 5089 1736 5143 C
1753 5093 1807 5160 6.
1887 5088 1978 5122 ’⁵³⁷
2004 5095 2043 5143 t.
2070 5105 2119 5144 e.
2147 5090 2267 5160 B2.
2321 5088 2414 5122 ³⁸⁸⁸
2437 5090 2598 5147 deest
2617 5091 2712 5160 sz.
2737 5091 2791 5160 4.
2820 5095 2870 5144 5.
2901 5089 2995 5146 C1.
3072 5088 3167 5160 3'”
3185 5088 3456 5160 gestandi
3477 5101 3779 5159 superscr"

374 5158 463 5210 vel
497 5157 707 5227 (gesta)
742 5158 787 5212 ri
824 5158 862 5211 C
886 5162 932 5212 1.
1012 5155 1107 5190 ²⁶⁶⁰
1141 5157 1266 5213 vale
1298 5158 1356 5212 C.
1434 5157 1521 5190 ¹⁵⁶¹
1556 5159 1800 5230 impe.io
1836 5161 1927 5213 B2.
1965 5163 2015 5214 4.
2049 5164 2097 5214 5.
2180 5158 2273 5192 ’⁸⁸³
2303 5160 2464 5217 deest
2490 5162 2583 5214 81.
2663 5158 2755 5192 ’⁸⁸³
2786 5173 2831 5217 c.
2869 5160 2926 5215 Ι..
2963 5159 3170 5216 Leibn.

1956 5255 2155 5312 ΝΟΤΑΞ

443 5364 595 5435 (157)
629 5365 1026 5437 Cujusl‘uerit
1077 5367 1327 5425 nondum
1375 5375 1637 5437 constat;
1688 5372 1761 5427 cl‘.
1815 5370 2021 5426 Moritz

378 5434 522 5509 Hist.
557 5434 1001 5509 com.'Sulzbac.
1032 5438 1073 5507 1,
1106 5454 1159 5509 p.
1187 5443 1270 5494 11.

378 5506 529 5580 (468)
560 5507 792 5580 Fratres
822 5506 1119 5580 Popponis
1137 5509 1450 5580 Heinricus
1480 5516 1539 5567 et
1571 5510 1851 5568 Albertus
1882 5526 2023 5568 mar-

379 5576 625 5634 chiones
651 5576 1267 5649 fuerunt,'ljuitpoldus
1289 5581 1330 5634 ll
1354 5580 1508 5637 filius
1530 5581 1639 5637 fuit
1660 5582 1903 5652 Alberti,
1926 5597 2022 5639 ne-

2133 5386 2237 5443 pos
2254 5371 2565 5444 Popponis.

2131 5477 2352 5604 “£45193
2401 5448 2813 5537 Theodericus.
2867 5479 2947 5533 Cl.
3005 5476 3075 5533 de
3125 5477 3228 5533 hac
3282 5492 3341 5532 re
3389 5478 3783 5537 Thietmarum

2232 5590 2246 5617 ,
2289 5590 2367 5604 .ν.
