3958 6046
365 225 518 300 1183
1272 233 1536 304 CESTA
1570 233 2011 304 TREVEROE

2153 289 2163 303 .
2199 275 2274 290 —-
2304 237 2864 314 CONTINUATIO
3622 253 3775 325 1184

361 355 596 418 indiciis
623 357 1038 436 magniﬁcavit,
1069 363 1150 422 ita
1171 367 1234 425 ut
1257 367 1476 426 erectis
1499 367 1766 428 manibus
1789 370 2010 428 nostris

2153 354 2334 417 tomno
2345 355 2618 418 Iohanne
2631 359 2696 418 in
2712 359 2826 420 hac
2837 359 3050 421 sancta
3062 360 3200 422 sede
3211 361 3544 437 apostolica
3554 367 3778 442 prcede-

361 462 593 508 ειιιιευιη
627 449 698 508 ad
730 453 907 510 Deum
939 469 1005 511 ac
1031 451 1124 490 που
1149 455 1427 516 cordibus
1454 459 1688 528 nostris,
1723 459 2013 531 evangeli-
2125 459 2348 505 cessore
2366 450 2780 508 vestroamore
2805 451 3054 510 visionis
3081 453 3342 526 sepulcri
3370 456 3483 514 Dei
3512 457 3776 520 hominis

358 553 489 595 cum
513 539 658 596 illud
680 540 1016 601 exultantes
1037 543 1352 602 decantare
1377 547 1686 619 possimus,
1713 549 1847 620 quia
1867 551 2011 608 visi-

2153 537 2204 593 Ἷι
2211 551 2312 595 esu
2328 538 2559 597 Obristi
2571 541 2905 598 Jerusalem
2920 556 3163 614 peregre
3173 547 3770 620 profectusfuissern,

362 626 521 686 tavit
537 629 697 687 Deus
709 631 938 703 plebem
957 647 1134 692 suam
1163 637 1322 702 (Luc.
1351 652 1390 707 ι,
1415 639 1526 710 68).
1560 639 1764 709 Itaque
1786 654 1891 710 pro
1913 639 2011 695 mi-

2153 641 2192 683 n
2218 626 2456 699 regione
2483 629 2689 686 nostra
2715 644 3040 700 pravorum
3077 631 3381 691 hominum
3407 640 3776 708 supercrevit

364 717 696 776 raculorum
713 721 998 794 frequenti
1017 725 1355 782 ostensione
1375 725 1823 798 populustotius
1841 728 2011 798 hujus

2153 716 2448 793 niquitas,
2462 718 2554 775 ita
2566 719 2634 774 ut
2644 733 2747 776 nec
2765 718 2964 777 adhuc
2977 735 3192 780 manus
3204 721 3278 780 ab
3289 725 3530 796 incepta
3540 728 3777 798 possint

365 807 676 876 provinciae
715 824 870 882 saepe
911 811 1128 869 dictum
1171 815 1502 886 Popponem
1545 816 2011 886 deprecabantur

2153 804 2432 862 'etraliere
2458 807 2742 879 nequicia
2767 807 2880 877 ποθ,
2916 809 3116 868 omnia
3134 824 3249 883 per
3276 814 3604 870 circuitum
3632 815 3778 873 diri-

364 892 720 968 episcopum,
759 899 842 954 uti
872 899 942 954 ad
973 900 1250 958 honorem
1278 903 1378 958 Dei
1409 907 1468 959 ct
1495 904 1679 960 sancti
1714 904 1874 961 illius
1905 886 2011 962 viri

2153 893 2350 967 utentes
2361 895 2420 950 et
2429 895 2608 953 devas
2616 897 2822 954 tantes.
2837 898 3036 970 Super
3046 913 3160 972 quo
3171 902 3497 972 saepissime
3509 903 3778 975 depreca’

361 981 453 1037 vel
486 999 588 1055 per
619 1000 678 1042 se
709 985 797 1042 vel
833 1002 936 1058 per
967 989 1275 1061 epistolam
1303 1007 1465 1048 suam
1487 994 1806 1050 Romanum
1830 993 2019 1066 ponti-
2127 981 3776 1060 ίαείαοὶθθηάουῖίηίθπθίνθθίδ,ρυαίίηαδυιαητινηΐηέσλὶ

365 1070 528 1128 licem
547 1075 907 1148 consuleret,
935 1082 990 1134 et
1013 1083 1282 1137 eventum
1307 1081 1390 1136 rei
1416 1082 1740 1152 nunciaret,
1760 1087 2011 1156 peteret-

2153 1073 2456 1144 iorrigeret
2483 1087 2607 1131 suae
2631 1073 2724 1108 “1°
2751 1076 3313 1148 animadversionis,
3345 1081 3667 1154 nichilqur
3693 1082 3776 1116 ³⁸³³

361 1175 473 1230 que
497 1163 775 1232 quatinus
799 1168 1174 1226 auctoritatis
1201 1168 1294 1203 ³⁵⁸³³
1329 1177 1644 1244 praecepto,
1673 1187 1840 1243 quem
1864 1175 2011 1230 Deus

2153 1162 2369 1232 rrofeci,
2405 1177 2554 1234 sape
2591 1165 2773 1221 etiam
2811 1179 2998 1236 supra
3027 1168 3330 1224 nominato
3357 1170 3778 1241 praedecessori

363 1249 736 1310 evidentibus
757 1255 1054 1315 miraculis
1074 1260 1530 1332 commendaret,
1554 1263 1708 1318 hunc
1729 1260 1820 1295 ³³⁸⁸
1841 1262 2011 1318 etiam

2153 1250 2316 1306 restro
2340 1265 2448 1321 pro
2479 1253 2674 1309 eodem
2711 1255 3068 1326 supplicavi,
3100 1270 3205 1313 nec
3231 1259 3560 1330 quicquam
3591 1274 3780 1330 usque

365 1337 622 1397 ﬁdelium
655 1343 904 1416 populus
927 1345 1100 1416 digno
1125 1349 1346 1406 sanctis
1375 1350 1658 1422 obsequio
1691 1351 2020 1422 frequenta-
2125 1337 2324 1395 adhuc
2342 1340 2763 1398 consolationis
2786 1343 3118 1414 impetravi.
3144 1345 3532 1410 Quamobrem
3551 1347 3780 1405 deside-

367 1431 474 1499 ret,
509 1435 570 1485 et
599 1445 845 1489 annuam
894 1435 1279 1507 depositionis
1321 1438 1449 1508 ejus
1490 1440 1640 1496 diem
1687 1440 2019 1512 sollempni-
2123 1427 3780 1506 routvelnuncsolacieturmicleiDeoamabilispaterni-

359 1520 452 1572 ter
473 1517 566 1551 ²⁸⁹⁸
587 1519 936 1578 celebraret.
967 1525 1150 1597 Super
1175 1529 1343 1596 cujus
1362 1528 1446 1584 rei
1467 1529 1709 1599 negocio
1733 1529 2018 1600 archiepi-

365 1620 580 1679 scopus
615 1609 817 1667 habito
849 1615 1406 1684 conprovincialium
1447 1618 1853 1688 episcoporum
1884 1634 2018 1675 con-

2128 1517 2220 1570 tas
2247 1516 2466 1586 vestra,
2499 1519 2824 1589 mittatque
2848 1521 3048 1576 virum
3079 1521 3148 1578 de
3175 1521 3674 1582 honoratioribus
3700 1539 3782 1580 ce-

2125 1603 2273 1661 stris
2293 1618 2366 1662 ac
2373 1620 2499 1676 pru
2511 1607 2890 1679 'tentioribus,
2904 1612 3012 1679 qui
3027 1610 3213 1668 michi
3233 1609 3301 1668 in
3320 1613 3780 1671 necessitatibus

362 1694 510 1766 silio,
545 1699 698 1768 quod
733 1701 1004 1760 subditus
1029 1703 1139 1759 sibi
1168 1705 1418 1776 populus
1450 1707 1542 1778 pie
1576 1707 1742 1780 petiit
1774 1708 2011 1780 implere

2153 1691 2271 1749 neis
2290 1694 2538 1752 consilio
2557 1697 2742 1753 simul
2759 1697 2817 1754 et
2834 1697 3072 1754 auxilio
3091 1713 3164 1756 su
3157 1698 3480 1772 fragetur,
3513 1701 3779 1758 auxilie-

361 1782 626 1841 decrevit
669 1788 838 1861 (463).

434 1873 484 1927 4.
517 1873 612 1907 ³³⁸⁸
643 1876 853 1933 Verum
879 1885 940 1934 ut
967 1880 1036 1936 ad
1060 1880 1152 1914 ³⁵⁸⁷
1174 1881 1434 1938 ordinem
1468 1883 1825 1942 narrationis
1855 1900 2016 1942 acce-

365 1957 515 2030 dam,
553 1959 696 2019 libet
731 1965 798 2020 ad
839 1969 1142 2038 superiora
1178 1972 1837 2044 parumper'respicere.
1869 1976 2016 2046 Pop-

365 2062 515 2119 pone
539 2049 594 2105 in
618 2053 908 2122 praelibati
935 2056 1164 2114 itineris
1186 2059 1428 2129 negocio
1457 2065 1746 2132 occupato
1768 2063 2014 2120 necdum

364 2151 618 2210 reverso,
655 2142 1020 2203 Giselbertus
1052 2146 1144 2181 ³⁸⁵³⁸
1176 2149 1409 2219 quidam
1441 2164 1638 2208 comes
1665 2151 1735 2207 de
1767 2152 2014 2209 castello

361 2226 760 2288 Lucelenburc
807 2232 901 2268 ²⁵⁹⁹
950 2235 1246 2294 nominato
1303 2253 1432 2294 cum
1491 2237 1610 2295 filio
1667 2254 1772 2296 suo
1832 2242 2017 2298 Cuon-

360 2314 502 2372 rado
525 2316 636 2387 ²⁶⁰⁰,
663 2334 776 2376 non
800 2322 886 2378 sic
905 2322 998 2357 ’θοι
1021 2324 1194 2382 aliter
1221 2341 1392 2397 quam
1422 2326 1573 2384 solet
1601 2327 1773 2400 lupus
1797 2329 1850 2384 in
1874 2343 2013 2387 oves

362 2401 616 2462 insanire
635 2408 682 2464 si
703 2411 930 2479 quando
954 2413 1268 2484 contigerit
1289 2421 1584 2487 pastorem
1609 2415 1834 2498 deesse,
1863 2418 2013 2476 alius

360 2491 491 2564 hoc,
523 2494 678 2554 alius
710 2498 850 2556 illud
876 2502 985 2558 sibi
1011 2503 1339 2574 vendicare,
1373 2505 1469 2561 ille
1499 2491 1898 2578 quoscumque
1922 2522 2015 2564 ca-

362 2596 521 2653 pere,
548 2583 661 2642 iste
683 2585 776 2622 ²⁶⁰²
797 2594 988 2646 autem
1013 2591 1360 2664 deprazdari,
1389 2593 1591 2665 sicque
1615 2595 1763 2651 mala
1788 2596 2015 2653 inenar-

361 2670 564 2727 rabilia
599 2688 710 2731 non
742 2680 1054 2735 cessabant
1087 2685 1443 2754 perpetrare.
1491 2682 1654 2750 Quod
1695 2685 2014 2758 episcopus

361 2773 632 2818 reversus
681 2779 1001 2825 conversus
1049 2771 1495 2842 conperiens—
1525 2787 1631 2830 nec
1681 2774 1832 2830 enim
1885 2775 2014 2846 ipso

360 2856 654 2917 praesente
697 2869 726 2910 a
757 2855 983 2913 malicia
1033 2873 1132 2915 sua
1167 2874 1232 2916 se
1266 2863 1539 2932 poterant
1587 2862 1910 2934 continere,
1945 2895 2010 2904 ——

360 2950 490 2992 cum
525 2955 634 2996 non
672 2945 964 3014 potuisset
988 2946 1107 3004 ullo
1133 2948 1301 3005 modo
1325 2949 1440 3006 illis
1465 2950 1764 3021 resistere,
1797 2952 2010 3025 quippe

363 3026 574 3095 quibus
601 3031 786 3089 tocius
809 3033 980 3105 hujus
1001 3038 1320 3108 provincias
1343 3038 1718 3111 valentiores,
1744 3040 1841 3112 qui
1866 3041 2011 3097 hanc

363 3112 417 3169 in
449 3129 552 3173 eos
585 3119 928 3179 debuissent
957 3124 1223 3193 injuriam
1253 3125 1344 3160 ²⁶⁰³
1376 3128 1691 3199 vindicare,
1723 3129 2012 3186 confoede-

363 3205 472 3260 rati
506 3213 671 3264 erant
707 3211 944 3268 hominii
973 3213 1066 3248 ²⁶⁰⁴
1097 3217 1530 3287 conjunctione,
1561 3232 1826 3290 persaepe
1858 3217 2011 3290 apud

363 3290 771 3364 imperatorem
797 3301 1165 3359 Cuonradum
1187 3303 1283 3338 ²⁶⁰⁶
1306 3320 1367 3360 se
1391 3305 1768 3376 proclamavit
1794 3306 1864 3363 de
1889 3305 2014 3362 illo-

363 3395 487 3436 rum
534 3386 862 3459 tyrannide,
914 3390 1206 3462 nichilque
1258 3393 1446 3464 potuit
1499 3394 1806 3466 proiicere,
1860 3395 2012 3452 sicut

361 3469 693 3544 subscripta
723 3474 850 3544 ejus
880 3478 1127 3548 epistola
1168 3487 1604 3538 commemorat.
1647 3483 1807 3539 Unde
1839 3499 2007 3554 quam

362 3558 562 3627 plures
593 3566 654 3617 et
683 3565 805 3633 regi
835 3569 894 3620 ct
924 3581 1087 3638 papa:
1119 3568 1390 3624 mittebat
1415 3569 1506 3602 ²⁸⁰⁶
1529 3571 1832 3642 epistolas,
1867 3587 2012 3642 quas

363 3647 497 3714 quia
547 3665 652 3720 pro
704 3653 1077 3710 multitudine
1125 3657 1428 3713 taediosum
1461 3664 1589 3715 erat
1621 3659 1880 3729 singulas
1913 3676 2011 3732 po-

363 3748 502 3792 nere
531 3736 642 3808 m",
677 3753 876 3797 verum
909 3743 1088 3798 etiam
1122 3744 1253 3814 quia
1285 3759 1397 3801 non
1430 3761 1629 3804 omnes
1661 3748 1904 3818 contigit
1939 3749 2010 3804 ad

365 3818 859 3885 meam'noticiam
893 3829 1186 3903 devenire,
1221 3847 1388 3890 unam
1423 3834 1572 3892 hanc
1603 3840 1827 3893 tantum
1859 3838 2012 3894 suill-

361 3911 476 3970 ciat
507 3929 612 3986 pro
641 3917 911 3976 omnibus
939 3921 1226 3992 posuisse.

673 4019 939 4066 EPISTOLA
981 4025 1253 4068 rorpoms
1293 4026 1547 4070 EPISCOPI
1583 4011 1694 4068 ποθ.

431 4073 925 4136 Reverentissimo
929 4081 1106 4153 patri
1110 4089 1357 4152 patrum
1367 4083 1580 4155 gratia
1593 4084 1890 4142 etnomine
1904 4087 2012 4144 Be-

359 4162 986 4238 nedicto,Poppo,licet
995 4169 1519 4242 indignus,divina
1537 4173 1734 4229 tamen
1751 4173 2012 4246 largien-

365 4251 420 4307 te
439 4252 772 4326 clementia,
794 4259 1016 4316 sancta
1041 4258 1416 4318 Treverensis
1435 4260 1692 4318 ecclesia
1709 4262 2006 4334 minister,

361 4354 491 4396 cum
505 4341 689 4401 totius
700 4343 952 4417 afectus
968 4346 1280 4404 dilectione
1296 4347 1555 4406 debitam
1567 4348 1674 4406 sub
1667 4351 2004 4421 jectionem.

359 4429 677 4501 Superiori
697 4447 852 4490 anno
873 4449 1001 4492 cum
1025 4437 1320 4494 annuente
1343 4438 1690 4496 veneranda
1713 4439 2009 4496 memoria

2127 1779 2226 1836 tur
2255 1781 2384 1839 dico
2405 1783 2477 1840 de
2493 1785 2784 1855 adversis,
2816 1786 3165 1844 consilietur
3193 1789 3392 1845 autem
3421 1789 3491 1846 de
3521 1789 3624 1848 his
3651 1804 3780 1862 qua

2129 1869 2314 1927 latere
2332 1887 2447 1928 nou
2467 1875 2637 1930 credo
2660 1889 2837 1933 aures
2855 1877 3064 1934 vestra
3083 1878 3452 1936 sanctitatis.
3475 1880 3711 1936 Atvero
3727 1882 3780 1938 si

2125 1955 2412 2018 hactenus
2430 1975 2529 2019 vos
2554 1963 2876 2032 latuerunt,
2900 1966 3040 2037 jam
3064 1979 3222 2022 nunc
3251 1965 3484 2023 obsecro
3502 1969 3598 2024 uti
3621 1967 3778 2025 beni-

2117 2061 2304 2116 gnum
2337 2050 2558 2108 litteris
2587 2053 2735 2110 meis
2764 2054 3202 2111 accommodare
3225 2055 3430 2112 velitis
3459 2055 3767 2113 auditum.

2139 2137 2239 2194 Vir
2256 2138 2504 2210 quidam
2524 2141 2658 2197 vita
2673 2141 2999 2198 sanctitate
3017 2142 3348 2200 laudabilis
3364 2145 3530 2216 apud
3538 2158 3648 2203 nos
3661 2145 3780 2203 die-

2127 2223 2229 2282 bus
2248 2225 2388 2284 istis
2411 2241 2486 2284 ea:
2505 2228 2619 2286 hac
2641 2231 2766 2287 luce
2781 2231 3092 2302 migravit,
3111 2245 3284 2303 quem
3297 2233 3354 2289 si
3369 2233 3570 2304 signis
3585 2235 3778 2291 etvir-

2126 2313 2354 2373 tutibus
2381 2330 2514 2388 qua
2521 2332 2634 2389 per
2655 2332 2786 2374 eum
2810 2319 3098 2376 Dominus
3121 2320 3400 2391 operatur
3430 2321 3673 2378 credere
3695 2322 3779 2378 de-

2126 2401 2383 2470 beamus,
2391 2405 2609 2476 procul
2623 2405 2800 2463 dubio
2819 2421 2948 2462 eum
2964 2421 3096 2464 cum
3110 2408 3337 2465 sanctis
3353 2408 3587 2466 aeternis
3603 2409 3780 2467 beati-

2126 2492 2356 2550 tudinis
2378 2493 2454 2550 Ιια
2463 2492 2594 2551 bere
2615 2497 2978 2552 consorcium
2997 2509 3114 2552 non
3135 2493 3496 2556 dubitamus.
3515 2499 3648 2556 Sed
3663 2513 3778 2556 non

2127 2583 2247 2638 tam
2283 2583 2462 2653 signa
2500 2598 2632 2656 qua
2655 2583 2945 2656 fidelibus
2973 2585 3032 2641 et
3057 2583 3404 2656 inﬁdelibus
3436 2590 3776 2645 communia

2123 2672 2282 2741 sunt,
2298 2687 2480 2743 quam
2485 2673 2639 2745 ﬁdei
2655 2673 2870 2736 virtus,
2887 2689 2920 2744 q
2933 2687 3008 2729 ua
3030 2672 3233 2737 fideles
3245 2671 3320 2730 ab
3332 2673 3683 2744 inﬁdelibus
3692 2690 3775 2734 se-

2124 2763 2422 2831 questrati
2441 2762 2600 2832 sunt,
2635 2777 2756 2833 qua
2778 2764 2904 2832 ipse
2927 2763 3064 2818 dum
3085 2761 3280 2818 adnue
3299 2763 3366 2820 in
3383 2777 3628 2836 corpore
3649 2780 3774 2822 ma-

2124 2851 2630 2922 neretplurimum
2649 2850 2863 2922 riguit,
2885 2851 2954 2907 de
2971 2853 3100 2923 ejus
3119 2864 3224 2908 nos
3243 2853 3566 2911 sanctitate
3586 2853 3775 2911 certos

2121 2940 2324 2997 reddit
2343 2940 2452 2998 ω’.
2487 2943 2751 3001 Proinde
2771 2945 3089 3002 accersivit
3105 2959 3210 3004 nos
3232 2945 3354 3004 tam
3373 2945 3568 3002 clerus
3589 2957 3775 3016 quam

2078 3074 2091 3124 ι
2119 3029 2371 3101 papulas
2391 3030 2648 3089 ecclesia
2666 3032 2898 3101 nostra,
2919 3032 3302 3104 obsecrantes,
3321 3033 3415 3091 uti
3431 3033 3657 3090 litteris
3675 3047 3776 3089 no-

2121 3119 2268 3177 stris
2284 3120 2368 3176 ad
2381 3121 2537 3178 hanc
2553 3121 2935 3193 apostolicam
2952 3123 3164 3193 sedem,
3181 3123 3278 3181 cui
3289 3137 3389 3180 vos
3402 3123 3642 3180 auctore
3653 3123 3773 3179 Deo

2119 3209 2474 3279 praesidetis,
2499 3223 2630 3266 cum
2647 3209 2820 3268 illius
2836 3210 2959 3268 viri
2974 3212 3172 3269 sancti
3186 3211 3316 3269 vita
3332 3210 3424 3245 ²⁸ι³
3441 3210 3500 3268 et
3511 3211 3774 3268 miracu-

2124 3297 2202 3356 lis
2221 3298 2427 3356 missis
2443 3299 2789 3370 peteremus,
2816 3301 2974 3370 quod
2993 3299 3284 3372 peticione
3311 3299 3557 3372 dignum
3581 3299 3774 3357 credi-

2120 3400 2272 3455 mus,
2298 3388 2608 3460 quatinus,
2642 3389 2698 3445 si
2725 3389 2817 3446 ita
2842 3386 3005 3445 vobis
3035 3390 3276 3452 cautum
3300 3388 3598 3456 videatur,
3631 3388 3773 3443 dato

2122 3474 2289 3533 nobis
2310 3475 2495 3534 vestri
2521 3477 2889 3548 apostolatus
2923 3478 3168 3548 decreto,
3201 3492 3408 3535 nomen
3436 3479 3567 3550 ejus
3591 3477 3773 3534 liceat

2121 3579 2249 3621 cum
2261 3567 2603 3625 sanctorum
2620 3566 2958 3623 nominibus
2974 3566 3267 3625 conscribi
3276 3566 3586 3638 ceteraque
3595 3565 3772 3626 hono-

2117 3655 2210 3710 ris
2228 3655 2456 3712 sanctis
2479 3653 2665 3711 debiti
2688 3655 2806 3726 ipsi
2827 3655 3106 3725 impendi.
3133 3649 3352 3728 Itaque
3367 3654 3518 3728 quid
3529 3653 3768 3724 solacii,

2121 3760 2156 3815 q
2166 3744 2273 3801 uid
2286 3743 2525 3802 consilii
2541 3757 2714 3814 super
2727 3742 2974 3800 allevati
2980 3757 3086 3800 one
3101 3744 3525 3817 angustiarum
3537 3743 3771 3800 nostra-

2119 3847 2252 3890 rum
2275 3833 2416 3890 ninc
2431 3833 2490 3889 et
2501 3833 2638 3890 inde
2653 3832 2992 3890 obortarum
3010 3845 3131 3904 pru
3140 3833 3340 3891 tenvia
3360 3833 3564 3890 vestra
3581 3832 3769 3889 micni

2119 3921 2447 3978 ineundum
2465 3919 2556 3954 “1‘
2579 3921 2924 3990 decreverit,
2945 3923 3077 3978 sine
3097 3921 3277 3992 longa
3307 3920 3586 3992 temporis
3615 3919 3769 3976 dila-

2123 4014 2278 4070 tione
2298 4011 2628 4080 dignemini
2647 4009 2976 4067 insinuare.
2997 4011 3197 4066 Honor
3212 4009 3402 4066 vester
3417 4009 3475 4066 et
3487 4011 3768 4066 meritum

2120 4085 2278 4153 apud
2299 4084 2484 4138 Deum
2502 4095 2734 4153 semper
2749 4082 2809 4153 et
2825 4082 3085 4138 bonzines
3106 4081 3420 4153 augeatur.

2193 4156 2301 4210 Sed
2333 4153 2470 4221 quid
2499 4151 2644 4222 papa
2672 4152 2744 4208 ad
2773 4151 2894 4208 haec
2925 4151 3316 4223 responderit,
3353 4165 3642 4222 quamque
3676 4153 3768 4206 be-

2122 4226 2292 4294 nigno.
2337 4221 2729 4292 litteras’eius
2763 4236 2944 4294 super
2981 4221 3271 4294 decursus
3294 4221 3607 4294 acceperit,
3642 4237 3760 4276 mea

2121 4291 2232 4352 non
2257 4302 2348 4352 est
2373 4309 2522 4366 opus
2549 4291 2904 4364 praefatione.
2930 4295 3120 4362 Ipsum
3139 4293 3295 4366 audi,
3319 4291 3459 4366 quid
3479 4291 3654 4351 dicat.

2459 4361 2717 4420 erisrom
2749 4379 2926 4420 uuam
2957 4361 3113 4421 rara
3136 4361 3228 4397 ³⁸⁸⁵
3254 4361 3428 4434 (464).

2190 4435 2549 4496 Benedictus
2569 4437 2888 4506 episcopus,
2913 4449 3118 4492 servus
3135 4447 3440 4494 servorum
3461 4433 3593 4506 Dei,
3615 4433 3764 4506 Pop-

1706 4553 1942 4609 VARIA‘I
2002 4553 2405 4610 LECTIONES.

433 4639 525 4674 ²⁸⁹²
557 4657 584 4698 a
621 4645 713 4698 B5.

433 4643 525 4674 ²⁸⁹²
557 4657 584 4698 a
621 4645 713 4698 B5.
813 4643 904 4678 ²⁸⁹³
947 4661 996 4701 a.
1031 4647 1158 4716 ejus
1197 4649 1290 4702 Bt.
1324 4649 1448 4717 ejus
1475 4650 1615 4706 ante
1643 4655 1796 4706 auct.

361 4714 595 4784 etJCl.).
627 4783 634 4784 γ
674 4713 770 4748 ³⁵⁸⁵
796 4716 956 4771 deest
984 4719 1079 4772 BI.
1166 4717 1258 4750 ²⁵⁹⁶
1285 4733 1332 4774 c.
1372 4721 1475 4774 LII.
1515 4719 1716 4775 Leibn.
1739 4722 1796 4776 :l

674 4713 770 4748 ’⁵⁸⁵
796 4716 956 4771 deest
984 4713 1079 4772 BI:

1827 4651 1963 4721 post
1987 4650 2126 4706 add.
2164 4652 2256 4721 Cl.
2292 4650 2354 4705 et
2373 4647 2588 4721 itagg.
2615 4659 2755 4721 sqq.

1166 4717 1258 4750 ’⁵⁸⁸
1285 4733 1332 4774 c.
1358 4715 1475 4774 LII.
1515 4719 1761 4776 Leibn.:
1787 4715 1852 4784 ll',
1889 4735 1943 4777 c.
1983 4721 2146 4776 XXV.
2194 4720 2294 4775 C1.
2330 4723 2388 4773 6.
2471 4717 2563 4750 ³⁵³⁷
2591 4715 2754 4774 deest
2783 4717 2883 4773 Bt.
2925 4722 2981 4773 5.
3065 4715 3159 4750 ³⁵⁵⁸
3185 4716 3529 4786 gisilbertus
3557 4717 3657 4773 BL.
3697 4722 3758 4774 5.

2851 4645 2942 4678 ποι
2979 4650 3039 4703 ot
3069 4645 3220 4702 hunc
3251 4645 3427 4702 etiam
3461 4645 3519 4701 C.
3556 4644 3765 4710 (deleto

365 4781 464 4868 ’3“.
489 4781 904 4868 lucele‘ubu‘reh
943 4789 1036 4841 lii.
1073 4787 1582 4868 luzelnenliurchBli.
1621 4781 2240 4868 5..__lu_ze|(_-n_hurch__(3._
2315 4788 2406 4868 ²⁶ῗ⁰
2431 4788 2692 4868 cultrado
2715 4788 2790 4868 _C.
2827 4802 3104 4868 sempef._
3159 4781 3249 4868 'f“
3273 4789 3433 4868 βίους
3609 4787 3762 4846 Sient

363 4855 477 4910 del.
514 4857 606 4911 C1.
646 4857 806 4914 deest
834 4861 926 4912 (:3.
959 4873 1090 4962 sqq.
1169 4859 1260 4892 ²⁶⁰²
1293 4861 1413 4930 ipse
1448 4862 1540 4916 Bt.
1621 4861 1712 4894 ²⁶⁰³
1743 4863 1902 4919 deest
1936 4864 2028 4916 Bt.
2107 4861 2196 4893 "0‘
2231 4861 2444 4917 homini
2477 4861 2580 4941 BQ.
2617 4863 2674 4916 3.
2715 4855 2979 4916 homines
3013 4862 3052 4914 Β
3082 4861 3139 4914 4.
3175 4864 3233 4915 5.
3272 4857 3514 4915 homi::ii
3543 4871 3754 4940 ecorr.

368 4926 438 4962 [Μ
510 4926 568 4962 ΔΙ
597 4927 684 4962 ira
721 4943 825 4962 onn
935 4928 980 4960 ει
1058 4931 1373 4962 nun-ma...“
1411 4933 1448 4962 ρ
1558 4931 1650 4962 suos
1683 4933 1984 4962 malum...
2029 4933 2100 4962 In
2169 4934 2244 4962 ms
2312 4945 2442 4962 Amm
2495 4931 2758 4962 ,ωηηὴηθ
2797 4931 2863 4962 (‘1
2969 4929 3060 4962 um
3092 4943 3230 4962 nona
3259 4945 3456 4962 προ-..πη
3497 4961 3550 4962 η
3589 4935 3742 4962 ...θη-

368 4926 468 5012 Ct.
509 4926 568 4982 et
597 4927 886 5012 ita‘sqq.‘
935 4928 980 4960 ²⁸

367 4999 537 5052 missa
569 5005 704 5054 sunt
747 4999 955 5071 (infra
982 5015 1034 5058 c.
1076 5003 1138 5065 8)
1181 5001 1395 5058 desunt
1426 5003 1517 5064 83.

363 5137 464 5212 ()3.
503 5153 640 5212 sqq.

367 5003 537 5052 missa
569 5005 704 5054 sunt
747 5003 955 5071 (infra
982 5015 1034 5058 c.
1076 5003 1138 5065 8)
1181 5003 1395 5058 desunt
1426 5003 1517 5064 83.
1544 5003 1730 5075 foliis
1770 5003 1962 5060 tribus
2001 5003 2246 5059 excisis.
2347 5003 2440 5035 ¹⁶⁰³
2489 5003 2651 5060 deest
2673 5003 2861 5057 rubra
2893 5003 2993 5082 132.
3033 5004 3093 5057 4.
3131 5006 3189 5057 5.
3230 5003 3335 5082 C3.
3373 5003 3456 5082 Po

367 5080 570 5142 papam
605 5071 643 5126 C
677 5075 812 5142 1.76,
849 5070 951 5142 ubi
982 5073 1197 5142 incipit
1225 5087 1272 5129 c.
1307 5074 1490 5128 XXVI.
1568 5073 1659 5107 ²⁶⁰⁹
1690 5075 1972 5142 nequucia
2011 5075 2103 5128 Ba.
2182 5073 2274 5106 “1°
2305 5073 2464 5131 deest
2495 5075 2588 5128 Bt.
2667 5070 2758 5105 ²⁶¹¹
2788 5072 3082 5142 nichilque
3105 5085 3254 5142 corr.
3281 5071 3456 5129 nichil

724 5140 815 5174 ’ω
849 5140 1234 5198 reddidit—Bt.
1278 5143 1532 5200 reddidit
1573 5146 1670 5200 B5.
1757 5140 1846 5177 ’σω
1877 5144 2037 5199 deest
2067 5144 2166 5198 Bt.

1058 4929 1374 4988 cunradum
1411 4933 1476 4986 C.
1558 4931 1650 4964 ¹⁶⁰⁶
1683 4933 1992 4987 mittebant
2027 4933 2125 4986 BZ.
2169 4934 2270 4988 Cti.
2309 4945 2458 4989 corr.
2495 4931 2762 4986 mittebat
2797 4931 2864 4984 Ct
2969 4929 3060 4963 ²⁶⁰⁷
3092 4943 3230 4986 nere
3259 4945 3458 4987 verum
3493 4961 3552 4970 —
3589 4930 3766 4987 inter-

3535 5001 3662 5058 onis
3691 5003 3761 5060 ad

3530 5076 3576 5126 1.
3601 5074 3654 5129 et
3673 5073 3766 5130 ita

2249 5143 2341 5178 "1‘
2370 5145 2424 5199 in
2448 5143 2695 5200 eundem
2721 5143 2822 5198 ΒΞ.
2855 5147 2910 5198 5.
2946 5141 3020 5199 (‘6
3130 5141 3223 5176 m‘
3251 5143 3408 5200 deest
3432 5141 3622 5200 rubra
3651 5145 3754 5200 Ba.

2347 5001 2440 5035 nos
2489 5002 2651 5060 deest
2673 5001 2861 5072 rubra
2893 5002 2993 5056 B2.
3033 5004 3093 5057 4.
3131 5006 3189 5057 ὕ.
3230 5001 3332 5057 C3.
3373 5003 3490 5072 POP

366 5209 414 5261 4.
449 5212 499 5263 5.
523 5209 637 5286 βᾶ.
670 5212 1020 5286 Benedictus
1053 5229 1193 5286 papa
1228 5215 1484 5286 Poppoui
1517 5217 1608 5286 ω.
1643 5219 1693 5270 6.
1728 5217 1804 5272 In
1838 5217 1930 5270 (:3.
1963 5217 2029 5272 in
2062 5216 2338 5286 margine
2375 5215 2510 5274 alia
2546 5227 2731 5272 manu
2763 5213 3050 5286 scriptum
3091 5213 3310 5286 legitur
3339 5234 3358 5270 :
3389 5216 3763 5272 canonizacio

366 5281 557 5335 sancti
604 5283 923 5351 Symeonis.
957 5281 1076 5341 —c.
1115 5281 1247 5340 [ΠΙ.
1281 5281 1398 5343 me.
1435 5285 1630 5342 Leibn.
1663 5300 1709 5343 c.
1747 5287 1955 5342 XXVII.
1994 5288 2087 5340 Ci.
2120 5289 2179 5340 6.

1962 5401 2164 5456 NOTAE

432 5506 582 5582 (463)
614 5508 678 5582 Υ.
712 5509 1020 5582 epistolam
1052 5527 1102 5569 c.
1135 5514 1183 5568 4.

2112 5514 2408 5588 editacst
2459 5518 2612 5588 Acta
2652 5516 2746 5571 SS.
2783 5517 2890 5572 Jun
2943 5518 2984 5585 Ι,
3021 5531 3074 5588 p.
3127 5517 3214 5585 96,
3266 5517 3436 5588 cujus
3486 5515 3766 5575 lectiones

433 5577 582 5651 (466)
615 5579 695 5635 Ex
745 5577 948 5637 codice
998 5583 1245 5652 quodam
1295 5583 1561 5640 ecclesiae
1613 5585 1666 5639 S.
1719 5585 2004 5642 Simeonis
2115 5587 2249 5642 hinc
2283 5586 2414 5644 inde
2445 5586 2635 5645 attuli.
