  <div class='ocr_page' id='page_1' title='image "/cluster/home/n/w/nwhite01/storage/ocr_20150623/154/hvd.32044054760129/600.png"; bbox 0 0 3958 6046; ppageno 0'>
   <div class='ocr_carea' id='block_1_1' title="bbox 206 190 359 275">
    <p class='ocr_par' dir='ltr' id='par_1_1' title="bbox 206 190 359 275">
     <span class='ocr_line' id='line_1_1' title="bbox 206 190 359 275; baseline 0 -1"><span class='ocrx_word' id='word_1_1' title='bbox 206 190 359 275; x_wconf 71' lang='grc'>1189</span> 
     </span>
    </p>
   </div>
   <div class='ocr_carea' id='block_1_2' title="bbox 1121 189 2732 275">
    <p class='ocr_par' dir='ltr' id='par_1_2' title="bbox 1121 189 2732 275">
     <span class='ocr_line' id='line_1_2' title="bbox 1121 189 2732 275; baseline -0.001 0"><span class='ocrx_word' id='word_1_2' title='bbox 1121 204 1391 275; x_wconf 81' lang='lat' dir='ltr'><strong>GESTA</strong></span> <span class='ocrx_word' id='word_1_3' title='bbox 1439 189 2029 273; x_wconf 79' lang='lat' dir='ltr'><strong>TREVERORUM.</strong></span> <span class='ocrx_word' id='word_1_4' title='bbox 2066 244 2138 256; x_wconf 46' lang='grc' dir='ltr'><strong>λ-</strong></span> <span class='ocrx_word' id='word_1_5' title='bbox 2172 192 2732 273; x_wconf 72' lang='lat' dir='ltr'><strong>CONTINUATIO</strong></span> 
     </span>
    </p>
   </div>
   <div class='ocr_carea' id='block_1_3' title="bbox 3467 196 3624 273">
    <p class='ocr_par' dir='ltr' id='par_1_3' title="bbox 3467 196 3624 273">
     <span class='ocr_line' id='line_1_3' title="bbox 3467 196 3624 273; baseline 0 0"><span class='ocrx_word' id='word_1_6' title='bbox 3467 196 3624 273; x_wconf 79' lang='lat'><strong>1190</strong></span> 
     </span>
    </p>
   </div>
   <div class='ocr_carea' id='block_1_4' title="bbox 200 322 3620 410">
    <p class='ocr_par' dir='ltr' id='par_1_4' title="bbox 200 322 3620 410">
     <span class='ocr_line' id='line_1_4' title="bbox 200 322 3620 410; baseline 0 -15"><span class='ocrx_word' id='word_1_7' title='bbox 200 334 612 395; x_wconf 72' lang='lat' dir='ltr'><strong>multitudinis</strong></span> <span class='ocrx_word' id='word_1_8' title='bbox 615 337 776 410; x_wconf 83' lang='lat' dir='ltr'><strong>fusa</strong></span> <span class='ocrx_word' id='word_1_9' title='bbox 790 347 961 409; x_wconf 81' lang='lat' dir='ltr'><strong>prece</strong></span> <span class='ocrx_word' id='word_1_10' title='bbox 976 336 1424 395; x_wconf 76' lang='lat' dir='ltr'><strong>commendetur.</strong></span> <span class='ocrx_word' id='word_1_11' title='bbox 1448 337 1676 393; x_wconf 82' lang='lat' dir='ltr'><strong>Interea</strong></span> <span class='ocrx_word' id='word_1_12' title='bbox 1696 335 1857 392; x_wconf 80' lang='lat' dir='ltr'><strong>cubl.</strong></span> <span class='ocrx_word' id='word_1_13' title='bbox 1888 322 1944 384; x_wconf 87' lang='lat' dir='ltr'><strong>A</strong></span> <span class='ocrx_word' id='word_1_14' title='bbox 1972 340 2099 392; x_wconf 87' lang='lat' dir='ltr'><strong>arte</strong></span> <span class='ocrx_word' id='word_1_15' title='bbox 2130 333 2453 391; x_wconf 77' lang='lat' dir='ltr'><strong>substratis</strong></span> <span class='ocrx_word' id='word_1_16' title='bbox 2493 334 2658 391; x_wconf 86' lang='lat' dir='ltr'><strong>novis</strong></span> <span class='ocrx_word' id='word_1_17' title='bbox 2704 333 2855 406; x_wconf 86' lang='lat' dir='ltr'><strong>aliis,</strong></span> <span class='ocrx_word' id='word_1_18' title='bbox 2905 330 3266 408; x_wconf 87' lang='lat' dir='ltr'><strong>resolidavit,</strong></span> <span class='ocrx_word' id='word_1_19' title='bbox 3301 337 3379 394; x_wconf 86' lang='lat' dir='ltr'><strong>ita</strong></span> <span class='ocrx_word' id='word_1_20' title='bbox 3414 342 3479 394; x_wconf 93' lang='lat' dir='ltr'><strong>ut</strong></span> <span class='ocrx_word' id='word_1_21' title='bbox 3508 353 3620 395; x_wconf 90' lang='lat' dir='ltr'><strong>non</strong></span> 
     </span>
    </p>
   </div>
   <div class='ocr_carea' id='block_1_5' title="bbox 205 426 1857 498">
    <p class='ocr_par' dir='ltr' id='par_1_5' title="bbox 205 426 1857 498">
     <span class='ocr_line' id='line_1_5' title="bbox 205 426 1857 498; baseline -0.002 -13"><span class='ocrx_word' id='word_1_22' title='bbox 205 427 463 485; x_wconf 89' lang='lat' dir='ltr'><strong>cularius</strong></span> <span class='ocrx_word' id='word_1_23' title='bbox 480 427 833 498; x_wconf 80' lang='lat' dir='ltr'><strong>postulatum</strong></span> <span class='ocrx_word' id='word_1_24' title='bbox 851 426 1065 483; x_wconf 78' lang='lat' dir='ltr'><strong>obtulit</strong></span> <span class='ocrx_word' id='word_1_25' title='bbox 1081 442 1341 497; x_wconf 87' lang='lat' dir='ltr'><strong>censum,</strong></span> <span class='ocrx_word' id='word_1_26' title='bbox 1362 441 1530 497; x_wconf 86' lang='lat' dir='ltr'><strong>quem</strong></span> <span class='ocrx_word' id='word_1_27' title='bbox 1550 431 1857 497; x_wconf 89' lang='lat' dir='ltr'><strong>acceptum</strong></span> 
     </span>
    </p>
   </div>
   <div class='ocr_carea' id='block_1_6' title="bbox 206 515 1860 587">
    <p class='ocr_par' dir='ltr' id='par_1_6' title="bbox 206 515 1860 587">
     <span class='ocr_line' id='line_1_6' title="bbox 206 515 1860 587; baseline -0.001 -14"><span class='ocrx_word' id='word_1_28' title='bbox 206 522 269 573; x_wconf 91' lang='lat' dir='ltr'><strong>ut</strong></span> <span class='ocrx_word' id='word_1_29' title='bbox 288 515 380 548; x_wconf 82' lang='grc'>²⁶⁷¹</span> <span class='ocrx_word' id='word_1_30' title='bbox 402 516 579 587; x_wconf 80' lang='lat' dir='ltr'><strong>coepit</strong></span> <span class='ocrx_word' id='word_1_31' title='bbox 606 515 659 571; x_wconf 93' lang='lat' dir='ltr'><strong>in</strong></span> <span class='ocrx_word' id='word_1_32' title='bbox 686 530 970 587; x_wconf 79' lang='lat' dir='ltr'><strong>pauperes</strong></span> <span class='ocrx_word' id='word_1_33' title='bbox 1000 517 1352 586; x_wconf 79' lang='lat' dir='ltr'><strong>expendere,</strong></span> <span class='ocrx_word' id='word_1_34' title='bbox 1390 530 1499 571; x_wconf 89' lang='lat' dir='ltr'><strong>una</strong></span> <span class='ocrx_word' id='word_1_35' title='bbox 1523 528 1725 571; x_wconf 87' lang='lat' dir='ltr'><strong>omnes</strong></span> <span class='ocrx_word' id='word_1_36' title='bbox 1748 528 1860 571; x_wconf 70' lang='lat' dir='ltr'><strong>caa-</strong></span> 
     </span>
    </p>
   </div>
   <div class='ocr_carea' id='block_1_7' title="bbox 206 602 1857 675">
    <p class='ocr_par' dir='ltr' id='par_1_7' title="bbox 206 602 1857 675">
     <span class='ocr_line' id='line_1_7' title="bbox 206 602 1857 675; baseline -0.001 -16"><span class='ocrx_word' id='word_1_37' title='bbox 206 607 415 675; x_wconf 90' lang='lat' dir='ltr'><strong>perunt</strong></span> <span class='ocrx_word' id='word_1_38' title='bbox 446 618 588 659; x_wconf 92' lang='lat' dir='ltr'><strong>voce</strong></span> <span class='ocrx_word' id='word_1_39' title='bbox 620 602 894 673; x_wconf 89' lang='lat' dir='ltr'><strong>clamare,</strong></span> <span class='ocrx_word' id='word_1_40' title='bbox 942 604 1190 659; x_wconf 89' lang='lat' dir='ltr'><strong>nummis</strong></span> <span class='ocrx_word' id='word_1_41' title='bbox 1226 603 1334 659; x_wconf 87' lang='lat' dir='ltr'><strong>sibi</strong></span> <span class='ocrx_word' id='word_1_42' title='bbox 1369 618 1517 674; x_wconf 86' lang='lat' dir='ltr'><strong>Opus</strong></span> <span class='ocrx_word' id='word_1_43' title='bbox 1547 618 1658 658; x_wconf 87' lang='lat' dir='ltr'><strong>non</strong></span> <span class='ocrx_word' id='word_1_44' title='bbox 1691 616 1857 669; x_wconf 91' lang='lat' dir='ltr'><strong>esse;</strong></span> 
     </span>
    </p>
   </div>
   <div class='ocr_carea' id='block_1_8' title="bbox 205 689 1857 762">
    <p class='ocr_par' dir='ltr' id='par_1_8' title="bbox 205 689 1857 762">
     <span class='ocr_line' id='line_1_8' title="bbox 205 689 1857 762; baseline -0.001 -15"><span class='ocrx_word' id='word_1_45' title='bbox 205 691 275 747; x_wconf 91' lang='lat' dir='ltr'><strong>de</strong></span> <span class='ocrx_word' id='word_1_46' title='bbox 313 706 545 746; x_wconf 90' lang='lat' dir='ltr'><strong>nummo</strong></span> <span class='ocrx_word' id='word_1_47' title='bbox 578 691 728 745; x_wconf 91' lang='lat' dir='ltr'><strong>enim</strong></span> <span class='ocrx_word' id='word_1_48' title='bbox 764 695 863 746; x_wconf 90' lang='lat' dir='ltr'><strong>aut</strong></span> <span class='ocrx_word' id='word_1_49' title='bbox 896 690 1073 745; x_wconf 83' lang='lat' dir='ltr'><strong>nichil</strong></span> <span class='ocrx_word' id='word_1_50' title='bbox 1108 696 1209 747; x_wconf 89' lang='lat' dir='ltr'><strong>aut</strong></span> <span class='ocrx_word' id='word_1_51' title='bbox 1240 705 1440 762; x_wconf 90' lang='lat' dir='ltr'><strong>parum</strong></span> <span class='ocrx_word' id='word_1_52' title='bbox 1471 691 1718 761; x_wconf 91' lang='lat' dir='ltr'><strong>quisque</strong></span> <span class='ocrx_word' id='word_1_53' title='bbox 1749 689 1857 746; x_wconf 90' lang='lat' dir='ltr'><strong>sibi</strong></span> 
     </span>
    </p>
   </div>
   <div class='ocr_carea' id='block_1_9' title="bbox 204 779 1857 850">
    <p class='ocr_par' dir='ltr' id='par_1_9' title="bbox 204 779 1857 850">
     <span class='ocr_line' id='line_1_9' title="bbox 204 779 1857 850; baseline -0.002 -15"><span class='ocrx_word' id='word_1_54' title='bbox 204 779 454 836; x_wconf 88' lang='lat' dir='ltr'><strong>valentis</strong></span> <span class='ocrx_word' id='word_1_55' title='bbox 496 793 836 849; x_wconf 88' lang='lat' dir='ltr'><strong>comparare</strong></span> <span class='ocrx_word' id='word_1_56' title='bbox 870 794 1070 850; x_wconf 90' lang='lat' dir='ltr'><strong>posse,</strong></span> <span class='ocrx_word' id='word_1_57' title='bbox 1107 780 1261 849; x_wconf 90' lang='lat' dir='ltr'><strong>quia,</strong></span> <span class='ocrx_word' id='word_1_58' title='bbox 1299 779 1444 834; x_wconf 91' lang='lat' dir='ltr'><strong>sicut</strong></span> <span class='ocrx_word' id='word_1_59' title='bbox 1480 779 1603 849; x_wconf 90' lang='lat' dir='ltr'><strong>ipse</strong></span> <span class='ocrx_word' id='word_1_60' title='bbox 1634 781 1857 850; x_wconf 82' lang='lat' dir='ltr'><strong>nosset,</strong></span> 
     </span>
    </p>
   </div>
   <div class='ocr_carea' id='block_1_10' title="bbox 208 865 1863 939">
    <p class='ocr_par' dir='ltr' id='par_1_10' title="bbox 208 865 1863 939">
     <span class='ocr_line' id='line_1_10' title="bbox 208 865 1863 939; baseline -0.001 -17"><span class='ocrx_word' id='word_1_61' title='bbox 208 868 433 923; x_wconf 87' lang='lat' dir='ltr'><strong>modius</strong></span> <span class='ocrx_word' id='word_1_62' title='bbox 458 882 605 923; x_wconf 92' lang='lat' dir='ltr'><strong>unus</strong></span> <span class='ocrx_word' id='word_1_63' title='bbox 632 867 904 922; x_wconf 82' lang='lat' dir='ltr'><strong>frumenti</strong></span> <span class='ocrx_word' id='word_1_64' title='bbox 930 866 1368 939; x_wconf 88' lang='lat' dir='ltr'><strong>appenderetur</strong></span> <span class='ocrx_word' id='word_1_65' title='bbox 1390 866 1595 923; x_wconf 87' lang='lat' dir='ltr'><strong>solidis</strong></span> <span class='ocrx_word' id='word_1_66' title='bbox 1614 870 1700 922; x_wconf 74' lang='lat'><strong>25.</strong></span> <span class='ocrx_word' id='word_1_67' title='bbox 1728 865 1863 931; x_wconf 90' lang='lat' dir='ltr'><strong>Qui-</strong></span> 
     </span>
    </p>
   </div>
   <div class='ocr_carea' id='block_1_11' title="bbox 208 954 1863 1027">
    <p class='ocr_par' dir='ltr' id='par_1_11' title="bbox 208 954 1863 1027">
     <span class='ocr_line' id='line_1_11' title="bbox 208 954 1863 1027; baseline 0 -16"><span class='ocrx_word' id='word_1_68' title='bbox 208 956 317 1013; x_wconf 88' lang='lat' dir='ltr'><strong>bus</strong></span> <span class='ocrx_word' id='word_1_69' title='bbox 348 955 445 1011; x_wconf 91' lang='lat' dir='ltr'><strong>ille</strong></span> <span class='ocrx_word' id='word_1_70' title='bbox 477 955 798 1027; x_wconf 83' lang='lat' dir='ltr'><strong>respondit,</strong></span> <span class='ocrx_word' id='word_1_71' title='bbox 836 955 993 1012; x_wconf 83' lang='lat' dir='ltr'><strong>aliud</strong></span> <span class='ocrx_word' id='word_1_72' title='bbox 1031 955 1167 1025; x_wconf 90' lang='lat' dir='ltr'><strong>quid</strong></span> <span class='ocrx_word' id='word_1_73' title='bbox 1201 955 1309 1011; x_wconf 89' lang='lat' dir='ltr'><strong>sibi</strong></span> <span class='ocrx_word' id='word_1_74' title='bbox 1348 970 1462 1026; x_wconf 70' lang='lat' dir='ltr'><strong>pl‘iB</strong></span> <span class='ocrx_word' id='word_1_75' title='bbox 1482 955 1575 988; x_wconf 74' lang='grc'><strong>’⁸⁷³</strong></span> <span class='ocrx_word' id='word_1_76' title='bbox 1598 954 1863 1011; x_wconf 90' lang='lat' dir='ltr'><strong>manibus</strong></span> 
     </span>
    </p>
   </div>
   <div class='ocr_carea' id='block_1_12' title="bbox 207 1042 1865 1115">
    <p class='ocr_par' dir='ltr' id='par_1_12' title="bbox 207 1042 1865 1115">
     <span class='ocr_line' id='line_1_12' title="bbox 207 1042 1865 1115; baseline 0.001 -18"><span class='ocrx_word' id='word_1_77' title='bbox 207 1056 319 1098; x_wconf 90' lang='lat' dir='ltr'><strong>non</strong></span> <span class='ocrx_word' id='word_1_78' title='bbox 354 1057 509 1113; x_wconf 92' lang='lat' dir='ltr'><strong>esse,</strong></span> <span class='ocrx_word' id='word_1_79' title='bbox 545 1057 659 1113; x_wconf 93' lang='lat' dir='ltr'><strong>quo</strong></span> <span class='ocrx_word' id='word_1_80' title='bbox 688 1043 983 1115; x_wconf 90' lang='lat' dir='ltr'><strong>potuisset</strong></span> <span class='ocrx_word' id='word_1_81' title='bbox 1025 1042 1258 1099; x_wconf 88' lang='lat' dir='ltr'><strong>illorum</strong></span> <span class='ocrx_word' id='word_1_82' title='bbox 1289 1042 1382 1076; x_wconf 76' lang='grc'><strong>³⁸⁷³</strong></span> <span class='ocrx_word' id='word_1_83' title='bbox 1412 1042 1865 1099; x_wconf 89' lang='lat' dir='ltr'><strong>necessitatibus</strong></span> 
     </span>
    </p>
   </div>
   <div class='ocr_carea' id='block_1_13' title="bbox 209 1130 1895 1201">
    <p class='ocr_par' dir='ltr' id='par_1_13' title="bbox 209 1130 1895 1201">
     <span class='ocr_line' id='line_1_13' title="bbox 209 1130 1895 1201; baseline 0 -13"><span class='ocrx_word' id='word_1_84' title='bbox 209 1132 660 1189; x_wconf 85' lang='lat' dir='ltr'><strong>communicare.</strong></span> <span class='ocrx_word' id='word_1_85' title='bbox 719 1132 842 1198; x_wconf 88' lang='lat' dir='ltr'><strong>Quo</strong></span> <span class='ocrx_word' id='word_1_86' title='bbox 888 1138 1090 1187; x_wconf 89' lang='lat' dir='ltr'><strong>contra</strong></span> <span class='ocrx_word' id='word_1_87' title='bbox 1141 1131 1223 1186; x_wconf 91' lang='lat' dir='ltr'><strong>illi</strong></span> <span class='ocrx_word' id='word_1_88' title='bbox 1261 1133 1399 1199; x_wconf 77' lang='lat' dir='ltr'><strong>:Si,</strong></span> <span class='ocrx_word' id='word_1_89' title='bbox 1449 1132 1734 1201; x_wconf 86' lang='lat' dir='ltr'><strong>inquiunt,</strong></span> <span class='ocrx_word' id='word_1_90' title='bbox 1785 1130 1895 1188; x_wconf 65' lang='lat' dir='ltr'><strong>ad’</strong></span> 
     </span>
    </p>
   </div>
   <div class='ocr_carea' id='block_1_14' title="bbox 201 1219 1867 1291">
    <p class='ocr_par' dir='ltr' id='par_1_14' title="bbox 201 1219 1867 1291">
     <span class='ocr_line' id='line_1_14' title="bbox 201 1219 1867 1291; baseline 0.001 -16"><span class='ocrx_word' id='word_1_91' title='bbox 201 1234 461 1290; x_wconf 75' lang='lat' dir='ltr'><strong>praesens</strong></span> <span class='ocrx_word' id='word_1_92' title='bbox 501 1220 677 1277; x_wconf 76' lang='lat' dir='ltr'><strong>aliud</strong></span> <span class='ocrx_word' id='word_1_93' title='bbox 714 1221 868 1291; x_wconf 79' lang='lat' dir='ltr'><strong>quid</strong></span> <span class='ocrx_word' id='word_1_94' title='bbox 905 1220 1052 1276; x_wconf 87' lang='lat' dir='ltr'><strong>dare</strong></span> <span class='ocrx_word' id='word_1_95' title='bbox 1085 1220 1254 1277; x_wconf 76' lang='lat' dir='ltr'><strong>nobis</strong></span> <span class='ocrx_word' id='word_1_96' title='bbox 1292 1234 1408 1275; x_wconf 75' lang='lat' dir='ltr'><strong>non</strong></span> <span class='ocrx_word' id='word_1_97' title='bbox 1437 1219 1616 1277; x_wconf 73' lang='lat' dir='ltr'><strong>habes</strong></span> <span class='ocrx_word' id='word_1_98' title='bbox 1642 1220 1752 1288; x_wconf 74' lang='grc'>³⁸⁷⁸,</span> <span class='ocrx_word' id='word_1_99' title='bbox 1788 1219 1867 1276; x_wconf 82' lang='lat' dir='ltr'><strong>da</strong></span> 
     </span>
    </p>
   </div>
   <div class='ocr_carea' id='block_1_15' title="bbox 210 1308 1868 1381">
    <p class='ocr_par' dir='ltr' id='par_1_15' title="bbox 210 1308 1868 1381">
     <span class='ocr_line' id='line_1_15' title="bbox 210 1308 1868 1381; baseline 0 -17"><span class='ocrx_word' id='word_1_100' title='bbox 210 1309 426 1365; x_wconf 86' lang='lat' dir='ltr'><strong>saltem</strong></span> <span class='ocrx_word' id='word_1_101' title='bbox 454 1308 523 1365; x_wconf 86' lang='lat' dir='ltr'><strong>de</strong></span> <span class='ocrx_word' id='word_1_102' title='bbox 544 1308 873 1381; x_wconf 75' lang='lat' dir='ltr'><strong>pinguibus</strong></span> <span class='ocrx_word' id='word_1_103' title='bbox 901 1309 1072 1381; x_wconf 80' lang='lat' dir='ltr'><strong>equis</strong></span> <span class='ocrx_word' id='word_1_104' title='bbox 1105 1309 1248 1380; x_wconf 87' lang='lat' dir='ltr'><strong>tuis,</strong></span> <span class='ocrx_word' id='word_1_105' title='bbox 1278 1310 1345 1365; x_wconf 87' lang='lat' dir='ltr'><strong>ut</strong></span> <span class='ocrx_word' id='word_1_106' title='bbox 1363 1308 1457 1365; x_wconf 81' lang='lat' dir='ltr'><strong>cel</strong></span> <span class='ocrx_word' id='word_1_107' title='bbox 1474 1313 1556 1365; x_wconf 79' lang='lat' dir='ltr'><strong>ad</strong></span> <span class='ocrx_word' id='word_1_108' title='bbox 1573 1308 1868 1365; x_wconf 83' lang='lat' dir='ltr'><strong>modicum</strong></span> 
     </span>
    </p>
   </div>
   <div class='ocr_carea' id='block_1_16' title="bbox 207 1395 1862 1479">
    <p class='ocr_par' dir='ltr' id='par_1_16' title="bbox 207 1395 1862 1479">
     <span class='ocr_line' id='line_1_16' title="bbox 207 1395 1862 1479; baseline -0.001 -25"><span class='ocrx_word' id='word_1_109' title='bbox 207 1398 609 1469; x_wconf 79' lang='lat' dir='ltr'><strong>compescatur</strong></span> <span class='ocrx_word' id='word_1_110' title='bbox 645 1398 873 1455; x_wconf 82' lang='lat' dir='ltr'><strong>esuries</strong></span> <span class='ocrx_word' id='word_1_111' title='bbox 914 1399 1123 1455; x_wconf 73' lang='lat' dir='ltr'><strong>nostra</strong></span> <span class='ocrx_word' id='word_1_112' title='bbox 1153 1398 1351 1454; x_wconf 81' lang='lat' dir='ltr'><strong>edulio</strong></span> <span class='ocrx_word' id='word_1_113' title='bbox 1383 1398 1605 1455; x_wconf 76' lang='lat' dir='ltr'><strong>carnis.</strong></span> <span class='ocrx_word' id='word_1_114' title='bbox 1644 1401 1713 1454; x_wconf 82' lang='lat' dir='ltr'><strong>At</strong></span> <span class='ocrx_word' id='word_1_115' title='bbox 1745 1395 1862 1479; x_wconf 61' lang='lat' dir='ltr'><strong>ille,</strong></span> 
     </span>
    </p>
   </div>
   <div class='ocr_carea' id='block_1_17' title="bbox 209 1485 1865 1557">
    <p class='ocr_par' dir='ltr' id='par_1_17' title="bbox 209 1485 1865 1557">
     <span class='ocr_line' id='line_1_17' title="bbox 209 1485 1865 1557; baseline 0.001 -18"><span class='ocrx_word' id='word_1_116' title='bbox 209 1485 351 1541; x_wconf 92' lang='lat' dir='ltr'><strong>licet</strong></span> <span class='ocrx_word' id='word_1_117' title='bbox 392 1487 628 1557; x_wconf 82' lang='lat' dir='ltr'><strong>invitus,</strong></span> <span class='ocrx_word' id='word_1_118' title='bbox 682 1487 1029 1544; x_wconf 87' lang='lat' dir='ltr'><strong>recordatus</strong></span> <span class='ocrx_word' id='word_1_119' title='bbox 1073 1492 1262 1544; x_wconf 89' lang='lat' dir='ltr'><strong>tamen</strong></span> <span class='ocrx_word' id='word_1_120' title='bbox 1307 1487 1471 1544; x_wconf 86' lang='lat' dir='ltr'><strong>verbi</strong></span> <span class='ocrx_word' id='word_1_121' title='bbox 1514 1486 1672 1543; x_wconf 91' lang='lat' dir='ltr'><strong>illius</strong></span> <span class='ocrx_word' id='word_1_122' title='bbox 1713 1486 1865 1557; x_wconf 93' lang='lat' dir='ltr'><strong>quod</strong></span> 
     </span>
    </p>
   </div>
   <div class='ocr_carea' id='block_1_18' title="bbox 212 1574 1206 1646">
    <p class='ocr_par' dir='ltr' id='par_1_18' title="bbox 212 1574 1206 1646">
     <span class='ocr_line' id='line_1_18' title="bbox 212 1574 1206 1646; baseline 0.002 -15"><span class='ocrx_word' id='word_1_123' title='bbox 212 1574 386 1643; x_wconf 82' lang='lat' dir='ltr'><strong>vulgo</strong></span> <span class='ocrx_word' id='word_1_124' title='bbox 416 1575 472 1630; x_wconf 93' lang='lat' dir='ltr'><strong>in</strong></span> <span class='ocrx_word' id='word_1_125' title='bbox 505 1575 877 1646; x_wconf 80' lang='lat' dir='ltr'><strong>proverbium</strong></span> <span class='ocrx_word' id='word_1_126' title='bbox 911 1576 1165 1632; x_wconf 88' lang='lat' dir='ltr'><strong>vertitur</strong></span> <span class='ocrx_word' id='word_1_127' title='bbox 1194 1595 1206 1633; x_wconf 89' lang='lat'><strong>:</strong></span> 
     </span>
    </p>
   </div>
   <div class='ocr_carea' id='block_1_19' title="bbox 1972 422 3624 497">
    <p class='ocr_par' dir='ltr' id='par_1_19' title="bbox 1972 422 3624 497">
     <span class='ocr_line' id='line_1_19' title="bbox 1972 422 3624 497; baseline 0.002 -19"><span class='ocrx_word' id='word_1_128' title='bbox 1972 424 2449 481; x_wconf 90' lang='lat' dir='ltr'><strong>inconvenienter</strong></span> <span class='ocrx_word' id='word_1_129' title='bbox 2480 424 2535 479; x_wconf 92' lang='lat' dir='ltr'><strong>in</strong></span> <span class='ocrx_word' id='word_1_130' title='bbox 2565 424 2689 494; x_wconf 86' lang='lat' dir='ltr'><strong>ejus</strong></span> <span class='ocrx_word' id='word_1_131' title='bbox 2720 422 2891 481; x_wconf 85' lang='lat' dir='ltr'><strong>laude</strong></span> <span class='ocrx_word' id='word_1_132' title='bbox 2924 424 3057 481; x_wconf 90' lang='lat' dir='ltr'><strong>libri</strong></span> <span class='ocrx_word' id='word_1_133' title='bbox 3090 424 3181 458; x_wconf 78' lang='grc'><strong>²⁶⁸⁴</strong></span> <span class='ocrx_word' id='word_1_134' title='bbox 3213 426 3526 497; x_wconf 57' lang='lat' dir='ltr'><strong>Sapientiae</strong></span> <span class='ocrx_word' id='word_1_135' title='bbox 3558 426 3624 482; x_wconf 89' lang='lat' dir='ltr'><strong>il-</strong></span> 
     </span>
    </p>
   </div>
   <div class='ocr_carea' id='block_1_20' title="bbox 1972 511 3623 586">
    <p class='ocr_par' dir='ltr' id='par_1_20' title="bbox 1972 511 3623 586">
     <span class='ocr_line' id='line_1_20' title="bbox 1972 511 3623 586; baseline 0.004 -20"><span class='ocrx_word' id='word_1_136' title='bbox 1972 511 2068 569; x_wconf 91' lang='lat' dir='ltr'><strong>lud</strong></span> <span class='ocrx_word' id='word_1_137' title='bbox 2104 512 2310 569; x_wconf 89' lang='lat' dir='ltr'><strong>debeat</strong></span> <span class='ocrx_word' id='word_1_138' title='bbox 2345 527 2664 583; x_wconf 88' lang='lat' dir='ltr'><strong>personare</strong></span> <span class='ocrx_word' id='word_1_139' title='bbox 2692 532 2703 566; x_wconf 90' lang='lat'><strong>:</strong></span> <span class='ocrx_word' id='word_1_140' title='bbox 2727 513 2880 570; x_wconf 82' lang='lat' dir='ltr'><strong>Ecce</strong></span> <span class='ocrx_word' id='word_1_141' title='bbox 2907 512 3183 571; x_wconf 77' lang='lat' dir='ltr'><strong>sacerdos</strong></span> <span class='ocrx_word' id='word_1_142' title='bbox 3207 527 3479 585; x_wconf 71' lang='lat' dir='ltr'><strong>magnus,</strong></span> <span class='ocrx_word' id='word_1_143' title='bbox 3515 518 3623 586; x_wconf 85' lang='lat' dir='ltr'><strong>qui</strong></span> 
     </span>
    </p>
   </div>
   <div class='ocr_carea' id='block_1_21' title="bbox 1969 600 3625 673">
    <p class='ocr_par' dir='ltr' id='par_1_21' title="bbox 1969 600 3625 673">
     <span class='ocr_line' id='line_1_21' title="bbox 1969 600 3625 673; baseline 0.004 -17"><span class='ocrx_word' id='word_1_144' title='bbox 1969 601 2036 657; x_wconf 78' lang='lat' dir='ltr'><strong>iu</strong></span> <span class='ocrx_word' id='word_1_145' title='bbox 2062 601 2194 657; x_wconf 77' lang='lat' dir='ltr'><strong>vita</strong></span> <span class='ocrx_word' id='word_1_146' title='bbox 2222 614 2335 657; x_wconf 88' lang='lat' dir='ltr'><strong>sua</strong></span> <span class='ocrx_word' id='word_1_147' title='bbox 2362 600 2637 673; x_wconf 68' lang='lat' dir='ltr'><strong>suj‘ulsit</strong></span> <span class='ocrx_word' id='word_1_148' title='bbox 2662 600 2758 634; x_wconf 79' lang='grc'><strong>²⁶⁸⁵</strong></span> <span class='ocrx_word' id='word_1_149' title='bbox 2790 602 3041 671; x_wconf 84' lang='lat' dir='ltr'><strong>domum,</strong></span> <span class='ocrx_word' id='word_1_150' title='bbox 3078 602 3138 657; x_wconf 92' lang='lat' dir='ltr'><strong>et</strong></span> <span class='ocrx_word' id='word_1_151' title='bbox 3164 602 3228 657; x_wconf 79' lang='lat' dir='ltr'><strong>in</strong></span> <span class='ocrx_word' id='word_1_152' title='bbox 3259 601 3467 659; x_wconf 84' lang='lat' dir='ltr'><strong>diebus</strong></span> <span class='ocrx_word' id='word_1_153' title='bbox 3493 605 3625 662; x_wconf 73' lang='lat' dir='ltr'><strong>suis</strong></span> 
     </span>
    </p>
   </div>
   <div class='ocr_carea' id='block_1_22' title="bbox 1971 688 3625 761">
    <p class='ocr_par' dir='ltr' id='par_1_22' title="bbox 1971 688 3625 761">
     <span class='ocr_line' id='line_1_22' title="bbox 1971 688 3625 761; baseline -0.001 -14"><span class='ocrx_word' id='word_1_154' title='bbox 1971 688 2376 747; x_wconf 67' lang='lat' dir='ltr'><strong>corroboravit</strong></span> <span class='ocrx_word' id='word_1_155' title='bbox 2401 690 2682 760; x_wconf 84' lang='lat' dir='ltr'><strong>templum</strong></span> <span class='ocrx_word' id='word_1_156' title='bbox 2710 690 2919 760; x_wconf 86' lang='lat' dir='ltr'><strong>(Eccl-i.</strong></span> <span class='ocrx_word' id='word_1_157' title='bbox 2950 706 2999 760; x_wconf 76' lang='grc' dir='ltr'><strong>ι,</strong></span> <span class='ocrx_word' id='word_1_158' title='bbox 3030 690 3099 761; x_wconf 88' lang='grc'>1),</span> <span class='ocrx_word' id='word_1_159' title='bbox 3134 695 3248 746; x_wconf 89' lang='lat' dir='ltr'><strong>etc.</strong></span> <span class='ocrx_word' id='word_1_160' title='bbox 3282 689 3377 723; x_wconf 75' lang='grc'><strong>’⁸³⁸</strong></span> <span class='ocrx_word' id='word_1_161' title='bbox 3408 691 3625 747; x_wconf 70' lang='grc' dir='ltr'><strong>Βθςοιή-</strong></span> 
     </span>
    </p>
   </div>
   <div class='ocr_carea' id='block_1_23' title="bbox 1973 777 3627 849">
    <p class='ocr_par' dir='ltr' id='par_1_23' title="bbox 1973 777 3627 849">
     <span class='ocr_line' id='line_1_23' title="bbox 1973 777 3627 849; baseline 0.001 -16"><span class='ocrx_word' id='word_1_162' title='bbox 1973 777 2166 833; x_wconf 85' lang='lat' dir='ltr'><strong>datam</strong></span> <span class='ocrx_word' id='word_1_163' title='bbox 2214 778 2409 848; x_wconf 82' lang='lat' dir='ltr'><strong>itaque</strong></span> <span class='ocrx_word' id='word_1_164' title='bbox 2439 782 2497 833; x_wconf 87' lang='lat' dir='ltr'><strong>et</strong></span> <span class='ocrx_word' id='word_1_165' title='bbox 2526 777 2618 810; x_wconf 72' lang='grc'><strong>’⁸⁸⁷</strong></span> <span class='ocrx_word' id='word_1_166' title='bbox 2651 779 2703 832; x_wconf 92' lang='lat' dir='ltr'><strong>in</strong></span> <span class='ocrx_word' id='word_1_167' title='bbox 2741 778 3048 849; x_wconf 89' lang='lat' dir='ltr'><strong>pristinum</strong></span> <span class='ocrx_word' id='word_1_168' title='bbox 3091 779 3465 835; x_wconf 86' lang='lat' dir='ltr'><strong>reformatam</strong></span> <span class='ocrx_word' id='word_1_169' title='bbox 3509 783 3627 835; x_wconf 88' lang='lat' dir='ltr'><strong>sta-</strong></span> 
     </span>
    </p>
   </div>
   <div class='ocr_carea' id='block_1_24' title="bbox 1974 866 3626 938">
    <p class='ocr_par' dir='ltr' id='par_1_24' title="bbox 1974 866 3626 938">
     <span class='ocr_line' id='line_1_24' title="bbox 1974 866 3626 938; baseline 0.001 -15"><span class='ocrx_word' id='word_1_170' title='bbox 1974 870 2115 936; x_wconf 88' lang='lat' dir='ltr'><strong>tum,</strong></span> <span class='ocrx_word' id='word_1_171' title='bbox 2152 867 2434 938; x_wconf 88' lang='lat' dir='ltr'><strong>preciosis</strong></span> <span class='ocrx_word' id='word_1_172' title='bbox 2460 867 2616 923; x_wconf 89' lang='lat' dir='ltr'><strong>beati</strong></span> <span class='ocrx_word' id='word_1_173' title='bbox 2649 867 2887 923; x_wconf 81' lang='lat' dir='ltr'><strong>Materni</strong></span> <span class='ocrx_word' id='word_1_174' title='bbox 2920 866 3013 899; x_wconf 80' lang='grc'><strong>²⁶⁸³</strong></span> <span class='ocrx_word' id='word_1_175' title='bbox 3043 866 3310 937; x_wconf 91' lang='lat' dir='ltr'><strong>reliquiis</strong></span> <span class='ocrx_word' id='word_1_176' title='bbox 3332 882 3361 924; x_wconf 91' lang='lat' dir='ltr'><strong>a</strong></span> <span class='ocrx_word' id='word_1_177' title='bbox 3384 868 3514 927; x_wconf 91' lang='lat' dir='ltr'><strong>loco</strong></span> <span class='ocrx_word' id='word_1_178' title='bbox 3538 883 3626 925; x_wconf 86' lang='lat' dir='ltr'><strong>se-</strong></span> 
     </span>
    </p>
   </div>
   <div class='ocr_carea' id='block_1_25' title="bbox 1974 954 3624 1027">
    <p class='ocr_par' dir='ltr' id='par_1_25' title="bbox 1974 954 3624 1027">
     <span class='ocr_line' id='line_1_25' title="bbox 1974 954 3624 1027; baseline 0.001 -15"><span class='ocrx_word' id='word_1_179' title='bbox 1974 955 2222 1027; x_wconf 86' lang='lat' dir='ltr'><strong>pulchri,</strong></span> <span class='ocrx_word' id='word_1_180' title='bbox 2256 970 2386 1012; x_wconf 91' lang='lat' dir='ltr'><strong>cum</strong></span> <span class='ocrx_word' id='word_1_181' title='bbox 2409 954 2972 1027; x_wconf 91' lang='lat' dir='ltr'><strong>conprovincialium</strong></span> <span class='ocrx_word' id='word_1_182' title='bbox 2996 956 3403 1026; x_wconf 90' lang='lat' dir='ltr'><strong>episcoporum</strong></span> <span class='ocrx_word' id='word_1_183' title='bbox 3428 972 3624 1013; x_wconf 88' lang='lat' dir='ltr'><strong>coram</strong></span> 
     </span>
    </p>
   </div>
   <div class='ocr_carea' id='block_1_26' title="bbox 1976 1042 3624 1117">
    <p class='ocr_par' dir='ltr' id='par_1_26' title="bbox 1976 1042 3624 1117">
     <span class='ocr_line' id='line_1_26' title="bbox 1976 1042 3624 1117; baseline -0.001 -17"><span class='ocrx_word' id='word_1_184' title='bbox 1976 1044 2296 1116; x_wconf 90' lang='lat' dir='ltr'><strong>positorum</strong></span> <span class='ocrx_word' id='word_1_185' title='bbox 2338 1058 2405 1100; x_wconf 91' lang='lat' dir='ltr'><strong>ac</strong></span> <span class='ocrx_word' id='word_1_186' title='bbox 2443 1044 2626 1101; x_wconf 90' lang='lat' dir='ltr'><strong>totius</strong></span> <span class='ocrx_word' id='word_1_187' title='bbox 2666 1042 2921 1100; x_wconf 90' lang='lat' dir='ltr'><strong>diocesis</strong></span> <span class='ocrx_word' id='word_1_188' title='bbox 2967 1058 3086 1100; x_wconf 76' lang='lat' dir='ltr'><strong>sum</strong></span> <span class='ocrx_word' id='word_1_189' title='bbox 3126 1042 3269 1099; x_wconf 92' lang='lat' dir='ltr'><strong>cleri</strong></span> <span class='ocrx_word' id='word_1_190' title='bbox 3307 1049 3366 1100; x_wconf 89' lang='lat' dir='ltr'><strong>et</strong></span> <span class='ocrx_word' id='word_1_191' title='bbox 3403 1045 3624 1117; x_wconf 86' lang='lat' dir='ltr'><strong>populi.</strong></span> 
     </span>
    </p>
   </div>
   <div class='ocr_carea' id='block_1_27' title="bbox 1975 1131 3630 1205">
    <p class='ocr_par' dir='ltr' id='par_1_27' title="bbox 1975 1131 3630 1205">
     <span class='ocr_line' id='line_1_27' title="bbox 1975 1131 3630 1205; baseline 0.001 -17"><span class='ocrx_word' id='word_1_192' title='bbox 1975 1136 2181 1204; x_wconf 89' lang='lat' dir='ltr'><strong>utpote</strong></span> <span class='ocrx_word' id='word_1_193' title='bbox 2212 1131 2562 1189; x_wconf 68' lang='lat' dir='ltr'><strong>sinodus’m</strong></span> <span class='ocrx_word' id='word_1_194' title='bbox 2582 1132 2789 1202; x_wconf 86' lang='lat' dir='ltr'><strong>gratia,</strong></span> <span class='ocrx_word' id='word_1_195' title='bbox 2811 1133 2926 1203; x_wconf 89' lang='lat' dir='ltr'><strong>jam</strong></span> <span class='ocrx_word' id='word_1_196' title='bbox 2949 1131 3059 1202; x_wconf 68' lang='lat'><strong>&quot;9°,</strong></span> <span class='ocrx_word' id='word_1_197' title='bbox 3089 1136 3150 1188; x_wconf 92' lang='lat' dir='ltr'><strong>ut</strong></span> <span class='ocrx_word' id='word_1_198' title='bbox 3182 1133 3261 1187; x_wconf 89' lang='lat' dir='ltr'><strong>ita</strong></span> <span class='ocrx_word' id='word_1_199' title='bbox 3294 1133 3501 1203; x_wconf 85' lang='lat' dir='ltr'><strong>dicam,</strong></span> <span class='ocrx_word' id='word_1_200' title='bbox 3536 1149 3630 1205; x_wconf 89' lang='lat' dir='ltr'><strong>pe-</strong></span> 
     </span>
    </p>
   </div>
   <div class='ocr_carea' id='block_1_28' title="bbox 1977 1219 3624 1291">
    <p class='ocr_par' dir='ltr' id='par_1_28' title="bbox 1977 1219 3624 1291">
     <span class='ocr_line' id='line_1_28' title="bbox 1977 1219 3624 1291; baseline -0.001 -13"><span class='ocrx_word' id='word_1_201' title='bbox 1977 1220 2178 1278; x_wconf 89' lang='lat' dir='ltr'><strong>rendie</strong></span> <span class='ocrx_word' id='word_1_202' title='bbox 2208 1221 2329 1277; x_wconf 90' lang='lat' dir='ltr'><strong>heri</strong></span> <span class='ocrx_word' id='word_1_203' title='bbox 2357 1226 2416 1277; x_wconf 89' lang='lat' dir='ltr'><strong>et</strong></span> <span class='ocrx_word' id='word_1_204' title='bbox 2445 1221 2614 1277; x_wconf 90' lang='lat' dir='ltr'><strong>hodie</strong></span> <span class='ocrx_word' id='word_1_205' title='bbox 2642 1219 2957 1277; x_wconf 62' lang='lat' dir='ltr'><strong>celebratae</strong></span> <span class='ocrx_word' id='word_1_206' title='bbox 2987 1220 3156 1291; x_wconf 82' lang='grc'>(473),</span> <span class='ocrx_word' id='word_1_207' title='bbox 3193 1221 3293 1291; x_wconf 89' lang='lat' dir='ltr'><strong>ibi,</strong></span> <span class='ocrx_word' id='word_1_208' title='bbox 3331 1220 3387 1277; x_wconf 92' lang='lat' dir='ltr'><strong>id</strong></span> <span class='ocrx_word' id='word_1_209' title='bbox 3416 1220 3506 1254; x_wconf 63' lang='lat'><strong>&quot;’1</strong></span> <span class='ocrx_word' id='word_1_210' title='bbox 3535 1228 3624 1278; x_wconf 91' lang='lat' dir='ltr'><strong>est</strong></span> 
     </span>
    </p>
   </div>
   <div class='ocr_carea' id='block_1_29' title="bbox 1976 1307 3629 1379">
    <p class='ocr_par' dir='ltr' id='par_1_29' title="bbox 1976 1307 3629 1379">
     <span class='ocr_line' id='line_1_29' title="bbox 1976 1307 3629 1379; baseline 0.002 -16"><span class='ocrx_word' id='word_1_211' title='bbox 1976 1308 2208 1365; x_wconf 87' lang='lat' dir='ltr'><strong>Treveri</strong></span> <span class='ocrx_word' id='word_1_212' title='bbox 2230 1307 2340 1378; x_wconf 71' lang='lat'><strong>&quot;9’,</strong></span> <span class='ocrx_word' id='word_1_213' title='bbox 2365 1314 2873 1379; x_wconf 81' lang='lat' dir='ltr'><strong>congregatorum,</strong></span> <span class='ocrx_word' id='word_1_214' title='bbox 2899 1309 3127 1379; x_wconf 91' lang='lat' dir='ltr'><strong>annisu,</strong></span> <span class='ocrx_word' id='word_1_215' title='bbox 3155 1313 3221 1364; x_wconf 77' lang='lat'><strong>12</strong></span> <span class='ocrx_word' id='word_1_216' title='bbox 3242 1308 3362 1365; x_wconf 85' lang='lat' dir='ltr'><strong>Kal.</strong></span> <span class='ocrx_word' id='word_1_217' title='bbox 3390 1310 3629 1366; x_wconf 91' lang='lat' dir='ltr'><strong>Novem-</strong></span> 
     </span>
    </p>
   </div>
   <div class='ocr_carea' id='block_1_30' title="bbox 1980 1397 3630 1468">
    <p class='ocr_par' dir='ltr' id='par_1_30' title="bbox 1980 1397 3630 1468">
     <span class='ocr_line' id='line_1_30' title="bbox 1980 1397 3630 1468; baseline 0.001 -15"><span class='ocrx_word' id='word_1_218' title='bbox 1980 1397 2104 1454; x_wconf 87' lang='lat' dir='ltr'><strong>bris</strong></span> <span class='ocrx_word' id='word_1_219' title='bbox 2127 1397 2429 1455; x_wconf 88' lang='lat' dir='ltr'><strong>translatis</strong></span> <span class='ocrx_word' id='word_1_220' title='bbox 2448 1397 2560 1468; x_wconf 76' lang='grc'><strong>²⁶⁹³,</strong></span> <span class='ocrx_word' id='word_1_221' title='bbox 2586 1397 2907 1454; x_wconf 89' lang='lat' dir='ltr'><strong>illustravit</strong></span> <span class='ocrx_word' id='word_1_222' title='bbox 2929 1402 3105 1468; x_wconf 90' lang='lat' dir='ltr'><strong>atque</strong></span> <span class='ocrx_word' id='word_1_223' title='bbox 3126 1397 3440 1467; x_wconf 87' lang='lat' dir='ltr'><strong>dedicavit,</strong></span> <span class='ocrx_word' id='word_1_224' title='bbox 3472 1397 3630 1454; x_wconf 90' lang='lat' dir='ltr'><strong>dedi-</strong></span> 
     </span>
    </p>
   </div>
   <div class='ocr_carea' id='block_1_31' title="bbox 1978 1485 3625 1558">
    <p class='ocr_par' dir='ltr' id='par_1_31' title="bbox 1978 1485 3625 1558">
     <span class='ocr_line' id='line_1_31' title="bbox 1978 1485 3625 1558; baseline 0.001 -16"><span class='ocrx_word' id='word_1_225' title='bbox 1978 1489 2166 1543; x_wconf 88' lang='lat' dir='ltr'><strong>catam</strong></span> <span class='ocrx_word' id='word_1_226' title='bbox 2191 1486 2481 1543; x_wconf 91' lang='lat' dir='ltr'><strong>donativis</strong></span> <span class='ocrx_word' id='word_1_227' title='bbox 2508 1486 2792 1558; x_wconf 89' lang='lat' dir='ltr'><strong>pluribus,</strong></span> <span class='ocrx_word' id='word_1_228' title='bbox 2816 1485 3030 1556; x_wconf 88' lang='lat' dir='ltr'><strong>quibus</strong></span> <span class='ocrx_word' id='word_1_229' title='bbox 3053 1487 3125 1542; x_wconf 92' lang='lat' dir='ltr'><strong>ab</strong></span> <span class='ocrx_word' id='word_1_230' title='bbox 3148 1486 3625 1557; x_wconf 87' lang='lat' dir='ltr'><strong>imperatoribus,</strong></span> 
     </span>
    </p>
   </div>
   <div class='ocr_carea' id='block_1_32' title="bbox 1983 1572 3632 1632">
    <p class='ocr_par' dir='ltr' id='par_1_32' title="bbox 1983 1572 3632 1632">
     <span class='ocr_line' id='line_1_32' title="bbox 1983 1572 3632 1632; baseline 0 -1"><span class='ocrx_word' id='word_1_231' title='bbox 1983 1572 2256 1632; x_wconf 90' lang='lat' dir='ltr'><strong>videlicet</strong></span> <span class='ocrx_word' id='word_1_232' title='bbox 2287 1573 2556 1630; x_wconf 87' lang='lat' dir='ltr'><strong>Heinrico</strong></span> <span class='ocrx_word' id='word_1_233' title='bbox 2587 1573 2845 1631; x_wconf 92' lang='lat' dir='ltr'><strong>secundo</strong></span> <span class='ocrx_word' id='word_1_234' title='bbox 2868 1576 2923 1629; x_wconf 93' lang='lat' dir='ltr'><strong>et</strong></span> <span class='ocrx_word' id='word_1_235' title='bbox 2951 1573 3214 1630; x_wconf 84' lang='lat' dir='ltr'><strong>Conrado</strong></span> <span class='ocrx_word' id='word_1_236' title='bbox 3239 1573 3331 1607; x_wconf 71' lang='grc'><strong>’⁸⁸⁸</strong></span> <span class='ocrx_word' id='word_1_237' title='bbox 3360 1574 3632 1631; x_wconf 89' lang='lat' dir='ltr'><strong>similiter</strong></span> 
     </span>
    </p>
   </div>
   <div class='ocr_carea' id='block_1_33' title="bbox 214 1662 3633 1745">
    <p class='ocr_par' dir='ltr' id='par_1_33' title="bbox 214 1662 3633 1745">
     <span class='ocr_line' id='line_1_33' title="bbox 214 1662 3633 1745; baseline -0.002 -17"><span class='ocrx_word' id='word_1_238' title='bbox 214 1672 438 1729; x_wconf 69' lang='lat' dir='ltr'><strong>(larum</strong></span> <span class='ocrx_word' id='word_1_239' title='bbox 458 1673 713 1745; x_wconf 84' lang='lat' dir='ltr'><strong>quisque</strong></span> <span class='ocrx_word' id='word_1_240' title='bbox 736 1673 924 1743; x_wconf 83' lang='lat' dir='ltr'><strong>dabit,</strong></span> <span class='ocrx_word' id='word_1_241' title='bbox 943 1674 1050 1745; x_wconf 84' lang='lat' dir='ltr'><strong>qui</strong></span> <span class='ocrx_word' id='word_1_242' title='bbox 1066 1688 1214 1731; x_wconf 83' lang='lat' dir='ltr'><strong>cara</strong></span> <span class='ocrx_word' id='word_1_243' title='bbox 1231 1674 1492 1745; x_wconf 79' lang='lat' dir='ltr'><strong>recipere</strong></span> <span class='ocrx_word' id='word_1_244' title='bbox 1513 1673 1732 1745; x_wconf 55' lang='lat' dir='ltr'><strong>quierit</strong></span> <span class='ocrx_word' id='word_1_245' title='bbox 1750 1670 1863 1737; x_wconf 65' lang='grc'><strong>³⁸⁷⁸)</strong></span> <span class='ocrx_word' id='word_1_246' title='bbox 1902 1679 1953 1738; x_wconf 81' lang='grc' dir='ltr'><strong>Β</strong></span> <span class='ocrx_word' id='word_1_247' title='bbox 1982 1664 2240 1720; x_wconf 92' lang='lat' dir='ltr'><strong>secundo</strong></span> <span class='ocrx_word' id='word_1_248' title='bbox 2262 1663 2517 1734; x_wconf 87' lang='lat' dir='ltr'><strong>itemque</strong></span> <span class='ocrx_word' id='word_1_249' title='bbox 2540 1662 2809 1720; x_wconf 82' lang='lat' dir='ltr'><strong>Heinrico</strong></span> <span class='ocrx_word' id='word_1_250' title='bbox 2834 1677 2970 1733; x_wconf 81' lang='lat' dir='ltr'><strong>rege</strong></span> <span class='ocrx_word' id='word_1_251' title='bbox 2994 1663 3224 1733; x_wconf 87' lang='lat' dir='ltr'><strong>quidem</strong></span> <span class='ocrx_word' id='word_1_252' title='bbox 3253 1664 3435 1720; x_wconf 92' lang='lat' dir='ltr'><strong>tercio</strong></span> <span class='ocrx_word' id='word_1_253' title='bbox 3458 1663 3633 1735; x_wconf 86' lang='lat' dir='ltr'><strong>impe-</strong></span> 
     </span>
    </p>
   </div>
   <div class='ocr_carea' id='block_1_34' title="bbox 214 1759 1867 1832">
    <p class='ocr_par' dir='ltr' id='par_1_34' title="bbox 214 1759 1867 1832">
     <span class='ocr_line' id='line_1_34' title="bbox 214 1759 1867 1832; baseline 0 -17"><span class='ocrx_word' id='word_1_254' title='bbox 214 1761 462 1832; x_wconf 87' lang='lat' dir='ltr'><strong>primum</strong></span> <span class='ocrx_word' id='word_1_255' title='bbox 509 1760 670 1817; x_wconf 91' lang='lat' dir='ltr'><strong>dedit</strong></span> <span class='ocrx_word' id='word_1_256' title='bbox 714 1778 900 1832; x_wconf 90' lang='lat' dir='ltr'><strong>suum,</strong></span> <span class='ocrx_word' id='word_1_257' title='bbox 937 1762 1145 1818; x_wconf 90' lang='lat' dir='ltr'><strong>deinde</strong></span> <span class='ocrx_word' id='word_1_258' title='bbox 1178 1762 1422 1818; x_wconf 79' lang='lat' dir='ltr'><strong>aliorum</strong></span> <span class='ocrx_word' id='word_1_259' title='bbox 1456 1776 1568 1816; x_wconf 92' lang='lat' dir='ltr'><strong>non</strong></span> <span class='ocrx_word' id='word_1_260' title='bbox 1599 1759 1867 1831; x_wconf 89' lang='lat' dir='ltr'><strong>equidem</strong></span> 
     </span>
    </p>
   </div>
   <div class='ocr_carea' id='block_1_35' title="bbox 215 1850 1869 1921">
    <p class='ocr_par' dir='ltr' id='par_1_35' title="bbox 215 1850 1869 1921">
     <span class='ocr_line' id='line_1_35' title="bbox 215 1850 1869 1921; baseline 0 -16"><span class='ocrx_word' id='word_1_261' title='bbox 215 1850 492 1919; x_wconf 86' lang='lat' dir='ltr'><strong>omnium,</strong></span> <span class='ocrx_word' id='word_1_262' title='bbox 542 1850 644 1905; x_wconf 90' lang='lat' dir='ltr'><strong>sed</strong></span> <span class='ocrx_word' id='word_1_263' title='bbox 689 1866 890 1906; x_wconf 89' lang='lat' dir='ltr'><strong>eorum</strong></span> <span class='ocrx_word' id='word_1_264' title='bbox 934 1854 1157 1906; x_wconf 88' lang='lat' dir='ltr'><strong>tantum</strong></span> <span class='ocrx_word' id='word_1_265' title='bbox 1201 1867 1346 1921; x_wconf 90' lang='lat' dir='ltr'><strong>quos</strong></span> <span class='ocrx_word' id='word_1_266' title='bbox 1377 1851 1444 1907; x_wconf 88' lang='lat' dir='ltr'><strong>ad</strong></span> <span class='ocrx_word' id='word_1_267' title='bbox 1480 1850 1588 1905; x_wconf 91' lang='lat' dir='ltr'><strong>hoc</strong></span> <span class='ocrx_word' id='word_1_268' title='bbox 1630 1850 1869 1921; x_wconf 86' lang='lat' dir='ltr'><strong>pietatis</strong></span> 
     </span>
    </p>
   </div>
   <div class='ocr_carea' id='block_1_36' title="bbox 214 1938 1867 2010">
    <p class='ocr_par' dir='ltr' id='par_1_36' title="bbox 214 1938 1867 2010">
     <span class='ocr_line' id='line_1_36' title="bbox 214 1938 1867 2010; baseline 0 -17"><span class='ocrx_word' id='word_1_269' title='bbox 214 1953 364 2009; x_wconf 91' lang='lat' dir='ltr'><strong>opus</strong></span> <span class='ocrx_word' id='word_1_270' title='bbox 407 1953 509 1993; x_wconf 89' lang='lat' dir='ltr'><strong>sua</strong></span> <span class='ocrx_word' id='word_1_271' title='bbox 557 1939 745 2010; x_wconf 89' lang='lat' dir='ltr'><strong>potuit</strong></span> <span class='ocrx_word' id='word_1_272' title='bbox 784 1939 1194 1995; x_wconf 81' lang='lat' dir='ltr'><strong>exhortatione</strong></span> <span class='ocrx_word' id='word_1_273' title='bbox 1236 1938 1545 2009; x_wconf 86' lang='lat' dir='ltr'><strong>instigare;</strong></span> <span class='ocrx_word' id='word_1_274' title='bbox 1579 1943 1640 1994; x_wconf 89' lang='lat' dir='ltr'><strong>et</strong></span> <span class='ocrx_word' id='word_1_275' title='bbox 1668 1938 1867 1994; x_wconf 88' lang='lat' dir='ltr'><strong>laniati</strong></span> 
     </span>
    </p>
   </div>
   <div class='ocr_carea' id='block_1_37' title="bbox 215 2026 1869 2097">
    <p class='ocr_par' dir='ltr' id='par_1_37' title="bbox 215 2026 1869 2097">
     <span class='ocr_line' id='line_1_37' title="bbox 215 2026 1869 2097; baseline 0 -14"><span class='ocrx_word' id='word_1_276' title='bbox 215 2032 390 2097; x_wconf 89' lang='lat' dir='ltr'><strong>atque</strong></span> <span class='ocrx_word' id='word_1_277' title='bbox 424 2026 687 2082; x_wconf 87' lang='lat' dir='ltr'><strong>devorati</strong></span> <span class='ocrx_word' id='word_1_278' title='bbox 712 2030 846 2083; x_wconf 86' lang='lat' dir='ltr'><strong>sunt</strong></span> <span class='ocrx_word' id='word_1_279' title='bbox 870 2027 926 2082; x_wconf 89' lang='lat' dir='ltr'><strong>in</strong></span> <span class='ocrx_word' id='word_1_280' title='bbox 949 2026 1042 2059; x_wconf 76' lang='grc'><strong>³⁸⁷⁸</strong></span> <span class='ocrx_word' id='word_1_281' title='bbox 1064 2034 1354 2084; x_wconf 83' lang='lat' dir='ltr'><strong>momento</strong></span> <span class='ocrx_word' id='word_1_282' title='bbox 1382 2043 1575 2084; x_wconf 91' lang='lat' dir='ltr'><strong>coram</strong></span> <span class='ocrx_word' id='word_1_283' title='bbox 1608 2042 1697 2084; x_wconf 91' lang='lat' dir='ltr'><strong>eo.</strong></span> <span class='ocrx_word' id='word_1_284' title='bbox 1732 2029 1869 2083; x_wconf 82' lang='lat' dir='ltr'><strong>Post</strong></span> 
     </span>
    </p>
   </div>
   <div class='ocr_carea' id='block_1_38' title="bbox 215 2114 1397 2187">
    <p class='ocr_par' dir='ltr' id='par_1_38' title="bbox 215 2114 1397 2187">
     <span class='ocr_line' id='line_1_38' title="bbox 215 2114 1397 2187; baseline 0.001 -18"><span class='ocrx_word' id='word_1_285' title='bbox 215 2115 335 2171; x_wconf 66' lang='lat' dir='ltr'><strong>haec</strong></span> <span class='ocrx_word' id='word_1_286' title='bbox 368 2114 437 2170; x_wconf 89' lang='lat' dir='ltr'><strong>ad</strong></span> <span class='ocrx_word' id='word_1_287' title='bbox 472 2115 661 2171; x_wconf 89' lang='lat' dir='ltr'><strong>locum</strong></span> <span class='ocrx_word' id='word_1_288' title='bbox 695 2115 1050 2172; x_wconf 89' lang='lat' dir='ltr'><strong>destinatum</strong></span> <span class='ocrx_word' id='word_1_289' title='bbox 1089 2116 1397 2187; x_wconf 90' lang='lat' dir='ltr'><strong>processit.</strong></span> 
     </span>
    </p>
   </div>
   <div class='ocr_carea' id='block_1_39' title="bbox 286 2218 1869 2294">
    <p class='ocr_par' dir='ltr' id='par_1_39' title="bbox 286 2218 1869 2294">
     <span class='ocr_line' id='line_1_39' title="bbox 286 2218 1869 2294; baseline 0 -18"><span class='ocrx_word' id='word_1_290' title='bbox 286 2225 338 2276; x_wconf 92' lang='lat'><strong>7.</strong></span> <span class='ocrx_word' id='word_1_291' title='bbox 372 2218 465 2253; x_wconf 77' lang='grc'><strong>³⁸⁷⁷</strong></span> <span class='ocrx_word' id='word_1_292' title='bbox 497 2220 753 2291; x_wconf 90' lang='lat' dir='ltr'><strong>Denique</strong></span> <span class='ocrx_word' id='word_1_293' title='bbox 805 2222 990 2278; x_wconf 87' lang='lat' dir='ltr'><strong>inerat</strong></span> <span class='ocrx_word' id='word_1_294' title='bbox 1031 2222 1084 2279; x_wconf 92' lang='lat' dir='ltr'><strong>ei</strong></span> <span class='ocrx_word' id='word_1_295' title='bbox 1126 2222 1478 2294; x_wconf 80' lang='lat' dir='ltr'><strong>permaxima</strong></span> <span class='ocrx_word' id='word_1_296' title='bbox 1529 2221 1869 2279; x_wconf 90' lang='lat' dir='ltr'><strong>sollicitudo</strong></span> 
     </span>
    </p>
   </div>
   <div class='ocr_carea' id='block_1_40' title="bbox 217 2307 1871 2381">
    <p class='ocr_par' dir='ltr' id='par_1_40' title="bbox 217 2307 1871 2381">
     <span class='ocr_line' id='line_1_40' title="bbox 217 2307 1871 2381; baseline 0.001 -18"><span class='ocrx_word' id='word_1_297' title='bbox 217 2312 319 2365; x_wconf 87' lang='lat' dir='ltr'><strong>aut</strong></span> <span class='ocrx_word' id='word_1_298' title='bbox 343 2308 414 2364; x_wconf 90' lang='lat' dir='ltr'><strong>de</strong></span> <span class='ocrx_word' id='word_1_299' title='bbox 436 2307 529 2341; x_wconf 76' lang='grc'><strong>³⁸⁷³</strong></span> <span class='ocrx_word' id='word_1_300' title='bbox 550 2310 964 2366; x_wconf 89' lang='lat' dir='ltr'><strong>construendis</strong></span> <span class='ocrx_word' id='word_1_301' title='bbox 993 2311 1262 2366; x_wconf 85' lang='lat' dir='ltr'><strong>ccclesiis</strong></span> <span class='ocrx_word' id='word_1_302' title='bbox 1294 2315 1392 2366; x_wconf 86' lang='lat' dir='ltr'><strong>aut</strong></span> <span class='ocrx_word' id='word_1_303' title='bbox 1425 2310 1496 2365; x_wconf 91' lang='lat' dir='ltr'><strong>de</strong></span> <span class='ocrx_word' id='word_1_304' title='bbox 1529 2310 1871 2381; x_wconf 87' lang='lat' dir='ltr'><strong>reparandis</strong></span> 
     </span>
    </p>
   </div>
   <div class='ocr_carea' id='block_1_41' title="bbox 215 2394 1872 2469">
    <p class='ocr_par' dir='ltr' id='par_1_41' title="bbox 215 2394 1872 2469">
     <span class='ocr_line' id='line_1_41' title="bbox 215 2394 1872 2469; baseline 0 -17"><span class='ocrx_word' id='word_1_305' title='bbox 215 2394 311 2429; x_wconf 75' lang='lat'><strong>&quot;7’</strong></span> <span class='ocrx_word' id='word_1_306' title='bbox 343 2396 669 2454; x_wconf 88' lang='lat' dir='ltr'><strong>dirutarum</strong></span> <span class='ocrx_word' id='word_1_307' title='bbox 701 2401 996 2454; x_wconf 87' lang='lat' dir='ltr'><strong>vetustate</strong></span> <span class='ocrx_word' id='word_1_308' title='bbox 1030 2399 1235 2467; x_wconf 90' lang='lat' dir='ltr'><strong>ruinis,</strong></span> <span class='ocrx_word' id='word_1_309' title='bbox 1281 2413 1523 2469; x_wconf 61' lang='lat' dir='ltr'><strong>quorum</strong></span> <span class='ocrx_word' id='word_1_310' title='bbox 1557 2398 1725 2453; x_wconf 87' lang='lat' dir='ltr'><strong>alteri</strong></span> <span class='ocrx_word' id='word_1_311' title='bbox 1760 2397 1872 2453; x_wconf 85' lang='lat' dir='ltr'><strong>evi-</strong></span> 
     </span>
    </p>
   </div>
   <div class='ocr_carea' id='block_1_42' title="bbox 221 2485 1874 2557">
    <p class='ocr_par' dir='ltr' id='par_1_42' title="bbox 221 2485 1874 2557">
     <span class='ocr_line' id='line_1_42' title="bbox 221 2485 1874 2557; baseline 0.001 -16"><span class='ocrx_word' id='word_1_312' title='bbox 221 2485 365 2541; x_wconf 91' lang='lat' dir='ltr'><strong>dens</strong></span> <span class='ocrx_word' id='word_1_313' title='bbox 388 2486 661 2557; x_wconf 89' lang='lat' dir='ltr'><strong>perhibet</strong></span> <span class='ocrx_word' id='word_1_314' title='bbox 687 2487 1082 2543; x_wconf 90' lang='lat' dir='ltr'><strong>testimonium</strong></span> <span class='ocrx_word' id='word_1_315' title='bbox 1107 2486 1352 2544; x_wconf 87' lang='lat' dir='ltr'><strong>ecclesia</strong></span> <span class='ocrx_word' id='word_1_316' title='bbox 1380 2487 1533 2544; x_wconf 82' lang='lat' dir='ltr'><strong>beati</strong></span> <span class='ocrx_word' id='word_1_317' title='bbox 1557 2487 1713 2543; x_wconf 81' lang='lat' dir='ltr'><strong>Petri</strong></span> <span class='ocrx_word' id='word_1_318' title='bbox 1738 2501 1874 2557; x_wconf 83' lang='lat' dir='ltr'><strong>apo-</strong></span> 
     </span>
    </p>
   </div>
   <div class='ocr_carea' id='block_1_43' title="bbox 221 2571 1871 2647">
    <p class='ocr_par' dir='ltr' id='par_1_43' title="bbox 221 2571 1871 2647">
     <span class='ocr_line' id='line_1_43' title="bbox 221 2571 1871 2647; baseline 0.002 -19"><span class='ocrx_word' id='word_1_319' title='bbox 221 2571 361 2628; x_wconf 91' lang='lat' dir='ltr'><strong>stoli</strong></span> <span class='ocrx_word' id='word_1_320' title='bbox 384 2588 511 2644; x_wconf 66' lang='lat' dir='ltr'><strong>quae</strong></span> <span class='ocrx_word' id='word_1_321' title='bbox 534 2574 805 2631; x_wconf 91' lang='lat' dir='ltr'><strong>domuset</strong></span> <span class='ocrx_word' id='word_1_322' title='bbox 822 2575 1172 2647; x_wconf 85' lang='lat' dir='ltr'><strong>episcOpalis</strong></span> <span class='ocrx_word' id='word_1_323' title='bbox 1190 2577 1359 2631; x_wconf 87' lang='lat' dir='ltr'><strong>sedes</strong></span> <span class='ocrx_word' id='word_1_324' title='bbox 1381 2575 1614 2632; x_wconf 91' lang='lat' dir='ltr'><strong>dicitur.</strong></span> <span class='ocrx_word' id='word_1_325' title='bbox 1640 2578 1791 2647; x_wconf 63' lang='lat' dir='ltr'><strong>Haec,</strong></span> <span class='ocrx_word' id='word_1_326' title='bbox 1808 2581 1871 2633; x_wconf 94' lang='lat' dir='ltr'><strong>ut</strong></span> 
     </span>
    </p>
   </div>
   <div class='ocr_carea' id='block_1_44' title="bbox 220 2661 1874 2735">
    <p class='ocr_par' dir='ltr' id='par_1_44' title="bbox 220 2661 1874 2735">
     <span class='ocr_line' id='line_1_44' title="bbox 220 2661 1874 2735; baseline 0.004 -20"><span class='ocrx_word' id='word_1_327' title='bbox 220 2661 415 2717; x_wconf 89' lang='lat' dir='ltr'><strong>ferunt</strong></span> <span class='ocrx_word' id='word_1_328' title='bbox 436 2661 531 2695; x_wconf 80' lang='grc'>¹⁶⁸⁰</span> <span class='ocrx_word' id='word_1_329' title='bbox 552 2663 720 2735; x_wconf 89' lang='grc'>(470),</span> <span class='ocrx_word' id='word_1_330' title='bbox 752 2664 1081 2734; x_wconf 88' lang='lat' dir='ltr'><strong>antiquitus</strong></span> <span class='ocrx_word' id='word_1_331' title='bbox 1107 2664 1210 2718; x_wconf 91' lang='lat' dir='ltr'><strong>fuit</strong></span> <span class='ocrx_word' id='word_1_332' title='bbox 1237 2663 1441 2720; x_wconf 90' lang='lat' dir='ltr'><strong>domus</strong></span> <span class='ocrx_word' id='word_1_333' title='bbox 1464 2664 1687 2720; x_wconf 73' lang='lat' dir='ltr'><strong>domnze</strong></span> <span class='ocrx_word' id='word_1_334' title='bbox 1710 2665 1874 2721; x_wconf 83' lang='lat' dir='ltr'><strong>Hele-</strong></span> 
     </span>
    </p>
   </div>
   <div class='ocr_carea' id='block_1_45' title="bbox 217 2750 1871 2825">
    <p class='ocr_par' dir='ltr' id='par_1_45' title="bbox 217 2750 1871 2825">
     <span class='ocr_line' id='line_1_45' title="bbox 217 2750 1871 2825; baseline 0.004 -22"><span class='ocrx_word' id='word_1_335' title='bbox 217 2763 325 2819; x_wconf 75' lang='lat' dir='ltr'><strong>nae,</strong></span> <span class='ocrx_word' id='word_1_336' title='bbox 353 2750 522 2821; x_wconf 88' lang='lat' dir='ltr'><strong>cujus</strong></span> <span class='ocrx_word' id='word_1_337' title='bbox 546 2755 755 2821; x_wconf 72' lang='lat' dir='ltr'><strong>regatu</strong></span> <span class='ocrx_word' id='word_1_338' title='bbox 781 2765 811 2807; x_wconf 91' lang='lat' dir='ltr'><strong>a</strong></span> <span class='ocrx_word' id='word_1_339' title='bbox 838 2752 1009 2808; x_wconf 90' lang='lat' dir='ltr'><strong>beato</strong></span> <span class='ocrx_word' id='word_1_340' title='bbox 1040 2752 1273 2822; x_wconf 85' lang='lat' dir='ltr'><strong>Agricio</strong></span> <span class='ocrx_word' id='word_1_341' title='bbox 1305 2753 1577 2825; x_wconf 90' lang='lat' dir='ltr'><strong>primitus</strong></span> <span class='ocrx_word' id='word_1_342' title='bbox 1606 2752 1871 2811; x_wconf 86' lang='lat' dir='ltr'><strong>dedicata</strong></span> 
     </span>
    </p>
   </div>
   <div class='ocr_carea' id='block_1_46' title="bbox 216 2838 1875 2913">
    <p class='ocr_par' dir='ltr' id='par_1_46' title="bbox 216 2838 1875 2913">
     <span class='ocr_line' id='line_1_46' title="bbox 216 2838 1875 2913; baseline 0.001 -18"><span class='ocrx_word' id='word_1_343' title='bbox 216 2842 307 2895; x_wconf 90' lang='lat' dir='ltr'><strong>est</strong></span> <span class='ocrx_word' id='word_1_344' title='bbox 322 2838 377 2893; x_wconf 91' lang='lat' dir='ltr'><strong>in</strong></span> <span class='ocrx_word' id='word_1_345' title='bbox 393 2838 671 2896; x_wconf 87' lang='lat' dir='ltr'><strong>honorem</strong></span> <span class='ocrx_word' id='word_1_346' title='bbox 695 2840 976 2912; x_wconf 91' lang='lat' dir='ltr'><strong>principis</strong></span> <span class='ocrx_word' id='word_1_347' title='bbox 993 2842 1411 2912; x_wconf 89' lang='lat' dir='ltr'><strong>apostolorum,</strong></span> <span class='ocrx_word' id='word_1_348' title='bbox 1430 2848 1709 2913; x_wconf 85' lang='lat' dir='ltr'><strong>quattuor</strong></span> <span class='ocrx_word' id='word_1_349' title='bbox 1728 2856 1875 2897; x_wconf 90' lang='lat' dir='ltr'><strong>mar-</strong></span> 
     </span>
    </p>
   </div>
   <div class='ocr_carea' id='block_1_47' title="bbox 218 2928 1875 3004">
    <p class='ocr_par' dir='ltr' id='par_1_47' title="bbox 218 2928 1875 3004">
     <span class='ocr_line' id='line_1_47' title="bbox 218 2928 1875 3004; baseline 0.002 -22"><span class='ocrx_word' id='word_1_350' title='bbox 218 2928 433 2983; x_wconf 87' lang='lat' dir='ltr'><strong>moreis</strong></span> <span class='ocrx_word' id='word_1_351' title='bbox 474 2942 694 2998; x_wconf 62' lang='lat' dir='ltr'><strong>magna:</strong></span> <span class='ocrx_word' id='word_1_352' title='bbox 739 2929 1074 2985; x_wconf 89' lang='lat' dir='ltr'><strong>altitudinis</strong></span> <span class='ocrx_word' id='word_1_353' title='bbox 1106 2929 1245 2986; x_wconf 89' lang='lat' dir='ltr'><strong>fulta</strong></span> <span class='ocrx_word' id='word_1_354' title='bbox 1280 2931 1629 3004; x_wconf 89' lang='lat' dir='ltr'><strong>columpnis,</strong></span> <span class='ocrx_word' id='word_1_355' title='bbox 1664 2931 1719 2986; x_wconf 89' lang='lat' dir='ltr'><strong>in</strong></span> <span class='ocrx_word' id='word_1_356' title='bbox 1753 2930 1875 3002; x_wconf 91' lang='lat' dir='ltr'><strong>qui-</strong></span> 
     </span>
    </p>
   </div>
   <div class='ocr_carea' id='block_1_48' title="bbox 220 3015 1875 3076">
    <p class='ocr_par' dir='ltr' id='par_1_48' title="bbox 220 3015 1875 3076">
     <span class='ocr_line' id='line_1_48' title="bbox 220 3015 1875 3076; baseline 0.004 -6"><span class='ocrx_word' id='word_1_357' title='bbox 220 3016 325 3072; x_wconf 93' lang='lat' dir='ltr'><strong>bus</strong></span> <span class='ocrx_word' id='word_1_358' title='bbox 355 3019 475 3072; x_wconf 91' lang='lat' dir='ltr'><strong>tota</strong></span> <span class='ocrx_word' id='word_1_359' title='bbox 511 3015 608 3072; x_wconf 88' lang='lat' dir='ltr'><strong>illa</strong></span> <span class='ocrx_word' id='word_1_360' title='bbox 642 3020 940 3073; x_wconf 88' lang='lat' dir='ltr'><strong>structura</strong></span> <span class='ocrx_word' id='word_1_361' title='bbox 986 3033 1186 3074; x_wconf 89' lang='lat' dir='ltr'><strong>novem</strong></span> <span class='ocrx_word' id='word_1_362' title='bbox 1235 3022 1490 3076; x_wconf 66' lang='lat' dir='ltr'><strong>arcubus</strong></span> <span class='ocrx_word' id='word_1_363' title='bbox 1521 3021 1626 3076; x_wconf 91' lang='lat' dir='ltr'><strong>hac</strong></span> <span class='ocrx_word' id='word_1_364' title='bbox 1652 3025 1708 3076; x_wconf 93' lang='lat' dir='ltr'><strong>et</strong></span> <span class='ocrx_word' id='word_1_365' title='bbox 1741 3020 1875 3076; x_wconf 91' lang='lat' dir='ltr'><strong>illac</strong></span> 
     </span>
    </p>
   </div>
   <div class='ocr_carea' id='block_1_49' title="bbox 217 3105 1874 3180">
    <p class='ocr_par' dir='ltr' id='par_1_49' title="bbox 217 3105 1874 3180">
     <span class='ocr_line' id='line_1_49' title="bbox 217 3105 1874 3180; baseline 0.002 -20"><span class='ocrx_word' id='word_1_366' title='bbox 217 3105 490 3161; x_wconf 88' lang='lat' dir='ltr'><strong>distortis</strong></span> <span class='ocrx_word' id='word_1_367' title='bbox 520 3107 907 3162; x_wconf 88' lang='lat' dir='ltr'><strong>consistebat.</strong></span> <span class='ocrx_word' id='word_1_368' title='bbox 947 3108 1055 3162; x_wconf 90' lang='lat' dir='ltr'><strong>Sed</strong></span> <span class='ocrx_word' id='word_1_369' title='bbox 1090 3108 1237 3179; x_wconf 84' lang='grc'>(471)</span> <span class='ocrx_word' id='word_1_370' title='bbox 1275 3109 1681 3180; x_wconf 89' lang='lat' dir='ltr'><strong>superioribus</strong></span> <span class='ocrx_word' id='word_1_371' title='bbox 1707 3109 1874 3165; x_wconf 88' lang='lat' dir='ltr'><strong>annis</strong></span> 
     </span>
    </p>
   </div>
   <div class='ocr_carea' id='block_1_50' title="bbox 220 3194 1873 3267">
    <p class='ocr_par' dir='ltr' id='par_1_50' title="bbox 220 3194 1873 3267">
     <span class='ocr_line' id='line_1_50' title="bbox 220 3194 1873 3267; baseline 0.003 -19"><span class='ocrx_word' id='word_1_372' title='bbox 220 3207 332 3249; x_wconf 90' lang='lat' dir='ltr'><strong>non</strong></span> <span class='ocrx_word' id='word_1_373' title='bbox 378 3195 578 3264; x_wconf 88' lang='lat' dir='ltr'><strong>paucis</strong></span> <span class='ocrx_word' id='word_1_374' title='bbox 621 3208 733 3251; x_wconf 89' lang='lat' dir='ltr'><strong>una</strong></span> <span class='ocrx_word' id='word_1_375' title='bbox 775 3194 1215 3266; x_wconf 90' lang='lat' dir='ltr'><strong>columpnarum</strong></span> <span class='ocrx_word' id='word_1_376' title='bbox 1250 3196 1477 3252; x_wconf 90' lang='lat' dir='ltr'><strong>illarum</strong></span> <span class='ocrx_word' id='word_1_377' title='bbox 1510 3196 1873 3267; x_wconf 81' lang='lat' dir='ltr'><strong>longitudine</strong></span> 
     </span>
    </p>
   </div>
   <div class='ocr_carea' id='block_1_51' title="bbox 219 3280 1871 3356">
    <p class='ocr_par' dir='ltr' id='par_1_51' title="bbox 219 3280 1871 3356">
     <span class='ocr_line' id='line_1_51' title="bbox 219 3280 1871 3356; baseline 0.001 -18"><span class='ocrx_word' id='word_1_378' title='bbox 219 3280 309 3338; x_wconf 90' lang='lat' dir='ltr'><strong>sui</strong></span> <span class='ocrx_word' id='word_1_379' title='bbox 342 3281 582 3351; x_wconf 89' lang='lat' dir='ltr'><strong>fatigata</strong></span> <span class='ocrx_word' id='word_1_380' title='bbox 627 3288 683 3338; x_wconf 89' lang='lat' dir='ltr'><strong>et</strong></span> <span class='ocrx_word' id='word_1_381' title='bbox 723 3284 918 3339; x_wconf 91' lang='lat' dir='ltr'><strong>oneris</strong></span> <span class='ocrx_word' id='word_1_382' title='bbox 960 3284 1356 3354; x_wconf 81' lang='lat' dir='ltr'><strong>magnitudine</strong></span> <span class='ocrx_word' id='word_1_383' title='bbox 1400 3290 1782 3356; x_wconf 69' lang='lat' dir='ltr'><strong>praegravata,</strong></span> <span class='ocrx_word' id='word_1_384' title='bbox 1819 3286 1871 3341; x_wconf 92' lang='lat' dir='ltr'><strong>in</strong></span> 
     </span>
    </p>
   </div>
   <div class='ocr_carea' id='block_1_52' title="bbox 223 3370 1876 3443">
    <p class='ocr_par' dir='ltr' id='par_1_52' title="bbox 223 3370 1876 3443">
     <span class='ocr_line' id='line_1_52' title="bbox 223 3370 1876 3443; baseline 0.003 -18"><span class='ocrx_word' id='word_1_385' title='bbox 223 3384 487 3443; x_wconf 62' lang='lat' dir='ltr'><strong>praceps</strong></span> <span class='ocrx_word' id='word_1_386' title='bbox 517 3370 831 3443; x_wconf 89' lang='lat' dir='ltr'><strong>ceciderat,</strong></span> <span class='ocrx_word' id='word_1_387' title='bbox 863 3372 944 3428; x_wconf 91' lang='lat' dir='ltr'><strong>ita</strong></span> <span class='ocrx_word' id='word_1_388' title='bbox 971 3376 1031 3428; x_wconf 89' lang='lat' dir='ltr'><strong>ut</strong></span> <span class='ocrx_word' id='word_1_389' title='bbox 1056 3372 1249 3429; x_wconf 90' lang='lat' dir='ltr'><strong>nullus</strong></span> <span class='ocrx_word' id='word_1_390' title='bbox 1275 3374 1485 3430; x_wconf 91' lang='lat' dir='ltr'><strong>timore</strong></span> <span class='ocrx_word' id='word_1_391' title='bbox 1517 3374 1699 3431; x_wconf 80' lang='lat' dir='ltr'><strong>ruinae</strong></span> <span class='ocrx_word' id='word_1_392' title='bbox 1731 3374 1876 3431; x_wconf 84' lang='lat' dir='ltr'><strong>divi-</strong></span> 
     </span>
    </p>
   </div>
   <div class='ocr_carea' id='block_1_53' title="bbox 226 3459 1871 3535">
    <p class='ocr_par' dir='ltr' id='par_1_53' title="bbox 226 3459 1871 3535">
     <span class='ocr_line' id='line_1_53' title="bbox 226 3459 1871 3535; baseline 0.004 -21"><span class='ocrx_word' id='word_1_393' title='bbox 226 3473 362 3515; x_wconf 89' lang='lat' dir='ltr'><strong>num</strong></span> <span class='ocrx_word' id='word_1_394' title='bbox 410 3459 488 3514; x_wconf 93' lang='lat' dir='ltr'><strong>ibi</strong></span> <span class='ocrx_word' id='word_1_395' title='bbox 538 3460 868 3517; x_wconf 90' lang='lat' dir='ltr'><strong>celebraret</strong></span> <span class='ocrx_word' id='word_1_396' title='bbox 918 3460 1185 3518; x_wconf 86' lang='lat' dir='ltr'><strong>oﬂlcium.</strong></span> <span class='ocrx_word' id='word_1_397' title='bbox 1242 3462 1446 3518; x_wconf 89' lang='lat' dir='ltr'><strong>Nullus</strong></span> <span class='ocrx_word' id='word_1_398' title='bbox 1495 3478 1728 3535; x_wconf 90' lang='lat' dir='ltr'><strong>quoque</strong></span> <span class='ocrx_word' id='word_1_399' title='bbox 1776 3465 1871 3534; x_wconf 91' lang='lat' dir='ltr'><strong>qui</strong></span> 
     </span>
    </p>
   </div>
   <div class='ocr_carea' id='block_1_54' title="bbox 223 3548 1876 3622">
    <p class='ocr_par' dir='ltr' id='par_1_54' title="bbox 223 3548 1876 3622">
     <span class='ocr_line' id='line_1_54' title="bbox 223 3548 1876 3622; baseline 0.004 -20"><span class='ocrx_word' id='word_1_400' title='bbox 223 3551 381 3604; x_wconf 89' lang='lat' dir='ltr'><strong>tecta</strong></span> <span class='ocrx_word' id='word_1_401' title='bbox 436 3548 707 3605; x_wconf 81' lang='lat' dir='ltr'><strong>reﬁceret</strong></span> <span class='ocrx_word' id='word_1_402' title='bbox 755 3549 1010 3606; x_wconf 88' lang='lat' dir='ltr'><strong>audebat</strong></span> <span class='ocrx_word' id='word_1_403' title='bbox 1059 3550 1396 3620; x_wconf 88' lang='lat' dir='ltr'><strong>ascendere,</strong></span> <span class='ocrx_word' id='word_1_404' title='bbox 1454 3556 1692 3622; x_wconf 87' lang='lat' dir='ltr'><strong>propter</strong></span> <span class='ocrx_word' id='word_1_405' title='bbox 1721 3552 1876 3621; x_wconf 90' lang='lat' dir='ltr'><strong>quod</strong></span> 
     </span>
    </p>
   </div>
   <div class='ocr_carea' id='block_1_55' title="bbox 227 3636 1879 3709">
    <p class='ocr_par' dir='ltr' id='par_1_55' title="bbox 227 3636 1879 3709">
     <span class='ocr_line' id='line_1_55' title="bbox 227 3636 1879 3709; baseline 0.001 -16"><span class='ocrx_word' id='word_1_406' title='bbox 227 3636 454 3693; x_wconf 90' lang='lat' dir='ltr'><strong>diutino</strong></span> <span class='ocrx_word' id='word_1_407' title='bbox 504 3637 774 3707; x_wconf 88' lang='lat' dir='ltr'><strong>neglectu</strong></span> <span class='ocrx_word' id='word_1_408' title='bbox 821 3636 912 3670; x_wconf 65' lang='grc'><strong>’⁸⁸1</strong></span> <span class='ocrx_word' id='word_1_409' title='bbox 960 3637 1029 3692; x_wconf 88' lang='lat' dir='ltr'><strong>ad</strong></span> <span class='ocrx_word' id='word_1_410' title='bbox 1079 3639 1134 3693; x_wconf 91' lang='lat' dir='ltr'><strong>id</strong></span> <span class='ocrx_word' id='word_1_411' title='bbox 1182 3654 1373 3695; x_wconf 88' lang='lat' dir='ltr'><strong>rerum</strong></span> <span class='ocrx_word' id='word_1_412' title='bbox 1423 3640 1761 3709; x_wconf 84' lang='lat' dir='ltr'><strong>devenerat,</strong></span> <span class='ocrx_word' id='word_1_413' title='bbox 1814 3644 1879 3695; x_wconf 90' lang='lat' dir='ltr'><strong>ut</strong></span> 
     </span>
    </p>
   </div>
   <div class='ocr_carea' id='block_1_56' title="bbox 219 3725 1877 3800">
    <p class='ocr_par' dir='ltr' id='par_1_56' title="bbox 219 3725 1877 3800">
     <span class='ocr_line' id='line_1_56' title="bbox 219 3725 1877 3800; baseline 0.004 -20"><span class='ocrx_word' id='word_1_414' title='bbox 219 3725 335 3795; x_wconf 90' lang='lat' dir='ltr'><strong>jam</strong></span> <span class='ocrx_word' id='word_1_415' title='bbox 357 3725 563 3782; x_wconf 93' lang='lat' dir='ltr'><strong>domus</strong></span> <span class='ocrx_word' id='word_1_416' title='bbox 582 3727 876 3783; x_wconf 90' lang='lat' dir='ltr'><strong>oracionis</strong></span> <span class='ocrx_word' id='word_1_417' title='bbox 895 3741 1006 3782; x_wconf 90' lang='lat' dir='ltr'><strong>non</strong></span> <span class='ocrx_word' id='word_1_418' title='bbox 1028 3726 1344 3798; x_wconf 85' lang='lat' dir='ltr'><strong>diceretur,</strong></span> <span class='ocrx_word' id='word_1_419' title='bbox 1363 3727 1464 3784; x_wconf 92' lang='lat' dir='ltr'><strong>sed</strong></span> <span class='ocrx_word' id='word_1_420' title='bbox 1484 3744 1513 3784; x_wconf 90' lang='lat' dir='ltr'><strong>a</strong></span> <span class='ocrx_word' id='word_1_421' title='bbox 1538 3729 1877 3800; x_wconf 91' lang='lat' dir='ltr'><strong>pastoribus</strong></span> 
     </span>
    </p>
   </div>
   <div class='ocr_carea' id='block_1_57' title="bbox 226 3813 1880 3887">
    <p class='ocr_par' dir='ltr' id='par_1_57' title="bbox 226 3813 1880 3887">
     <span class='ocr_line' id='line_1_57' title="bbox 226 3813 1880 3887; baseline 0.003 -19"><span class='ocrx_word' id='word_1_422' title='bbox 226 3826 404 3884; x_wconf 90' lang='lat' dir='ltr'><strong>pecus</strong></span> <span class='ocrx_word' id='word_1_423' title='bbox 436 3813 512 3869; x_wconf 91' lang='lat' dir='ltr'><strong>ibi</strong></span> <span class='ocrx_word' id='word_1_424' title='bbox 547 3817 780 3885; x_wconf 87' lang='lat' dir='ltr'><strong>pastum</strong></span> <span class='ocrx_word' id='word_1_425' title='bbox 813 3814 1153 3872; x_wconf 88' lang='lat' dir='ltr'><strong>minaretur.</strong></span> <span class='ocrx_word' id='word_1_426' title='bbox 1190 3816 1345 3872; x_wconf 89' lang='lat' dir='ltr'><strong>Hanc</strong></span> <span class='ocrx_word' id='word_1_427' title='bbox 1379 3816 1504 3887; x_wconf 90' lang='lat' dir='ltr'><strong>ipse</strong></span> <span class='ocrx_word' id='word_1_428' title='bbox 1538 3816 1736 3873; x_wconf 87' lang='lat' dir='ltr'><strong>labore</strong></span> <span class='ocrx_word' id='word_1_429' title='bbox 1766 3832 1880 3873; x_wconf 90' lang='lat' dir='ltr'><strong>ma-</strong></span> 
     </span>
    </p>
   </div>
   <div class='ocr_carea' id='block_1_58' title="bbox 223 3902 1881 3975">
    <p class='ocr_par' dir='ltr' id='par_1_58' title="bbox 223 3902 1881 3975">
     <span class='ocr_line' id='line_1_58' title="bbox 223 3902 1881 3975; baseline 0.003 -19"><span class='ocrx_word' id='word_1_430' title='bbox 223 3915 337 3970; x_wconf 86' lang='lat' dir='ltr'><strong>gno</strong></span> <span class='ocrx_word' id='word_1_431' title='bbox 366 3906 426 3956; x_wconf 92' lang='lat' dir='ltr'><strong>et</strong></span> <span class='ocrx_word' id='word_1_432' title='bbox 459 3902 719 3973; x_wconf 87' lang='lat' dir='ltr'><strong>inpensa,</strong></span> <span class='ocrx_word' id='word_1_433' title='bbox 773 3902 991 3958; x_wconf 90' lang='lat' dir='ltr'><strong>eisdem</strong></span> <span class='ocrx_word' id='word_1_434' title='bbox 1044 3902 1372 3975; x_wconf 90' lang='lat' dir='ltr'><strong>columpnis</strong></span> <span class='ocrx_word' id='word_1_435' title='bbox 1422 3904 1587 3975; x_wconf 90' lang='lat' dir='ltr'><strong>quasi</strong></span> <span class='ocrx_word' id='word_1_436' title='bbox 1636 3904 1881 3963; x_wconf 91' lang='lat' dir='ltr'><strong>circum-</strong></span> 
     </span>
    </p>
   </div>
   <div class='ocr_carea' id='block_1_59' title="bbox 225 3988 1878 4067">
    <p class='ocr_par' dir='ltr' id='par_1_59' title="bbox 225 3988 1878 4067">
     <span class='ocr_line' id='line_1_59' title="bbox 225 3988 1878 4067; baseline 0.005 -23"><span class='ocrx_word' id='word_1_437' title='bbox 225 3989 454 4045; x_wconf 87' lang='lat' dir='ltr'><strong>amictis</strong></span> <span class='ocrx_word' id='word_1_438' title='bbox 469 3988 561 4021; x_wconf 79' lang='grc'>²⁶⁸²</span> <span class='ocrx_word' id='word_1_439' title='bbox 582 3989 840 4060; x_wconf 89' lang='lat' dir='ltr'><strong>basibus,</strong></span> <span class='ocrx_word' id='word_1_440' title='bbox 859 4005 1002 4061; x_wconf 89' lang='lat' dir='ltr'><strong>quas</strong></span> <span class='ocrx_word' id='word_1_441' title='bbox 1021 3990 1244 4047; x_wconf 90' lang='lat' dir='ltr'><strong>usualis</strong></span> <span class='ocrx_word' id='word_1_442' title='bbox 1264 3991 1484 4049; x_wconf 88' lang='lat' dir='ltr'><strong>locutio</strong></span> <span class='ocrx_word' id='word_1_443' title='bbox 1501 3993 1878 4067; x_wconf 65' lang='lat' dir='ltr'><strong>pilares(t72)</strong></span> 
     </span>
    </p>
   </div>
   <div class='ocr_carea' id='block_1_60' title="bbox 228 4076 1876 4152">
    <p class='ocr_par' dir='ltr' id='par_1_60' title="bbox 228 4076 1876 4152">
     <span class='ocr_line' id='line_1_60' title="bbox 228 4076 1876 4152; baseline 0.004 -21"><span class='ocrx_word' id='word_1_444' title='bbox 228 4081 520 4148; x_wconf 88' lang='lat' dir='ltr'><strong>nuncupat</strong></span> <span class='ocrx_word' id='word_1_445' title='bbox 553 4076 665 4148; x_wconf 64' lang='lat'><strong>&quot;9’,</strong></span> <span class='ocrx_word' id='word_1_446' title='bbox 700 4078 956 4150; x_wconf 87' lang='lat' dir='ltr'><strong>itemque</strong></span> <span class='ocrx_word' id='word_1_447' title='bbox 988 4080 1241 4137; x_wconf 88' lang='lat' dir='ltr'><strong>arcubus</strong></span> <span class='ocrx_word' id='word_1_448' title='bbox 1270 4080 1571 4152; x_wconf 90' lang='lat' dir='ltr'><strong>prioribus</strong></span> <span class='ocrx_word' id='word_1_449' title='bbox 1599 4081 1876 4138; x_wconf 89' lang='lat' dir='ltr'><strong>laudabili</strong></span> 
     </span>
    </p>
   </div>
   <div class='ocr_carea' id='block_1_61' title="bbox 1984 1751 3631 1823">
    <p class='ocr_par' dir='ltr' id='par_1_61' title="bbox 1984 1751 3631 1823">
     <span class='ocr_line' id='line_1_61' title="bbox 1984 1751 3631 1823; baseline 0.001 -16"><span class='ocrx_word' id='word_1_450' title='bbox 1984 1755 2178 1808; x_wconf 90' lang='lat' dir='ltr'><strong>ratore</strong></span> <span class='ocrx_word' id='word_1_451' title='bbox 2201 1757 2393 1809; x_wconf 89' lang='lat' dir='ltr'><strong>autem</strong></span> <span class='ocrx_word' id='word_1_452' title='bbox 2419 1752 2694 1821; x_wconf 90' lang='lat' dir='ltr'><strong>secundo,</strong></span> <span class='ocrx_word' id='word_1_453' title='bbox 2717 1751 2869 1808; x_wconf 90' lang='lat' dir='ltr'><strong>sicut</strong></span> <span class='ocrx_word' id='word_1_454' title='bbox 2890 1751 2944 1807; x_wconf 93' lang='lat' dir='ltr'><strong>in</strong></span> <span class='ocrx_word' id='word_1_455' title='bbox 2969 1751 3281 1823; x_wconf 73' lang='lat' dir='ltr'><strong>przeceptis</strong></span> <span class='ocrx_word' id='word_1_456' title='bbox 3304 1751 3536 1810; x_wconf 88' lang='lat' dir='ltr'><strong>illorum</strong></span> <span class='ocrx_word' id='word_1_457' title='bbox 3560 1751 3631 1808; x_wconf 90' lang='lat' dir='ltr'><strong>de</strong></span> 
     </span>
    </p>
   </div>
   <div class='ocr_carea' id='block_1_62' title="bbox 1979 1839 3631 1911">
    <p class='ocr_par' dir='ltr' id='par_1_62' title="bbox 1979 1839 3631 1911">
     <span class='ocr_line' id='line_1_62' title="bbox 1979 1839 3631 1911; baseline 0 -14"><span class='ocrx_word' id='word_1_458' title='bbox 1979 1839 2741 1909; x_wconf 68' lang='lat' dir='ltr'><strong>Trevcrimm‘continctur,</strong></span> <span class='ocrx_word' id='word_1_459' title='bbox 2763 1841 3084 1895; x_wconf 89' lang='lat' dir='ltr'><strong>honoratus</strong></span> <span class='ocrx_word' id='word_1_460' title='bbox 3104 1841 3314 1906; x_wconf 84' lang='lat' dir='ltr'><strong>fuerat,</strong></span> <span class='ocrx_word' id='word_1_461' title='bbox 3333 1840 3631 1911; x_wconf 85' lang='lat' dir='ltr'><strong>magnifice</strong></span> 
     </span>
    </p>
   </div>
   <div class='ocr_carea' id='block_1_63' title="bbox 1981 1928 3634 2000">
    <p class='ocr_par' dir='ltr' id='par_1_63' title="bbox 1981 1928 3634 2000">
     <span class='ocr_line' id='line_1_63' title="bbox 1981 1928 3634 2000; baseline -0.002 -14"><span class='ocrx_word' id='word_1_462' title='bbox 1981 1929 2212 1986; x_wconf 91' lang='lat' dir='ltr'><strong>ditavit.</strong></span> <span class='ocrx_word' id='word_1_463' title='bbox 2248 1929 2623 1985; x_wconf 89' lang='lat' dir='ltr'><strong>Postmodum</strong></span> <span class='ocrx_word' id='word_1_464' title='bbox 2648 1932 2839 1985; x_wconf 87' lang='lat' dir='ltr'><strong>autem</strong></span> <span class='ocrx_word' id='word_1_465' title='bbox 2864 1928 3082 2000; x_wconf 90' lang='lat' dir='ltr'><strong>placuit</strong></span> <span class='ocrx_word' id='word_1_466' title='bbox 3107 1928 3159 1983; x_wconf 91' lang='lat' dir='ltr'><strong>ei</strong></span> <span class='ocrx_word' id='word_1_467' title='bbox 3183 1929 3422 1985; x_wconf 90' lang='lat' dir='ltr'><strong>eandem</strong></span> <span class='ocrx_word' id='word_1_468' title='bbox 3446 1928 3634 1985; x_wconf 88' lang='lat' dir='ltr'><strong>eccle-</strong></span> 
     </span>
    </p>
   </div>
   <div class='ocr_carea' id='block_1_64' title="bbox 1979 2015 3632 2091">
    <p class='ocr_par' dir='ltr' id='par_1_64' title="bbox 1979 2015 3632 2091">
     <span class='ocr_line' id='line_1_64' title="bbox 1979 2015 3632 2091; baseline -0.001 -17"><span class='ocrx_word' id='word_1_469' title='bbox 1979 2018 2122 2075; x_wconf 86' lang='lat' dir='ltr'><strong>siam</strong></span> <span class='ocrx_word' id='word_1_470' title='bbox 2142 2016 2481 2091; x_wconf 85' lang='lat' dir='ltr'><strong>ampliorem</strong></span> <span class='ocrx_word' id='word_1_471' title='bbox 2503 2017 2766 2088; x_wconf 91' lang='lat' dir='ltr'><strong>reddere,</strong></span> <span class='ocrx_word' id='word_1_472' title='bbox 2786 2017 3040 2087; x_wconf 83' lang='lat' dir='ltr'><strong>fecitque</strong></span> <span class='ocrx_word' id='word_1_473' title='bbox 3057 2021 3117 2074; x_wconf 91' lang='lat' dir='ltr'><strong>ut</strong></span> <span class='ocrx_word' id='word_1_474' title='bbox 3135 2032 3287 2074; x_wconf 88' lang='lat' dir='ltr'><strong>nunc</strong></span> <span class='ocrx_word' id='word_1_475' title='bbox 3308 2015 3485 2073; x_wconf 88' lang='lat' dir='ltr'><strong>tercia</strong></span> <span class='ocrx_word' id='word_1_476' title='bbox 3508 2023 3632 2073; x_wconf 89' lang='lat' dir='ltr'><strong>tan-</strong></span> 
     </span>
    </p>
   </div>
   <div class='ocr_carea' id='block_1_65' title="bbox 1979 2106 3633 2179">
    <p class='ocr_par' dir='ltr' id='par_1_65' title="bbox 1979 2106 3633 2179">
     <span class='ocr_line' id='line_1_65' title="bbox 1979 2106 3633 2179; baseline 0.001 -17"><span class='ocrx_word' id='word_1_477' title='bbox 1979 2111 2102 2165; x_wconf 91' lang='lat' dir='ltr'><strong>tum</strong></span> <span class='ocrx_word' id='word_1_478' title='bbox 2123 2110 2402 2177; x_wconf 89' lang='lat' dir='ltr'><strong>quantum</strong></span> <span class='ocrx_word' id='word_1_479' title='bbox 2423 2106 2584 2179; x_wconf 92' lang='lat' dir='ltr'><strong>prius</strong></span> <span class='ocrx_word' id='word_1_480' title='bbox 2601 2106 2856 2163; x_wconf 87' lang='lat' dir='ltr'><strong>ambitus</strong></span> <span class='ocrx_word' id='word_1_481' title='bbox 2872 2106 2999 2176; x_wconf 91' lang='lat' dir='ltr'><strong>ejus</strong></span> <span class='ocrx_word' id='word_1_482' title='bbox 3015 2111 3182 2178; x_wconf 92' lang='lat' dir='ltr'><strong>parte</strong></span> <span class='ocrx_word' id='word_1_483' title='bbox 3203 2106 3277 2161; x_wconf 92' lang='lat' dir='ltr'><strong>sit</strong></span> <span class='ocrx_word' id='word_1_484' title='bbox 3299 2106 3497 2175; x_wconf 90' lang='lat' dir='ltr'><strong>major.</strong></span> <span class='ocrx_word' id='word_1_485' title='bbox 3527 2108 3633 2164; x_wconf 89' lang='lat' dir='ltr'><strong>Cu-</strong></span> 
     </span>
    </p>
   </div>
   <div class='ocr_carea' id='block_1_66' title="bbox 1974 2194 3632 2267">
    <p class='ocr_par' dir='ltr' id='par_1_66' title="bbox 1974 2194 3632 2267">
     <span class='ocr_line' id='line_1_66' title="bbox 1974 2194 3632 2267; baseline -0.003 -14"><span class='ocrx_word' id='word_1_486' title='bbox 1974 2195 2071 2266; x_wconf 92' lang='lat' dir='ltr'><strong>jus</strong></span> <span class='ocrx_word' id='word_1_487' title='bbox 2100 2199 2437 2266; x_wconf 77' lang='lat' dir='ltr'><strong>structurae,</strong></span> <span class='ocrx_word' id='word_1_488' title='bbox 2474 2200 2533 2251; x_wconf 91' lang='lat' dir='ltr'><strong>ut</strong></span> <span class='ocrx_word' id='word_1_489' title='bbox 2567 2195 2783 2265; x_wconf 91' lang='lat' dir='ltr'><strong>audivi,</strong></span> <span class='ocrx_word' id='word_1_490' title='bbox 2821 2200 3036 2251; x_wconf 88' lang='lat' dir='ltr'><strong>tantam</strong></span> <span class='ocrx_word' id='word_1_491' title='bbox 3073 2195 3428 2252; x_wconf 83' lang='lat' dir='ltr'><strong>fundamenti</strong></span> <span class='ocrx_word' id='word_1_492' title='bbox 3456 2194 3632 2267; x_wconf 90' lang='lat' dir='ltr'><strong>jussit</strong></span> 
     </span>
    </p>
   </div>
   <div class='ocr_carea' id='block_1_67' title="bbox 1983 2283 3633 2355">
    <p class='ocr_par' dir='ltr' id='par_1_67' title="bbox 1983 2283 3633 2355">
     <span class='ocr_line' id='line_1_67' title="bbox 1983 2283 3633 2355; baseline 0.001 -16"><span class='ocrx_word' id='word_1_493' title='bbox 1983 2283 2107 2339; x_wconf 86' lang='lat' dir='ltr'><strong>fleri</strong></span> <span class='ocrx_word' id='word_1_494' title='bbox 2138 2283 2232 2317; x_wconf 72' lang='grc'><strong>³⁸⁵⁸</strong></span> <span class='ocrx_word' id='word_1_495' title='bbox 2264 2284 2742 2355; x_wconf 81' lang='lat' dir='ltr'><strong>profunditatem,</strong></span> <span class='ocrx_word' id='word_1_496' title='bbox 2778 2289 3050 2355; x_wconf 90' lang='lat' dir='ltr'><strong>quantam</strong></span> <span class='ocrx_word' id='word_1_497' title='bbox 3082 2298 3233 2339; x_wconf 90' lang='lat' dir='ltr'><strong>nunc</strong></span> <span class='ocrx_word' id='word_1_498' title='bbox 3264 2283 3427 2341; x_wconf 90' lang='lat' dir='ltr'><strong>vides</strong></span> <span class='ocrx_word' id='word_1_499' title='bbox 3462 2289 3633 2340; x_wconf 62' lang='lat' dir='ltr'><strong>terra)</strong></span> 
     </span>
    </p>
   </div>
   <div class='ocr_carea' id='block_1_68' title="bbox 1982 2372 3636 2445">
    <p class='ocr_par' dir='ltr' id='par_1_68' title="bbox 1982 2372 3636 2445">
     <span class='ocr_line' id='line_1_68' title="bbox 1982 2372 3636 2445; baseline -0.001 -15"><span class='ocrx_word' id='word_1_500' title='bbox 1982 2372 2528 2445; x_wconf 88' lang='lat' dir='ltr'><strong>supereminentem.</strong></span> <span class='ocrx_word' id='word_1_501' title='bbox 2566 2372 2708 2429; x_wconf 84' lang='lat' dir='ltr'><strong>Huic</strong></span> <span class='ocrx_word' id='word_1_502' title='bbox 2732 2372 2946 2428; x_wconf 87' lang='lat' dir='ltr'><strong>etenim</strong></span> <span class='ocrx_word' id='word_1_503' title='bbox 2972 2373 3134 2443; x_wconf 88' lang='lat' dir='ltr'><strong>operi</strong></span> <span class='ocrx_word' id='word_1_504' title='bbox 3158 2388 3287 2429; x_wconf 89' lang='lat' dir='ltr'><strong>cum</strong></span> <span class='ocrx_word' id='word_1_505' title='bbox 3311 2372 3636 2430; x_wconf 91' lang='lat' dir='ltr'><strong>studiosius</strong></span> 
     </span>
    </p>
   </div>
   <div class='ocr_carea' id='block_1_69' title="bbox 1982 2459 3640 2533">
    <p class='ocr_par' dir='ltr' id='par_1_69' title="bbox 1982 2459 3640 2533">
     <span class='ocr_line' id='line_1_69' title="bbox 1982 2459 3640 2533; baseline 0.001 -17"><span class='ocrx_word' id='word_1_506' title='bbox 1982 2460 2308 2531; x_wconf 90' lang='lat' dir='ltr'><strong>insisteret,</strong></span> <span class='ocrx_word' id='word_1_507' title='bbox 2342 2475 2604 2533; x_wconf 89' lang='lat' dir='ltr'><strong>opusque</strong></span> <span class='ocrx_word' id='word_1_508' title='bbox 2629 2460 2744 2530; x_wconf 91' lang='lat' dir='ltr'><strong>jam</strong></span> <span class='ocrx_word' id='word_1_509' title='bbox 2776 2459 2846 2516; x_wconf 91' lang='lat' dir='ltr'><strong>ad</strong></span> <span class='ocrx_word' id='word_1_510' title='bbox 2876 2460 3061 2517; x_wconf 66' lang='lat' dir='ltr'><strong>hasta:</strong></span> <span class='ocrx_word' id='word_1_511' title='bbox 3092 2461 3512 2531; x_wconf 76' lang='lat' dir='ltr'><strong>longitudinem</strong></span> <span class='ocrx_word' id='word_1_512' title='bbox 3545 2477 3640 2518; x_wconf 90' lang='lat' dir='ltr'><strong>su-</strong></span> 
     </span>
    </p>
   </div>
   <div class='ocr_carea' id='block_1_70' title="bbox 1985 2548 3637 2622">
    <p class='ocr_par' dir='ltr' id='par_1_70' title="bbox 1985 2548 3637 2622">
     <span class='ocr_line' id='line_1_70' title="bbox 1985 2548 3637 2622; baseline 0 -15"><span class='ocrx_word' id='word_1_513' title='bbox 1985 2564 2088 2622; x_wconf 89' lang='lat' dir='ltr'><strong>per</strong></span> <span class='ocrx_word' id='word_1_514' title='bbox 2115 2554 2335 2607; x_wconf 89' lang='lat' dir='ltr'><strong>terram</strong></span> <span class='ocrx_word' id='word_1_515' title='bbox 2371 2549 2644 2607; x_wconf 91' lang='lat' dir='ltr'><strong>eductum</strong></span> <span class='ocrx_word' id='word_1_516' title='bbox 2676 2549 2905 2619; x_wconf 90' lang='lat' dir='ltr'><strong>fuisset,</strong></span> <span class='ocrx_word' id='word_1_517' title='bbox 2932 2548 3023 2604; x_wconf 91' lang='lat' dir='ltr'><strong>die</strong></span> <span class='ocrx_word' id='word_1_518' title='bbox 3048 2551 3294 2620; x_wconf 89' lang='lat' dir='ltr'><strong>quadam</strong></span> <span class='ocrx_word' id='word_1_519' title='bbox 3317 2565 3447 2606; x_wconf 89' lang='lat' dir='ltr'><strong>cum</strong></span> <span class='ocrx_word' id='word_1_520' title='bbox 3472 2550 3637 2607; x_wconf 89' lang='lat' dir='ltr'><strong>sede-</strong></span> 
     </span>
    </p>
   </div>
   <div class='ocr_carea' id='block_1_71' title="bbox 1985 2636 3637 2708">
    <p class='ocr_par' dir='ltr' id='par_1_71' title="bbox 1985 2636 3637 2708">
     <span class='ocr_line' id='line_1_71' title="bbox 1985 2636 3637 2708; baseline -0.001 -14"><span class='ocrx_word' id='word_1_521' title='bbox 1985 2645 2075 2695; x_wconf 90' lang='lat' dir='ltr'><strong>ret</strong></span> <span class='ocrx_word' id='word_1_522' title='bbox 2100 2638 2195 2696; x_wconf 92' lang='lat' dir='ltr'><strong>ubi</strong></span> <span class='ocrx_word' id='word_1_523' title='bbox 2216 2638 2408 2707; x_wconf 83' lang='lat' dir='ltr'><strong>fiebat,</strong></span> <span class='ocrx_word' id='word_1_524' title='bbox 2443 2638 2551 2708; x_wconf 90' lang='lat' dir='ltr'><strong>sol,</strong></span> <span class='ocrx_word' id='word_1_525' title='bbox 2583 2642 2647 2695; x_wconf 90' lang='lat' dir='ltr'><strong>ut</strong></span> <span class='ocrx_word' id='word_1_526' title='bbox 2669 2643 2797 2694; x_wconf 88' lang='lat' dir='ltr'><strong>erat</strong></span> <span class='ocrx_word' id='word_1_527' title='bbox 2830 2636 3004 2693; x_wconf 91' lang='lat' dir='ltr'><strong>solito</strong></span> <span class='ocrx_word' id='word_1_528' title='bbox 3038 2639 3375 2708; x_wconf 85' lang='lat' dir='ltr'><strong>ferventior,</strong></span> <span class='ocrx_word' id='word_1_529' title='bbox 3406 2638 3637 2695; x_wconf 87' lang='lat' dir='ltr'><strong>refulsit</strong></span> 
     </span>
    </p>
   </div>
   <div class='ocr_carea' id='block_1_72' title="bbox 1985 2724 3639 2799">
    <p class='ocr_par' dir='ltr' id='par_1_72' title="bbox 1985 2724 3639 2799">
     <span class='ocr_line' id='line_1_72' title="bbox 1985 2724 3639 2799; baseline 0 -16"><span class='ocrx_word' id='word_1_530' title='bbox 1985 2727 2039 2783; x_wconf 90' lang='lat' dir='ltr'><strong>in</strong></span> <span class='ocrx_word' id='word_1_531' title='bbox 2064 2726 2253 2799; x_wconf 90' lang='lat' dir='ltr'><strong>capud</strong></span> <span class='ocrx_word' id='word_1_532' title='bbox 2276 2728 2401 2798; x_wconf 85' lang='lat' dir='ltr'><strong>ejus</strong></span> <span class='ocrx_word' id='word_1_533' title='bbox 2420 2758 2484 2766; x_wconf 90' lang='lat'><strong>—</strong></span> <span class='ocrx_word' id='word_1_534' title='bbox 2505 2732 2633 2781; x_wconf 87' lang='lat' dir='ltr'><strong>erat</strong></span> <span class='ocrx_word' id='word_1_535' title='bbox 2655 2726 2804 2782; x_wconf 92' lang='lat' dir='ltr'><strong>enim</strong></span> <span class='ocrx_word' id='word_1_536' title='bbox 2829 2724 3029 2782; x_wconf 91' lang='lat' dir='ltr'><strong>calvus</strong></span> <span class='ocrx_word' id='word_1_537' title='bbox 3051 2758 3120 2765; x_wconf 96' lang='lat'>—</span> <span class='ocrx_word' id='word_1_538' title='bbox 3141 2731 3197 2781; x_wconf 91' lang='lat' dir='ltr'><strong>et</strong></span> <span class='ocrx_word' id='word_1_539' title='bbox 3224 2726 3518 2784; x_wconf 89' lang='lat' dir='ltr'><strong>incanduit</strong></span> <span class='ocrx_word' id='word_1_540' title='bbox 3546 2742 3639 2783; x_wconf 85' lang='lat' dir='ltr'><strong>cc-</strong></span> 
     </span>
    </p>
   </div>
   <div class='ocr_carea' id='block_1_73' title="bbox 1986 2815 3635 2888">
    <p class='ocr_par' dir='ltr' id='par_1_73' title="bbox 1986 2815 3635 2888">
     <span class='ocr_line' id='line_1_73' title="bbox 1986 2815 3635 2888; baseline 0.001 -17"><span class='ocrx_word' id='word_1_541' title='bbox 1986 2817 2217 2874; x_wconf 87' lang='lat' dir='ltr'><strong>rebrum</strong></span> <span class='ocrx_word' id='word_1_542' title='bbox 2249 2816 2395 2888; x_wconf 91' lang='lat' dir='ltr'><strong>ejus,</strong></span> <span class='ocrx_word' id='word_1_543' title='bbox 2428 2820 2482 2870; x_wconf 90' lang='lat' dir='ltr'><strong>et</strong></span> <span class='ocrx_word' id='word_1_544' title='bbox 2517 2815 2672 2871; x_wconf 92' lang='lat' dir='ltr'><strong>sicut</strong></span> <span class='ocrx_word' id='word_1_545' title='bbox 2703 2815 2851 2871; x_wconf 92' lang='lat' dir='ltr'><strong>solet</strong></span> <span class='ocrx_word' id='word_1_546' title='bbox 2883 2816 3042 2869; x_wconf 89' lang='lat' dir='ltr'><strong>febre</strong></span> <span class='ocrx_word' id='word_1_547' title='bbox 3070 2820 3405 2887; x_wconf 90' lang='lat' dir='ltr'><strong>correptus,</strong></span> <span class='ocrx_word' id='word_1_548' title='bbox 3440 2815 3509 2871; x_wconf 92' lang='lat' dir='ltr'><strong>de</strong></span> <span class='ocrx_word' id='word_1_549' title='bbox 3543 2815 3635 2872; x_wconf 90' lang='lat' dir='ltr'><strong>die</strong></span> 
     </span>
    </p>
   </div>
   <div class='ocr_carea' id='block_1_74' title="bbox 1988 2902 3708 2973">
    <p class='ocr_par' dir='ltr' id='par_1_74' title="bbox 1988 2902 3708 2973">
     <span class='ocr_line' id='line_1_74' title="bbox 1988 2902 3708 2973; baseline 0 -14"><span class='ocrx_word' id='word_1_550' title='bbox 1988 2905 2042 2962; x_wconf 92' lang='lat' dir='ltr'><strong>in</strong></span> <span class='ocrx_word' id='word_1_551' title='bbox 2086 2904 2236 2960; x_wconf 90' lang='lat' dir='ltr'><strong>diem</strong></span> <span class='ocrx_word' id='word_1_552' title='bbox 2282 2904 2725 2973; x_wconf 83' lang='lat' dir='ltr'><strong>ingravescente</strong></span> <span class='ocrx_word' id='word_1_553' title='bbox 2769 2904 2970 2958; x_wconf 90' lang='lat' dir='ltr'><strong>eadem</strong></span> <span class='ocrx_word' id='word_1_554' title='bbox 3018 2902 3358 2973; x_wconf 89' lang='lat' dir='ltr'><strong>valitudine,</strong></span> <span class='ocrx_word' id='word_1_555' title='bbox 3404 2904 3637 2961; x_wconf 89' lang='lat' dir='ltr'><strong>fortiter</strong></span> <span class='ocrx_word' id='word_1_556' title='bbox 3683 2912 3708 2930; x_wconf 80' lang='lat'><strong><em>°</em></strong></span> 
     </span>
    </p>
   </div>
   <div class='ocr_carea' id='block_1_75' title="bbox 1984 2991 3641 3064">
    <p class='ocr_par' dir='ltr' id='par_1_75' title="bbox 1984 2991 3641 3064">
     <span class='ocr_line' id='line_1_75' title="bbox 1984 2991 3641 3064; baseline -0.003 -12"><span class='ocrx_word' id='word_1_557' title='bbox 1984 2997 2277 3064; x_wconf 65' lang='lat' dir='ltr'><strong>egrotare</strong></span> <span class='ocrx_word' id='word_1_558' title='bbox 2306 2992 2517 3064; x_wconf 81' lang='lat' dir='ltr'><strong>ccepit;</strong></span> <span class='ocrx_word' id='word_1_559' title='bbox 2552 3006 2656 3049; x_wconf 92' lang='lat' dir='ltr'><strong>nec</strong></span> <span class='ocrx_word' id='word_1_560' title='bbox 2688 2991 2871 3047; x_wconf 86' lang='lat' dir='ltr'><strong>multo</strong></span> <span class='ocrx_word' id='word_1_561' title='bbox 2902 2995 3030 3062; x_wconf 91' lang='lat' dir='ltr'><strong>post</strong></span> <span class='ocrx_word' id='word_1_562' title='bbox 3074 2992 3142 3047; x_wconf 90' lang='lat' dir='ltr'><strong>ad</strong></span> <span class='ocrx_word' id='word_1_563' title='bbox 3188 2991 3389 3048; x_wconf 89' lang='lat' dir='ltr'><strong>ultima</strong></span> <span class='ocrx_word' id='word_1_564' title='bbox 3431 2991 3641 3049; x_wconf 90' lang='lat' dir='ltr'><strong>ductus</strong></span> 
     </span>
    </p>
   </div>
   <div class='ocr_carea' id='block_1_76' title="bbox 1987 3078 3644 3153">
    <p class='ocr_par' dir='ltr' id='par_1_76' title="bbox 1987 3078 3644 3153">
     <span class='ocr_line' id='line_1_76' title="bbox 1987 3078 3644 3153; baseline -0.002 -15"><span class='ocrx_word' id='word_1_565' title='bbox 1987 3080 2255 3153; x_wconf 87' lang='lat' dir='ltr'><strong>spiritum</strong></span> <span class='ocrx_word' id='word_1_566' title='bbox 2283 3079 2538 3136; x_wconf 87' lang='lat' dir='ltr'><strong>reddidit</strong></span> <span class='ocrx_word' id='word_1_567' title='bbox 2554 3080 2661 3137; x_wconf 91' lang='lat' dir='ltr'><strong>sub</strong></span> <span class='ocrx_word' id='word_1_568' title='bbox 2682 3079 2775 3134; x_wconf 91' lang='lat' dir='ltr'><strong>die</strong></span> <span class='ocrx_word' id='word_1_569' title='bbox 2796 3078 2887 3111; x_wconf 80' lang='grc'><strong>²⁶⁹⁷</strong></span> <span class='ocrx_word' id='word_1_570' title='bbox 2910 3083 2977 3134; x_wconf 85' lang='grc'><strong>10</strong></span> <span class='ocrx_word' id='word_1_571' title='bbox 2997 3079 3118 3134; x_wconf 83' lang='lat' dir='ltr'><strong>Kal.</strong></span> <span class='ocrx_word' id='word_1_572' title='bbox 3142 3078 3281 3135; x_wconf 82' lang='lat' dir='ltr'><strong>Julii</strong></span> <span class='ocrx_word' id='word_1_573' title='bbox 3305 3094 3331 3134; x_wconf 91' lang='lat' dir='ltr'><strong>a</strong></span> <span class='ocrx_word' id='word_1_574' title='bbox 3350 3095 3462 3135; x_wconf 89' lang='lat' dir='ltr'><strong>uno</strong></span> <span class='ocrx_word' id='word_1_575' title='bbox 3486 3080 3644 3136; x_wconf 89' lang='lat' dir='ltr'><strong>Domi</strong></span> 
     </span>
    </p>
   </div>
   <div class='ocr_carea' id='block_1_77' title="bbox 1987 3165 3641 3239">
    <p class='ocr_par' dir='ltr' id='par_1_77' title="bbox 1987 3165 3641 3239">
     <span class='ocr_line' id='line_1_77' title="bbox 1987 3165 3641 3239; baseline -0.001 -13"><span class='ocrx_word' id='word_1_576' title='bbox 1987 3170 2133 3227; x_wconf 74' lang='lat' dir='ltr'><strong>uicae</strong></span> <span class='ocrx_word' id='word_1_577' title='bbox 2176 3167 2594 3226; x_wconf 89' lang='lat' dir='ltr'><strong>incarnationis</strong></span> <span class='ocrx_word' id='word_1_578' title='bbox 2634 3171 2769 3225; x_wconf 88' lang='lat'><strong>1067</strong></span> <span class='ocrx_word' id='word_1_579' title='bbox 2799 3165 2891 3199; x_wconf 80' lang='grc'><strong>²⁶⁹⁸</strong></span> <span class='ocrx_word' id='word_1_580' title='bbox 2922 3166 3090 3239; x_wconf 88' lang='grc'>(474).</span> <span class='ocrx_word' id='word_1_581' title='bbox 3140 3168 3315 3238; x_wconf 89' lang='lat' dir='ltr'><strong>Cujus</strong></span> <span class='ocrx_word' id='word_1_582' title='bbox 3360 3167 3641 3238; x_wconf 86' lang='lat' dir='ltr'><strong>exequias</strong></span> 
     </span>
    </p>
   </div>
   <div class='ocr_carea' id='block_1_78' title="bbox 1985 3255 3638 3328">
    <p class='ocr_par' dir='ltr' id='par_1_78' title="bbox 1985 3255 3638 3328">
     <span class='ocr_line' id='line_1_78' title="bbox 1985 3255 3638 3328; baseline -0.002 -14"><span class='ocrx_word' id='word_1_583' title='bbox 1985 3256 2278 3314; x_wconf 88' lang='lat' dir='ltr'><strong>Treverici</strong></span> <span class='ocrx_word' id='word_1_584' title='bbox 2321 3255 2491 3327; x_wconf 88' lang='lat' dir='ltr'><strong>digne</strong></span> <span class='ocrx_word' id='word_1_585' title='bbox 2534 3259 2941 3328; x_wconf 86' lang='lat' dir='ltr'><strong>procurantes,</strong></span> <span class='ocrx_word' id='word_1_586' title='bbox 2989 3256 3385 3328; x_wconf 89' lang='lat' dir='ltr'><strong>deposuerunt</strong></span> <span class='ocrx_word' id='word_1_587' title='bbox 3419 3270 3549 3311; x_wconf 85' lang='lat' dir='ltr'><strong>eum</strong></span> <span class='ocrx_word' id='word_1_588' title='bbox 3581 3256 3638 3311; x_wconf 91' lang='lat' dir='ltr'><strong>in</strong></span> 
     </span>
    </p>
   </div>
   <div class='ocr_carea' id='block_1_79' title="bbox 1988 3352 3637 3428">
    <p class='ocr_par' dir='ltr' id='par_1_79' title="bbox 1988 3352 3637 3428">
     <span class='ocr_line' id='line_1_79' title="bbox 1988 3352 3637 3428; baseline -0.003 -16"><span class='ocrx_word' id='word_1_589' title='bbox 1988 3360 2155 3428; x_wconf 91' lang='lat' dir='ltr'><strong>porta</strong></span> <span class='ocrx_word' id='word_1_590' title='bbox 2178 3353 2440 3411; x_wconf 90' lang='lat' dir='ltr'><strong>civitatis</strong></span> <span class='ocrx_word' id='word_1_591' title='bbox 2464 3368 2593 3423; x_wconf 72' lang='lat' dir='ltr'><strong>quae</strong></span> <span class='ocrx_word' id='word_1_592' title='bbox 2616 3356 3000 3422; x_wconf 87' lang='lat' dir='ltr'><strong>cognomento</strong></span> <span class='ocrx_word' id='word_1_593' title='bbox 3022 3352 3191 3422; x_wconf 87' lang='lat' dir='ltr'><strong>Nigra</strong></span> <span class='ocrx_word' id='word_1_594' title='bbox 3219 3352 3557 3421; x_wconf 89' lang='lat' dir='ltr'><strong>vocabatur,</strong></span> <span class='ocrx_word' id='word_1_595' title='bbox 3581 3352 3637 3407; x_wconf 93' lang='lat' dir='ltr'><strong>in</strong></span> 
     </span>
    </p>
   </div>
   <div class='ocr_carea' id='block_1_80' title="bbox 1989 3439 3637 3515">
    <p class='ocr_par' dir='ltr' id='par_1_80' title="bbox 1989 3439 3637 3515">
     <span class='ocr_line' id='line_1_80' title="bbox 1989 3439 3637 3515; baseline -0.004 -15"><span class='ocrx_word' id='word_1_596' title='bbox 1989 3457 2100 3515; x_wconf 90' lang='lat' dir='ltr'><strong>qua</strong></span> <span class='ocrx_word' id='word_1_597' title='bbox 2128 3448 2187 3500; x_wconf 90' lang='lat' dir='ltr'><strong>et</strong></span> <span class='ocrx_word' id='word_1_598' title='bbox 2216 3442 2340 3514; x_wconf 90' lang='lat' dir='ltr'><strong>ipse</strong></span> <span class='ocrx_word' id='word_1_599' title='bbox 2364 3442 2595 3499; x_wconf 91' lang='lat' dir='ltr'><strong>beatum</strong></span> <span class='ocrx_word' id='word_1_600' title='bbox 2622 3441 2982 3513; x_wconf 83' lang='lat' dir='ltr'><strong>Symeonem,</strong></span> <span class='ocrx_word' id='word_1_601' title='bbox 3012 3440 3181 3510; x_wconf 92' lang='lat' dir='ltr'><strong>cujus</strong></span> <span class='ocrx_word' id='word_1_602' title='bbox 3210 3454 3384 3512; x_wconf 89' lang='lat' dir='ltr'><strong>supra</strong></span> <span class='ocrx_word' id='word_1_603' title='bbox 3421 3439 3637 3495; x_wconf 89' lang='lat' dir='ltr'><strong>mentio</strong></span> 
     </span>
    </p>
   </div>
   <div class='ocr_carea' id='block_1_81' title="bbox 1986 3527 3638 3603">
    <p class='ocr_par' dir='ltr' id='par_1_81' title="bbox 1986 3527 3638 3603">
     <span class='ocr_line' id='line_1_81' title="bbox 1986 3527 3638 3603; baseline -0.002 -14"><span class='ocrx_word' id='word_1_604' title='bbox 1986 3531 2079 3565; x_wconf 81' lang='grc'><strong>²⁶⁹⁹</strong></span> <span class='ocrx_word' id='word_1_605' title='bbox 2107 3536 2220 3603; x_wconf 89' lang='lat' dir='ltr'><strong>est,</strong></span> <span class='ocrx_word' id='word_1_606' title='bbox 2255 3536 2431 3588; x_wconf 66' lang='lat' dir='ltr'><strong>terrae</strong></span> <span class='ocrx_word' id='word_1_607' title='bbox 2460 3530 2970 3588; x_wconf 87' lang='lat' dir='ltr'><strong>commendaverat</strong></span> <span class='ocrx_word' id='word_1_608' title='bbox 2999 3528 3121 3595; x_wconf 64' lang='lat'><strong>270~&quot;;</strong></span> <span class='ocrx_word' id='word_1_609' title='bbox 3155 3528 3248 3585; x_wconf 89' lang='lat' dir='ltr'><strong>ubi</strong></span> <span class='ocrx_word' id='word_1_610' title='bbox 3281 3543 3311 3584; x_wconf 91' lang='lat' dir='ltr'><strong>a</strong></span> <span class='ocrx_word' id='word_1_611' title='bbox 3344 3527 3638 3597; x_wconf 88' lang='lat' dir='ltr'><strong>religiosis</strong></span> 
     </span>
    </p>
   </div>
   <div class='ocr_carea' id='block_1_82' title="bbox 1990 3616 3641 3691">
    <p class='ocr_par' dir='ltr' id='par_1_82' title="bbox 1990 3616 3641 3691">
     <span class='ocr_line' id='line_1_82' title="bbox 1990 3616 3641 3691; baseline -0.004 -13"><span class='ocrx_word' id='word_1_612' title='bbox 1990 3620 2247 3691; x_wconf 88' lang='lat' dir='ltr'><strong>clericis,</strong></span> <span class='ocrx_word' id='word_1_613' title='bbox 2281 3620 2340 3677; x_wconf 90' lang='lat' dir='ltr'><strong>in</strong></span> <span class='ocrx_word' id='word_1_614' title='bbox 2369 3620 2574 3677; x_wconf 89' lang='lat' dir='ltr'><strong>eodem</strong></span> <span class='ocrx_word' id='word_1_615' title='bbox 2616 3618 2745 3676; x_wconf 91' lang='lat' dir='ltr'><strong>loco</strong></span> <span class='ocrx_word' id='word_1_616' title='bbox 2779 3620 2852 3674; x_wconf 90' lang='lat' dir='ltr'><strong>ab</strong></span> <span class='ocrx_word' id='word_1_617' title='bbox 2882 3619 3010 3690; x_wconf 90' lang='lat' dir='ltr'><strong>ipso</strong></span> <span class='ocrx_word' id='word_1_618' title='bbox 3040 3619 3113 3675; x_wconf 94' lang='lat' dir='ltr'><strong>ob</strong></span> <span class='ocrx_word' id='word_1_619' title='bbox 3142 3618 3420 3674; x_wconf 89' lang='lat' dir='ltr'><strong>honorem</strong></span> <span class='ocrx_word' id='word_1_620' title='bbox 3451 3616 3551 3673; x_wconf 89' lang='lat' dir='ltr'><strong>Dei</strong></span> <span class='ocrx_word' id='word_1_621' title='bbox 3580 3621 3641 3673; x_wconf 91' lang='lat' dir='ltr'><strong>et</strong></span> 
     </span>
    </p>
   </div>
   <div class='ocr_carea' id='block_1_83' title="bbox 1992 3705 3641 3780">
    <p class='ocr_par' dir='ltr' id='par_1_83' title="bbox 1992 3705 3641 3780">
     <span class='ocr_line' id='line_1_83' title="bbox 1992 3705 3641 3780; baseline -0.002 -14"><span class='ocrx_word' id='word_1_622' title='bbox 1992 3710 2148 3766; x_wconf 87' lang='lat' dir='ltr'><strong>beati</strong></span> <span class='ocrx_word' id='word_1_623' title='bbox 2173 3709 2333 3766; x_wconf 90' lang='lat' dir='ltr'><strong>illius</strong></span> <span class='ocrx_word' id='word_1_624' title='bbox 2352 3709 2463 3765; x_wconf 86' lang='lat' dir='ltr'><strong>viri</strong></span> <span class='ocrx_word' id='word_1_625' title='bbox 2482 3708 2826 3780; x_wconf 89' lang='lat' dir='ltr'><strong>mancipatis</strong></span> <span class='ocrx_word' id='word_1_626' title='bbox 2851 3711 3021 3779; x_wconf 81' lang='grc'>(475),</span> <span class='ocrx_word' id='word_1_627' title='bbox 3048 3722 3152 3779; x_wconf 90' lang='lat' dir='ltr'><strong>pro</strong></span> <span class='ocrx_word' id='word_1_628' title='bbox 3173 3707 3298 3776; x_wconf 88' lang='lat' dir='ltr'><strong>ejus</strong></span> <span class='ocrx_word' id='word_1_629' title='bbox 3322 3706 3522 3777; x_wconf 92' lang='lat' dir='ltr'><strong>requie</strong></span> <span class='ocrx_word' id='word_1_630' title='bbox 3546 3705 3641 3763; x_wconf 89' lang='lat' dir='ltr'><strong>die</strong></span> 
     </span>
    </p>
   </div>
   <div class='ocr_carea' id='block_1_84' title="bbox 1991 3797 3642 3870">
    <p class='ocr_par' dir='ltr' id='par_1_84' title="bbox 1991 3797 3642 3870">
     <span class='ocr_line' id='line_1_84' title="bbox 1991 3797 3642 3870; baseline -0.002 -15"><span class='ocrx_word' id='word_1_631' title='bbox 1991 3812 2057 3855; x_wconf 87' lang='lat' dir='ltr'><strong>ac</strong></span> <span class='ocrx_word' id='word_1_632' title='bbox 2088 3803 2258 3855; x_wconf 89' lang='lat' dir='ltr'><strong>nocte</strong></span> <span class='ocrx_word' id='word_1_633' title='bbox 2292 3812 2498 3870; x_wconf 90' lang='lat' dir='ltr'><strong>preces</strong></span> <span class='ocrx_word' id='word_1_634' title='bbox 2531 3797 2855 3855; x_wconf 91' lang='lat' dir='ltr'><strong>funduntur</strong></span> <span class='ocrx_word' id='word_1_635' title='bbox 2883 3798 2952 3853; x_wconf 91' lang='lat' dir='ltr'><strong>ad</strong></span> <span class='ocrx_word' id='word_1_636' title='bbox 2986 3800 3184 3866; x_wconf 91' lang='lat' dir='ltr'><strong>Deum,</strong></span> <span class='ocrx_word' id='word_1_637' title='bbox 3215 3797 3307 3853; x_wconf 93' lang='lat' dir='ltr'><strong>cui</strong></span> <span class='ocrx_word' id='word_1_638' title='bbox 3336 3802 3424 3853; x_wconf 91' lang='lat' dir='ltr'><strong>est</strong></span> <span class='ocrx_word' id='word_1_639' title='bbox 3455 3797 3642 3852; x_wconf 90' lang='lat' dir='ltr'><strong>honor</strong></span> 
     </span>
    </p>
   </div>
   <div class='ocr_carea' id='block_1_85' title="bbox 1991 3884 3639 3957">
    <p class='ocr_par' dir='ltr' id='par_1_85' title="bbox 1991 3884 3639 3957">
     <span class='ocr_line' id='line_1_85' title="bbox 1991 3884 3639 3957; baseline -0.002 -14"><span class='ocrx_word' id='word_1_640' title='bbox 1991 3890 2048 3943; x_wconf 91' lang='lat' dir='ltr'><strong>et</strong></span> <span class='ocrx_word' id='word_1_641' title='bbox 2079 3885 2264 3957; x_wconf 84' lang='lat' dir='ltr'><strong>gloria</strong></span> <span class='ocrx_word' id='word_1_642' title='bbox 2292 3886 2346 3940; x_wconf 92' lang='lat' dir='ltr'><strong>in</strong></span> <span class='ocrx_word' id='word_1_643' title='bbox 2380 3885 2577 3942; x_wconf 84' lang='lat' dir='ltr'><strong>secula</strong></span> <span class='ocrx_word' id='word_1_644' title='bbox 2630 3885 2962 3942; x_wconf 87' lang='lat' dir='ltr'><strong>seculorum</strong></span> <span class='ocrx_word' id='word_1_645' title='bbox 2992 3884 3100 3939; x_wconf 70' lang='grc' dir='ltr'><strong>ποί.</strong></span> <span class='ocrx_word' id='word_1_646' title='bbox 3137 3885 3294 3941; x_wconf 92' lang='lat' dir='ltr'><strong>Sedit</strong></span> <span class='ocrx_word' id='word_1_647' title='bbox 3345 3889 3536 3941; x_wconf 90' lang='lat' dir='ltr'><strong>autem</strong></span> <span class='ocrx_word' id='word_1_648' title='bbox 3583 3884 3639 3939; x_wconf 90' lang='lat' dir='ltr'><strong>in</strong></span> 
     </span>
    </p>
   </div>
   <div class='ocr_carea' id='block_1_86' title="bbox 1991 3974 3290 4048">
    <p class='ocr_par' dir='ltr' id='par_1_86' title="bbox 1991 3974 3290 4048">
     <span class='ocr_line' id='line_1_86' title="bbox 1991 3974 3290 4048; baseline -0.003 -15"><span class='ocrx_word' id='word_1_649' title='bbox 1991 3975 2335 4048; x_wconf 90' lang='lat' dir='ltr'><strong>episcopatu</strong></span> <span class='ocrx_word' id='word_1_650' title='bbox 2370 3989 2550 4031; x_wconf 89' lang='lat' dir='ltr'><strong>annos</strong></span> <span class='ocrx_word' id='word_1_651' title='bbox 2581 3978 2668 4045; x_wconf 87' lang='lat'><strong>30,</strong></span> <span class='ocrx_word' id='word_1_652' title='bbox 2704 3990 2932 4031; x_wconf 89' lang='lat' dir='ltr'><strong>menses</strong></span> <span class='ocrx_word' id='word_1_653' title='bbox 2964 3980 3016 4044; x_wconf 84' lang='grc'>5,</span> <span class='ocrx_word' id='word_1_654' title='bbox 3051 3974 3178 4031; x_wconf 91' lang='lat' dir='ltr'><strong>dies</strong></span> <span class='ocrx_word' id='word_1_655' title='bbox 3208 3979 3290 4030; x_wconf 92' lang='grc'><strong>10.</strong></span> 
     </span>
    </p>
   </div>
   <div class='ocr_carea' id='block_1_87' title="bbox 2061 4078 3641 4163">
    <p class='ocr_par' dir='ltr' id='par_1_87' title="bbox 2061 4078 3641 4163">
     <span class='ocr_line' id='line_1_87' title="bbox 2061 4078 3641 4163; baseline -0.003 -25"><span class='ocrx_word' id='word_1_656' title='bbox 2061 4085 2094 4138; x_wconf 90' lang='lat'>8</span> <span class='ocrx_word' id='word_1_657' title='bbox 2121 4080 2234 4137; x_wconf 79' lang='grc'>²⁷⁰².</span> <span class='ocrx_word' id='word_1_658' title='bbox 2268 4080 2368 4138; x_wconf 89' lang='lat' dir='ltr'><strong>Cui</strong></span> <span class='ocrx_word' id='word_1_659' title='bbox 2397 4080 2672 4137; x_wconf 79' lang='lat' dir='ltr'><strong>defuncto</strong></span> <span class='ocrx_word' id='word_1_660' title='bbox 2704 4080 2994 4138; x_wconf 83' lang='lat' dir='ltr'><strong>successit</strong></span> <span class='ocrx_word' id='word_1_661' title='bbox 3019 4080 3074 4135; x_wconf 92' lang='lat' dir='ltr'><strong>in</strong></span> <span class='ocrx_word' id='word_1_662' title='bbox 3099 4079 3448 4163; x_wconf 83' lang='lat' dir='ltr'><strong>sacerdotali</strong></span> <span class='ocrx_word' id='word_1_663' title='bbox 3479 4078 3641 4135; x_wconf 91' lang='lat' dir='ltr'><strong>mini-</strong></span> 
     </span>
    </p>
   </div>
   <div class='ocr_carea' id='block_1_88' title="bbox 1582 4204 2280 4265">
    <p class='ocr_par' dir='ltr' id='par_1_88' title="bbox 1582 4204 2280 4265">
     <span class='ocr_line' id='line_1_88' title="bbox 1582 4204 2280 4265; baseline -0.001 -4"><span class='ocrx_word' id='word_1_664' title='bbox 1582 4206 1819 4263; x_wconf 64' lang='lat' dir='ltr'><strong>VABIE</strong></span> <span class='ocrx_word' id='word_1_665' title='bbox 1873 4204 2256 4265; x_wconf 86' lang='lat' dir='ltr'><strong>LECTIONES</strong></span> <span class='ocrx_word' id='word_1_666' title='bbox 2268 4248 2280 4261; x_wconf 93' lang='lat'><strong>.</strong></span> 
     </span>
    </p>
   </div>
   <div class='ocr_carea' id='block_1_89' title="bbox 296 4297 913 4358">
    <p class='ocr_par' dir='ltr' id='par_1_89' title="bbox 296 4297 913 4358">
     <span class='ocr_line' id='line_1_89' title="bbox 296 4297 913 4358; baseline 0.005 -28"><span class='ocrx_word' id='word_1_667' title='bbox 296 4297 389 4332; x_wconf 69' lang='grc'>10⁸11</span> <span class='ocrx_word' id='word_1_668' title='bbox 612 4300 650 4355; x_wconf 82' lang='lat' dir='ltr'><strong>C</strong></span> <span class='ocrx_word' id='word_1_669' title='bbox 678 4305 736 4356; x_wconf 52' lang='grc' dir='ltr'><strong>δ’</strong></span> <span class='ocrx_word' id='word_1_670' title='bbox 819 4300 913 4334; x_wconf 68' lang='grc'><strong>3671</strong></span> 
     </span>
    </p>
   </div>
   <div class='ocr_carea' id='block_1_90' title="bbox 228 4368 356 4425">
    <p class='ocr_par' dir='ltr' id='par_1_90' title="bbox 228 4368 356 4425">
     <span class='ocr_line' id='line_1_90' title="bbox 228 4368 356 4425; baseline 0 -1"><span class='ocrx_word' id='word_1_671' title='bbox 228 4368 356 4425; x_wconf 85' lang='grc' dir='ltr'>Β1.</span> 
     </span>
    </p>
   </div>
   <div class='ocr_carea' id='block_1_91' title="bbox 937 4302 1468 4374">
    <p class='ocr_par' dir='ltr' id='par_1_91' title="bbox 937 4302 1468 4374">
     <span class='ocr_line' id='line_1_91' title="bbox 937 4302 1468 4374; baseline 0 -17"><span class='ocrx_word' id='word_1_672' title='bbox 937 4302 1071 4374; x_wconf 86' lang='lat' dir='ltr'><strong>post</strong></span> <span class='ocrx_word' id='word_1_673' title='bbox 1097 4303 1297 4374; x_wconf 85' lang='lat' dir='ltr'><strong>suppl.</strong></span> <span class='ocrx_word' id='word_1_674' title='bbox 1338 4304 1377 4358; x_wconf 89' lang='lat' dir='ltr'><strong>C</strong></span> <span class='ocrx_word' id='word_1_675' title='bbox 1419 4309 1468 4374; x_wconf 10' lang='lat' dir='ltr'><strong>Vt.</strong></span> 
     </span>
    </p>
   </div>
   <div class='ocr_carea' id='block_1_92' title="bbox 233 4583 1763 4712">
    <p class='ocr_par' dir='ltr' id='par_1_92' title="bbox 233 4583 1763 4712">
     <span class='ocr_line' id='line_1_92' title="bbox 233 4583 1763 4712; baseline 0.003 -75"><span class='ocrx_word' id='word_1_676' title='bbox 233 4583 334 4638; x_wconf 87' lang='lat' dir='ltr'><strong>C6.</strong></span> <span class='ocrx_word' id='word_1_677' title='bbox 415 4583 508 4617; x_wconf 71' lang='grc'><strong>³⁸⁸⁷</strong></span> <span class='ocrx_word' id='word_1_678' title='bbox 534 4586 826 4665; x_wconf 53' lang='lat' dir='ltr'><strong>tramam.</strong></span> <span class='ocrx_word' id='word_1_679' title='bbox 866 4587 1067 4712; x_wconf 45' lang='lat' dir='ltr'><strong>suam</strong></span> <span class='ocrx_word' id='word_1_680' title='bbox 1107 4587 1209 4642; x_wconf 90' lang='lat' dir='ltr'><strong>C1.</strong></span> <span class='ocrx_word' id='word_1_681' title='bbox 1289 4585 1382 4620; x_wconf 71' lang='grc'>³⁸⁸⁸</span> <span class='ocrx_word' id='word_1_682' title='bbox 1408 4600 1437 4641; x_wconf 78' lang='lat' dir='ltr'><strong>e</strong></span> <span class='ocrx_word' id='word_1_683' title='bbox 1466 4601 1624 4645; x_wconf 82' lang='lat' dir='ltr'><strong>corr.</strong></span> <span class='ocrx_word' id='word_1_684' title='bbox 1662 4589 1763 4643; x_wconf 88' lang='lat' dir='ltr'><strong>C1.</strong></span> 
     </span>
     <span class='ocr_line' id='line_1_93' title="bbox 233 4652 1763 4712; baseline 0.004 -6"><span class='ocrx_word' id='word_1_685' title='bbox 233 4652 335 4706; x_wconf 95' lang='lat' dir='ltr'><strong>Bt.</strong></span> <span class='ocrx_word' id='word_1_686' title='bbox 418 4652 509 4686; x_wconf 71' lang='grc' dir='ltr'><strong>’σοι</strong></span> <span class='ocrx_word' id='word_1_687' title='bbox 542 4656 755 4711; x_wconf 79' lang='lat' dir='ltr'><strong>ibidem</strong></span> <span class='ocrx_word' id='word_1_688' title='bbox 786 4658 883 4711; x_wconf 92' lang='lat' dir='ltr'><strong>Tr.</strong></span> <span class='ocrx_word' id='word_1_689' title='bbox 1012 4699 1023 4712; x_wconf 92' lang='lat'><strong>.</strong></span> <span class='ocrx_word' id='word_1_690' title='bbox 1066 4663 1122 4712; x_wconf 91' lang='grc'><strong>5.</strong></span> <span class='ocrx_word' id='word_1_691' title='bbox 1163 4660 1228 4712; x_wconf 91' lang='lat' dir='ltr'><strong>C.</strong></span> <span class='ocrx_word' id='word_1_692' title='bbox 1311 4657 1401 4691; x_wconf 67' lang='lat' dir='ltr'><strong>&#39;m</strong></span> <span class='ocrx_word' id='word_1_693' title='bbox 1431 4668 1629 4712; x_wconf 90' lang='lat' dir='ltr'><strong>truere</strong></span> <span class='ocrx_word' id='word_1_694' title='bbox 1664 4660 1763 4712; x_wconf 66' lang='grc' dir='ltr'><strong>ΒΞ.</strong></span> 
     </span>
    </p>
   </div>
   <div class='ocr_carea' id='block_1_93' title="bbox 232 4652 1023 4712">
    <p class='ocr_par' dir='ltr' id='par_1_93' title="bbox 232 4652 1023 4712">
     <span class='ocr_line' id='line_1_94' title="bbox 232 4652 1023 4712; baseline 0.008 -6"><span class='ocrx_word' id='word_1_695' title='bbox 232 4652 335 4706; x_wconf 92' lang='grc' dir='ltr'>Β1.</span> <span class='ocrx_word' id='word_1_696' title='bbox 418 4652 509 4686; x_wconf 71' lang='grc' dir='ltr'><strong>’σοι</strong></span> <span class='ocrx_word' id='word_1_697' title='bbox 542 4652 883 4711; x_wconf 60' lang='grc' dir='ltr'><strong>ἱδὶᾱθιῐίΤιι.</strong></span> <span class='ocrx_word' id='word_1_698' title='bbox 922 4652 1023 4712; x_wconf 64' lang='lat' dir='ltr'><strong>BL</strong></span> 
     </span>
    </p>
   </div>
   <div class='ocr_carea' id='block_1_94' title="bbox 231 4726 1088 4799">
    <p class='ocr_par' dir='ltr' id='par_1_94' title="bbox 231 4726 1088 4799">
     <span class='ocr_line' id='line_1_95' title="bbox 231 4726 1088 4799; baseline 0.004 -21"><span class='ocrx_word' id='word_1_699' title='bbox 231 4737 379 4799; x_wconf 39' lang='grc' dir='ltr'><strong>εει-8.</strong></span> <span class='ocrx_word' id='word_1_700' title='bbox 418 4726 484 4799; x_wconf 74' lang='lat' dir='ltr'><strong>tu</strong></span> <span class='ocrx_word' id='word_1_701' title='bbox 511 4739 710 4799; x_wconf 70' lang='lat' dir='ltr'><strong>marg.</strong></span> <span class='ocrx_word' id='word_1_702' title='bbox 748 4731 947 4799; x_wconf 79' lang='lat' dir='ltr'><strong>suppl.</strong></span> <span class='ocrx_word' id='word_1_703' title='bbox 977 4729 1057 4799; x_wconf 75' lang='lat' dir='ltr'><strong>Ct</strong></span> <span class='ocrx_word' id='word_1_704' title='bbox 1076 4770 1088 4781; x_wconf 95' lang='lat'><strong>.</strong></span> 
     </span>
    </p>
   </div>
   <div class='ocr_carea' id='block_1_95' title="bbox 1552 4301 2824 4361">
    <p class='ocr_par' dir='ltr' id='par_1_95' title="bbox 1552 4301 2824 4361">
     <span class='ocr_line' id='line_1_96' title="bbox 1552 4301 2824 4361; baseline 0.002 -7"><span class='ocrx_word' id='word_1_705' title='bbox 1552 4301 1643 4336; x_wconf 71' lang='grc'>³⁸⁷³</span> <span class='ocrx_word' id='word_1_706' title='bbox 1681 4302 1783 4360; x_wconf 92' lang='lat' dir='ltr'><strong>illo</strong></span> <span class='ocrx_word' id='word_1_707' title='bbox 1816 4306 1856 4361; x_wconf 92' lang='lat' dir='ltr'><strong>C</strong></span> <span class='ocrx_word' id='word_1_708' title='bbox 1883 4309 1940 4361; x_wconf 88' lang='lat'><strong>3.</strong></span> <span class='ocrx_word' id='word_1_709' title='bbox 1981 4308 2037 4360; x_wconf 87' lang='grc'><strong>4.</strong></span> <span class='ocrx_word' id='word_1_710' title='bbox 2122 4302 2213 4337; x_wconf 69' lang='grc'><strong>’⁸⁷⁸</strong></span> <span class='ocrx_word' id='word_1_711' title='bbox 2252 4318 2313 4358; x_wconf 93' lang='lat' dir='ltr'><strong>n.</strong></span> <span class='ocrx_word' id='word_1_712' title='bbox 2355 4301 2415 4356; x_wconf 89' lang='lat' dir='ltr'><strong>h.</strong></span> <span class='ocrx_word' id='word_1_713' title='bbox 2455 4301 2674 4359; x_wconf 76' lang='lat' dir='ltr'><strong>desunt</strong></span> <span class='ocrx_word' id='word_1_714' title='bbox 2704 4304 2741 4357; x_wconf 88' lang='grc' dir='ltr'><strong>Β</strong></span> <span class='ocrx_word' id='word_1_715' title='bbox 2774 4307 2824 4359; x_wconf 73' lang='grc'>2.</span> 
     </span>
    </p>
   </div>
   <div class='ocr_carea' id='block_1_96' title="bbox 1846 4586 3268 4658">
    <p class='ocr_par' dir='ltr' id='par_1_96' title="bbox 1846 4586 3268 4658">
     <span class='ocr_line' id='line_1_97' title="bbox 1846 4586 3268 4658; baseline 0.015 -39"><span class='ocrx_word' id='word_1_716' title='bbox 1846 4587 1938 4621; x_wconf 70' lang='lat' dir='ltr'><strong>sese</strong></span> <span class='ocrx_word' id='word_1_717' title='bbox 1965 4588 2226 4658; x_wconf 61' lang='lat' dir='ltr'><strong>synodus</strong></span> <span class='ocrx_word' id='word_1_718' title='bbox 2257 4601 2411 4645; x_wconf 78' lang='lat' dir='ltr'><strong>corr.</strong></span> <span class='ocrx_word' id='word_1_719' title='bbox 2443 4586 2659 4658; x_wconf 77' lang='lat' dir='ltr'><strong>synodi</strong></span> <span class='ocrx_word' id='word_1_720' title='bbox 2690 4586 2784 4658; x_wconf 90' lang='lat' dir='ltr'><strong>C1.</strong></span> <span class='ocrx_word' id='word_1_721' title='bbox 2820 4588 2875 4643; x_wconf 88' lang='lat' dir='ltr'><strong>et</strong></span> <span class='ocrx_word' id='word_1_722' title='bbox 2902 4587 2996 4642; x_wconf 76' lang='lat' dir='ltr'><strong>ita</strong></span> <span class='ocrx_word' id='word_1_723' title='bbox 3025 4586 3099 4641; x_wconf 87' lang='lat' dir='ltr'><strong>C3</strong></span> <span class='ocrx_word' id='word_1_724' title='bbox 3129 4599 3268 4657; x_wconf 88' lang='lat' dir='ltr'><strong>sqq.</strong></span> 
     </span>
    </p>
   </div>
   <div class='ocr_carea' id='block_1_97' title="bbox 1066 4657 2356 4716">
    <p class='ocr_par' dir='ltr' id='par_1_97' title="bbox 1066 4657 2356 4716">
     <span class='ocr_line' id='line_1_98' title="bbox 1066 4657 2356 4716; baseline 0 -4"><span class='ocrx_word' id='word_1_725' title='bbox 1066 4663 1122 4713; x_wconf 92' lang='grc'><strong>5.</strong></span> <span class='ocrx_word' id='word_1_726' title='bbox 1163 4660 1228 4713; x_wconf 91' lang='lat' dir='ltr'><strong>C.</strong></span> <span class='ocrx_word' id='word_1_727' title='bbox 1311 4657 1401 4691; x_wconf 64' lang='grc'><strong>⁸⁸⁸³</strong></span> <span class='ocrx_word' id='word_1_728' title='bbox 1431 4668 1629 4715; x_wconf 86' lang='lat' dir='ltr'><strong>truere</strong></span> <span class='ocrx_word' id='word_1_729' title='bbox 1664 4660 1763 4713; x_wconf 65' lang='grc' dir='ltr'><strong>ΒΞ.</strong></span> <span class='ocrx_word' id='word_1_730' title='bbox 1803 4672 1959 4716; x_wconf 75' lang='lat' dir='ltr'><strong>corr.</strong></span> <span class='ocrx_word' id='word_1_731' title='bbox 2002 4657 2221 4715; x_wconf 84' lang='lat' dir='ltr'><strong>treueri</strong></span> <span class='ocrx_word' id='word_1_732' title='bbox 2256 4660 2356 4713; x_wconf 92' lang='lat' dir='ltr'><strong>C1.</strong></span> 
     </span>
    </p>
   </div>
   <div class='ocr_carea' id='block_1_98' title="bbox 1170 4727 3091 4798">
    <p class='ocr_par' dir='ltr' id='par_1_98' title="bbox 1170 4727 3091 4798">
     <span class='ocr_line' id='line_1_99' title="bbox 1170 4727 3091 4798; baseline -0.001 -14"><span class='ocrx_word' id='word_1_733' title='bbox 1170 4727 1264 4761; x_wconf 71' lang='lat'><strong>“9‘</strong></span> <span class='ocrx_word' id='word_1_734' title='bbox 1293 4730 1515 4786; x_wconf 91' lang='lat' dir='ltr'><strong>treueri</strong></span> <span class='ocrx_word' id='word_1_735' title='bbox 1550 4729 1659 4784; x_wconf 82' lang='lat' dir='ltr'><strong>Bt?</strong></span> <span class='ocrx_word' id='word_1_736' title='bbox 1688 4731 1751 4784; x_wconf 65' lang='grc'><strong>4⁸2</strong></span> <span class='ocrx_word' id='word_1_737' title='bbox 1780 4729 2061 4786; x_wconf 90' lang='lat' dir='ltr'><strong>treuerim</strong></span> <span class='ocrx_word' id='word_1_738' title='bbox 2093 4743 2251 4786; x_wconf 73' lang='lat' dir='ltr'><strong>corr.</strong></span> <span class='ocrx_word' id='word_1_739' title='bbox 2290 4728 2511 4784; x_wconf 90' lang='lat' dir='ltr'><strong>treueri</strong></span> <span class='ocrx_word' id='word_1_740' title='bbox 2538 4729 2637 4783; x_wconf 92' lang='lat' dir='ltr'><strong>Cl.</strong></span> <span class='ocrx_word' id='word_1_741' title='bbox 2670 4728 2838 4784; x_wconf 78' lang='lat' dir='ltr'><strong>etita</strong></span> <span class='ocrx_word' id='word_1_742' title='bbox 2860 4729 2934 4783; x_wconf 83' lang='lat' dir='ltr'><strong>C3</strong></span> <span class='ocrx_word' id='word_1_743' title='bbox 2955 4741 3091 4798; x_wconf 84' lang='lat' dir='ltr'><strong>sqq.</strong></span> 
     </span>
    </p>
   </div>
   <div class='ocr_carea' id='block_1_99' title="bbox 2862 4299 3636 4373">
    <p class='ocr_par' dir='ltr' id='par_1_99' title="bbox 2862 4299 3636 4373">
     <span class='ocr_line' id='line_1_100' title="bbox 2862 4299 3636 4373; baseline -0.003 -15"><span class='ocrx_word' id='word_1_744' title='bbox 2862 4306 3027 4373; x_wconf 92' lang='lat' dir='ltr'><strong>potes</strong></span> <span class='ocrx_word' id='word_1_745' title='bbox 3059 4302 3098 4357; x_wconf 89' lang='grc' dir='ltr'><strong>Β</strong></span> <span class='ocrx_word' id='word_1_746' title='bbox 3127 4302 3192 4357; x_wconf 70' lang='grc'>42</span> <span class='ocrx_word' id='word_1_747' title='bbox 3219 4307 3278 4358; x_wconf 89' lang='grc'><strong>5.</strong></span> <span class='ocrx_word' id='word_1_748' title='bbox 3360 4299 3461 4373; x_wconf 8' lang='grc'><strong>³⁸⁷⁸7</strong></span> <span class='ocrx_word' id='word_1_749' title='bbox 3492 4300 3636 4373; x_wconf 60' lang='lat' dir='ltr'><strong>velit</strong></span> 
     </span>
    </p>
   </div>
   <div class='ocr_carea' id='block_1_100' title="bbox 311 4368 3629 4451">
    <p class='ocr_par' dir='ltr' id='par_1_100' title="bbox 311 4368 3629 4451">
     <span class='ocr_line' id='line_1_101' title="bbox 311 4368 3629 4451; baseline 0.001 -27"><span class='ocrx_word' id='word_1_750' title='bbox 311 4374 356 4451; x_wconf 73' lang='lat' dir='ltr'><strong>l.</strong></span> <span class='ocrx_word' id='word_1_751' title='bbox 438 4370 530 4404; x_wconf 75' lang='grc'><strong>³⁸⁷⁸</strong></span> <span class='ocrx_word' id='word_1_752' title='bbox 561 4368 1059 4451; x_wconf 55' lang='lat' dir='ltr'><strong>inzeoaesuutp</strong></span> <span class='ocrx_word' id='word_1_753' title='bbox 1084 4375 1139 4451; x_wconf 79' lang='grc'><strong>4.</strong></span> <span class='ocrx_word' id='word_1_754' title='bbox 1168 4368 1230 4451; x_wconf 61' lang='lat'><strong>8&#39;.</strong></span> <span class='ocrx_word' id='word_1_755' title='bbox 1262 4374 1327 4429; x_wconf 94' lang='lat' dir='ltr'><strong>C.</strong></span> <span class='ocrx_word' id='word_1_756' title='bbox 1412 4372 1580 4451; x_wconf 55' lang='grc' dir='ltr'><strong>ξ’ττρε</strong></span> <span class='ocrx_word' id='word_1_757' title='bbox 1610 4374 1748 4451; x_wconf 72' lang='lat' dir='ltr'><strong>LYI.</strong></span> <span class='ocrx_word' id='word_1_758' title='bbox 1785 4376 2032 4451; x_wconf 67' lang='lat' dir='ltr'><strong>Lei_b_u.;</strong></span> <span class='ocrx_word' id='word_1_759' title='bbox 2064 4376 2132 4446; x_wconf 90' lang='lat' dir='ltr'><strong>ll,</strong></span> <span class='ocrx_word' id='word_1_760' title='bbox 2158 4389 2212 4432; x_wconf 92' lang='lat' dir='ltr'><strong>c.</strong></span> <span class='ocrx_word' id='word_1_761' title='bbox 2244 4375 2407 4451; x_wconf 60' lang='lat' dir='ltr'><strong>igxx.</strong></span> <span class='ocrx_word' id='word_1_762' title='bbox 2441 4373 2479 4427; x_wconf 92' lang='lat' dir='ltr'><strong>C</strong></span> <span class='ocrx_word' id='word_1_763' title='bbox 2502 4379 2559 4428; x_wconf 91' lang='lat'><strong>1.</strong></span> <span class='ocrx_word' id='word_1_764' title='bbox 2599 4375 2781 4428; x_wconf 90' lang='lat' dir='ltr'><strong>6.--C</strong></span> <span class='ocrx_word' id='word_1_765' title='bbox 2814 4368 3045 4451; x_wconf 48' lang='lat' dir='ltr'><strong>1_;agtd_.</strong></span> <span class='ocrx_word' id='word_1_766' title='bbox 3080 4373 3253 4451; x_wconf 40' lang='lat' dir='ltr'><strong>rubri.</strong></span> <span class='ocrx_word' id='word_1_767' title='bbox 3279 4392 3301 4451; x_wconf 87' lang='lat'><strong>:_</strong></span> <span class='ocrx_word' id='word_1_768' title='bbox 3326 4374 3405 4451; x_wconf 86' lang='lat' dir='ltr'><strong>De</strong></span> <span class='ocrx_word' id='word_1_769' title='bbox 3453 4368 3629 4451; x_wconf 68' lang='grc' dir='ltr'>Ρρῖρ.</span> 
     </span>
    </p>
   </div>
   <div class='ocr_carea' id='block_1_101' title="bbox 230 4441 1950 4543">
    <p class='ocr_par' dir='ltr' id='par_1_101' title="bbox 230 4441 1950 4543">
     <span class='ocr_line' id='line_1_102' title="bbox 230 4441 1950 4543; baseline -0.027 -21"><span class='ocrx_word' id='word_1_770' title='bbox 230 4441 534 4543; x_wconf 53' lang='grc' dir='ltr'><strong>ξλξείδορο-</strong></span> <span class='ocrx_word' id='word_1_771' title='bbox 620 4441 712 4475; x_wconf 69' lang='grc'><strong>’⁸⁷⁸</strong></span> <span class='ocrx_word' id='word_1_772' title='bbox 746 4443 910 4500; x_wconf 82' lang='lat' dir='ltr'><strong>deest</strong></span> <span class='ocrx_word' id='word_1_773' title='bbox 940 4444 975 4497; x_wconf 86' lang='grc' dir='ltr'><strong>Β</strong></span> <span class='ocrx_word' id='word_1_774' title='bbox 1006 4448 1063 4525; x_wconf 65' lang='lat'><strong>2.</strong></span> <span class='ocrx_word' id='word_1_775' title='bbox 1106 4447 1161 4498; x_wconf 89' lang='grc'><strong>4.</strong></span> <span class='ocrx_word' id='word_1_776' title='bbox 1202 4450 1260 4499; x_wconf 93' lang='grc'><strong>5.</strong></span> <span class='ocrx_word' id='word_1_777' title='bbox 1297 4445 1429 4525; x_wconf 77' lang='lat' dir='ltr'><strong>post</strong></span> <span class='ocrx_word' id='word_1_778' title='bbox 1456 4444 1602 4501; x_wconf 86' lang='lat' dir='ltr'><strong>add.</strong></span> <span class='ocrx_word' id='word_1_779' title='bbox 1645 4446 1683 4500; x_wconf 94' lang='lat' dir='ltr'><strong>C</strong></span> <span class='ocrx_word' id='word_1_780' title='bbox 1720 4450 1773 4500; x_wconf 82' lang='lat'><strong>1,</strong></span> <span class='ocrx_word' id='word_1_781' title='bbox 1858 4446 1950 4480; x_wconf 71' lang='lat' dir='ltr'><strong>am</strong></span> 
     </span>
     <span class='ocr_line' id='line_1_103' title="bbox 355 4513 1934 4543; baseline -0.008 1"><span class='ocrx_word' id='word_1_782' title='bbox 355 4513 619 4543; x_wconf 66' lang='grc' dir='ltr'><strong>ηηηιηηιΛ</strong></span> <span class='ocrx_word' id='word_1_783' title='bbox 649 4515 685 4543; x_wconf 77' lang='grc' dir='ltr'><strong>ι)</strong></span> <span class='ocrx_word' id='word_1_784' title='bbox 710 4518 738 4543; x_wconf 72' lang='grc' dir='ltr'><strong>ιι</strong></span> <span class='ocrx_word' id='word_1_785' title='bbox 851 4514 941 4543; x_wconf 65' lang='lat' dir='ltr'><strong>seu</strong></span> <span class='ocrx_word' id='word_1_786' title='bbox 974 4521 1342 4543; x_wconf 62' lang='lat' dir='ltr'><strong>................o...</strong></span> <span class='ocrx_word' id='word_1_787' title='bbox 1370 4516 1438 4543; x_wconf 61' lang='lat' dir='ltr'><strong>na</strong></span> <span class='ocrx_word' id='word_1_788' title='bbox 1552 4514 1646 4543; x_wconf 62' lang='lat' dir='ltr'><strong>sua</strong></span> <span class='ocrx_word' id='word_1_789' title='bbox 1677 4521 1836 4543; x_wconf 58' lang='lat' dir='ltr'><strong>&quot;mm.</strong></span> <span class='ocrx_word' id='word_1_790' title='bbox 1870 4518 1934 4543; x_wconf 67' lang='grc' dir='ltr'><strong>ι),</strong></span> 
     </span>
    </p>
   </div>
   <div class='ocr_carea' id='block_1_102' title="bbox 302 4510 1970 4583">
    <p class='ocr_par' dir='ltr' id='par_1_102' title="bbox 302 4510 1970 4583">
     <span class='ocr_line' id='line_1_104' title="bbox 302 4510 1970 4583; baseline 0.004 -17"><span class='ocrx_word' id='word_1_791' title='bbox 302 4510 321 4543; x_wconf 71' lang='grc' dir='ltr'><strong><em>ι</em></strong></span> <span class='ocrx_word' id='word_1_792' title='bbox 353 4510 620 4583; x_wconf 77' lang='lat' dir='ltr'><strong>neglecto</strong></span> <span class='ocrx_word' id='word_1_793' title='bbox 647 4515 685 4569; x_wconf 88' lang='grc' dir='ltr'><strong>Β</strong></span> <span class='ocrx_word' id='word_1_794' title='bbox 708 4518 765 4569; x_wconf 90' lang='grc'><strong>5.</strong></span> <span class='ocrx_word' id='word_1_795' title='bbox 851 4514 941 4547; x_wconf 82' lang='grc'><strong>²⁶⁸²</strong></span> <span class='ocrx_word' id='word_1_796' title='bbox 972 4510 1345 4572; x_wconf 86' lang='lat' dir='ltr'><strong>circumactis</strong></span> <span class='ocrx_word' id='word_1_797' title='bbox 1367 4516 1470 4571; x_wconf 86' lang='lat' dir='ltr'><strong>Bt.</strong></span> <span class='ocrx_word' id='word_1_798' title='bbox 1552 4514 1646 4549; x_wconf 77' lang='grc'>³⁸⁸³</span> <span class='ocrx_word' id='word_1_799' title='bbox 1677 4521 1842 4573; x_wconf 91' lang='lat' dir='ltr'><strong>vocat</strong></span> <span class='ocrx_word' id='word_1_800' title='bbox 1870 4518 1970 4574; x_wconf 88' lang='grc' dir='ltr'>Β1.</span> 
     </span>
    </p>
   </div>
   <div class='ocr_carea' id='block_1_103' title="bbox 3146 4443 3624 4501">
    <p class='ocr_par' dir='ltr' id='par_1_103' title="bbox 3146 4443 3624 4501">
     <span class='ocr_line' id='line_1_105' title="bbox 3146 4443 3624 4501; baseline -0.002 -3"><span class='ocrx_word' id='word_1_801' title='bbox 3146 4443 3239 4477; x_wconf 77' lang='grc'><strong>²⁶⁶⁰</strong></span> <span class='ocrx_word' id='word_1_802' title='bbox 3276 4445 3464 4501; x_wconf 88' lang='lat' dir='ltr'><strong>fertur</strong></span> <span class='ocrx_word' id='word_1_803' title='bbox 3496 4445 3533 4497; x_wconf 77' lang='lat' dir='ltr'><strong>ll</strong></span> <span class='ocrx_word' id='word_1_804' title='bbox 3566 4449 3624 4498; x_wconf 91' lang='grc'><strong>5.</strong></span> 
     </span>
    </p>
   </div>
   <div class='ocr_carea' id='block_1_104' title="bbox 3201 4513 3638 4642">
    <p class='ocr_par' dir='ltr' id='par_1_104' title="bbox 3201 4513 3638 4642">
     <span class='ocr_line' id='line_1_106' title="bbox 3201 4513 3637 4571; baseline -0.005 0"><span class='ocrx_word' id='word_1_805' title='bbox 3201 4513 3290 4547; x_wconf 79' lang='grc'>²⁶⁸⁶</span> <span class='ocrx_word' id='word_1_806' title='bbox 3319 4520 3441 4571; x_wconf 91' lang='lat' dir='ltr'><strong>etc.</strong></span> <span class='ocrx_word' id='word_1_807' title='bbox 3475 4514 3637 4571; x_wconf 81' lang='lat' dir='ltr'><strong>deest</strong></span> 
     </span>
     <span class='ocr_line' id='line_1_107' title="bbox 3203 4584 3638 4642; baseline 0 0"><span class='ocrx_word' id='word_1_808' title='bbox 3203 4601 3268 4642; x_wconf 77' lang='grc' dir='ltr'>α.</span> <span class='ocrx_word' id='word_1_809' title='bbox 3350 4585 3442 4619; x_wconf 80' lang='grc'><strong>²⁶⁹⁰</strong></span> <span class='ocrx_word' id='word_1_810' title='bbox 3474 4584 3638 4642; x_wconf 82' lang='lat' dir='ltr'><strong>deest</strong></span> 
     </span>
    </p>
   </div>
   <div class='ocr_carea' id='block_1_105' title="bbox 2440 4655 3631 4713">
    <p class='ocr_par' dir='ltr' id='par_1_105' title="bbox 2440 4655 3631 4713">
     <span class='ocr_line' id='line_1_108' title="bbox 2440 4655 3631 4713; baseline 0.016 -5"><span class='ocrx_word' id='word_1_811' title='bbox 2440 4655 2532 4688; x_wconf 62' lang='grc' dir='ltr'><strong>ἀνδ</strong></span> <span class='ocrx_word' id='word_1_812' title='bbox 2562 4657 2851 4713; x_wconf 83' lang='lat' dir='ltr'><strong>translato</strong></span> <span class='ocrx_word' id='word_1_813' title='bbox 2887 4659 2985 4713; x_wconf 75' lang='lat' dir='ltr'><strong>Ba.</strong></span> <span class='ocrx_word' id='word_1_814' title='bbox 3020 4658 3076 4711; x_wconf 83' lang='grc'><strong>4.</strong></span> <span class='ocrx_word' id='word_1_815' title='bbox 3108 4655 3181 4711; x_wconf 68' lang='grc' dir='ltr'><strong><em>δί</em></strong></span> <span class='ocrx_word' id='word_1_816' title='bbox 3205 4655 3227 4657; x_wconf 70' lang='grc'><em>“</em></span> <span class='ocrx_word' id='word_1_817' title='bbox 3248 4656 3341 4691; x_wconf 77' lang='grc'><strong>’⁸⁸⁸</strong></span> <span class='ocrx_word' id='word_1_818' title='bbox 3370 4657 3631 4713; x_wconf 72' lang='grc' dir='ltr'><strong>οιιηνθαο</strong></span> 
     </span>
    </p>
   </div>
   <div class='ocr_carea' id='block_1_106' title="bbox 3176 4727 3636 4783">
    <p class='ocr_par' dir='ltr' id='par_1_106' title="bbox 3176 4727 3636 4783">
     <span class='ocr_line' id='line_1_109' title="bbox 3176 4727 3636 4783; baseline -0.002 -2"><span class='ocrx_word' id='word_1_819' title='bbox 3176 4728 3267 4760; x_wconf 80' lang='grc'><strong>²⁶⁹⁶</strong></span> <span class='ocrx_word' id='word_1_820' title='bbox 3301 4728 3489 4783; x_wconf 90' lang='lat' dir='ltr'><strong>facere</strong></span> <span class='ocrx_word' id='word_1_821' title='bbox 3526 4727 3636 4781; x_wconf 82' lang='lat' dir='ltr'><strong>Bt?</strong></span> 
     </span>
    </p>
   </div>
   <div class='ocr_carea' id='block_1_107' title="bbox 1990 4443 3065 4550">
    <p class='ocr_par' dir='ltr' id='par_1_107' title="bbox 1990 4443 3065 4550">
     <span class='ocr_line' id='line_1_110' title="bbox 1990 4443 3065 4503; baseline -0.006 0"><span class='ocrx_word' id='word_1_822' title='bbox 1990 4462 2049 4503; x_wconf 90' lang='lat' dir='ltr'><strong>ra</strong></span> <span class='ocrx_word' id='word_1_823' title='bbox 2099 4443 2334 4501; x_wconf 88' lang='lat' dir='ltr'><strong>arandis</strong></span> <span class='ocrx_word' id='word_1_824' title='bbox 2361 4457 2518 4502; x_wconf 77' lang='lat' dir='ltr'><strong>corr.</strong></span> <span class='ocrx_word' id='word_1_825' title='bbox 2560 4459 2621 4498; x_wconf 89' lang='lat' dir='ltr'><strong>re</strong></span> <span class='ocrx_word' id='word_1_826' title='bbox 2669 4445 2903 4500; x_wconf 90' lang='lat' dir='ltr'><strong>arandis</strong></span> <span class='ocrx_word' id='word_1_827' title='bbox 2937 4443 2974 4499; x_wconf 93' lang='lat' dir='ltr'><strong>C</strong></span> <span class='ocrx_word' id='word_1_828' title='bbox 3008 4449 3065 4498; x_wconf 93' lang='lat'><strong>1.</strong></span> 
     </span>
     <span class='ocr_line' id='line_1_111' title="bbox 2053 4460 3065 4550; baseline 0 0"><span class='ocrx_word' id='word_1_829' title='bbox 2053 4462 2145 4550; x_wconf 47' lang='grc' dir='ltr'><strong>λιι</strong></span> <span class='ocrx_word' id='word_1_830' title='bbox 2182 4516 2341 4550; x_wconf 72' lang='lat' dir='ltr'><strong>lihnic</strong></span> <span class='ocrx_word' id='word_1_831' title='bbox 2374 4518 2446 4550; x_wconf 76' lang='grc' dir='ltr'><strong>Ωκ</strong></span> <span class='ocrx_word' id='word_1_832' title='bbox 2556 4460 2986 4550; x_wconf 60' lang='grc' dir='ltr'><strong>εοεΡαιιπηιηίυςρ</strong></span> <span class='ocrx_word' id='word_1_833' title='bbox 3021 4516 3065 4550; x_wconf 58' lang='grc' dir='ltr'><strong>ιι</strong></span> 
     </span>
    </p>
   </div>
   <div class='ocr_carea' id='block_1_108' title="bbox 2179 4514 3120 4572">
    <p class='ocr_par' dir='ltr' id='par_1_108' title="bbox 2179 4514 3120 4572">
     <span class='ocr_line' id='line_1_112' title="bbox 2179 4514 3120 4572; baseline 0 -2"><span class='ocrx_word' id='word_1_834' title='bbox 2179 4516 2344 4571; x_wconf 89' lang='lat' dir='ltr'><strong>libris</strong></span> <span class='ocrx_word' id='word_1_835' title='bbox 2373 4518 2471 4570; x_wconf 86' lang='grc' dir='ltr'>Β5.</span> <span class='ocrx_word' id='word_1_836' title='bbox 2556 4514 2649 4547; x_wconf 70' lang='grc'><strong>³⁵⁸⁵</strong></span> <span class='ocrx_word' id='word_1_837' title='bbox 2676 4514 2991 4572; x_wconf 84' lang='lat' dir='ltr'><strong>suffulcivit</strong></span> <span class='ocrx_word' id='word_1_838' title='bbox 3021 4516 3120 4570; x_wconf 88' lang='grc' dir='ltr'>Β1.</span> 
     </span>
    </p>
   </div>
   <div class='ocr_carea' id='block_1_109' title="bbox 229 4791 3635 4903">
    <p class='ocr_par' dir='ltr' id='par_1_109' title="bbox 229 4791 3635 4903">
     <span class='ocr_line' id='line_1_113' title="bbox 229 4791 3635 4903; baseline 0.001 -54"><span class='ocrx_word' id='word_1_839' title='bbox 229 4791 321 4825; x_wconf 81' lang='grc'><strong>²⁸⁰⁷</strong></span> <span class='ocrx_word' id='word_1_840' title='bbox 351 4808 403 4849; x_wconf 82' lang='grc'>8.</span> <span class='ocrx_word' id='word_1_841' title='bbox 444 4795 507 4849; x_wconf 84' lang='grc'><strong>(1.</strong></span> <span class='ocrx_word' id='word_1_842' title='bbox 548 4791 766 4852; x_wconf 66' lang='lat' dir='ltr'><strong>desunt</strong></span> <span class='ocrx_word' id='word_1_843' title='bbox 788 4791 888 4853; x_wconf 55' lang='lat' dir='ltr'><strong>Bt.</strong></span> <span class='ocrx_word' id='word_1_844' title='bbox 972 4797 1064 4831; x_wconf 71' lang='grc'><strong>’⁸⁸⁸</strong></span> <span class='ocrx_word' id='word_1_845' title='bbox 1094 4799 1267 4854; x_wconf 77' lang='lat' dir='ltr'><strong>MVII.</strong></span> <span class='ocrx_word' id='word_1_846' title='bbox 1298 4802 1509 4903; x_wconf 64' lang='lat' dir='ltr'><strong>postea</strong></span> <span class='ocrx_word' id='word_1_847' title='bbox 1534 4815 1691 4857; x_wconf 80' lang='lat' dir='ltr'><strong>corr.</strong></span> <span class='ocrx_word' id='word_1_848' title='bbox 1732 4800 1998 4856; x_wconf 79' lang='lat' dir='ltr'><strong>MXLVII.</strong></span> <span class='ocrx_word' id='word_1_849' title='bbox 2037 4802 2139 4855; x_wconf 89' lang='lat' dir='ltr'><strong>Bl.</strong></span> <span class='ocrx_word' id='word_1_850' title='bbox 2182 4800 2393 4856; x_wconf 82' lang='lat' dir='ltr'><strong>LXVII.</strong></span> <span class='ocrx_word' id='word_1_851' title='bbox 2429 4812 2587 4857; x_wconf 72' lang='lat' dir='ltr'><strong>corr.</strong></span> <span class='ocrx_word' id='word_1_852' title='bbox 2625 4799 2841 4854; x_wconf 80' lang='lat' dir='ltr'><strong>XLVII.</strong></span> <span class='ocrx_word' id='word_1_853' title='bbox 2881 4791 3069 4854; x_wconf 48' lang='lat' dir='ltr'><strong>Ct.-3..</strong></span> <span class='ocrx_word' id='word_1_854' title='bbox 3102 4800 3159 4853; x_wconf 85' lang='grc'><strong>4.</strong></span> <span class='ocrx_word' id='word_1_855' title='bbox 3244 4796 3336 4830; x_wconf 80' lang='grc'><strong>²⁶⁹⁹</strong></span> <span class='ocrx_word' id='word_1_856' title='bbox 3371 4812 3449 4852; x_wconf 89' lang='lat' dir='ltr'><strong>m.</strong></span> <span class='ocrx_word' id='word_1_857' title='bbox 3483 4798 3635 4853; x_wconf 84' lang='lat' dir='ltr'><strong>facta</strong></span> 
     </span>
     <span class='ocr_line' id='line_1_114' title="bbox 235 4864 3635 4903; baseline 0 0"><span class='ocrx_word' id='word_1_858' title='bbox 235 4864 343 4903; x_wconf 76' lang='lat' dir='ltr'><strong>R1?</strong></span> <span class='ocrx_word' id='word_1_859' title='bbox 372 4866 437 4903; x_wconf 68' lang='lat'><strong>2?</strong></span> <span class='ocrx_word' id='word_1_860' title='bbox 509 4864 604 4898; x_wconf 69' lang='lat' dir='ltr'><strong>Hoc</strong></span> <span class='ocrx_word' id='word_1_861' title='bbox 628 4867 1049 4903; x_wconf 69' lang='grc' dir='ltr'><strong>ρητηηιοηδουη</strong></span> <span class='ocrx_word' id='word_1_862' title='bbox 1077 4871 1113 4903; x_wconf 73' lang='grc' dir='ltr'><strong><em>Γ</em></strong></span> <span class='ocrx_word' id='word_1_863' title='bbox 1227 4869 1295 4902; x_wconf 71' lang='grc' dir='ltr'><strong>ιτο</strong></span> <span class='ocrx_word' id='word_1_864' title='bbox 1347 4886 1372 4903; x_wconf 76' lang='grc' dir='ltr'>ι.</span> <span class='ocrx_word' id='word_1_865' title='bbox 1450 4873 1618 4903; x_wconf 62' lang='lat' dir='ltr'><strong>Aman</strong></span> <span class='ocrx_word' id='word_1_866' title='bbox 1656 4873 1732 4903; x_wconf 77' lang='lat' dir='ltr'><strong>tm</strong></span> <span class='ocrx_word' id='word_1_867' title='bbox 1840 4871 1933 4903; x_wconf 75' lang='lat' dir='ltr'><strong>nos</strong></span> <span class='ocrx_word' id='word_1_868' title='bbox 1964 4885 1993 4903; x_wconf 70' lang='grc' dir='ltr'><strong><em>Α</em></strong></span> <span class='ocrx_word' id='word_1_869' title='bbox 2050 4872 2070 4903; x_wconf 84' lang='grc'><strong>1</strong></span> <span class='ocrx_word' id='word_1_870' title='bbox 2091 4871 2186 4903; x_wconf 84' lang='lat' dir='ltr'><strong>vn</strong></span> <span class='ocrx_word' id='word_1_871' title='bbox 2258 4870 2419 4903; x_wconf 65' lang='lat'><strong>7.”...</strong></span> <span class='ocrx_word' id='word_1_872' title='bbox 2491 4870 2550 4903; x_wconf 65' lang='lat' dir='ltr'><strong>rm</strong></span> <span class='ocrx_word' id='word_1_873' title='bbox 2573 4871 2645 4903; x_wconf 72' lang='lat' dir='ltr'><strong>ra</strong></span> <span class='ocrx_word' id='word_1_874' title='bbox 2702 4869 2889 4903; x_wconf 64' lang='lat' dir='ltr'><strong><em>noman</em></strong></span> <span class='ocrx_word' id='word_1_875' title='bbox 2917 4869 3135 4903; x_wconf 65' lang='grc' dir='ltr'><strong>ῘιηᾶΙαικ</strong></span> <span class='ocrx_word' id='word_1_876' title='bbox 3163 4890 3175 4902; x_wconf 93' lang='grc'><strong>.</strong></span> <span class='ocrx_word' id='word_1_877' title='bbox 3197 4868 3269 4903; x_wconf 69' lang='grc' dir='ltr'><strong>Λα</strong></span> <span class='ocrx_word' id='word_1_878' title='bbox 3299 4868 3635 4903; x_wconf 66' lang='lat' dir='ltr'><strong>nunnhnmln</strong></span> 
     </span>
    </p>
   </div>
   <div class='ocr_carea' id='block_1_110' title="bbox 232 4864 1295 4924">
    <p class='ocr_par' dir='ltr' id='par_1_110' title="bbox 232 4864 1295 4924">
     <span class='ocr_line' id='line_1_115' title="bbox 232 4864 1295 4924; baseline 0.007 -7"><span class='ocrx_word' id='word_1_879' title='bbox 232 4864 437 4919; x_wconf 87' lang='lat' dir='ltr'><strong>Bt?3?</strong></span> <span class='ocrx_word' id='word_1_880' title='bbox 509 4864 604 4898; x_wconf 84' lang='grc'>²⁷⁰⁰</span> <span class='ocrx_word' id='word_1_881' title='bbox 628 4867 1141 4924; x_wconf 89' lang='lat' dir='ltr'><strong>commendavitC.</strong></span> <span class='ocrx_word' id='word_1_882' title='bbox 1227 4869 1295 4902; x_wconf 82' lang='grc' dir='ltr'><strong>²τ⁰</strong></span> 
     </span>
    </p>
   </div>
   <div class='ocr_carea' id='block_1_111' title="bbox 230 4935 1507 5008">
    <p class='ocr_par' dir='ltr' id='par_1_111' title="bbox 230 4935 1507 5008">
     <span class='ocr_line' id='line_1_116' title="bbox 230 4935 1507 5008; baseline 0.006 -19"><span class='ocrx_word' id='word_1_883' title='bbox 230 4935 700 5008; x_wconf 89' lang='lat' dir='ltr'><strong>archiepiscopo;</strong></span> <span class='ocrx_word' id='word_1_884' title='bbox 732 4939 799 4995; x_wconf 80' lang='lat' dir='ltr'><strong>tu</strong></span> <span class='ocrx_word' id='word_1_885' title='bbox 829 4940 897 4995; x_wconf 92' lang='lat' dir='ltr'><strong>Cl</strong></span> <span class='ocrx_word' id='word_1_886' title='bbox 918 4978 931 4992; x_wconf 95' lang='lat'><strong>.</strong></span> <span class='ocrx_word' id='word_1_887' title='bbox 969 4938 1144 4996; x_wconf 75' lang='lat' dir='ltr'><strong>nulla</strong></span> <span class='ocrx_word' id='word_1_888' title='bbox 1172 4939 1507 4999; x_wconf 69' lang='lat' dir='ltr'><strong>distiucfio.</strong></span> 
     </span>
    </p>
   </div>
   <div class='ocr_carea' id='block_1_112' title="bbox 1346 4868 3636 4940">
    <p class='ocr_par' dir='ltr' id='par_1_112' title="bbox 1346 4868 3636 4940">
     <span class='ocr_line' id='line_1_117' title="bbox 1346 4868 3636 4940; baseline -0.001 -14"><span class='ocrx_word' id='word_1_889' title='bbox 1346 4886 1401 4926; x_wconf 89' lang='lat' dir='ltr'><strong>s.</strong></span> <span class='ocrx_word' id='word_1_890' title='bbox 1441 4873 1620 4928; x_wconf 77' lang='lat' dir='ltr'><strong>Amen</strong></span> <span class='ocrx_word' id='word_1_891' title='bbox 1654 4873 1756 4927; x_wconf 82' lang='lat' dir='ltr'><strong>B2.</strong></span> <span class='ocrx_word' id='word_1_892' title='bbox 1840 4871 1933 4905; x_wconf 83' lang='grc'>²⁷⁰²</span> <span class='ocrx_word' id='word_1_893' title='bbox 1963 4885 2017 4929; x_wconf 89' lang='lat' dir='ltr'><strong>c.</strong></span> <span class='ocrx_word' id='word_1_894' title='bbox 2050 4871 2213 4926; x_wconf 87' lang='lat' dir='ltr'><strong>LVII.</strong></span> <span class='ocrx_word' id='word_1_895' title='bbox 2244 4870 2448 4928; x_wconf 80' lang='lat' dir='ltr'><strong>Lsibu.</strong></span> <span class='ocrx_word' id='word_1_896' title='bbox 2478 4870 2555 4926; x_wconf 83' lang='lat' dir='ltr'><strong>lu</strong></span> <span class='ocrx_word' id='word_1_897' title='bbox 2573 4871 2675 4925; x_wconf 89' lang='lat' dir='ltr'><strong>C3.</strong></span> <span class='ocrx_word' id='word_1_898' title='bbox 2702 4869 2893 4927; x_wconf 81' lang='lat' dir='ltr'><strong>rubra</strong></span> <span class='ocrx_word' id='word_1_899' title='bbox 2913 4869 3135 4940; x_wconf 68' lang='lat' dir='ltr'><strong>legitur</strong></span> <span class='ocrx_word' id='word_1_900' title='bbox 3156 4890 3175 4926; x_wconf 87' lang='lat'><strong>.-</strong></span> <span class='ocrx_word' id='word_1_901' title='bbox 3196 4868 3269 4926; x_wconf 90' lang='lat' dir='ltr'><strong>de</strong></span> <span class='ocrx_word' id='word_1_902' title='bbox 3298 4868 3636 4925; x_wconf 86' lang='lat' dir='ltr'><strong>Everhardo</strong></span> 
     </span>
    </p>
   </div>
   <div class='ocr_carea' id='block_1_113' title="bbox 1829 5037 2035 5095">
    <p class='ocr_par' dir='ltr' id='par_1_113' title="bbox 1829 5037 2035 5095">
     <span class='ocr_line' id='line_1_118' title="bbox 1829 5037 2035 5095; baseline -0.005 -1"><span class='ocrx_word' id='word_1_903' title='bbox 1829 5037 2035 5095; x_wconf 71' lang='grc' dir='ltr'><strong>ΝΟΤΕ</strong></span> 
     </span>
    </p>
   </div>
   <div class='ocr_carea' id='block_1_114' title="bbox 326 5157 967 5227">
    <p class='ocr_par' dir='ltr' id='par_1_114' title="bbox 326 5157 967 5227">
     <span class='ocr_line' id='line_1_119' title="bbox 326 5157 967 5227; baseline 0 -14"><span class='ocrx_word' id='word_1_904' title='bbox 326 5160 451 5227; x_wconf 91' lang='grc'>470)</span> <span class='ocrx_word' id='word_1_905' title='bbox 484 5157 548 5210; x_wconf 91' lang='lat' dir='ltr'><strong>V.</strong></span> <span class='ocrx_word' id='word_1_906' title='bbox 583 5168 763 5227; x_wconf 85' lang='lat' dir='ltr'><strong>supra</strong></span> <span class='ocrx_word' id='word_1_907' title='bbox 792 5171 842 5211; x_wconf 92' lang='lat' dir='ltr'><strong>c.</strong></span> <span class='ocrx_word' id='word_1_908' title='bbox 873 5160 967 5227; x_wconf 84' lang='grc'><strong>19.</strong></span> 
     </span>
    </p>
   </div>
   <div class='ocr_carea' id='block_1_115' title="bbox 325 5225 1874 5311">
    <p class='ocr_par' dir='ltr' id='par_1_115' title="bbox 325 5225 1874 5311">
     <span class='ocr_line' id='line_1_120' title="bbox 325 5225 1874 5311; baseline 0.005 -29"><span class='ocrx_word' id='word_1_909' title='bbox 325 5225 451 5311; x_wconf 68' lang='grc'>471)</span> <span class='ocrx_word' id='word_1_910' title='bbox 485 5227 566 5311; x_wconf 69' lang='grc' dir='ltr'><strong>ρι’.</strong></span> <span class='ocrx_word' id='word_1_911' title='bbox 606 5225 684 5311; x_wconf 70' lang='lat' dir='ltr'><strong>de</strong></span> <span class='ocrx_word' id='word_1_912' title='bbox 721 5226 831 5311; x_wconf 73' lang='lat' dir='ltr'><strong>hoc</strong></span> <span class='ocrx_word' id='word_1_913' title='bbox 860 5225 999 5311; x_wconf 59' lang='lat' dir='ltr'><strong>loco</strong></span> <span class='ocrx_word' id='word_1_914' title='bbox 1038 5227 1396 5311; x_wconf 58' lang='lat' dir='ltr'><strong>Steininger,</strong></span> <span class='ocrx_word' id='word_1_915' title='bbox 1426 5231 1874 5311; x_wconf 64' lang='lat' dir='ltr'><strong>Demerkungen</strong></span> 
     </span>
    </p>
   </div>
   <div class='ocr_carea' id='block_1_116' title="bbox 232 5296 1766 5374">
    <p class='ocr_par' dir='ltr' id='par_1_116' title="bbox 232 5296 1766 5374">
     <span class='ocr_line' id='line_1_121' title="bbox 232 5296 1766 5374; baseline 0.004 -22"><span class='ocrx_word' id='word_1_916' title='bbox 232 5296 706 5374; x_wconf 56' lang='lat' dir='ltr'><strong>zqueschichte</strong></span> <span class='ocrx_word' id='word_1_917' title='bbox 733 5298 836 5356; x_wconf 89' lang='lat' dir='ltr'><strong>des</strong></span> <span class='ocrx_word' id='word_1_918' title='bbox 860 5299 1066 5357; x_wconf 89' lang='lat' dir='ltr'><strong>Domes</strong></span> <span class='ocrx_word' id='word_1_919' title='bbox 1091 5316 1163 5357; x_wconf 90' lang='lat' dir='ltr'><strong>zu</strong></span> <span class='ocrx_word' id='word_1_920' title='bbox 1192 5296 1531 5358; x_wconf 78' lang='lat' dir='ltr'><strong>Trier1839.</strong></span> <span class='ocrx_word' id='word_1_921' title='bbox 1556 5305 1608 5359; x_wconf 88' lang='grc'><strong>4.</strong></span> <span class='ocrx_word' id='word_1_922' title='bbox 1634 5317 1690 5374; x_wconf 94' lang='lat' dir='ltr'><strong>p.</strong></span> <span class='ocrx_word' id='word_1_923' title='bbox 1718 5306 1766 5358; x_wconf 90' lang='lat'><strong>1.</strong></span> 
     </span>
    </p>
   </div>
   <div class='ocr_carea' id='block_1_117' title="bbox 305 5366 712 5507">
    <p class='ocr_par' dir='ltr' id='par_1_117' title="bbox 305 5366 712 5507">
     <span class='ocr_line' id='line_1_122' title="bbox 305 5366 712 5507; baseline 0.002 -84"><span class='ocrx_word' id='word_1_924' title='bbox 305 5366 453 5507; x_wconf 49' lang='lat'><strong>$472)</strong></span> <span class='ocrx_word' id='word_1_925' title='bbox 482 5367 712 5425; x_wconf 88' lang='lat' dir='ltr'><strong>Pfeiler.</strong></span> 
     </span>
     <span class='ocr_line' id='line_1_123' title="bbox 330 5441 712 5507; baseline -0.008 -12"><span class='ocrx_word' id='word_1_926' title='bbox 330 5442 455 5507; x_wconf 72' lang='grc'>473)</span> <span class='ocrx_word' id='word_1_927' title='bbox 488 5441 566 5495; x_wconf 91' lang='lat' dir='ltr'><strong>De</strong></span> <span class='ocrx_word' id='word_1_928' title='bbox 597 5453 712 5507; x_wconf 70' lang='grc' dir='ltr'><strong>εγω</strong></span> 
     </span>
    </p>
   </div>
   <div class='ocr_carea' id='block_1_118' title="bbox 330 5441 1878 5516">
    <p class='ocr_par' dir='ltr' id='par_1_118' title="bbox 330 5441 1878 5516">
     <span class='ocr_line' id='line_1_124' title="bbox 330 5441 1878 5516; baseline 0.003 -21"><span class='ocrx_word' id='word_1_929' title='bbox 330 5442 455 5516; x_wconf 83' lang='grc'>473)</span> <span class='ocrx_word' id='word_1_930' title='bbox 488 5441 566 5516; x_wconf 82' lang='lat' dir='ltr'><strong>De</strong></span> <span class='ocrx_word' id='word_1_931' title='bbox 597 5441 820 5511; x_wconf 84' lang='lat' dir='ltr'><strong>synodo</strong></span> <span class='ocrx_word' id='word_1_932' title='bbox 850 5442 1106 5516; x_wconf 84' lang='lat' dir='ltr'><strong>quadam</strong></span> <span class='ocrx_word' id='word_1_933' title='bbox 1127 5457 1157 5499; x_wconf 88' lang='lat' dir='ltr'><strong>a</strong></span> <span class='ocrx_word' id='word_1_934' title='bbox 1185 5443 1472 5516; x_wconf 81' lang='lat' dir='ltr'><strong>Poppone</strong></span> <span class='ocrx_word' id='word_1_935' title='bbox 1488 5456 1684 5500; x_wconf 90' lang='lat' dir='ltr'><strong>mense</strong></span> <span class='ocrx_word' id='word_1_936' title='bbox 1708 5443 1878 5516; x_wconf 71' lang='lat' dir='ltr'><strong>Iunio</strong></span> 
     </span>
    </p>
   </div>
   <div class='ocr_carea' id='block_1_119' title="bbox 236 5510 1869 5587">
    <p class='ocr_par' dir='ltr' id='par_1_119' title="bbox 236 5510 1869 5587">
     <span class='ocr_line' id='line_1_125' title="bbox 236 5510 1869 5587; baseline 0 -18"><span class='ocrx_word' id='word_1_937' title='bbox 236 5515 373 5569; x_wconf 87' lang='lat'><strong>1036</strong></span> <span class='ocrx_word' id='word_1_938' title='bbox 419 5510 715 5568; x_wconf 85' lang='lat' dir='ltr'><strong>celebrata</strong></span> <span class='ocrx_word' id='word_1_939' title='bbox 763 5529 817 5570; x_wconf 89' lang='lat' dir='ltr'><strong>v.</strong></span> <span class='ocrx_word' id='word_1_940' title='bbox 863 5510 1167 5571; x_wconf 82' lang='lat' dir='ltr'><strong>Hontheim</strong></span> <span class='ocrx_word' id='word_1_941' title='bbox 1217 5510 1419 5571; x_wconf 77' lang='lat' dir='ltr'><strong>Prodr.</strong></span> <span class='ocrx_word' id='word_1_942' title='bbox 1456 5515 1497 5587; x_wconf 89' lang='lat' dir='ltr'><strong>l,</strong></span> <span class='ocrx_word' id='word_1_943' title='bbox 1532 5530 1584 5587; x_wconf 93' lang='lat' dir='ltr'><strong>p.</strong></span> <span class='ocrx_word' id='word_1_944' title='bbox 1622 5516 1741 5571; x_wconf 90' lang='lat'><strong>318.</strong></span> <span class='ocrx_word' id='word_1_945' title='bbox 1779 5514 1869 5571; x_wconf 90' lang='lat' dir='ltr'><strong>Cf.</strong></span> 
     </span>
    </p>
   </div>
   <div class='ocr_carea' id='block_1_120' title="bbox 1988 5162 2899 5241">
    <p class='ocr_par' dir='ltr' id='par_1_120' title="bbox 1988 5162 2899 5241">
     <span class='ocr_line' id='line_1_126' title="bbox 1988 5162 2899 5241; baseline 0 0"><span class='ocrx_word' id='word_1_946' title='bbox 1988 5162 2320 5241; x_wconf 52' lang='lat' dir='ltr'><strong>Brevem.</strong></span> <span class='ocrx_word' id='word_1_947' title='bbox 2356 5177 2411 5235; x_wconf 75' lang='grc' dir='ltr'><strong>ρο</strong></span> <span class='ocrx_word' id='word_1_948' title='bbox 2446 5164 2578 5241; x_wconf 64' lang='grc'>⁸18-</span> <span class='ocrx_word' id='word_1_949' title='bbox 2794 5230 2806 5241; x_wconf 94' lang='lat'><strong>.</strong></span> <span class='ocrx_word' id='word_1_950' title='bbox 2888 5230 2899 5241; x_wconf 95' lang='lat'><strong>.</strong></span> 
     </span>
    </p>
   </div>
   <div class='ocr_carea' id='block_1_121' title="bbox 2059 5232 3492 5373">
    <p class='ocr_par' dir='ltr' id='par_1_121' title="bbox 2059 5232 3492 5373">
     <span class='ocr_line' id='line_1_127' title="bbox 2059 5232 3492 5373; baseline -0.002 -84"><span class='ocrx_word' id='word_1_951' title='bbox 2059 5232 2210 5373; x_wconf 44' lang='lat'><strong>$476;</strong></span> <span class='ocrx_word' id='word_1_952' title='bbox 2240 5233 2326 5289; x_wconf 90' lang='lat' dir='ltr'><strong>Ita</strong></span> <span class='ocrx_word' id='word_1_953' title='bbox 2357 5232 2658 5290; x_wconf 76' lang='lat' dir='ltr'><strong>auctorem</strong></span> <span class='ocrx_word' id='word_1_954' title='bbox 2691 5232 3000 5312; x_wconf 77' lang='lat' dir='ltr'><strong>scripsisse</strong></span> <span class='ocrx_word' id='word_1_955' title='bbox 3024 5234 3165 5302; x_wconf 92' lang='lat' dir='ltr'><strong>puto</strong></span> <span class='ocrx_word' id='word_1_956' title='bbox 3197 5244 3304 5302; x_wconf 91' lang='lat' dir='ltr'><strong>pro</strong></span> <span class='ocrx_word' id='word_1_957' title='bbox 3336 5232 3492 5288; x_wconf 87' lang='grc'>1047.</span> 
     </span>
     <span class='ocr_line' id='line_1_128' title="bbox 2085 5301 3492 5373; baseline -0.001 -13"><span class='ocrx_word' id='word_1_958' title='bbox 2085 5306 2187 5362; x_wconf 85' lang='grc'><strong>475</strong></span> <span class='ocrx_word' id='word_1_959' title='bbox 2244 5302 2367 5368; x_wconf 89' lang='lat' dir='ltr'><strong>Qua</strong></span> <span class='ocrx_word' id='word_1_960' title='bbox 2398 5302 2468 5359; x_wconf 91' lang='lat' dir='ltr'><strong>de</strong></span> <span class='ocrx_word' id='word_1_961' title='bbox 2498 5316 2563 5373; x_wconf 88' lang='lat' dir='ltr'><strong>re</strong></span> <span class='ocrx_word' id='word_1_962' title='bbox 2594 5318 2648 5358; x_wconf 92' lang='lat' dir='ltr'><strong>v.</strong></span> <span class='ocrx_word' id='word_1_963' title='bbox 2682 5303 2979 5373; x_wconf 79' lang='lat' dir='ltr'><strong>Popponts</strong></span> <span class='ocrx_word' id='word_1_964' title='bbox 3012 5301 3271 5358; x_wconf 87' lang='lat' dir='ltr'><strong>chartam</strong></span> <span class='ocrx_word' id='word_1_965' title='bbox 3295 5317 3347 5359; x_wconf 91' lang='lat' dir='ltr'><strong>a.</strong></span> <span class='ocrx_word' id='word_1_966' title='bbox 3374 5304 3492 5359; x_wconf 76' lang='grc' dir='ltr'>104Ξ</span> 
     </span>
    </p>
   </div>
   <div class='ocr_carea' id='block_1_122' title="bbox 2085 5300 3641 5428">
    <p class='ocr_par' dir='ltr' id='par_1_122' title="bbox 2085 5300 3641 5428">
     <span class='ocr_line' id='line_1_129' title="bbox 2085 5300 3641 5428; baseline 0 -68"><span class='ocrx_word' id='word_1_967' title='bbox 2085 5300 2210 5373; x_wconf 84' lang='grc'>475)</span> <span class='ocrx_word' id='word_1_968' title='bbox 2244 5302 2367 5368; x_wconf 89' lang='lat' dir='ltr'><strong>Qua</strong></span> <span class='ocrx_word' id='word_1_969' title='bbox 2398 5302 2468 5359; x_wconf 91' lang='lat' dir='ltr'><strong>de</strong></span> <span class='ocrx_word' id='word_1_970' title='bbox 2498 5316 2563 5383; x_wconf 78' lang='lat' dir='ltr'><strong>re</strong></span> <span class='ocrx_word' id='word_1_971' title='bbox 2594 5318 2648 5358; x_wconf 92' lang='lat' dir='ltr'><strong>v.</strong></span> <span class='ocrx_word' id='word_1_972' title='bbox 2668 5300 2979 5428; x_wconf 39' lang='lat' dir='ltr'><strong>&#39;PopPonis</strong></span> <span class='ocrx_word' id='word_1_973' title='bbox 3012 5300 3271 5358; x_wconf 79' lang='lat' dir='ltr'><strong>chartam</strong></span> <span class='ocrx_word' id='word_1_974' title='bbox 3295 5317 3347 5359; x_wconf 91' lang='lat' dir='ltr'><strong>a.</strong></span> <span class='ocrx_word' id='word_1_975' title='bbox 3374 5304 3514 5359; x_wconf 82' lang='grc'>1042</span> <span class='ocrx_word' id='word_1_976' title='bbox 3544 5300 3641 5360; x_wconf 87' lang='lat' dir='ltr'><strong>da-</strong></span> 
     </span>
     <span class='ocr_line' id='line_1_130' title="bbox 2085 5372 3641 5428; baseline 0 0"><span class='ocrx_word' id='word_1_977' title='bbox 2085 5389 2104 5428; x_wconf 75' lang='lat' dir='ltr'><strong>n</strong></span> <span class='ocrx_word' id='word_1_978' title='bbox 2138 5388 2229 5428; x_wconf 87' lang='lat' dir='ltr'><strong>an.</strong></span> <span class='ocrx_word' id='word_1_979' title='bbox 2264 5373 2571 5428; x_wconf 77' lang='lat' dir='ltr'><strong>Hontbetm</strong></span> <span class='ocrx_word' id='word_1_980' title='bbox 2614 5374 2760 5428; x_wconf 79' lang='lat' dir='ltr'><strong>Hist.</strong></span> <span class='ocrx_word' id='word_1_981' title='bbox 2828 5414 2845 5428; x_wconf 92' lang='lat'><strong>.</strong></span> <span class='ocrx_word' id='word_1_982' title='bbox 2889 5388 2945 5428; x_wconf 83' lang='grc' dir='ltr'>ι).</span> <span class='ocrx_word' id='word_1_983' title='bbox 2980 5377 3083 5428; x_wconf 81' lang='grc'>379</span> <span class='ocrx_word' id='word_1_984' title='bbox 3117 5391 3129 5427; x_wconf 90' lang='lat'><strong>:</strong></span> <span class='ocrx_word' id='word_1_985' title='bbox 3160 5372 3239 5428; x_wconf 82' lang='lat' dir='ltr'><strong>Iu</strong></span> <span class='ocrx_word' id='word_1_986' title='bbox 3284 5375 3459 5428; x_wconf 75' lang='lat' dir='ltr'><strong>porta</strong></span> <span class='ocrx_word' id='word_1_987' title='bbox 3509 5386 3641 5428; x_wconf 75' lang='lat' dir='ltr'><strong>qua</strong></span> 
     </span>
    </p>
   </div>
   <div class='ocr_carea' id='block_1_123' title="bbox 1989 5372 3644 5458">
    <p class='ocr_par' dir='ltr' id='par_1_123' title="bbox 1989 5372 3644 5458">
     <span class='ocr_line' id='line_1_131' title="bbox 1989 5372 3644 5458; baseline 0 0"><span class='ocrx_word' id='word_1_988' title='bbox 1989 5372 2104 5458; x_wconf 62' lang='lat' dir='ltr'><strong>tam</strong></span> <span class='ocrx_word' id='word_1_989' title='bbox 2136 5372 2229 5458; x_wconf 60' lang='grc' dir='ltr'><strong>θρα</strong></span> <span class='ocrx_word' id='word_1_990' title='bbox 2264 5372 2571 5458; x_wconf 52' lang='lat' dir='ltr'><strong>Ilertes?</strong></span> <span class='ocrx_word' id='word_1_991' title='bbox 2613 5372 3083 5458; x_wconf 36' lang='lat' dir='ltr'><strong>Hist-71293379</strong></span> <span class='ocrx_word' id='word_1_992' title='bbox 3117 5391 3129 5427; x_wconf 85' lang='lat'><em>=</em></span> <span class='ocrx_word' id='word_1_993' title='bbox 3160 5372 3239 5430; x_wconf 75' lang='grc' dir='ltr'><strong>Ιπ</strong></span> <span class='ocrx_word' id='word_1_994' title='bbox 3273 5375 3459 5458; x_wconf 64' lang='lat' dir='ltr'><strong>rem</strong></span> <span class='ocrx_word' id='word_1_995' title='bbox 3509 5386 3644 5458; x_wconf 69' lang='grc' dir='ltr'><strong>ατέσ</strong></span> 
     </span>
    </p>
   </div>
   <div class='ocr_carea' id='block_1_124' title="bbox 1986 5443 3699 5590">
    <p class='ocr_par' dir='ltr' id='par_1_124' title="bbox 1986 5443 3699 5590">
     <span class='ocr_line' id='line_1_132' title="bbox 1986 5443 3699 5590; baseline -0.005 -19"><span class='ocrx_word' id='word_1_996' title='bbox 3467 5445 3648 5579; x_wconf 64' lang='lat' dir='ltr'><strong>eis:</strong></span> <span class='ocrx_word' id='word_1_997' title='bbox 3694 5520 3699 5524; x_wconf 67' lang='grc' dir='ltr'><em>ς</em></span> 
     </span>
    </p>
   </div>
  </div>
