3952 6056
359 194 512 272 1215

1257 207 1526 274 GESTA
1569 207 2161 276 TREVERORUM.
2194 243 2275 256 -
2302 207 2858 275 CONTINUATIO

3619 211 3780 276 1216

346 359 455 410 nec
471 344 564 383 ⁸⁴⁷ί
581 347 830 424 propria
851 347 1154 408 voluntate
1192 350 1431 409 credere
1465 365 1571 409 nec
1596 350 1998 424 penitentiam
2030 352 2084 413 A
2112 351 2280 410 modo
2287 366 2624 426 praes-urnas
2643 353 2911 423 accipere
2923 350 3011 416 :si
3031 365 3168 410 vero
3189 365 3310 410 non
3327 352 3421 412 ita
3439 351 3549 412 sed
3567 351 3781 411 cauo-

339 451 453 510 pro
484 438 740 510 peccato,
772 439 932 510 quod
958 440 1344 510 originaliter
1375 441 1642 511 trahunt,
1674 453 1849 512 agere
1866 453 2002 511 pos-

348 527 508 595 sunt,
524 527 1120 600 sacramentum/Mei
1133 528 1191 583 et
1187 529 1720 600 penitentiaguod
1730 528 2001 586 sanctam

339 614 543 676 .est'm
566 616 882 688 baptisma,
901 617 1197 688 quamdiu
1219 617 1482 675 rationis
1513 632 1712 674 eorum
1737 617 1880 675 (etas
1907 631 1992 675 ca-

341 719 478 778 pas:
489 720 608 764 esse
617 720 734 762 non
734 705 948 776 potest,
965 705 1604 776 suﬂcereadsalutem.
1624 729 1648 754 ιο
1669 707 1726 761 In
1743 705 1834 739 “7’
1846 720 1910 761 ca
1921 705 2002 777 pi-

357 792 480 850 tulo
494 794 756 866 epistolae
770 798 855 849 27.
877 793 974 849 [Iis
999 799 1172 863 atque
1195 793 1325 850 aliis
1350 795 1748 863 hujuscemodi
1765 795 1854 829 ³⁸⁷⁸
1869 796 2002 852 scri-

359 885 546 954 pturae
569 896 750 938 sacrae
775 881 1133 952 eulogiisi‘"
1162 883 1216 938 in
1252 883 1500 940 medium
1536 883 1800 956 prolatis,
1845 899 2002 940 cum-

357 984 469 1041 que
502 968 595 1004 3""
625 972 697 1026 ab
727 972 1060 1027 astantibus
1102 971 1372 1028 fidelibus
1421 987 1572 1030 nunc
1623 971 1999 1041 singulariter

355 1072 505 1115 nunc
533 1059 916 1116 communiter
948 1061 1285 1132 increpatus
1313 1066 1486 1130 atque
1519 1061 1587 1117 ad
1620 1061 1998 1117 christianam

357 1147 663 1210 veritatem
691 1146 783 1182 “7"
805 1149 1084 1206 incitatus
1115 1149 1298 1206 nollet
1316 1151 1672 1222 aquiescere,
1695 1151 1795 1206 sed
1818 1150 2000 1220 magis

359 1234 415 1292 in
453 1235 798 1294 inﬁdelitate
832 1237 1150 1307 delegisset
1174 1238 1266 1272 ³⁴⁷⁸
1287 1239 1581 1304 obstinata
1604 1243 1794 1295 mente
1819 1239 2004 1310 persi-

357 1329 539 1395 stere,
558 1325 992 1384 acclamabatur
1011 1326 1104 1361 ³⁴⁷⁹
1126 1329 1196 1382 ab
1221 1328 1490 1384 omnibus
1511 1327 1814 1384 dominica:
1837 1328 2003 1384 vocis

357 1415 678 1471 sententia:
702 1417 992 1479 Quoniam
1013 1416 1319 1473 ecclesiam
1339 1429 1454 1473 non
1475 1417 1668 1486 audit,
1687 1417 1774 1474 sit
1795 1416 1906 1474 tibi
1925 1417 2006 1473 si-

361 1503 462 1559 cut
479 1501 750 1561 ethnicus
777 1504 837 1560 et
848 1503 1232 1576 publicamus
1264 1503 1505 1572 (Matth.
1531 1518 1691 1573 xvm,
1717 1509 1830 1572 t7),
1853 1503 2008 1573 adje-

293 1649 300 1656 ,
357 1596 682 1663 ceruntque
700 1611 712 1646 :
730 1590 938 1650 Gradu
951 1594 1446 1663 moceaturatque
1463 1592 2005 1664 dampnetur.Quod

2117 442 2561 514 liceproﬂteris,
2579 443 2780 512 accipe
2793 463 2811 498 .-
2825 445 2883 496 et
2897 441 3365 513 aceepit.Verum
3377 447 3622 514 ptamen
3637 455 3779 513 qua-

2114 529 2250 586 liter
2281 530 2433 586 idem
2465 529 2886 602 redemptionis
2915 545 3124 587 munus
3164 529 3235 587 ad
3288 529 3771 602 dampnationem

2113 619 2199 676 sui
2227 619 2280 675 in
2315 635 2382 676 os
2401 619 2527 688 ejus
2557 619 2885 688 intraverit,
2913 619 3137 674 referre
3178 632 3618 690 supervacuum
3665 633 3774 674 non

2111 707 2204 742 ³⁴⁰⁸
2221 708 2496 778 judicavi.
2517 709 2654 765 Cum
2667 708 2818 764 enim
2833 712 2995 765 esset
3018 707 3073 763 in
3095 707 3549 765 examinationis
3575 709 3777 765 anxie-

2109 800 2233 853 tate
2265 797 2645 867 constitutus,
2667 795 3054 867 omnipotenti
3079 797 3194 852 Deo
3215 794 3288 851 de
3310 795 3586 853 admissis
3619 795 3778 869 peni-

2111 885 2376 956 tentiam,
2403 885 2476 942 de
2507 884 2725 942 futuris
2744 884 3071 940 custodiam
3096 883 3404 956 pollicens,
3431 884 3623 941 corde
3645 899 3780 940 con-

2113 974 2254 1030 trito
2286 973 2662 1046 supplicavit,
2683 977 2738 1029 et
2766 971 3025 1030 obtinuit
3053 973 3126 1028 ab
3150 972 3392 1028 instanti
3417 973 3775 1030 confusione

2112 1060 2368 1120 liberari.
2404 1061 2542 1118 Inde
2571 1077 2708 1118 vero
2738 1060 2831 1095 "9’
2865 1061 2959 1118 ubi
3003 1061 3058 1116 in
3103 1074 3206 1117 sua
3257 1059 3452 1128 rediit,
3490 1059 3766 1132 pollicita

2114 1152 2319 1209 fallere
2351 1166 2462 1208 non
2494 1151 2750 1223 expavit,
2785 1153 2844 1205 et
2883 1149 3211 1207 abdicatam
3257 1149 3512 1206 heresim
3554 1149 3766 1220 majori

2115 1256 2284 1312 quam
2309 1243 2477 1296 antea
2495 1239 2820 1311 pertinacia
2837 1239 3158 1307 roboravit,
3177 1253 3287 1294 non
3303 1236 3578 1296 recolens
3595 1237 3772 1309 quod,

2114 1345 2244 1386 cum
2275 1327 2369 1362 ποθ
2398 1331 2477 1384 sit
2508 1329 2661 1385 Deus
2685 1329 2864 1399 judex
2890 1327 3088 1398 justus
3105 1324 3197 1360 ³⁵⁰¹
3221 1327 3390 1384 fortis
3411 1331 3470 1383 et
3505 1327 3773 1399 paciens,

2120 1422 2283 1475 tanto
2297 1416 2760 1488 delinquentium
2775 1416 2980 1488 culpas
2995 1415 3777 1487 d1strictiusjudieat,quan-

2119 1511 2180 1562 to
2205 1506 2609 1578 .equanimiter
2635 1504 2728 1538 ³⁸⁰¹
2761 1509 2976 1578 portat.
3011 1505 3269 1574 Contigit
3299 1519 3464 1574 ergo,
3492 1508 3556 1560 ut
3587 1504 3666 1561 de
3697 1505 3778 1559 vi-

2120 1599 2212 1653 cio
2243 1598 2297 1652 in
2331 1597 2540 1652 vieium
2591 1601 2919 1666 corrueret,
2957 1595 3112 1652 sicut
3153 1593 3436 1665 scriptum
3479 1600 3576 1649 est
3608 1613 3623 1648 :
3665 1593 3779 1660 Qui

360 1687 424 1738 ut
477 1683 642 1737 ﬁeret
677 1683 944 1738 omnibus
973 1683 1388 1739 accurantibus
1429 1681 1541 1752 “3°,
1569 1681 1666 1738 ille
1713 1686 1881 1736 nacta
1925 1682 2008 1737 fu-
2035 1708 2090 1770 Β
2121 1686 2400 1744 sordidus
2429 1682 2521 1717 ⁸⁶⁰³
2549 1683 2656 1754 est,
2678 1683 2982 1741 sordescat
3019 1683 3218 1740 adhuc
3248 1685 3445 1754 (Apoc.
3481 1697 3627 1738 nn.
3667 1684 3774 1752 11),

360 1770 554 1838 giendi
601 1771 1004 1842 oportunitate
1043 1770 1283 1826 seinter
1305 1770 2010 1840 astantessubduxit,sic-

361 1872 472 1928 que
504 1859 970 1916 evasit.Proinde
993 1874 1122 1915 cum
1146 1859 1468 1930 requisitas
1493 1875 1604 1914 non
1629 1862 1785 1914 esset
1812 1858 2010 1915 inven-

366 1946 591 2017 tusm‘,
613 1949 780 2019 juxta
813 1963 1098 2005 canonum
1132 1949 1483 2017 sanctiones,
1509 1949 1616 2020 qui
1646 1949 1913 2005 noluerit
1931 1947 2014 2004 ad

364 2035 742 2094 audientiam
787 2039 993 2095 uenire
1028 2039 1290 2108 vocatus,
1333 2037 1536 2094 eadem
1591 2039 1884 2110 paciat-ur
1920 2035 2012 2070 ³⁴⁸²

363 2132 598 2203 absens,
625 2138 688 2190 ut
721 2133 980 2189 breviter
1005 2133 1510 2204 comprehendam.
1535 2133 1882 2204 dampnatus
1900 2136 2008 2189 est.

372 2221 692 2292 lnquisitus
724 2227 916 2278 autem
951 2226 1008 2278 et
1041 2221 1132 2255 ³⁸⁸⁸
1163 2221 1332 2293 alter,
1369 2221 1465 2277 ille
1496 2221 1775 2278 videlicet
1808 2221 1904 2292 qui
1939 2222 2013 2278 ob

373 2309 544 2380 hujus
571 2310 856 2380 nequicia:
881 2311 1169 2366 infamiam
1193 2311 1648 2367 obumbrandam
1674 2311 1900 2367 duobus
1922 2325 2016 2366 vo-

369 2399 619 2455 cabatur
653 2399 1004 2469 nominibus,
1031 2383 1098 2456 an
1133 2404 1193 2455 et
1225 2400 1349 2471 ipse
1384 2399 1703 2470 praelibatze
1732 2398 1821 2432 ³⁴⁸⁶
1853 2399 2017 2454 here-

369 2489 451 2545 sis
482 2493 745 2545 assertor
779 2489 1060 2545 existeret
1079 2487 1191 2558 ³⁸⁸⁸,
1220 2488 1570 2545 testificatus
1593 2493 1681 2544 est
1705 2501 2014 2558 numquam

366 2591 430 2633 se
466 2577 789 2648 professum
821 2591 952 2633 esse
988 2575 1079 2632 vel
1132 2576 1392 2648 profiteri
1441 2575 1621 2641 velle;
1656 2575 2020 2632 delatoribus

368 2670 614 2722 econtra
656 2663 749 2698 ³⁸⁸⁸
798 2665 1219 2722 aﬂirmantibus
1265 2670 1324 2720 et
1365 2665 1714 2733 dicentibus,
1768 2679 1831 2720 se
1883 2679 2018 2734 qua-

369 2752 500 2808 dam
546 2753 672 2809 vice
725 2753 1023 2825 insperato
1072 2753 1503 2810 conventiculis
1547 2751 1640 2785 ³⁸⁸⁷
1681 2753 2016 2808 eorumdem

370 2843 767 2900 hereticorum
799 2843 1230 2914 supervenisse,
1265 2843 1570 2914 ipsumque
1623 2841 1737 2897 illis
1765 2856 2020 2897 commu-

369 2931 659 2987 nicantem
692 2929 828 2999 ma;
863 2935 1184 3002 quocontra
1215 2931 1314 2987 ille
1361 2931 1594 3002 timens,
1629 2945 1698 2986 ne
1747 2932 1898 2986 forte
1926 2929 2020 2962 ³⁸⁸³

368 3021 682 3078 convictus
707 3019 1157 3092 presbiteriimo
1178 3021 1510 3092 privaretur
1527 3021 1768 3088 honore,
1786 3033 2021 3090 respon-

369 3109 476 3179 dit,
505 3125 564 3166 se
594 3107 686 3142 ⁸⁴⁹¹
715 3110 788 3166 ob
835 3109 1008 3180 hujus
1058 3109 1409 3180 suspicionis
1459 3109 1707 3181 [culpam
1739 3105 1851 3179 ³⁴⁹²]
1887 3107 2022 3162 abo-

371 3197 605 3255 lendam
639 3198 892 3256 libenter
924 3198 1072 3256 velle
1097 3214 1334 3256 summae
1355 3197 1803 3255 examinationis
1821 3197 2020 3252 subire

372 3288 723 3344 sententiam
757 3286 867 3343 3‘“.
905 3287 1068 3354 Quod
1121 3288 1341 3344 dictum
1396 3302 1526 3343 cum
1557 3284 1650 3319 ⁸⁴⁹⁴
1700 3284 2018 3357 placuisset

371 3376 664 3446 omnibus,
695 3375 902 3446 jussus
943 3380 1036 3432 est
1086 3376 1315 3432 missam
1367 3374 1668 3432 celebrare
1696 3378 1753 3429 et
1789 3388 2020 3430 sacrum

371 3479 673 3535 canonem,
708 3465 802 3536 qui
837 3469 1068 3521 secreta
1103 3465 1190 3520 vel
1225 3464 1381 3520 actio
1422 3463 1638 3520 dicitur
1667 3463 1835 3534 (503),
1871 3462 2018 3518 sicut

375 3557 575 3610 cetera
609 3553 841 3609 excelsa
872 3568 1015 3608 voce
1039 3553 1373 3619 decantare,
1400 3559 1464 3608 ut
1486 3551 1583 3622 qui
1606 3551 1870 3606 misterio
1895 3565 2023 3621 pre-

374 3641 519 3698 eiosi
555 3641 826 3712 corporis
856 3645 914 3698 et
947 3641 1248 3710 sanguinis
1289 3640 1502 3697 Christi
1551 3638 2020 3711 praesumpsisset

377 3711 713 3798 detrahere,
749 3729 934 3800 ipsius
963 3729 1316 3800 probaretur
1347 3728 1585 3784 virtute.
1621 3727 1790 3783 Missa
1825 3711 2050 3800 itaque;

379 3814 648 3884 decursa,
685 3783 796 3872 ubir
811 3815 882 3872 ad
923 3783 1461 3872 communicandum
1515 3818 1855 3888 perventum
1903 3783 2051 3888 ωειλ

386 3901 702 3974 episcopus
717 3903 893 3960 verba
920 3903 1340 3976 inprecationis
1357 3903 1687 3974 bujusmodi
1709 3901 1802 3936 "’5
1825 3902 2019 3959 intulit

383 4078 524 4148 tum,
541 4079 702 4150 quod
709 4079 988 4138 manibus
1001 4081 1178 4151 tenes,
1194 4095 1309 4137 non
1318 4093 1452 4138 cere
1462 4094 1672 4152 corpus
1687 4079 1919 4144 Christi
1931 4077 2023 4152 “'9

384 4166 443 4222 et
469 4169 824 4238 sanguinem
854 4183 977 4226 esse
1003 4167 1095 4202 ³⁴⁹⁷
1123 4183 1307 4228 ausus
1337 4184 1397 4227 es
1429 4171 1612 4241 impio
1638 4181 1736 4225 ore
1755 4167 2019 4239 garrire,

382 4267 511 4311 cum
534 4256 726 4328 ipsius
743 4258 1006 4316 misterii
1032 4259 1453 4316 contestatione
1475 4257 1764 4314 interdico
1793 4269 1864 4312 ne
1882 4269 2022 4326 quo-

382 3989 584 4048 dicens
611 4010 622 4048 :
644 3992 723 4050 Si
742 3993 1046 4064 eioiﬁoum
1063 3991 1170 4050 hoc
1193 3993 1417 4050 salutis
1446 3992 1660 4050 nostra
1689 3989 2052 4058 sacramen-,1

383 4078 524 4148 tum,
541 4079 702 4150 quod
709 4079 988 4138 manibus
1001 4081 1178 4151 tenes,
1194 4095 1309 4137 non
1318 4093 1452 4138 cere
1462 4094 1672 4152 corpus
1687 4079 1919 4144 Christi
1931 4077 2023 4110 ³⁴⁹⁶

384 4166 443 4222 et
469 4169 824 4238 sanguinem
854 4183 977 4226 esse
1003 4167 1095 4202 ³⁴⁹⁷
1123 4183 1307 4228 ausus
1337 4184 1397 4227 es
1429 4171 1612 4241 impio
1638 4181 1736 4225 ore
1755 4167 2019 4239 garrire,

382 4267 511 4311 cum
534 4256 726 4322 ipsius
743 4258 1006 4316 misterii
1032 4259 1453 4316 contestatione
1475 4257 1764 4314 interdico
1793 4269 1864 4312 ne
1882 4269 2022 4322 quo-

2078 4081 2095 4308 l

2123 1776 2182 1827 et
2215 1771 2426 1841 spiritu
2462 1769 2862 1826 fornicationis
2901 1770 3200 1837 seductus,
3235 1783 3350 1824 non
3399 1767 3589 1825 multo
3648 1775 3778 1840 post

2124 1861 2179 1915 in
2213 1859 2502 1915 adulterio
2535 1858 2936 1930 deprehensus
2967 1862 3056 1914 est
3106 1861 3167 1913 et
3211 1856 3383 1926 digna
3436 1856 3778 1928 iniquitatis

2124 1963 2244 2004 sua:
2276 1950 2462 2002 morte
2495 1949 2850 2017 peremptus.

2195 2039 2280 2090 2t.
2309 2034 2674 2106 Saepedictus
2705 2033 2880 2090 etiam
2915 2031 3176 2104 pontifex
3208 2031 3439 2089 crebris
3469 2030 3781 2088 inﬁrmita-

2123 2125 2302 2194 tibus,
2323 2139 2472 2179 nunc
2498 2123 2706 2195 pedum
2729 2122 2932 2178 dolore
2957 2120 3108 2192 quod
3135 2120 3447 2192 podagram
3471 2120 3669 2177 Graeci
3691 2119 3778 2153 ³³⁸⁸

2125 2203 2542 2280 vocant,‘nunc
2571 2210 2794 2266 ventris
2825 2210 2980 2266 ﬂuxu
3029 2208 3180 2278 quod
3224 2207 3508 2281 cyliacam
3559 2222 3780 2265 nuncn-

2128 2306 2264 2372 pant
2295 2298 2407 2361 ³⁸⁰⁵.
2435 2299 2792 2366 vexabatur;
2817 2301 3060 2369 propter
3087 2295 3180 2330 ³⁸⁰⁶
3201 2297 3352 2368 quod
3375 2297 3778 2368 exquisitissi-

2128 2403 2251 2444 mos
2284 2386 2375 2421 ³⁵⁰⁷
2408 2401 2639 2458 semper
2668 2385 2761 2420 ³⁵⁰⁸
2792 2400 2987 2442 secum
3019 2384 3246 2442 solebat
3278 2383 3372 2418 ³⁵⁸⁸
3403 2385 3630 2441 habere
3666 2399 3777 2440 me-

2129 2477 2308 2533 dicos.
2345 2476 2604 2532 Habebat
2637 2479 2830 2532 autem
2861 2475 3015 2530 inter
3045 2489 3150 2531 eos
3175 2473 3438 2530 Judaeum
3486 2473 3780 2545 quendam

2126 2568 2319 2622 .losuze
2350 2564 2599 2634 nomine,
2634 2564 2875 2636 phisica:
2917 2563 3065 2618 artis
3111 2561 3596 2631 eruditissimum,
3631 2575 3780 2618 com-

2132 2652 2405 2724 potistam
2421 2649 2514 2700 W0
2533 2650 2943 2722 peroptimum,
2978 2649 3392 2704 Hebraicarum
3443 2647 3782 2704 litterarum

2130 2745 2188 2796 et
2223 2741 2404 2797 totius
2430 2739 2706 2811 judaismi
2756 2737 3002 2794 scientia
3060 2735 3578 2808 perfectissimum,
3611 2750 3780 2808 quem

2129 2829 2532 2886 circumdabat
2559 2827 2830 2884 militaris
2853 2826 3105 2882 habitus.
3132 2827 3294 2881 Hunc
3318 2825 3520 2896 majori
3547 2839 3675 2895 pra:
3693 2823 3780 2858 'w

2131 2919 2347 2974 ceteris
2379 2915 2772 2973 familiaritate
2805 2920 2862 2970 et
2895 2913 3211 2970 dilectione
3257 2913 3406 2969 idem
3451 2911 3546 2946 "1’
3587 2913 3785 2970 Bruno

2132 3007 2244 3064 sibi
2284 3007 2630 3062 annectebat
2661 3003 2771 3074 ³⁵³³,
2809 3009 3084 3073 satagens
3119 3006 3180 3058 ut
3211 3000 3325 3070 "1‘,
3357 3001 3656 3072 quomodo
3691 3001 3784 3058 ille

2133 3097 2320 3168 ipsum
2353 3095 2670 3152 carnaliter
2700 3093 3114 3162 medicaretur,
3140 3091 3219 3147 ita
3255 3091 3380 3162 ipse
3411 3089 3494 3145 illi
3529 3090 3782 3148 salutem

2135 3185 2339 3240 animae
2370 3187 2734 3255 operaretur.
2769 3183 2906 3235 Cum
2941 3180 3047 3236 hoc
3080 3179 3400 3250 saepissime
3449 3179 3522 3233 de
3568 3178 3786 3235 divinis

2135 3273 2474 3343 disputabat
2509 3269 2904 3326 voluminibus
2935 3267 3046 3338 ⁸⁵³⁸,
3081 3282 3308 3338 semper
3349 3265 3512 3322 illum
3547 3266 3620 3322 ad
3651 3282 3785 3323 eon-

2133 3361 2459 3417 versionem
2490 3359 2815 3430 deprecans
2845 3361 2904 3414 et
2934 3357 3280 3419 exhortans;
3307 3354 3358 3410 in
3384 3369 3498 3426 quo
3520 3355 3781 3420 tandem,

2132 3449 2372 3506 Domino
2420 3447 2726 3517 largiente,
2763 3449 3027 3517 Optatum
3077 3443 3270 3500 tenuit
3311 3443 3606 3499 effectum.
3643 3444 3782 3500 Nam

2134 3537 2396 3595 consiliis
2427 3537 2554 3607 ejus
2581 3534 2872 3605 acquievit
2899 3538 2958 3588 et
2991 3535 3064 3590 ab
3107 3533 3233 3604 ipso
3288 3531 3628 3604 baptizatus
3666 3536 3778 3587 est.

2135 3627 2234 3682 Cui
2269 3627 2463 3681 Bruno
2496 3638 2662 3681 suum
2694 3637 2899 3679 nomen
2929 3620 3022 3654 ³⁸1⁸
3049 3620 3328 3693 inposuit,
3359 3623 3417 3676 et
3451 3619 3506 3674 in
3546 3622 3782 3694 cunctis

2135 3717 2304 3774 bonis
2333 3713 2821 3787 adjuvit,cunetfs
2843 3711 3116 3768 fidelibus
3147 3711 3269 3768 suis
3297 3709 3389 3744 ³⁸³⁷
3410 3711 3600 3781 ipsum
3630 3724 3783 3766 com-

2135 3805 2433 3872 mendans,
2467 3806 2526 3859 et
2561 3805 2766 3874 petens
2790 3801 2920 3871 quia
2943 3815 3128 3870 genus
3151 3798 3295 3856 illud
3318 3799 3616 3856 hominum
3640 3798 3780 3856 mul-

2104 3898 2254 3972 ltum
2289 3891 2382 3925 ‘m
2409 3897 2502 3948 est
2535 3891 2590 3946 in
2622 3890 2734 3946 ﬁde
2764 3889 3038 3945 instabile
3083 3902 3431 3961 semperque
3481 3887 3777 3944 desiderat

2079 4001 2112 4070 Η
2135 3983 2190 4038 in
2221 3979 2315 4015 ³⁸³³
2343 3978 2886 4070 νὶιξξᾲᾲηςςεεξωιξίε
2931 3977 3289 4070 habundare,
3331 3975 3608 4048 quatinus
3643 3975 3779 4070 nbi-

2133 4083 2382 4141 cumque
2429 4067 2523 4102 ³⁶²⁰
2571 4067 2670 4124 ille
2721 4066 2862 4140 ipsis
2911 4065 3278 4122 manentibus
3345 4063 3766 4136 superveniret,

2103 4122 2514 4232 !providerent
2545 4157 2598 4213 ei
2631 4155 2960 4212 necessaria
2991 4169 3118 4212 cum
3152 4154 3421 4212 caritate.

2103 4220 2150 4324 ἑ.
2204 4249 2273 4306 22
2297 4245 2408 4302 ³⁵η,
2435 4243 2704 4302 Nunc””
2725 4244 2937 4300 iterum
2959 4243 3030 4300 ad
3065 4241 3349 4313 ordinem,
3376 4240 3529 4299 unde
3561 4241 3776 4312 digres-

900 4437 904 4442 .
1746 4368 1982 4427 VARIIE
2026 4363 2423 4424 LECTIONES.

449 4465 543 4538 ³⁸η
591 4481 864 4538 ηραν-ω
922 4469 961 4522 c
1033 4471 1080 4524 ι.
1131 4466 1224 4501 ’π’
1271 4484 1413 4538 ονε-
1466 4472 1518 4522 6.
1573 4469 1630 4522 ο.
1681 4465 1773 4500 ἰτα
1823 4469 1938 4523 Hoc
1983 4463 2321 4538 continetur
2379 4459 2650 4538 ient-.1"
2697 4457 3044 4538 —.XXV.!I-.
3077 4454 3398 4538 desuetis;
3447 4451 3779 4538 .“"..huius:

382 4537 534 4607 modi
591 4540 629 4591 Β
663 4537 728 4592 ’4.
776 4537 868 4570 ³⁸⁷⁸
913 4538 1120 4607 elogiis
1165 4543 1245 4594 6°.
1296 4537 1389 4571 ³⁴⁷⁶
1431 4553 1559 4594 cum
1594 4541 1642 4592 4.
1680 4543 1760 4594 5η.
1793 4547 1834 4592 τ’.

1887 4541 1936 4592 6.
1992 4540 2049 4593 et
2101 4549 2228 4590 cuni
2277 4532 2354 4588 δι).
2385 4529 2477 4563 ³⁴⁷⁷
2508 4528 2677 4584 fidem
2710 4527 2802 4583 vel
2837 4527 3145 4584 ueritatem
3177 4527 3272 4581 Bt.
3305 4524 3399 4559 ³⁸⁷⁸
3429 4524 3782 4582 destinasset

375 4612 427 4664 6.
481 4606 574 4641 ³⁸⁷⁸
626 4608 907 4664 acelamat
958 4595 1088 4664 rUC.
1135 4608 1230 4641 ³⁸³⁰
1277 4607 1738 4665 acclamantibus
1787 4611 1838 4663 6.
1891 4605 2306 4664 accurantibus
2335 4602 2413 4656 5b.
2450 4604 2508 4656 C.
2541 4598 2634 4632 ³⁸⁸³
2679 4599 3018 4654 reinventus
3066 4601 3115 4654 4.
3171 4602 3219 4653 5.
3267 4601 3318 4652 6.
3371 4595 3464 4628 ⁸⁸⁸³

3519 4595 3782 4665 pacietur

377 4680 415 4734 Β
465 4684 514 4735 2.
573 4677 667 4713 ⁸⁴⁸³
717 4680 879 4736 deest
922 4683 972 4735 4.
1025 4680 1102 4734 δι’.
1153 4684 1212 4735 et
1267 4679 1416 4736 alter
1465 4679 1678 4735 des-unt
1721 4680 1814 4734 CG.
1857 4677 1948 4749 υἷι
1980 4675 2292 4749 publicatae
2321 4675 2370 4728 4.
2408 4677 2455 4749 ti.
2493 4668 2680 4749 (trimi
2697 4669 2998 4749 exstiteris
3027 4672 3076 4749 4.
3098 4667 3274 4749 deest
3298 4668 3422 4749 ἓξ.
3457 4665 3551 4749 “'f
3575 4671 3776 4749 contra

369 4753 428 4804 6°
477 4749 570 4783 “'7
627 4749 1038 4806 conventiculo
1071 4754 1150 4804 δα.
1183 4750 1228 4803 ι).
1263 4750 1707 4820 ᾳιιίιιειὶυηοιιιὶε
1737 4754 1810 4804 6°.
1845 4747 1937 4820 ωε
1973 4737 2020 4806 ὸ.
2075 4745 2369 4820 invenisse
2411 4747 2462 4820 6.
2514 4740 2691 4820 θξδθϋΐ.
2726 4757 2789 4820 _c.
2814 4740 3059 4820 "desunt
3097 4743 3162 4820 5.·
3186 4745 3249 4820 _7.
3297 4737 3392 4820 “'f’
3442 4738 3548 4820 prb

368 4820 466 4913 ³3ῗὶ
515 4821 691 4913 άθθδί
727 4823 778 4875 δ·
832 4821 924 4913 ³⁴Ῑ²
955 4821 1057 4913 ,ἐξα
1105 4821 1144 4874 Β
1190 4825 1239 4876 ¹·
1281 4807 1488 4876 ἠοίθίη
1539 4825 1590 4876 θ’
1634 4821 1803 4913 ,ίίθεδί
1851 4819 1944 4913 Βὲο
1984 4833 2163 4913 ἕθεν·
2191 4813 2585 4913 ..θιὶοξίὲἔδηδὲὶέε
2616 4807 3648 4913 ⁵Ῐ;.Ϊ;ηξέ.ιίῖ;η.⁶¹έυ¹⁴⁶ξιοζ²⁰ἱίὲῗέξξῗὲ¹
3678 4807 3784 4913 ἐξ

370 4890 703 4962 ditumest,
735 4891 901 4962 quod,
943 4892 1050 4962 7C3.
1097 4905 1242 4962 seq.
1306 4895 1796 4962 receperunt._—
1858 4891 1931 4962 ob
1984 4879 2580 4962 hane__suspicioneu1
2639 4879 3114 4962 abolendamniif.
3173 4879 3215 4912 ³⁸

3442 4737 3605 4809 prbri
3655 4736 3697 4792 B
3721 4737 3776 4809 2_.

3322 4878 3616 4936 sententia
3681 4880 3776 4935 ΒΞ.

367 4959 460 4996 ³⁴⁹⁶
497 4968 558 5018 ut
596 4949 855 5019 cum'CG.
887 4961 980 4996 ³⁸⁸⁸
1010 4949 1406 5031 hujuscemodi
1440 4949 1489 5017 is.
1526 4966 1576 5017 6.
1623 4960 1714 4994 ³⁸³⁸
1763 4961 1927 5017 deest
1972 4965 2050 5015 5".
2103 4957 2196 5031 Μ’(
2239 4949 2420 5012 eciam
2477 4959 2579 5031 by
2627 4952 2787 5031 deest
2826 4954 2936 5031 £6.
2970 4949 3086 5031 _3‘”
3145 4966 3198 5031 η.
3261 4964 3308 5005 s.
3333 4951 3463 5031 "lit.
3496 4949 3593 5031 ⁸ξ⁹⁹
3621 4950 3786 5031 deest

373 5035 421 5088 4.
483 5037 533 5088 5.
585 5037 636 5089 6.
689 5031 784 5067 ³⁵⁰⁰
815 5033 977 5090 deest
1023 5021 1104 5088 5δῖ
1149 5032 1242 5066 θεοί
1273 5033 1433 5090 deest
1463 5037 1512 5088 :5.
1545 5031 1637 5065 ³³⁰³
1668 5031 1993 5100 equanimis
2049 5033 2128 5085 4⁸.
2187 5028 2232 5084 δ.
2277 5023 2689 5100 equanimjus.
2717 5028 2768 5100 6.
2825 5021 2941 5100 “ff:
2968 5022 3022 5100 in

3083 5022 3178 5092 qui
3213 5021 3488 5092 sordibus
3519 5024 3570 5077 4.
3625 5025 3678 5077 5.
3730 5026 3780 5077 6.

372 5102 464 5175 ﬂ?"
497 5119 552 5173 g.
591 5121 645 5175 p.
682 5108 731 5160 4.
764 5102 856 5136 ³⁵⁰⁵
888 5107 1190 5175 νοεθηεῼ.
1241 5103 1334 5137 ³⁵⁰⁶
1383 5103 1544 5175 deest
1595 5109 1676 5160 6η.
1706 5091 2475 5175 3“}?_exqt_1isitos___C.'f‘Ima
2506 5094 2792 5175 _deest__4.
2832 5091 2942 5175 ι³⁸⁰⁹
2996 5091 3210 5175 habere
3260 5091 3673 5175 _soljtpsngrat
3731 5096 3779 5175 ὃ.

375 5172 470 5207 ³⁸¹⁰
498 5160 560 5230 ’ἐι
593 5160 791 5232 ῖοοὶυε
811 5191 861 5231 c.
898 5180 948 5229 b’.
982 5179 1032 5242 6,
1067 5173 1158 5208 ³⁸³³
1233 5191 1310 5230 rze
1345 5190 1394 5230 c.
1433 5174 1648 5230 desunt
1673 5173 1751 5228 δι’.
1785 5172 1875 5206 ⁸⁵η
1909 5160 2038 5228 Βίὶ.
2073 5176 2154 5225 6a.
2188 5167 2280 5203 “1’
2311 5167 2660 5224 adnectabat
2707 5170 2787 5220 6⁸.
2832 5164 2878 5219 b.
2930 5164 3278 5220 anneclabat
3335 5165 3374 5218 Β
3406 5166 3452 5218 1.
3483 5160 3579 5195 ³⁸ί⁴
3625 5163 3786 5221 deest

381 5245 460 5298 δι’.
493 5245 598 5298 ubi
629 5260 682 5298 α.
723 5245 882 5298 illum
916 5260 962 5298 c.
999 5245 1092 5278 ³⁸¹⁶
1121 5191 1580 5298 νοῗυωὶιιὶιιὶὺυδ
1611 5247 1704 5298 Cl.
1737 5243 1829 5277 ³⁵³⁸
1857 5243 2018 5298 deest
2049 5244 2146 5297 Bt.
2188 5256 2242 5296 ιι.
2279 5255 2326 5294 s.
2361 5243 2412 5292 5.
2446 5241 2496 5293 6.
2531 5237 2589 5294 C.
2621 5234 2712 5269 ³⁵³⁷
2771 5235 2936 5293 deest
2982 5235 3061 5290 δι’.
3123 5249 3178 5291 s.
3243 5248 3373 5291 eum
3428 5239 3482 5289 7.
3544 5231 3642 5267 ³⁸⁸⁸
3700 5239 3782 5291 est

381 5245 460 5300 δι’.
493 5245 598 5314 ubi
629 5260 682 5314 q.
723 5245 882 5300 illum
916 5245 1092 5314 c.7"1‘
1121 5261 1193 5301 vo

1223 5245 1580 5301 umiuiuibus
1611 5247 1704 5300 Cl.
1737 5243 1829 5277 ³⁵³⁸
1857 5243 2018 5300 deest
2049 5244 2146 5297 Bt.
2188 5256 2242 5296 n.
2279 5255 2326 5294 s.
2361 5243 2412 5292 5.
2446 5241 2496 5293 6.
2531 5237 2589 5294 C.
2621 5234 2712 5269 ³⁵³⁷
2771 5235 2936 5293 deest
2982 5235 3061 5290 δι’.

3123 5249 3178 5291 s.
3243 5248 3373 5291 eum
3428 5239 3482 5289 7.
3544 5231 3642 5267 ³⁸⁸⁸
3700 5239 3782 5291 est

386 5331 461 5372 m.
497 5315 537 5368 i.
573 5303 774 5370 in'ﬁde
806 5319 885 5370 5³.
919 5313 1010 5348 ’⁵³³
1031 5317 1194 5374 deest
1221 5317 1279 5372 C.
1313 5315 1406 5348 ⁸⁸²⁰
1436 5315 1472 5371 i.
1507 5331 1562 5372 u.
1598 5319 1652 5372 6.
1682 5313 1775 5349 ⁸⁸³³
1804 5329 1851 5370 c.
1888 5314 2043 5369 LXIX
2073 5312 2272 5370 Leibn.
2305 5308 2398 5343 ³⁵³³
2425 5309 2580 5368 Tunc
2609 5309 2643 5362 6
2675 5310 2724 5364 3.
2760 5307 2920 5363 Nunc
2947 5305 3152 5362 ordine
3185 5303 3221 5360 i.
3253 5304 3324 5361 ad
3353 5319 3405 5360 ο.
3439 5307 3490 5358 5.

1958 5417 2182 5476 NOTrE.

455 5513 618 5594 (.03)
650 5516 714 5572 V.
748 5517 1024 5588 Ducangii
1056 5519 1404 5591 glossarium
1435 5534 1483 5576 s.
1517 5535 1596 5590 v.,
1629 5519 1720 5577 ed.
1755 5515 2042 5575 llenschel
2075 5517 2116 5587 l,
2147 5532 2201 5588 p.
2237 5515 2326 5586 62,
2353 5512 2446 5586 Vl,
2482 5527 2538 5586 ι).
2588 5513 2712 5574 148.
