3952 6056
424 146 575 225 1227

1050 160 1316 225 GESTA
1347 162 1937 228 TREVERORUM.
1970 184 2047 211 —-‘
2096 161 2364 227 GESTA
2395 159 2834 269 GODEFRIDI
2867 158 3194 225 ACHIEP.

3700 158 3855 223 i228

953 533 1325 623 GESTA
1439 532 2080 624 GODEFRIDI
2179 531 2248 620 A
2271 530 3086 621 RCHIEPISCOPI
3110 514 3316 619 ³⁸³⁵.

497 785 546 837 1.
578 782 762 850 Igitur
794 787 929 852 post
954 796 1256 838 excessum
1292 783 1576 839 Brunonis
1604 781 1863 853 episc0pi
1898 781 2072 837 Goth-
2102 763 2154 822 Α
2185 779 2495 835 desideriis
2525 780 2821 849 anhelare,
2856 785 2919 836 ut
2949 778 3001 833 in
3037 778 3224 834 locum
3263 778 3388 848 ejus
3430 776 3741 847 potuisset
3772 792 3843 833 as-

426 868 612 925 fridus
637 867 729 901 ³⁸³⁸
757 870 812 924 in
842 870 1242 942 episcopatum
1286 871 1591 926 successit.
1642 872 1741 926 Hie
1772 871 1841 925 de
1875 870 2072 926 Leodi-

422 956 579 1012 censi
599 957 905 1027 parrochia
931 958 1408 1029 progenitoribus
1425 958 1730 1014 admodum
1755 957 2067 1029 nobilibus,

423 1051 588 1116 patre
616 1044 907 1115 Rutfrido,
959 1051 1145 1102 matre
1178 1047 1514 1103 Fridesinda
1546 1048 1790 1115 nomine,
1839 1063 1912 1102 ex
1942 1048 2072 1104 vico

422 1132 518 1203 qui
533 1132 857 1190 Falmanies
870 1134 1088 1190 dicitur
1107 1135 1304 1190 extitit
1326 1134 1736 1192 oriundusa'".
1755 1136 2071 1192 Arnoldum

422 1220 771 1278 avunculum
803 1237 992 1292 suum,
1028 1223 1268 1293 majoris
1299 1224 1602 1295 aacclesize,
1638 1224 1842 1280 domus
1872 1224 2047 1281 videli

419 1313 517 1364 cet
539 1309 696 1364 beati
720 1310 877 1365 Petri
902 1311 1150 1381 apostoli
1180 1311 1561 1382 prepositum,
1591 1312 1883 1369 Treberim
1914 1327 2074 1369 secu-

422 1401 536 1468 tus,
572 1398 644 1453 ab
684 1396 1019 1454 Everhardo
1066 1400 1452 1455 Treberorum
1502 1401 1776 1472 episcopo
1827 1400 2075 1457 clericus

419 1490 514 1541 est
541 1484 901 1555 designatus.
936 1487 1147 1543 Verum
1177 1486 1273 1543 ubi
1305 1489 1595 1544 inmatura
1623 1489 1897 1545 libertate
1930 1489 2076 1560 poti-

420 1578 520 1630 tus
550 1578 665 1645 est,
700 1574 983 1631 continuo
1032 1590 1138 1646 per
1188 1591 1536 1646 coequevos,
1574 1577 1784 1647 quibus
1816 1578 1987 1633 luxus
2016 1583 2073 1633 et

422 1660 646 1719 desidia
666 1661 825 1719 cordi
851 1668 962 1734 est,
997 1678 1194 1720 amare
1227 1665 1396 1732 vicia,
1433 1671 1727 1737 corruptae
1752 1666 1857 1722 viae
1882 1667 2078 1722 trami.

420 1754 538 1806 tem
569 1750 843 1807 incedere
871 1750 1244 1822 perdocetur,
1281 1768 1348 1809 ac
1382 1753 1549 1809 velud
1592 1770 1776 1824 equus
1808 1755 2073 1825 infrenis,

422 1842 654 1895 rectore
678 1843 1037 1910 contempto,
1070 1841 1214 1896 recti
1248 1840 1476 1897 itineris
1507 1840 1599 1874 ³³³⁸
1627 1843 1834 1899 lineam
1867 1843 2077 1899 dereli-

422 1926 582 1998 quid.
613 1928 931 2000 Propterea
960 1930 1111 1985 enim
1144 1930 1215 1985 ab
1248 1929 1507 1986 Arnoldo
1540 1946 1716 2002 supra
1752 1939 2073 1989 memorato

422 2014 481 2071 ln
514 2015 898 2073 ministerium
926 2017 1178 2074 Heinrici
1211 2018 1405 2089 quarti
1439 2020 1593 2089 regis
1625 2020 1929 2090 delegatus
1958 2026 2070 2090 est,

2183 881 2446 937 surgere.
2475 868 2628 923 Misit
2651 882 2789 936 ergo
2808 882 2912 938 per
2931 867 3280 923 secretarios
3299 880 3435 921 suos
3456 865 3745 921 lleinrico
3768 881 3842 921 re

2182 956 2239 1025 gi
2264 955 2417 1011 mille
2440 961 2671 1012 centum
2696 961 2753 1011 et
2782 955 2951 1017 ultra.
2984 961 3040 1009 ut
3067 955 3304 1024 dicitur,
3330 967 3559 1008 marcas
3587 954 3839 1021 argenti.

2182 1049 2239 1100 et
2266 1044 2343 1100 ita
2370 1060 2499 1100 eum
2530 1045 2640 1099 sibi
2668 1043 3025 1111 conciliavit,
3053 1047 3135 1113 ut,
3162 1058 3291 1098 cum
3316 1041 3728 1098 Treberenses
3758 1057 3839 1096 ve-

2184 1131 2375 1187 nirent
2400 1136 2457 1187 et
2481 1132 2605 1187 dari
2631 1132 2740 1188 sibi
2765 1132 3103 1202 episcopum
3127 1135 3495 1200 expeterent,
3519 1134 3579 1185 et
3610 1129 3836 1199 quidam

2184 1220 2340 1276 illius
2390 1220 2666 1291 ineptiam
2722 1225 3156 1291 pretenderent,
3212 1234 3315 1274 rex
3365 1233 3476 1274 non
3531 1232 3607 1274 eo
3661 1218 3836 1272 minus

2184 1309 2486 1364 omitteret
2515 1308 2649 1378 quin
2683 1323 2811 1364 eum
2844 1308 3183 1378 episcopum
3235 1306 3659 1363 constitueret.
3718 1305 3835 1361 Erat

2184 1397 2335 1452 enim
2368 1397 2571 1452 senilis
2603 1396 2991 1467 desipientiae,
3023 1395 3231 1466 plenus
3263 1395 3461 1451 furore
3495 1391 3835 1455 iracundia,

2186 1484 2561 1540 discretionis
2581 1483 2949 1555 permodicae,
2983 1482 3079 1553 qui
3113 1497 3219 1539 nec
3244 1482 3439 1538 domui
3473 1479 3567 1514 ³⁸⁸⁸
3604 1495 3733 1539 sua
3767 1482 3840 1540 be

2188 1586 2256 1627 ne
2292 1577 2531 1628 noverat
2555 1586 2810 1642 preesse.
2844 1574 2953 1626 Pro
2977 1570 3303 1641 huiusmodi
3325 1570 3548 1640 eligere
3568 1586 3714 1629 cum
3736 1575 3840 1646 epi-

2189 1675 2426 1731 scopum
2449 1659 2854 1716 formidabant.
2879 1660 2977 1715 Set
2999 1665 3187 1714 tamen
3202 1657 3314 1727 ³⁸⁴¹,
3332 1658 3575 1722 vellent.
3603 1661 3840 1729 nollent,

2188 1748 2576 1804 intronizatus
2604 1754 2695 1804 est
2725 1747 2816 1802 die
2842 1752 2874 1802 6
2901 1748 3093 1804 Nonas
3117 1746 3273 1803 Julii.
3306 1746 3642 1818 Statimque
3675 1749 3840 1805 missa

2190 1835 2487 1905 legacione
2505 1835 2797 1891 mandavit
2818 1835 3111 1906 episcopis
3130 1834 3529 1891 aacclesiarum
3552 1850 3626 1891 su
3638 1837 3845 1905 biecta-

2191 1942 2314 1982 rum
2337 1926 2657 1983 Trevericae
2682 1926 3046 1997 metropolis,
3078 1926 3357 1996 quatinus
3381 1926 3688 1983 Treberim
3720 1942 3843 1984 con-

2188 2015 2488 2071 venientes
2504 2014 2689 2085 ipsum
2701 2015 3474 2072 consecrarentantistitem.
3497 2015 3689 2080 Quam
3702 2016 3842 2072 vide-

424 2109 508 2174 ut,
557 2104 690 2174 quia
719 2104 791 2160 de
826 2118 1048 2162 morum
1078 2104 1205 2175 ejus
1235 2106 1675 2176 irreligiositate
1722 2109 2074 2178 regulariter
2103 2112 2156 2172 Β
2190 2102 2323 2159 licet
2358 2103 2854 2159 consecrationem
2879 2103 2969 2158 sui
2994 2102 3132 2158 licet
3156 2102 3282 2174 ipse
3306 2101 3593 2159 voluisset
3629 2102 3841 2163 accele-

422 2205 536 2248 non
558 2198 824 2264 speraret
849 2192 1030 2250 ullum
1053 2194 1523 2252 ecclesiasticum
1546 2195 1826 2253 honorem
1849 2199 2075 2253 contin-

422 2294 584 2351 gere,
619 2280 668 2337 si
699 2280 950 2338 facultas
982 2283 1344 2355 subpeteret,
1379 2284 1650 2341 videlicet
1685 2287 1734 2342 si
1766 2285 2077 2343 ecclesiar-

426 2368 665 2425 charum
688 2369 999 2442 quisquam
1023 2370 1139 2427 vita
1164 2370 1497 2435 decederet.
1530 2373 1576 2429 si
1612 2374 1881 2445 nequiret
1908 2389 2077 2433 cano-

427 2457 577 2529 nice,
600 2458 761 2529 regia
792 2457 1001 2514 saltem
1031 2459 1436 2517 intruderetur
1467 2467 1784 2533 potestate.
1822 2464 2079 2535 Contigit

428 2546 626 2616 itaque
665 2550 992 2617 temporum
1036 2547 1270 2604 labente
1306 2549 1623 2619 curriculo,
1670 2550 1948 2608 decanum
1983 2553 2081 2609 do-

431 2647 558 2690 mus
588 2633 966 2691 Treberensis
1004 2634 1156 2692 diem
1195 2642 1519 2693 extremum
1552 2637 1845 2707 claudere,
1880 2643 1935 2695 et
1966 2655 2077 2696 non

429 2721 614 2780 multo
649 2726 778 2794 post
810 2722 1321 2780 archidiaconatus
1368 2724 1640 2796 oﬂlcium,
1693 2726 1807 2784 alio
1850 2743 2080 2800 quoque

430 2810 510 2867 ibi
532 2811 806 2881 abeunte,
841 2826 1080 2868 vacare:
1113 2811 1267 2883 quod
1290 2818 1355 2869 ut
1380 2814 1498 2884 regi
1529 2814 1805 2886 innotuit,
1839 2816 2082 2881 directis

429 2913 558 2956 mox
579 2898 649 2955 ad
670 2898 1028 2969 Egilbertum
1052 2900 1388 2973 episcopum
1414 2901 1647 2973 litteris,
1678 2904 1991 2973 mandavit,
2018 2910 2081 2960 ut

430 3002 606 3059 supra
633 2992 1011 3044 memoratum
1036 2989 1404 3045 Gothfridum
1428 2990 1544 3047 illis
1563 2991 1878 3049 honoribus
1903 2993 2083 3049 subli-

429 3078 636 3145 maret,
652 3075 808 3146 quod
829 3075 937 3133 nisi
961 3076 1200 3146 faceret,
1226 3091 1415 3146 regem
1438 3077 1778 3134 offenderet.
1800 3080 1828 3133 J
1835 3095 1922 3135 am
1943 3096 2082 3136 vero

432 3162 699 3234 adeptus,
717 3162 766 3219 si
779 3161 1077 3220 debuisset
1100 3165 1424 3236 quempiam
1445 3166 1782 3222 claustralis
1803 3168 2080 3238 stipendii

431 3251 520 3307 vel
551 3251 755 3308 altaris
772 3252 924 3308 dono
943 3253 1374 3315 investire.non
1396 3254 1648 3310 faciebat
1671 3257 1797 3312 sine
1822 3259 2080 3315 muneris

429 3340 837 3407 assecucione;
885 3355 1044 3396 more
1093 3340 1384 3398 diabolico
1419 3358 1528 3398 non
1565 3358 1772 3414 passus
1800 3360 1864 3401 se
1894 3346 2077 3403 solum

430 3427 691 3497 interire,
724 3428 863 3500 quin
885 3434 944 3485 et
968 3428 1113 3486 alios
1141 3431 1447 3499 satagebat
1477 3445 1672 3488 secum
1703 3434 2075 3506 preeipitare,

431 3517 743 3587 presertim
774 3532 907 3574 cum
933 3530 1006 3573 ex
1035 3516 1291 3574 decretis
1322 3520 1657 3589 pontificum
1688 3522 2077 3580 Romanorum

434 3611 549 3658 tam
570 3602 888 3660 vendentes
912 3618 1082 3676 quam
1104 3610 1366 3662 ementes
1389 3607 1638 3664 honores
1660 3608 1939 3667 aacclesize
1962 3611 2081 3667 sint

432 3690 727 3762 dampnati
761 3691 1147 3749 anathemate.
1194 3692 1331 3750 Cum
1365 3698 1557 3751 autem
1589 3709 1691 3753 nec
1724 3697 1811 3752 sic
1844 3698 1987 3755 satis
2018 3700 2082 3754 li-

431 3779 571 3836 bere
602 3779 714 3836 sibi
748 3779 1049 3838 videretur
1079 3783 1391 3840 canonicas
1430 3797 1605 3854 posse
1647 3786 1982 3843 venundare
2018 3818 2081 3829 ~-

430 3867 592 3939 prior
620 3868 773 3943 enim
803 3868 1024 3927 decano
1055 3871 1392 3942 prepositus
1415 3871 1590 3928 debet
1614 3872 1890 3931 investire
1913 3907 1981 3917 -—
2002 3878 2082 3932 af—

432 3955 671 4013 fectavit
693 3961 753 4012 et
774 3956 919 4028 ipse,
951 3955 1043 3990 ³⁸³⁵
1072 3958 1119 4014 si
1154 3972 1298 4029 quas
1326 3964 1526 4031 posset
1555 3962 1961 4033 preposituras
1992 3978 2084 4020 ac-

430 4043 684 4115 quirere.
720 4045 907 4115 lgitur
938 4047 1374 4116 congregationi
1404 4048 1555 4104 beati
1581 4049 1883 4120 Symeonis
1905 4067 2084 4124 super

435 4136 657 4203 portam
679 4132 937 4190 civitatis
960 4138 1192 4205 preerat
1213 4133 1443 4204 quidam
1465 4136 1807 4194 Uodclricus
1831 4140 2080 4211 nomine,

432 4222 607 4277 natus
626 4220 699 4277 de
719 4220 930 4279 finibus
954 4221 1256 4294 Aquileiae,
1275 4236 1443 4294 quem
1466 4222 1617 4281 idem
1636 4226 1977 4285 Gothfridus
1995 4226 2086 4266 ³⁸⁸⁰

433 4322 536 4379 per
579 4308 884 4365 Martinum
931 4309 1216 4380 quendam
1252 4310 1615 4383 capellannm
1658 4327 1825 4369 suum
1868 4315 1947 4371 ita
1976 4316 2086 4372 cir-

431 4396 745 4467 cumvenit,
782 4400 866 4467 ut,
897 4397 948 4454 si
977 4398 1298 4469 Aquileiam
1333 4413 1596 4456 remeare
1626 4400 1927 4466 voluisset,
1959 4419 2087 4476 pre-

432 4484 714 4556 posituras
746 4499 869 4543 sua
897 4500 1025 4543 eum
1060 4486 1332 4544 heredem
1360 4488 1781 4558 substitueret;
1814 4507 1943 4550 cum
1976 4493 2086 4550 uti-

430 4586 542 4644 que
573 4587 687 4631 non
723 4574 1039 4644 dignitates
1079 4575 1515 4634 mcclesiasticze
1539 4578 1671 4647 jure
1703 4578 2080 4652 hereditario,

429 4662 533 4719 sed
561 4662 828 4734 probatis
859 4665 992 4722 vitae
1024 4664 1337 4721 saniitate
1371 4666 1489 4721 sint
1520 4667 1910 4735 conferendae,
1942 4683 2083 4741 quo-

428 4765 550 4807 rum
585 4751 702 4807 vita
734 4751 988 4809 subditis
1017 4752 1095 4809 sit
1127 4752 1357 4809 vivendi
1392 4768 1611 4809 norma.

2191 2191 2328 2261 rari,
2362 2197 2556 2247 tamen
2601 2190 2853 2247 diversis
2896 2205 3201 2247 causarum
3247 2188 3841 2247 intercidentium'”

2190 2277 2648 2349 prepediebatur
2671 2278 3014 2334 obstaculis.
3042 2279 3186 2334 Ecce
3209 2277 3359 2333 enim
3384 2278 3728 2349 Stephanus
3745 2279 3840 2335 lle-

2188 2365 2373 2422 tensis
2412 2367 2746 2436 episcopus,
2772 2370 2833 2421 ut
2859 2366 3082 2423 audivit
3103 2365 3259 2436 quod
3283 2366 3514 2437 prefato
3535 2365 3750 2422 ordine
3769 2367 3839 2422 in-

2191 2454 2457 2519 traverit,
2481 2454 2583 2510 illo
2607 2454 2809 2510 venire
2834 2453 3256 2520 dissimulavit;
3279 2454 3545 2510 venisset
3567 2454 3837 2523 tamen,sl

2191 2541 2368 2613 pallio
2391 2557 2505 2612 quo
2530 2542 2854 2599 avunculus
2882 2534 3025 2599 suus
3054 2541 3309 2598 Calistns
3344 2556 3489 2614 papa
3515 2555 3653 2599 eum
3678 2544 3837 2600 hono-

2192 2630 2312 2686 ravi
2325 2635 2363 2699 t,
2381 2629 2437 2685 in
2451 2630 2894 2687 consecratione
2913 2629 3349 2700 metropolitani
3367 2632 3701 2701 permissus
3718 2631 3839 2688 fuis-

2191 2725 2282 2774 set
2312 2719 2492 2777 indui.
2527 2720 2649 2775 Non
2678 2718 2830 2774 enim
2862 2719 2973 2774 nisi
3006 2718 3182 2789 pallio
3213 2718 3455 2776 indutus
3484 2718 3679 2776 voluit
3708 2720 3839 2776 inte-

2195 2821 2355 2865 resse
2373 2806 2831 2865 consecracioni.
2858 2807 3050 2873 Quare
3069 2811 3262 2862 autem
3283 2820 3354 2862 eo
3374 2821 3486 2862 non
3508 2807 3585 2863 sit
3606 2807 3842 2879 permis-

2194 2910 2295 2952 sus
2348 2893 2527 2965 indui,
2577 2908 2754 2951 causa
2805 2893 2929 2952 hac
2978 2898 3115 2951 est:
3153 2893 3423 2965 quoniam
3474 2896 3644 2966 quasi
3681 2893 3841 2952 in”

2195 2983 2458 3051 iniuriam
2485 2983 2830 3054 metropolis
2862 2984 3148 3040 tecclesiaa
3176 2997 3246 3039 eo
3272 2982 3647 3053 gloriabatur
3680 2999 3746 3041 se
3775 2986 3843 3041 iu-

2193 3069 2310 3139 dui,
2350 3087 2455 3128 nec
2490 3072 2544 3126 in
2576 3071 2702 3142 ejus
2732 3070 2824 3105 3‘“
2857 3087 2962 3129 usu
2999 3071 3176 3127 ullum
3208 3071 3395 3128 voluit
3429 3072 3483 3128 in
3515 3071 3843 3146 metropoli.

2192 3167 2330 3216 tano
2350 3161 2567 3217 habere
2587 3166 2941 3231 respectum.
2969 3162 3071 3217 Est
3087 3165 3146 3216 et
3165 3161 3275 3216 alia
3294 3174 3493 3231 causa,
3514 3175 3703 3232 quare
3721 3176 3841 3220 cono

2193 3248 2515 3304 secracioni
2540 3247 2846 3318 promissae
2871 3247 3123 3305 noluerit
3148 3248 3457 3304 interesse.
3480 3249 3645 3304 Inter
3664 3249 3837 3321 ipsum

2192 3336 2546 3406 Stephanum
2578 3342 2635 3392 et
2671 3336 3001 3393 Heinricum
3046 3336 3462 3393 Virdunensem
3506 3338 3838 3411 episcopum

2193 3425 2340 3480 facta
2387 3428 2479 3479 est
2528 3425 2859 3493 contencio,
2914 3426 3047 3495 quis
3099 3440 3299 3482 eorum
3331 3426 3839 3496 metropolitanum

2142 3502 2159 3524 ‘
2190 3516 2645 3570 consecraturus
2685 3520 2842 3569 esset
2879 3514 3238 3585 episcopum,
3280 3514 3571 3585 Stephano
3614 3521 3846 3586 preten-

2191 3602 2365 3658 dente
2390 3601 2548 3660 sedis
2569 3618 2691 3659 sum
2716 3603 3128 3674 principatum,
3164 3602 3431 3660 Heinrico
3462 3608 3663 3659 autem
3695 3604 3842 3661 ordi-

2190 3691 2444 3747 nationis
2482 3706 2602 3748 suae
2638 3691 2977 3761 prioratum.
3015 3692 3113 3747 Set
3146 3696 3277 3749 uter
3303 3705 3505 3748 eorum
3530 3691 3839 3761 iustiorem

2193 3778 2563 3848 proposuerit
2610 3792 2866 3847 causam,
2915 3778 3225 3848 edisserat,
3274 3779 3524 3836 maxime
3555 3794 3694 3838 cum
3726 3781 3843 3837 Ste-

2188 3865 2416 3936 phanus
2446 3866 2696 3936 quodam
2730 3868 2884 3922 fastu
2916 3867 3226 3939 superbiae,
3263 3867 3572 3925 Heinricus
3595 3883 3742 3926 vero
3762 3884 3843 3926 ιιι-
3887 3864 3896 3876 ’

2190 3954 2347 4009 tione
2369 3954 2619 4011 voluerit
2642 3961 3024 4012 consecrator
3047 3956 3334 4019 existere;
3360 3955 3471 4012 nisi
3492 3957 3543 4012 si
3565 3957 3724 4014 forte
3742 3971 3840 4015 ac-

2188 4042 2364 4099 clesia
2391 4043 2661 4099 Metensis
2686 4043 2739 4098 in
2766 4042 3093 4114 privilegiis
3115 4042 3349 4114 habeat,
3384 4043 3537 4114 quod
3563 4058 3711 4101 suus
3731 4045 3840 4117 epi-

2191 4145 2407 4202 scOpus
2439 4131 2517 4186 sit
2550 4130 3063 4201 metrOpolitanum
3096 4135 3578 4188 consecraturus.
3618 4133 3834 4190 Interea

2192 4220 2326 4277 dum
2361 4220 2466 4277 hec
2496 4223 2812 4289 agerentur
2843 4212 3187 4291 supervenit’
3212 4221 3364 4276 forte
3397 4219 3633 4290 quidam
3662 4221 3838 4280 cardi-

2193 4307 2360 4376 nalis,
2396 4306 2791 4364 Willehelmus
2820 4308 3069 4376 nomine,
3103 4308 3485 4366 Prenestinus
3510 4309 3832 4384 episcopus,

2192 4395 2395 4453 dicens
2410 4410 2471 4452 se
2490 4397 2563 4453 ab
2582 4396 2904 4468 apostolica
2926 4397 3282 4453 auctoritate
3300 4397 3610 4467 directum,
3630 4405 3836 4471 utquo-

2192 4497 2441 4553 cumque
2465 4483 2519 4539 in
2548 4484 2680 4543 loco
2697 4483 3009 4557 episcOpos
3031 4497 3145 4540 non
3165 4489 3550 4541 consecratos
3570 4484 3669 4540 vel
3690 4483 3836 4541 aliud

2193 4571 2497 4643 quodlibet
2529 4571 2863 4641 huiusmodi
2899 4572 3123 4641 negocii
3169 4571 3555 4644 inperfectum
3595 4569 3841 4629 invenis-

2192 4664 2299 4729 set,
2332 4659 2697 4730 adimpleret.
2740 4659 2920 4726 Quem
2956 4663 3018 4716 ut
3048 4658 3378 4729 Stephanus
3406 4658 3691 4716 Metensis
3718 4659 3841 4715 Tm-

2196 4746 2376 4803 berim
2394 4746 2626 4803 venisse
2644 4747 2952 4818 comperit,
2969 4746 3212 4803 directis
3231 4746 3298 4802 ad
3319 4759 3449 4803 eum
3470 4745 3722 4813 litteris,
3744 4746 3841 4819 prio

497 4862 547 4913 2.
593 4859 796 4929 Itaque
843 4872 1081 4915 corrasa
1128 4858 1260 4918 hinc
1287 4863 1344 4917 et
1379 4859 1513 4916 inde
1561 4861 1819 4918 thesauri
1872 4877 2075 4934 magna
2109 4809 2160 4868 D
2194 4849 2358 4934 mum.
2387 4833 2619 4934 (illide
2661 4834 3138 4934 ΡθιῘᾹΙίξπξιεξιϐῐῐξ.
3163 4833 3410 4934 rogavit,
3444 4838 3504 4934 et
3533 4839 3752 4934 postea
3780 4849 3839 4891 ex

426 4947 724 5018 congerie,
754 4960 885 5007 cum
916 4949 1109 5006 Bruno
1136 4948 1358 5006 obisset
1387 4946 1508 5020 (an.
1539 4951 1718 5021 1124),
1749 4950 1905 5022 cepit
1928 4951 2074 5006 totis

2195 4922 2524 4993 apostolica
2547 4922 2902 4981 auctoritate
2924 4922 3250 4986 interdixit,
3275 4936 3346 4980 ne
3369 4922 3507 4992 quid
3531 4920 3630 4955 ³⁸⁸⁸
3653 4924 3745 4981 sui
3762 4936 3837 4977 or-

1804 5099 2040 5154 VARL‘E
2070 5100 2197 5157 LEC
2212 5102 2467 5157 I‘IONES.

494 5240 594 5321 ³⁸³ξ
617 5245 853 5321 Ηρρᾼίῃ
880 5247 1016 5321 cod.
1038 5249 1077 5302 Β
1105 5252 1157 5304 9.
1178 5248 1288 5321 fol
1307 5246 1413 5321 ω’.
1436 5248 1746 5321 teguntur.
1826 5247 1919 5281 ³⁸³⁸
1948 5249 2323 5321 guothfridus
2355 5262 2531 5307 erasa
2558 5250 2769 5321 littera
2792 5266 2825 5306 u
2853 5251 2974 5307 cod.
3031 5249 3122 5283 ³⁸³⁷
3153 5247 3397 5321 oriudus
3428 5262 3611 5321 erasa
3634 5251 3835 5321 mm

422 5331 459 5375 ιι
481 5311 609 5373 σοά.

688 5314 1053 5391 “"jteneris
1075 5314 1225 5376 cori“.
1252 5319 1481 5376 itineris
1502 5314 1546 5377 ὸ.
1627 5318 1720 5352 ⁸⁸η
1738 5321 1876 5391 post
1895 5314 2043 5391 sap};

2238 5320 2332 5353 ⁸⁸⁸⁰
2350 5321 2568 5390 guthfr.
2595 5335 2642 5378 c.

2723 5319 2813 5395 ενι
2836 5324 3051 5395 domne
3074 5319 3446 5395 corr._domu_i
3469 5334 3516 5377 ο.
3597 5320 3699 5355 ³⁸η
3721 5323 3836 5395 ραι

411 5382 618 5457 suppl.
651 5397 699 5443 c.
776 5386 871 5421 ⁸⁸⁸³
902 5388 1386 5473 intereidencium
1417 5403 1465 5448 ο.
1498 5404 1674 5495 μανι
1701 5382 1783 5449 ait
1812 5382 2232 5462 littefdm/are
2258 5382 2496 5451 accitus
2521 5406 2674 5474 sum,
2723 5394 2964 5464 Scripsi
2996 5393 3287 5451 tamenin
3310 5389 3626 5456 verborum
3661 5382 3773 5455 πιῖσ
3794 5406 3832 5451 ι

411 5469 527 5495 ρει-η
554 5466 586 5495 ρ
684 5453 776 5493 ³064
806 5457 969 5495 Hnno!
994 5472 1024 5495 ρ
1136 5461 1229 5495 ..οη
1258 5477 1343 5495 nan
1375 5473 1406 5495 ρ
1524 5459 1593 5495 140
1624 5461 1773 5495 nnnrl
1810 5460 2113 5495 Innnmdum
2171 5463 2281 5495 nul
2301 5463 2435 5495 mna}
2458 5463 2592 5495 an”!
2631 5462 3012 5495 ululanda».
3048 5463 3138 5495 ..Ι
3175 5462 3216 5495 D

405 5453 604 5524 prae.
684 5453 776 5493 ³⁸⁸⁸
805 5457 969 5518 dust
994 5472 1040 5517 ο.
1136 5461 1229 5496 ³⁸³⁸
1258 5462 1345 5518 eis
1374 5473 1422 5520 σ.

1524 5459 1593 5499 ἰο
1624 5461 1778 5535 quod
1807 5459 2135 5536 legendum,
2169 5463 2281 5523 aut
2295 5463 2435 5538 post
2458 5462 2595 5539 quid
2625 5459 3017 5539 mmmam
3047 5463 3138 5527 est
3161 5462 3230 5524 Ρ.
