3952 6056
209 237 362 301 1229

795 232 1064 296 GESTA
1108 227 1701 297 TREVERORUM.
1733 262 1812 275 —
1840 226 2108 295 GESTA
2138 228 2583 295 GODEFRIDI
2610 229 2996 300 ARCHIEP.

3452 233 3609 301 1230

204 388 355 445 dinis
375 394 556 460 esset,
584 388 706 459 ipse
730 387 920 442 facere
940 389 1323 457 presumeret.
1352 384 1474 451 Quo
1506 388 1712 440 contra
1743 380 1841 437 ille
1868 362 1926 428 Α
1959 399 2336 453 personarum
2368 387 2765 456 distinctione,
2798 401 2949 444 unus
2980 386 3036 444 in
3068 388 3286 448 deitate
3336 393 3606 452 substan-

204 476 546 548 apostolicte
569 474 941 534 auctoritatis
965 474 1195 529 litteras
1219 473 1273 529 in
1298 474 1407 529 hoc
1428 488 1574 545 opus
1604 472 1714 529 sibi
1748 472 1843 527 da-

207 571 294 621 tas
324 565 568 636 protulit
600 564 711 634 3’",
739 565 890 620 hunc
919 563 1147 619 modum
1180 563 1584 618 continentes:

274 656 557 712 Kalistus
572 654 896 726 episcopus,
911 666 1117 721 aereus
1137 666 1433 709 servorum
1452 651 1585 721 Dei,
1604 648 1847 707 carissi-

201 746 317 801 mis
328 742 488 800 nobis
500 744 567 800 in
583 742 821 799 Christo
823 740 1143 813 fratribus
1151 740 1610 811 archiepiscopis
1621 737 1850 795 ceteris-

201 847 316 903 gue
350 832 770 889 ecclesiasticis
799 829 1109 887 ordinibus
1138 844 1249 901 per
1290 829 1572 897 Galliam,
1610 830 1849 887 Germa-

202 923 367 978 niam
382 922 777 977 etFranciam
806 919 1166 988 constitutis,
1201 919 1458 976 salutem
1485 919 1540 974 et
1574 915 1849 988 apostoli-

201 1024 333 1066 cam
349 1009 822 1065 benedictionem.
856 1007 1157 1064 Mittimus
1184 1007 1274 1062 ad
1306 1021 1402 1064 cos
1421 1006 1693 1078 fratrem
1721 1018 1849 1060 uos-

201 1099 358 1154 trum
382 1097 816 1154 Willelielmum
836 1096 1255 1152 Prenestinuzn
1274 1096 1624 1165 episcopum,
1642 1094 1852 1151 dantes

198 1186 606 1243 eicumvestra
618 1184 872 1241 caritate
886 1184 1351 1253 licenz'iam,utsi
1365 1182 1853 1253 guisintincobis

197 1275 455 1345 episcOpi
482 1288 599 1329 non
627 1274 974 1343 consecrati,
1008 1272 1318 1342 consecret,
1354 1272 1424 1339 et,
1452 1272 1506 1327 si
1548 1284 1672 1342 qua
1710 1270 1853 1328 sunt

198 1362 327 1418 alia
345 1362 688 1434 hujusmodi
717 1362 1251 1419 ecclesiasticarum
1264 1360 1635 1433 negociorum
1649 1360 1851 1416 minus

183 1451 461 1522 perfecta
477 1449 587 1520 ’3‘“,
606 1451 672 1507 in
692 1449 962 1507 omnibus
986 1450 1084 1506 ino
1080 1449 1285 1521 fensa
1290 1448 1701 1522 fraternitate
1720 1460 1851 1505 con-

194 1541 460 1597 summet.
496 1524 635 1597 Pam
659 1537 840 1596 vobis.

267 1630 381 1684 Has
416 1630 613 1699 itaque
646 1644 776 1686 cum
809 1630 863 1685 in
897 1630 1137 1685 auribus
1168 1628 1423 1684 omnium
1456 1626 1553 1697 qui
1604 1626 1845 1681 aderant

1954 487 2078 531 01$.

2028 566 2075 617 4.
2113 564 2295 619 Porro
2316 564 2517 635 paucis
2540 563 2729 620 adhuc
2748 564 3101 635 innotuerat,
3131 569 3281 638 quod
3306 569 3603 641 episcopa-

1954 652 2077 706 tum
2115 652 2310 722 precio
2341 658 2801 725 comparaverat,
2834 670 2963 709 cum
2996 670 3130 711 ecce
3155 656 3603 714 insurrexerunt

1959 738 2014 793 iu
2046 753 2175 794 eum
2208 755 2279 795 ex
2307 745 2569 810 equestri
2614 741 2815 797 ordine
2866 741 2975 797 viri
3021 742 3226 814 iniqui,
3277 744 3600 818 exigentes,

1960 825 2084 881 dari
2108 827 2218 882 sibi
2244 830 2532 899 promissa
2559 830 2858 899 beneﬁcia,
2884 831 3209 886 mercedem
3233 832 3503 890 videlicet
3531 834 3609 889 fa-

1961 915 2142 983 voris,
2179 917 2447 986 quoniam
2476 918 2586 988 ipsi
2626 934 2755 974 eum
2804 918 2985 987 magis
3033 921 3230 975 favore
3279 937 3384 977 suo
3436 936 3604 992 quam

1959 1003 2361 1059 ecclesiastica
2392 1004 2682 1062 electione
2715 1006 3183 1061 constituissent.
3221 1008 3442 1073 Quibus
3474 1024 3603 1065 cum

1963 1089 2059 1144 illo
2081 1089 2325 1160 plurima
2345 1092 2763 1163 episcopalium
2789 1092 3081 1148 redituum
3106 1095 3474 1164 concederet,
3498 1109 3604 1150 nec

1961 1181 2152 1233 tamen
2176 1180 2322 1235 satis
2345 1181 2429 1235 eis
2448 1181 2518 1235 ad
2539 1180 2816 1250 placitum
2837 1180 3187 1252 impertiret,
3210 1182 3604 1253 calumpniato

1960 1280 2030 1321 eo
2062 1266 2455 1323 absoedebant
2488 1268 2598 1339 33”,
2625 1275 2682 1325 et
2705 1269 2882 1339 aliqui
2906 1286 2977 1324 ex
3001 1270 3165 1325 eisin
3187 1270 3313 1339 ejus
3338 1270 3603 1339 injuriam

1959 1360 2151 1411 castra
2172 1356 2584 1428 instituebant,
2612 1357 2708 1413 alii
2728 1358 3133 1429 predacioues,
3160 1358 3254 1413 alii
3279 1374 3609 1416 concrema-

1960 1444 2161 1501 ciones
2189 1448 2564 1517 exercebant,
2598 1448 2741 1503 adeo
2771 1453 2833 1503 ut
2859 1448 3080 1503 nostris
3114 1464 3343 1519 quoque
3389 1454 3609 1520 tempo-

1962 1533 2144 1604 ribus,
2163 1534 2316 1589 sicut
2335 1535 2662 1606 antiquitus
2681 1537 2864 1591 factas
2880 1536 3149 1607 legimus,
3166 1535 3607 1594 devastaciones

1961 1621 2133 1691 hujus
2164 1622 2486 1679 Trebericze
2511 1622 2770 1678 civitatis
2803 1622 3195 1694 deploremus,
3249 1624 3505 1694 Denique
3556 1624 3605 1680 si

195 1718 593 1789 exposuisset,
621 1718 835 1788 adjecit
859 1718 968 1776 :S’i
970 1718 1183 1791 frater
1202 1720 1394 1774 noster
1412 1714 1697 1772 Metensis
1718 1728 1846 1770 con—
1876 1722 1929 1782 Β
1960 1711 2057 1780 qui
2092 1711 2162 1766 dc
2195 1710 2288 1743 ³⁸⁵⁰
2312 1712 2494 1781 clero,
2527 1716 2625 1768 aut
2660 1712 2832 1767 etiam
2866 1712 2933 1767 de
2974 1712 3203 1782 reliquo
3252 1713 3487 1783 p0pulo,
3534 1713 3606 1769 ad

191 1809 521 1864 secracioni
534 1808 789 1877 metropo
798 1808 999 1864 litanee
1012 1807 1272 1864 coluerit
1286 1807 1586 1874 interesse,
1603 1819 1703 1875 ego
1718 1803 1846 1860 vita

191 1896 400 1952 comite
421 1910 517 1951 ero
540 1898 595 1953 ei
610 1896 934 1965 adiutorio,
948 1898 1005 1952 si
1024 1911 1155 1953 vero
1165 1898 1368 1952 venire
1381 1909 1496 1950 non
1511 1895 1846 1950 maturave-

186 1984 292 2053 rit,
309 1986 489 2054 prout
504 1986 777 2041 dominus
781 1984 1149 2057 permiserit,
1176 1999 1277 2056 ego
1294 1984 1480 2041 vicem
1497 1982 1625 2051 ejus
1654 1980 1845 2037 adim-

186 2071 382 2142 plebo.
411 2073 669 2142 Denique
696 2073 775 2126 illi
798 2079 1041 2144 propter
1064 2087 1239 2142 supra
1268 2076 1618 2128 memoratas
1641 2083 1848 2125 causas

187 2160 478 2216 Treverim
500 2160 700 2215 venire
723 2161 964 2232 nolenti,
988 2162 1249 2231 profatus
1279 2158 1612 2227 cardinalis,
1639 2171 1846 2229 coope-

188 2248 344 2302 ranti
359 2248 464 2303 bus
480 2248 776 2319 episcopis
797 2249 1066 2304 Heiurico
1094 2247 1440 2303 Virdunensi
1463 2254 1522 2302 et
1545 2246 1847 2302 Cuonrado

186 2334 470 2405 Tullensi,
510 2338 847 2408 promissum
882 2336 1295 2393 Guodefridum
1324 2336 1691 2393 consecravit
1730 2334 1850 2407 epi-

187 2438 458 2495 scopum,
490 2425 581 2481 die
614 2425 901 2481 dominica
932 2428 965 2478 7
996 2426 1131 2482 ldus
1162 2425 1539 2497 Septembris.

274 2515 324 2567 3.
359 2513 444 2567 Ita
476 2513 703 2570 demum
735 2514 1130 2570 ordinaciouis
1160 2529 1279 2570 suae
1308 2528 1546 2584 compos
1585 2512 1849 2585 effectus,

202 2600 451 2671 quadam
483 2602 628 2673 vice,
660 2617 789 2658 cum
822 2602 1143 2673 debuisset,
1180 2610 1241 2660 ut
1275 2602 1454 2658 moris
1484 2607 1594 2672 est,
1631 2602 1686 2656 in
1738 2616 1853 2656 am-

205 2690 349 2744 bone
376 2689 834 2747 ildelibusverba
858 2690 1066 2747 salutis
1090 2693 1462 2749 adnunciare.
1480 2697 1538 2746 et
1562 2690 1852 2761 quomodo

196 2779 270 2834 de
303 2784 504 2835 sancta
535 2780 798 2837 trinitate
834 2781 1207 2837 senciendum
1238 2785 1396 2836 esset
1423 2779 1743 2847 elucidare,
1771 2780 1851 2834 ita

198 2868 692 2924 irracionabiliter
714 2874 769 2925 et
792 2869 1120 2925 inordinate
1139 2870 1492 2938 disserebat,
1520 2873 1581 2924 ut
1605 2869 1684 2923 hii
1704 2883 1850 2938 quos

195 2956 414 3012 docere
438 2956 720 3013 debuerat
747 2959 949 3029 pocius
972 2973 1099 3014 eum
1117 2958 1435 3014 hereticum
1461 2972 1631 3029 quam
1654 2958 1850 3013 catho-

192 3044 371 3100 licum
407 3045 684 3101 estimarc
719 3048 1067 3117 potuissent,
1105 3048 1152 3102 si
1184 3063 1296 3103 non
1339 3048 1537 3117 magis,
1588 3052 1649 3102 ut
1697 3050 1843 3114 erat,
1879 3084 1929 3147 Ο

200 3134 327 3204 ejus
341 3134 721 3205 eloquencise,
741 3136 1264 3208 inscientiae,quam
1284 3137 1555 3208 pravitati
1572 3136 1846 3192 hereticaa

200 3223 583 3279 addixissent.
612 3225 820 3280 Verum
846 3240 1091 3296 namque
1114 3230 1224 3296 est,
1244 3226 1397 3296 quod
1422 3229 1628 3282 beatus
1650 3226 1850 3282 Hiero-

197 3311 387 3368 nimus
416 3312 495 3368 ait
522 3332 533 3365 :
567 3313 761 3369 Stulti
786 3316 945 3383 sunt,
969 3316 1096 3385 qui,
1118 3328 1248 3371 cum
1267 3316 1430 3385 logui
1444 3315 1735 3386 nesciant,
1761 3315 1850 3371 ta-

195 3414 324 3456 cere
350 3414 468 3457 non
488 3403 751 3473 possunt.
786 3404 854 3458 Ut
885 3403 1037 3458 enim
1074 3420 1245 3460 unum
1278 3405 1348 3462 de
1373 3403 1572 3460 multis
1599 3404 1849 3460 locucio-

198 3490 288 3545 uis
322 3503 443 3546 suae
475 3491 768 3548 erratibus
798 3506 1176 3563 exponamus,
1210 3509 1361 3563 cum,
1395 3498 1456 3549 ut
1491 3494 1762 3559 diximus,
1788 3494 1845 3549 in

196 3578 443 3635 ambone
466 3581 830 3638 constitutus
846 3582 977 3637 fidei
998 3584 1173 3639 verba
1192 3583 1505 3653 explanare
1532 3583 1842 3640 voluisset:

198 3666 454 3731 Credite,
478 3668 698 3738 inquid,
722 3671 873 3738 quia
889 3670 1008 3727 tres
1030 3670 1255 3727 domini
1273 3685 1429 3727 unus
1446 3672 1719 3728 dominus
1736 3672 1840 3740 est,

197 3769 477 3826 personas
507 3757 773 3812 dominos
806 3758 1218 3830 interpretans,
1246 3775 1375 3815 cum
1401 3760 1472 3815 ab
1495 3761 1843 3816 orthodoxis

200 3849 323 3901 tres
354 3845 501 3900 Deos
531 3851 629 3900 aut
662 3845 929 3903 dominos
949 3848 1145 3903 dicere
1172 3848 1600 3919 prohibeamur,
1627 3855 1687 3905 ut
1713 3850 1846 3904 bea-

194 3938 292 3990 tus
323 3932 677 3989 Athanasius
709 3933 1138 3991 Alexandrinus
1170 3943 1225 3992 in
1263 3937 1524 3993 edicione
1573 3938 1703 3994 fidei
1752 3954 1847 3995 ca-

196 4021 431 4078 tholicae
455 4024 763 4093 proposuit
790 4024 992 4079 (licens
1017 4043 1029 4077 :
1051 4026 1231 4081 Sicut
1247 4026 1618 4096 singillatim
1639 4043 1846 4086 unam-

186 4124 222 4182 g
230 4122 808 4181 uamguepersonam
818 4114 1007 4168 Deum
1019 4127 1091 4169 ac
1102 4114 1402 4172 dominum
1414 4117 1682 4187 conﬁteri
1696 4118 1847 4175 clari.

186 4197 393 4257 stiana
405 4199 659 4255 veritate
668 4201 1092 4273 compellimur,
1108 4204 1197 4261 ita
1211 4204 1331 4261 tres
1350 4207 1503 4265 Deos
1529 4210 1641 4265 aut
1661 4212 1846 4269 domi-

185 4302 290 4346 nos
302 4289 498 4346 dicere
509 4289 801 4346 catholica
813 4290 1103 4361 religione
1105 4293 1539 4365 prohibemur?
1546 4300 1749 4357 roinde
1773 4318 1842 4359 ne

186 4383 1061 4448 corrumperentur—testante
1092 4384 1242 4439 enim
1277 4387 1545 4456 apostolo
1587 4404 1842 4447 corrum-

186 4467 338 4538 punt
361 4481 551 4524 mores
579 4467 753 4526 bonos
777 4471 1075 4541 colloquia
1103 4473 1270 4529 mala
1302 4473 1365 4542 (Ι
1384 4476 1513 4531 σον.
1551 4494 1643 4549 xv,
1670 4483 1840 4552 33)—

192 4568 344 4611 unus
374 4556 426 4611 in
458 4557 609 4613 viam
639 4573 799 4615 suam
830 4559 1139 4632 disputans
1170 4562 1325 4619 inter
1352 4578 1431 4635 se,
1464 4566 1640 4623 istum
1674 4571 1838 4639 quasi

190 4658 357 4700 novae
374 4644 505 4701 fidei
524 4648 701 4703 verba
718 4648 973 4705 inaudita
991 4658 1081 4706 set
1097 4652 1349 4709 heretica
1370 4655 1653 4729 proferre,
1679 4673 1840 4714 num-

188 4745 359 4818 quam
376 4732 681 4790 doctorum
699 4751 934 4793 suorum
952 4742 1275 4811 quempiam
1292 4742 1623 4813 hujusmodi
1641 4751 1840 4818 protu-

187 4817 347 4878 lisse.
364 4822 436 4877 Et
453 4822 684 4893 quidem
700 4825 770 4879 de
785 4826 1244 4896 simplicioribus
1260 4832 1436 4901 aliqui
1450 4817 1661 4890 exinde
1676 4850 1839 4892 scan-

185 4908 422 4968 dalizati
447 4916 504 4967 et
530 4911 756 4969 seducti
774 4914 1038 4985 fuissent,
1058 4916 1164 4972 nisi
1189 4918 1474 4976 industris
1488 4922 1630 4978 cleri
1648 4924 1838 4995 predi-

183 5001 422 5057 cacione
447 5001 557 5058 viae
578 5002 839 5059 restituti
864 5010 1038 5074 atque
1060 5008 1377 5063 secundum
1393 5009 1729 5068 Christianae
1747 5028 1839 5069 ve-

190 5088 384 5147 ritatis
417 5093 837 5163 professionem
862 5093 1138 5150 instructi
1163 5096 1486 5169 audissent,
1514 5101 1667 5171 quod
1690 5117 1839 5161 unus

183 5181 242 5231 et
281 5177 433 5236 idem
465 5182 618 5241 Deus
655 5181 944 5240 indivisus
990 5187 1048 5240 et
1092 5185 1378 5244 inscissus
1421 5189 1612 5246 trinus
1656 5190 1734 5246 sit
1780 5192 1835 5246 in

1959 1815 2108 1871 opus
2138 1815 2304 1856 suum
2337 1802 2408 1857 de
2438 1800 2676 1856 civitate
2708 1806 3011 1870 exeuntes,
3044 1802 3150 1857 hac
3181 1802 3302 1857 sive
3336 1802 3475 1858 illuc
3510 1801 3607 1859 ha-

1960 1889 3608 1962 buissentdivertere,capietiantur,calumpniabantur,et

1958 1979 2149 2035 omnia
2184 1995 2286 2034 sua
2317 1980 2403 2034 eis
2436 1978 2814 2035 tollebantur.
2838 1980 3044 2035 Toeius
3062 1986 3254 2035 autem
3275 1980 3445 2050 hujus
3465 1980 3607 2037 inte-

1958 2068 2111 2124 ritus
2146 2072 2352 2123 auctor
2375 2074 2433 2124 et
2458 2070 2682 2140 predux
2704 2068 3123 2138 Willehelmus,
3150 2069 3317 2137 cujus
3342 2070 3606 2139 proximo

1957 2171 2225 2212 sermone
2246 2157 2461 2212 mentio
2484 2161 2577 2212 est
2599 2158 2769 2229 (524),
2792 2172 3008 2228 comes,
3030 2162 3090 2214 et
3113 2157 3265 2213 ﬁlius
3282 2158 3408 2227 ejus
3427 2159 3605 2215 C‘uon-

1958 2245 2155 2315 radus,
2195 2245 2289 2315 qui
2338 2246 2486 2301 sicut
2539 2247 2744 2317 patriae
2796 2248 3196 2317 possessionis,
3244 2247 3322 2302 ita
3373 2262 3602 2318 quoque

1956 2334 2129 2389 heres
2154 2338 2209 2390 et
2232 2334 2487 2390 imitator
2508 2334 2694 2389 tocius
2710 2334 2937 2389 exstitit
2958 2335 3313 2405 iniquitatis;
3333 2341 3393 2391 et
3414 2335 3460 2391 si
3486 2349 3602 2405 quo

1959 2422 2128 2479 modo
2159 2439 2271 2479 non
2302 2438 2408 2494 per
2439 2423 2629 2479 omnia
2658 2424 2883 2495 equalis
2916 2424 3065 2495 patri
3100 2424 3152 2478 in
3179 2424 3402 2481 malicia
3448 2429 3597 2497 erat,

1960 2513 2144 2582 magis
2165 2511 2325 2567 illum
2348 2512 2635 2568 scelerum
2656 2512 3040 2568 immensitate
3060 2528 3226 2583 quam
3248 2514 3361 2568 ulla
3387 2511 3598 2585 preivit

1959 2599 2369 2657 dimiuucione'.
2397 2602 2610 2657 Horum
2635 2608 3050 2673 cooperatores
3071 2603 3426 2658 exstiterunt
3456 2602 3606 2674 ipso-

1960 2703 2084 2744 rum
2122 2694 2236 2744 tam
2269 2690 2519 2747 ministri
2556 2706 2723 2762 quam
2755 2691 2923 2747 liberi
2953 2724 3023 2732 —-
3051 2693 3096 2747 si
3131 2697 3323 2747 tamen
3366 2692 3496 2762 quis
3544 2693 3610 2749 1i-

1961 2776 2174 2832 berm‘
2207 2778 2423 2836 dicitur
2456 2781 2551 2851 qui
2599 2796 2806 2837 servus
2855 2786 2943 2836 est
2994 2781 3320 2852 iniquitatis
3368 2787 3427 2838 et
3476 2796 3609 2839 esse

1961 2867 2329 2924 convincitur
2346 2901 2410 2910 -—
2427 2869 2724 2925 zecclesias
2743 2869 3067 2940 diruentes,
3088 2876 3144 2925 et
3166 2870 3456 2941 lapidibus
3472 2871 3606 2927 inde

1962 2955 2233 3026 sumptis,
2267 2972 2395 3012 cum
2428 2958 2525 3013 alii
2556 2974 2660 3029 pro
2695 2959 2959 3015 manibus
3009 2975 3120 3015 non
3170 2965 3357 3029 erant,
3410 2962 3604 3017 castra

1959 3058 2083 3113 sua,
2121 3045 2272 3116 quod
2306 3046 2467 3102 dictu
2493 3063 2722 3117 quoque
2748 3048 2908 3103 nefas
2931 3051 3041 3116 est,
3066 3053 3495 3105 construentes.
3524 3051 3604 3105 Ex

1962 3132 2175 3203 quibus
2226 3134 2457 3204 quidam
2510 3136 2797 3191 Brunicho
2847 3136 2901 3190 in
2952 3137 3250 3192 cacumine
3300 3137 3601 3207 cujusdam

1960 3223 2195 3291 montis,
2224 3222 2472 3278 miliario
2505 3226 2575 3279 ab
2611 3226 2753 3280 urbe
2784 3225 2915 3297 plus
2948 3227 3137 3282 minus
3166 3228 3440 3297 secundo,
3485 3231 3606 3282 tur-

1961 3310 2066 3367 rim
2097 3311 2415 3382 exstruxit,
2438 3328 2565 3383 quae
2589 3313 2676 3369 bis
2700 3314 2829 3383 igne
2847 3318 2916 3369 dc
2939 3315 3064 3371 celo
3098 3316 3364 3372 veniente
3397 3314 3610 3370 conﬂa-

1957 3401 2184 3473 gravit;
2220 3416 2325 3457 nec
2360 3407 2548 3458 tamen
2582 3401 2680 3458 ille
2705 3404 2775 3458 ab
2824 3404 3113 3473 injusticia
3159 3405 3354 3460 vertit.
3405 3406 3606 3461 Mirum

1959 3496 2053 3547 est
2085 3490 2237 3560 quod
2260 3490 2528 3561 referam,
2549 3496 2605 3546 et
2633 3492 2878 3548 fortasse
2901 3508 3214 3563 paucorum
3239 3493 3461 3551 auditui
3481 3509 3608 3550 cre-

1960 3578 2177 3646 dibile;
2211 3585 2651 3651 verumptamen
2683 3582 2973 3653 noverint,
3008 3583 3184 3654 quod,
3218 3589 3275 3640 et
3311 3599 3397 3639 me
3432 3600 3606 3656 super

1957 3667 2066 3723 hoc
2098 3672 2551 3739 opstupescente
2582 3674 2639 3725 et
2674 3686 2776 3741 pro
2807 3672 2890 3727 rei
2923 3671 3183 3729 novitate
3230 3673 3393 3729 fidem
3447 3673 3605 3729 adhi-

1958 3755 2098 3811 bere
2116 3756 2371 3826 nolente,
2393 3756 2611 3814 relator
2627 3775 2823 3815 eorum
2846 3776 2971 3830 quae
2991 3761 3257 3817 dicturus
3276 3778 3421 3831 sum,
3442 3764 3607 3819 testi-

1958 3844 2138 3899 ﬁcans
2164 3844 2219 3899 in
2246 3847 2360 3900 Deo
2382 3860 2515 3901 vera
2541 3862 2668 3903 esse
2694 3853 2753 3902 et
2776 3849 2996 3905 vidisse
3015 3864 3076 3904 se
3101 3850 3269 3904 simul
3294 3854 3351 3905 et
3371 3836 3606 3908 audisse

1959 3949 2085 4006 quae
2120 3933 2365 4003 diceret,
2404 3935 2618 4005 aiebat,
2657 3937 2812 4006 quod
2848 3953 3020 4007 supra
3054 3939 3383 3995 nominatus
3409 3942 3609 3998 Bruni—
3706 3941 3719 3951 ’

1956 4026 2065 4081 cho
2099 4022 2250 4079 idem
2281 4023 2388 4079 hoc
2421 4031 2678 4080 castrum
2714 4041 2902 4095 suum,
2957 4026 3109 4096 quod
3137 4027 3336 4097 utique
3359 4030 3606 4090 circum-

1951 4114 2204 4183 jacentis
2236 4112 2547 4184 provincia»
2582 4114 2745 4185 plaga
2780 4120 2839 4169 et
2870 4115 3196 4172 destructio
3230 4124 3379 4189 erat,
3416 4125 3479 4175 ut
3524 4123 3603 4181 ita

1958 4204 2166 4273 dicam,
2194 4202 2325 4258 fidei
2350 4208 2406 4258 et
2434 4203 2713 4258 custodia:
2734 4209 2950 4260 satana:
2975 4208 3439 4264 commendasset
3468 4228 3481 4275 ;
3508 4214 3605 4282 qui

1957 4292 2232 4349 videlicet
2251 4292 2454 4347 sathan
2474 4291 2615 4346 mira
2633 4296 2687 4346 et
2707 4292 3037 4348 incredibili
3068 4295 3463 4353 familiaritate
3490 4301 3601 4356 cir-

1956 4396 2024 4438 ca
2059 4382 2246 4452 ipsum
2283 4388 2540 4438 castrum
2575 4382 2965 4452 discurrebat,
3003 4399 3067 4439 ac
3100 4400 3169 4439 ne
3200 4385 3428 4456 longius
3454 4388 3600 4446 idem

1956 4472 2232 4528 sathauas
2249 4472 2414 4541 quasi
2432 4486 2459 4526 a
2478 4474 2675 4527 castro
2691 4471 3377 4544 declinaret,porcionem
3393 4479 3606 4550 stipen-

1957 4561 2037 4618 dii
2075 4560 2248 4615 trium
2282 4561 2577 4617 hominum
2610 4552 2857 4631 ad'opus
2888 4563 3014 4633 ejus
3053 4563 3106 4617 in
3155 4573 3379 4622 secreta
3436 4576 3601 4639 parte

1957 4649 2165 4707 domus
2200 4649 2444 4706 cottidie
2477 4650 2618 4705 hora
2648 4650 2875 4720 prandii
2910 4652 3137 4708 deferre
3179 4655 3394 4722 jussit;
3448 4659 3600 4727 quod

1958 4754 2126 4812 quam
2161 4738 2276 4794 cito
2307 4739 2658 4809 depositum,
2693 4741 3061 4812 absumptum
3097 4748 3187 4820 est
3220 4744 3273 4797 in
3308 4750 3599 4800 momento

1953 4842 2147 4885 coram
2172 4842 2240 4907 ego
2262 4828 2358 4899 qui
2380 4828 2589 4884 detulit
2614 4847 2628 4896 ;
2652 4844 2758 4884 nec
2778 4835 2973 4885 tamen
2994 4830 3091 4886 ille
3119 4831 3493 4888 devorantem
3518 4835 3600 4891 vi-

1952 4918 2058 4989 dit,
2094 4917 2193 4973 sed
2228 4932 2452 4988 sonum,
2491 4919 2653 4988 quasi
2685 4934 2859 4975 voces
2888 4934 3093 4975 canum
3126 4922 3476 4978 certantium
3509 4937 3601 4981 au-

1948 5006 2112 5063 divit.

2020 5119 2069 5171 ὅ.
2106 5115 2206 5171 His
2236 5114 2416 5184 igitur
2446 5113 2921 5183 ethujuscemodi
2949 5115 3438 5175 tribulacionibus
3460 5118 3602 5176 mul-

1953 5203 2029 5259 tis
2059 5208 2120 5258 et
2152 5202 2317 5258 malis
2349 5201 2548 5257 aﬂlirti
2574 5202 2886 5275 Treberici,
2922 5203 2993 5260 ad
3018 5219 3171 5277 eum,
3212 5205 3379 5278 cujus
3424 5220 3602 5265 causa

1558 5342 1793 5397 VARIE
1837 5346 2235 5403 LECTIONES.

267 5424 360 5460 ³⁸⁴⁷
391 5427 635 5501 pretulit
667 5444 714 5487 ο.
792 5427 884 5463 ³⁸⁴⁸
915 5434 1174 5503 perfecta
1207 5448 1374 5505 quam
1405 5435 1459 5491 in
1488 5450 1535 5495 c.
1614 5437 1707 5474 ³⁸⁸⁸
1735 5440 2100 5572 ηιῖἓδξὲεηι
2126 5458 2172 5503 e.
2254 5441 2349 5476 ³⁸⁵⁰
2382 5442 2545 5504 deest
2566 5457 2614 5500 c.
2694 5442 2783 5476 ³⁸⁵¹
2813 5443 2944 5515 quis
2978 5444 3119 5503 libet
3150 5459 3197 5504 ο.

256 5568 409 5647 (624)
440 5571 601 5630 Gest.
634 5571 815 5632 addit.
851 5588 901 5632 ο.
935 5574 1020 5638 24.
