3958 6046
384 258 529 328 1231

998 257 1267 328 GESTA
1292 255 1881 328 TREVERORUM.
1920 297 1991 309 -
2022 255 2291 325 GESTA
2323 250 2775 323 GODEFRIDI
2803 253 3187 322 ARCHIEP.

3636 254 3797 321 1232

380 418 506 475 haec
559 417 751 474 omnia
791 415 908 473 illis
947 415 1330 485 inferebatur,
1375 417 1744 475 Guotfridum
1788 417 2020 488 inquam
2051 398 2105 459 Α
2138 412 2265 472 dies
2290 412 2349 470 et
2372 412 2554 484 locus,
2574 409 2680 471 ubi
2702 414 2814 472 loci
2831 412 3226 485 inprovincia
3257 411 3461 470 vesb'a
3477 412 3793 484 conpeta:

379 505 597 564 dictum
638 505 995 578 episcopum,
1039 506 1567 576 congregabantur,
1612 510 1672 561 et
1714 506 1790 562 ita
1836 506 2021 577 ipsum

377 593 804 666 compellarunt
834 613 845 647 :
884 592 1181 659 Quamdiu
1208 592 1329 650 ista
1348 594 1603 664 passuri
1638 602 1883 652 sumus?
1913 595 2022 661 Qui

379 682 457 737 ait
484 701 497 737 :
544 682 650 741 Vos
677 682 848 740 scitis
856 681 1185 754 perﬁdiam
1204 681 1263 737 et
1279 683 1585 740 maliciam
1609 684 1794 741 tocius
1814 697 2025 755 cogna-

376 771 558 828 tionis
577 769 752 829 illius
758 770 1047 842 pessime,
1073 782 1205 840 que
1225 768 1295 826 de
1315 771 1556 827 castello
1589 771 2023 829 Lucelenburch

376 858 531 917 dicto
560 857 651 892 ³⁸⁸³
682 857 936 916 oriunda
967 858 1328 929 est,quantis
1359 860 1829 917 adversitatibus
1864 861 2026 917 ante-

387 960 640 1004 cessores
683 960 857 1017 meos,
925 947 1043 1002 mei
1092 945 1302 1017 utique
1355 949 1622 1018 respectu
1676 949 2025 1019 apostolicos

375 1034 559 1104 viros,
584 1035 970 1109 affecerunt;
996 1034 1069 1090 ut
1073 1034 1378 1105 prophete
1398 1036 1591 1093 verbis
1638 1038 1820 1094 utar:
1845 1055 1871 1085 «
1892 1038 2025 1094 Non

381 1123 539 1179 enim
556 1122 770 1181 melior
790 1136 921 1180 sum
940 1137 1125 1194 quam
1131 1122 1344 1195 patres
1362 1124 1480 1180 mei
1503 1124 1637 1193 (III
1642 1128 1784 1198 Reg.
1806 1142 1915 1197 xxx,
1935 1128 1986 1199 4)
2006 1143 2020 1193 ;

373 1223 576 1284 nempe
598 1210 709 1283 qui
744 1224 852 1269 nos
889 1212 1262 1282 impugnant,
1304 1213 1425 1282 ipsi
1468 1214 1661 1271 nostri
1686 1215 2024 1287 protecturi

378 1299 766 1357 erant.Atilli
790 1300 1429 1371 responderuntzNum
1462 1303 1519 1359 si
1550 1303 1861 1360 materiali
1889 1304 2024 1374 gla-

365 1385 461 1445 dio
486 1385 804 1461 defendere
818 1401 924 1446 nos
942 1402 1062 1445 non
1077 1389 1459 1459 potes,quare
1478 1389 1687 1447 saltim
1706 1390 2023 1462 spirituali

369 1489 477 1534 nos
496 1489 616 1533 non
646 1475 967 1549 defendis?
996 1478 1065 1533 Et
1091 1476 1189 1532 ille
1215 1495 1227 1533 :
1251 1477 1582 1548 Numquid,
1611 1479 1710 1533 ait.
1737 1479 2019 1550 audistis,

370 1563 653 1637 quomodo
682 1564 786 1621 illi
814 1565 1237 1624 auctoritatem
1278 1566 1665 1638 episcopalem
1700 1568 2021 1640 parvipen-

375 1652 548 1720 dunt,
580 1652 860 1724 dicentes,
889 1667 1009 1711 non
1033 1667 1201 1725 posse
1246 1668 1338 1709 me
1382 1668 1742 1727 quemquam
1785 1656 2022 1713 vinculo

2135 505 2333 560 visum
2347 503 2571 576 fuerit,
2603 502 2811 574 ibique
2836 501 3073 559 sedente
3116 501 3225 559 hoc
3260 500 3384 559 loco
3424 501 3685 573 judicia,
3730 503 3791 559 et

2135 592 2439 649 advocatis
2488 591 2968 661 circumjacentis
3019 591 3342 661 provincie
3387 592 3683 662 episcopis
3732 595 3793 650 et

2134 678 2282 735 aliis
2293 679 2626 750 quibusque
2638 680 2945 750 religiosis
2948 678 3417 749 personis,homo
3434 679 3541 737 ille
3583 695 3788 739 conoe-

2133 767 2240 823 nia
2247 767 2345 823 tur
2354 787 2379 837 ,-
2388 768 2444 825 si
2456 768 2735 824 innocens
2750 767 3029 824 inventus
3035 767 3260 839 fuerit,
3291 767 3661 839 dimittatur,
3684 771 3784 827 sin

2136 857 2354 925 autem,
2380 857 2743 913 amoveatur.
2770 858 2891 914 Nos
2908 870 3044 912 vero
3065 856 3342 914 ecclesie
3356 857 3587 927 vestre,
3621 858 3783 916 anti-

2133 958 2265 1014 que
2278 945 2377 1001 illi
2390 946 2449 1000 et
2462 944 2653 1001 nobili
2676 944 3000 1002 Treberice
3015 945 3612 1017 melr0poli,propieio
3645 948 3781 1017 Deo,

2135 1033 2394 1091 debitum
2406 1047 2522 1090 non
2534 1033 2894 1104 abnegamus
2907 1034 3183 1091 honorem
3192 1036 3641 1106 verumptamen
3650 1050 3782 1093 cum

2134 1122 2337 1179 eadem
2358 1122 2624 1180 ecclesia
2640 1123 2722 1179 ad
2753 1124 3019 1193 priorem
3044 1123 3255 1195 fuerit
3295 1123 3583 1181 restituta
3627 1125 3783 1181 deco-

2131 1224 2276 1267 rem.
2314 1213 2379 1266 Et
2401 1225 2687 1282 responso
2707 1215 2972 1283 accepto,
2995 1212 3072 1266 hii
3113 1211 3206 1245 ⁸⁸⁸⁷
3231 1213 3326 1283 qui
3344 1212 3501 1270 missi
3549 1213 3783 1270 fuerant

2133 1301 2412 1371 absoluti,
2443 1301 2500 1357 in
2533 1315 2636 1357 sua
2668 1306 2807 1358 sunt
2830 1302 3111 1358 restituti.

2202 1395 2252 1444 7.
2289 1389 2548 1460 Denique
2578 1404 2707 1446 cum
2737 1391 2854 1460 jam
2887 1392 3006 1445 fere
3037 1391 3108 1446 ad
3139 1393 3392 1448 omnium
3435 1405 3540 1462 per
3568 1391 3779 1448 circui-

2128 1481 2252 1532 tum
2277 1476 2550 1533 noticiam
2574 1478 2933 1548 devenisset,
2951 1478 3408 1549 omnesqueejus
3423 1479 3779 1538 detestaren.

2132 1570 2229 1621 tur
2261 1566 2604 1636 ingressum,
2638 1580 2764 1636 eos,
2799 1582 2947 1637 quos
2984 1583 3161 1639 supra
3207 1568 3519 1623 memoravi
3561 1583 3674 1639 pro
3715 1583 3776 1625 se

2131 1654 2368 1709 Romam
2398 1654 2679 1723 directos,
2715 1654 2915 1725 sepius
2947 1655 3268 1725 lacessivit,
3302 1655 3459 1726 quod
3485 1661 3602 1711 tam
3638 1656 3776 1712 infa-

364 1741 689 1813 spirituali
706 1741 803 1798 vel
824 1741 1019 1813 ligare
1038 1740 1131 1798 vel
1154 1740 1471 1813 absolvere,
1503 1746 1789 1815 quoniam
1813 1746 2019 1815 prede-
2047 1756 2103 1816 Β
2132 1741 2240 1796 mis
2271 1740 2341 1797 de
2372 1756 2443 1797 eo
2472 1756 2668 1798 rumor
2700 1743 3074 1813 processerit,
3110 1743 3368 1814 ipsorum
3416 1744 3606 1816 culpas
3637 1759 3768 1802 esse

360 1842 657 1887 cessorum
684 1842 942 1887 meorum
986 1830 1054 1887 in
1101 1829 1215 1888 hac
1258 1830 1395 1888 sede
1448 1831 2023 1904 archiepiscoporum

358 1917 543 1989 pallii
559 1918 843 1976 videlicet
866 1933 983 1975 non
1008 1917 1233 1990 fungor
1264 1919 1500 1990 honore,
1519 1935 1635 1992 pro
1668 1937 1781 1993 quo
1818 1924 2025 1994 acqui-

360 2006 563 2078 rendo,
594 2020 698 2065 vos
724 2005 943 2065 videtis
977 2006 1138 2078 quod
1180 2008 1445 2079 corporis
1491 2010 1852 2082 inﬁrmitate
1884 2025 2023 2083 pre-

356 2084 608 2169 peditus
654 2094 931 2153 damnum
958 2109 1190 2167 papam
1236 2096 1411 2154 adire
1453 2111 1572 2154 non
1602 2113 1865 2169 possum.
1913 2102 2028 2157 Set

365 2182 529 2242 sicut
552 2184 792 2256 sepius,
851 2183 945 2241 ita
998 2184 1218 2241 iterum
1274 2186 1334 2241 et
1382 2199 1541 2243 nunc
1596 2187 1863 2245 obsecro:
1921 2204 2023 2246 vos

366 2271 678 2345 segregate
704 2270 894 2331 michi
924 2270 994 2328 de
1021 2271 1189 2329 vobis
1200 2273 1532 2345 prudentes
1575 2276 1892 2349 utriusque
1934 2291 2023 2335 or-

360 2360 526 2420 dinis
542 2363 729 2432 viros,
748 2362 856 2433 qui
880 2362 1052 2420 tanta
1073 2361 1377 2433 legacione
1400 2363 1571 2435 digni
1590 2363 1943 2437 habeantur,
1968 2369 2029 2425 et

359 2464 466 2523 ego
489 2451 576 2511 eis
596 2450 709 2509 vie
728 2449 1009 2509 subsidia
1026 2451 1404 2509 ministrabo.
1426 2453 1908 2526 Responsumque
1928 2462 2018 2512 est

353 2540 405 2596 ei
424 2558 437 2597 :
452 2540 555 2597 Ea:
560 2540 747 2612 parte
761 2553 896 2612 que
917 2539 1182 2614 loqueris
1196 2554 1341 2597 vera
1358 2542 1520 2612 sunt,
1535 2543 1642 2599 sed
1660 2543 1836 2601 aliud
1852 2545 2018 2604 nobis

300 2668 303 2673 -
350 2628 711 2686 insinuatur
731 2627 805 2685 ab
830 2627 929 2685 his
946 2627 1054 2698 qui
1069 2641 1175 2685 nos
1185 2632 1657 2702 persequuntur,
1670 2634 2020 2691 comminan-

350 2716 528 2784 tibus,
558 2731 677 2774 non
701 2716 841 2773 ante
858 2730 965 2774 nos
981 2730 1186 2787 pacem
1209 2716 1539 2790 habituros,
1567 2733 1751 2791 quam
1765 2736 2015 2780 munera

350 2818 487 2876 que
515 2805 668 2877 ipsis
692 2819 802 2876 pro
820 2804 1100 2862 electione
1117 2805 1208 2863 tui
1236 2807 1607 2878 sp0pondisti
1619 2809 2006 2885 persolveris.

364 2894 816 2965 Verumptamen
846 2894 920 2951 ut
942 2894 1213 2951 omnibus
1233 2895 1449 2966 pateat
1464 2894 1555 2928 ³⁸⁸³
1571 2898 1731 2968 quod
1746 2897 1813 2954 in
1840 2898 2010 2958 nobis

347 2995 467 3038 non
487 2980 761 3052 obsistat,
776 2994 881 3040 nos
902 2982 1182 3039 domuum
1197 2995 1421 3053 papam
1440 2984 1508 3040 in
1525 2987 1763 3042 nomine
1784 2986 1881 3043 tuo
1903 2988 2005 3043 ad-

2132 1826 2356 1883 dicens.
2389 1828 2486 1885 Set
2518 1842 2591 1883 ex
2620 1828 2707 1884 eis
2737 1830 3025 1899 quendam
3066 1830 3481 1887 Theodericum
3514 1832 3767 1901 nomine,

2131 1914 2438 1971 diaconum
2472 1916 2695 1986 domus,
2715 1917 2904 1972 virum
2939 1931 3131 1973 acrem
3153 1918 3385 1988 ingenio
3408 1923 3466 1974 et
3490 1919 3772 1975 ambicio-

2127 2017 2252 2057 sum
2274 2003 2461 2067 valde,
2472 2017 2576 2075 per
2597 2019 2773 2075 supra
2797 2013 3174 2062 memoratum
3190 2007 3581 2077 presbiterum
3601 2022 3770 2064 suum

2127 2090 2433 2147 Mat-tinum
2464 2095 2525 2147 et
2555 2092 2862 2149 Bolsouem
2898 2094 3207 2164 quendam,
3240 2109 3411 2165 quem
3458 2095 3553 2151 hic
3584 2095 3772 2151 archi-

2127 2178 2471 2236 diaconatus
2494 2180 2685 2237 oﬂlcio
2710 2181 3147 2253 sublimaverat,
3166 2183 3299 2252 quia
3321 2197 3452 2240 cum
3470 2184 3587 2253 jam
3608 2184 3766 2240 dicto

2125 2268 2369 2324 Martino
2388 2268 2496 2339 ipsi
2513 2269 2919 2341 episcopatum
2932 2278 3189 2342 emptum
3207 2271 3377 2341 ierat,
3393 2271 3524 2329 aliis
3540 2272 3763 2342 insciis,

2126 2354 2259 2412 data
2292 2362 2351 2413 et
2376 2358 2664 2429 promissa
2699 2359 2941 2430 pecunia
2975 2360 3260 2431 corrupit,
3293 2365 3353 2416 ut
3384 2367 3588 2417 contra
3622 2361 3765 2419 alios

2124 2443 2245 2514 ipse
2277 2444 2549 2502 defensor
2581 2446 2709 2516 ejus
2728 2446 2914 2503 fieret.
2948 2449 3085 2503 Nam
3120 2463 3238 2520 prae
3281 2450 3498 2504 ceteris
3532 2450 3765 2519 majoris

2121 2536 2247 2588 erat
2269 2533 2630 2603 eloquencite
2661 2538 2719 2590 et
2751 2536 3144 2607 auctoritatis,
3177 2540 3266 2593 set
3296 2541 3356 2593 et
3377 2537 3557 2593 animi
3579 2537 3765 2609 dupli-

2120 2620 2226 2690 cis,
2260 2621 2355 2691 qui
2381 2622 2675 2693 utrimque
2709 2638 2877 2680 manu
2911 2624 3264 2695 ﬁrmaverat,
3308 2625 3425 2693 hic,
3468 2626 3626 2697 quod
3657 2641 3762 2683 seco

2117 2707 2314 2764 clesiae
2338 2724 2572 2766 causam
2597 2712 2971 2782 ageret,illic,
2997 2712 3152 2783 quod
3175 2713 3410 2785 adjutor
3430 2714 3562 2783 ejus
3576 2713 3762 2771 fidelis

2115 2796 2423 2852 existeret.
2454 2798 2563 2865 Qui
2603 2798 2833 2855 demum
2876 2814 3005 2856 cum
3048 2801 3260 2857 crebro
3302 2801 3591 2859 adversus
3627 2817 3757 2860 eum

2116 2885 2304 2941 factos
2321 2893 2568 2943 conatus
2588 2894 2952 2958 evacuasset,
2980 2903 3229 2961 persepe
3250 2890 3424 2946 etiam
3452 2888 3750 2959 incitaret,

2106 2972 2265 3042 justo
2283 2973 2383 3029 Dei
2399 2973 2642 3046 judicio,
2664 2976 2766 3032 illo
2785 2991 2999 3046 genere
3024 2978 3209 3034 morbi
3230 2993 3397 3049 quem
3413 2979 3601 3035 Graeci
3618 2978 3759 3036 lien-

298 3140 308 3151 ,
348 3068 629 3137 bibimus,
656 3071 715 3128 et
732 3069 1187 3128 tribulacionem
1236 3071 1347 3128 loci
1389 3073 1583 3130 nostri
1627 3088 1997 3146 exponemus,

2120 3060 2317 3116 teriam
2340 3061 2431 3094 ³⁸⁸⁸
2454 3063 2749 3119 nominant
2766 3064 3114 3136 inﬁrmatus,
3143 3066 3461 3137 insperato,
3480 3082 3613 3124 cum
3634 3082 3763 3124 sur-

346 3159 803 3230 dicemusque,si
826 3158 937 3216 tibi
954 3160 1150 3216 visum
1152 3160 1379 3231 fuerit,
1395 3161 1555 3232 quod
1576 3164 1724 3233 quia
1732 3165 2002 3233 pallium
2031 3150 2080 3174 υ
2109 3150 2364 3207 rexisset
2386 3156 2450 3207 ut
2467 3158 2728 3209 ventrem
2756 3158 3054 3225 purgaret,
3075 3153 3249 3212 simul
3279 3168 3408 3212 cum
3439 3157 3748 3226 egestione

344 3246 688 3318 metropolis
713 3247 923 3306 nostra
949 3262 1067 3304 non
1094 3247 1329 3319 habeat,
1363 3248 1520 3306 hanc
1561 3264 1686 3307 esse
1732 3266 1993 3323 causam,

344 3349 535 3406 quare
548 3350 665 3392 non
678 3337 876 3407 possis
896 3336 1347 3405 impugnatores
1369 3337 1553 3408 hujus
1573 3337 1851 3397 ecclesie
1868 3354 1999 3398 nos-

350 3421 458 3481 tre
485 3425 867 3495 conprimere,
899 3424 1321 3495 addemusquc,
1356 3426 1425 3480 ut
1445 3441 1562 3497 pro
1606 3427 1720 3484 Dei
1765 3430 1998 3486 nomine

342 3513 686 3569 meminerit
711 3510 1127 3569 tribulationis
1155 3513 1375 3569 nostre
1412 3513 1673 3571 debitum
1721 3515 1996 3573 honorem

343 3598 618 3656 ecclesie
644 3600 861 3656 nostre
889 3599 1266 3656 concedendo.
1309 3602 1510 3671 Itaque
1561 3602 1615 3656 in
1667 3603 1773 3659 hcc
1813 3606 1990 3661 verba

341 3684 731 3756 accinguntur
777 3688 886 3743 vias
933 3685 1349 3744 honoraciores
1395 3689 1504 3744 viri
1548 3688 1639 3724 ⁸⁸⁸⁸
1686 3692 1992 3765 utriusque

340 3774 586 3831 ordinis.

409 3892 459 3945 6.
496 3890 751 3961 Cumque
791 3891 1029 3945 Romam
1071 3890 1503 3963 pervenissent,
1547 3893 1669 3951 illic
1711 3896 1857 3952 fama
1900 3910 1982 3952 rei

343 3978 556 4033 seriem
588 3977 910 4034 deduxerat
944 3994 1191 4036 omnem.
1238 3981 1377 4037 Cum
1426 3997 1565 4053 ergo
1620 3998 1855 4041 causam
1896 3987 1985 4043 sui

336 4063 624 4122 adventus
654 4066 710 4122 in
744 4066 987 4124 auribus
1021 4067 1214 4124 domui
1260 4071 1518 4143 Honorii,
1568 4077 1708 4130 tunc
1745 4075 1983 4131 Romani

336 4154 651 4226 pontificis,
721 4155 1154 4227 exposuissent,
1231 4156 1324 4190 ³⁸⁸⁸
1393 4159 1536 4231 ipse,
1603 4169 1838 4220 narrato
1913 4179 1983 4221 eo

334 4243 484 4313 quod
519 4243 783 4300 audierat
819 4259 999 4315 super
1032 4245 1299 4315 ingressu
1331 4247 1581 4307 hominis
1612 4250 1771 4308 illius
1802 4285 1868 4294 -
1900 4253 1979 4310 ita

331 4331 482 4389 enim
524 4332 714 4403 ipsum
756 4332 1071 4390 nominavit
1108 4365 1176 4373 —
1206 4336 1611 4394 Guothfridum
1654 4339 1807 4411 dico,
1851 4356 1980 4412 per-

332 4420 593 4491 quisivit,
617 4420 669 4476 si
690 4435 885 4478 rerum
903 4420 1105 4478 harum
1131 4422 1427 4481 innoxium
1461 4426 1782 4484 voluissent
1815 4429 1974 4488 illum

324 4508 658 4579 juramento
689 4508 1089 4580 comprobare,
1122 4515 1183 4566 et
1222 4513 1596 4584 negantibus,
1628 4517 1707 4572 ait
1738 4536 1749 4570 :
1790 4519 1976 4575 Homo

324 4597 433 4656 ille
447 4597 720 4655 sanetam
733 4598 847 4655 Dei
863 4598 1208 4669 ecclesiam,
1223 4614 1337 4657 non
1356 4599 1663 4661 habentem
1677 4607 1978 4665 maculam

324 4687 437 4746 aut
450 4700 685 4758 rugam,
701 4690 1059 4759 sgmoniace
1068 4688 1405 4758 pravitatis
1427 4691 1562 4749 decc
1571 4693 1795 4753 loravit
1812 4694 1977 4769 infa-

321 4779 449 4834 mia
473 4775 608 4844 ³⁸³⁸,ο
633 4776 792 4833 unde
815 4777 940 4835 nisi
985 4778 1355 4851 eepurgatus
1387 4779 1615 4853 fuerit,
1661 4797 1791 4840 cum
1822 4798 1977 4856 pace

324 4865 579 4924 ecclesie
593 4865 927 4937 episcopare
941 4879 1059 4923 non
1065 4867 1308 4939 poterit.
1332 4870 1482 4926 Ecce
1498 4884 1600 4941 ego
1615 4870 1781 4929 ultra
1797 4872 1976 4944 Alpes

321 4954 617 5011 missurus
631 4966 764 5010 sum
762 4952 1035 5026 fratrem
1048 4955 1315 5013 nostrum
1331 4956 1858 5027 Petrm,cardina
1867 4962 1977 5017 lem

322 5040 637 5100 diaconum
655 5041 824 5099 tituli
848 5044 1071 5101 sancte
1090 5042 1310 5102 Marie
1332 5045 1400 5102 in
1422 5045 1525 5103 via
1554 5045 1698 5117 lata,
1718 5052 1968 5121 sapien~

320 5127 434 5184 tem
453 5128 666 5202 utique
688 5126 748 5186 et
772 5126 1094 5189 discretum
1123 5132 1343 5203 virum,
1356 5146 1471 5205 pro
1493 5134 1879 5206 disponendis
1906 5140 1970 5195 in

303 5215 588 5287 partibus
604 5212 737 5277 illis
754 5219 1177 5279 ecclesiasticis
1189 5221 1582 5280 utilitatibus.
1607 5225 1868 5290 Quicum
1888 5229 1969 5284 ad

311 5316 416 5364 vos
432 5306 680 5378 venerit,
696 5307 925 5366 obedite
944 5308 1045 5367 illi
1061 5310 1225 5368 sicut
1239 5311 1298 5367 et
1314 5311 1518 5380 michi,
1533 5313 1629 5369 sta
1637 5314 1968 5387 tuaturque

2107 3238 2450 3309 exspiravit.

2175 3328 2226 3381 8.
2259 3326 2507 3383 Proinde
2536 3343 2666 3383 cum
2714 3328 2991 3387 deﬁnitus
3034 3330 3266 3387 concilii
3307 3344 3487 3405 super
3525 3333 3636 3390 hac
3688 3350 3751 3391 re

2107 3414 2287 3470 futuri
2306 3417 2590 3474 terminus
2606 3418 3124 3490 apprOpinquaret,
3147 3420 3425 3478 indicitur
3445 3423 3592 3480 Tulli
3617 3438 3753 3481 con-

2106 3501 2303 3559 cilium
2336 3508 2367 3559 3
2398 3504 2533 3561 ldus
2567 3506 2776 3577 Martii,
2812 3507 3101 3566 mediante
3144 3510 3589 3581 quadragesima
3621 3515 3744 3584 (an.

2106 3595 2261 3662 H27,
2281 3591 2465 3649 Mart.
2489 3596 2600 3666 13).
2627 3596 2731 3651 Ubi
2755 3597 3093 3667 presidente
3120 3598 3410 3669 prelibato
3434 3601 3747 3658 Petrocar-

2104 3679 2305 3749 dinali,
2338 3695 2468 3736 cum
2499 3681 2792 3754 episcopis
2837 3685 3133 3757 Stephano
3180 3687 3422 3743 Metensi
3470 3688 3745 3746 Heinrico

2102 3767 2355 3825 Tullensi
2387 3774 2446 3825 et
2477 3771 2777 3829 Gerhardo
2795 3774 3123 3844 Trecasino,
3145 3779 3206 3831 et
3228 3776 3540 3834 abbatibus
3573 3792 3742 3848 quam

2064 3856 2368 3928 pluribus
2413 3865 2473 3914 et
2507 3861 2891 3918 obtimatibus
2936 3862 3208 3933 regionis,
3255 3863 3439 3935 primo
3488 3866 3739 3923 omnium

2100 3946 2331 4015 Petrus,
2365 3948 2614 4018 prolatis
2646 3963 2840 4005 coram
2871 3950 3092 4008 litteris
3111 3951 3302 4007 domui
3335 3967 3518 4024 papae,
3565 3955 3745 4009 conti-

2098 4035 2375 4090 nentibus
2396 4036 2637 4092 relatam
2654 4037 2724 4094 ad
2747 4037 3129 4109 apostolicam
3154 4038 3351 4097 sedem
3377 4041 3449 4098 de
3468 4042 3642 4112 hujus
3666 4043 3740 4098 in.

2096 4121 2831 4195 tronizacione,‘;infamiam,
2868 4126 3053 4197 legit;
3088 4128 3297 4185 deinde
3339 4131 3738 4187 consedentes

2093 4223 2163 4266 ex
2186 4211 2388 4269 ordine
2409 4214 2763 4271 commonuit
2783 4215 3121 4273 obediencia
3136 4218 3408 4276 Romanae
3428 4218 3731 4281 aecclesiae.

2093 4314 2262 4371 quam
2295 4302 2649 4372 prevaricari
2685 4303 2966 4361 nefarium
2998 4309 3109 4375 est,
3134 4311 3198 4363 ut
3229 4305 3383 4376 quod
3416 4320 3601 4378 super
3628 4306 3733 4362 hoc

2090 4390 2314 4446 scirent
2342 4391 2576 4447 edicere
2605 4407 2716 4449 non
2748 4392 3108 4451 omitterent.
3144 4394 3373 4461 Quanta
3401 4400 3544 4452 tunc
3576 4395 3733 4451 audi-

2009 4467 2060 4527 D
2090 4483 2200 4547 ret,
2232 4479 2527 4549 explicare
2562 4496 2673 4538 non
2706 4482 2947 4552 sumcio,
2997 4482 3242 4539 maxime
3291 4498 3421 4540 cum
3469 4482 3732 4555 plerique

2087 4565 2306 4624 vidisse
2329 4582 2410 4639 se,
2448 4568 2543 4624 alii
2577 4569 2811 4627 audisse
2835 4585 2899 4627 se
2918 4571 3374 4643 conclamarent,
3400 4572 3513 4628 hoc
3533 4572 3732 4643 itaque

2085 4659 2310 4713 certum
2329 4670 2391 4713 se
2414 4656 2650 4725 habere,
2672 4658 2826 4730 quod
2851 4660 2897 4716 si
2919 4659 3050 4731 quis
3071 4659 3381 4731 difﬁderet,
3406 4658 3737 4718 voluissent

2080 4743 2659 4815 jurejurandolﬁdem
2694 4748 2904 4805 facere.
2943 4748 3134 4805 Atille
3158 4752 3219 4805 ut
3245 4749 3390 4806 vidit
3409 4764 3597 4822 prope
3616 4764 3737 4809 mo-

2086 4831 2221 4890 dum
2247 4834 2576 4907 cont’usum,
2608 4836 2767 4894 aliud
2798 4838 2953 4907 quod
2985 4837 3209 4909 diﬂ‘ugii
3241 4853 3354 4896 non
3382 4839 3628 4910 habens,
3652 4838 3738 4896 di-

2085 4922 2257 4978 cebat
2284 4942 2295 4977 :
2325 4923 2456 4995 quia
2491 4926 2829 4997 conparium
2862 4941 3120 4999 suorum,
3142 4928 3555 5000 episcoporum
3574 4928 3738 4987 vide—

2082 5009 2241 5081 licet,
2273 5011 2470 5070 nullus
2504 5013 2625 5072 illic
2654 5022 3023 5087 conpareret,
3056 5017 3153 5089 qui
3195 5016 3371 5087 hujus
3416 5031 3547 5074 eum
3597 5017 3734 5074 iacti

2080 5101 2647 5172 accusaret,justum
2671 5104 2781 5162 sibi
2806 5105 3011 5176 videri,
3048 5105 3202 5178 quod
3234 5105 3306 5163 de
3333 5105 3459 5162 sola
3493 5106 3734 5163 infamia

2080 5187 2266 5247 solius
2289 5189 2376 5246 sui
2402 5205 2570 5248 manu
2602 5193 2653 5248 ei
2683 5192 2776 5227 ³⁸⁸9
2804 5209 2867 5250 se
2888 5208 3218 5266 expurgare
3238 5192 3534 5252 licuisset.
3563 5194 3734 5261 Quod

2076 5278 2428 5345 negantibus
2456 5284 2513 5335 et
2560 5282 2895 5339 dicentibus
2946 5288 3287 5341 accusatum
3334 5287 3655 5354 utcumque
3699 5298 3730 5340 a

1698 5413 1930 5469 VARUE
1980 5414 2376 5473 LECTIONES.

382 5488 474 5584 εἷς
501 5489 660 5584 dicta
690 5496 1106 5584 grauique.
1181 5494 1276 5584 fuf
1300 5502 1501 5584 pareat
1527 5512 1585 5584 αἱ
1653 5498 1743 5535 ³⁸⁸⁸
1775 5501 1890 5584 loci
1920 5502 2139 5584 c.____”“
2165 5505 2294 5584 ipso
2325 5520 2475 5584 corr.
2511 5509 2633 5584 ipse
2664 5526 2712 5572 ο.
2791 5510 2884 5547 ³⁸⁸⁸
2917 5513 3132 5575 inﬁmia
3177 5526 3329 5577 corr.
3381 5512 3619 5575 infamia
3666 5529 3722 5579 σο

378 5561 472 5603 ⁸⁸⁸⁷
500 5561 591 5627 his
620 5576 668 5628 ο.
701 5562 794 5607 ⁸⁸⁵³
822 5565 1137 5630 liemeriatn
1170 5582 1216 5630 ο.
1245 5561 1391 5637 t.'-
1415 5570 1458 5632 i.
1492 5584 1541 5637 σ.
1569 5575 1888 5663 immisti.
1926 5561 2061 5614 ⁷⁸⁸⁸⁸
2080 5561 2438 5655 mst‘supp'l.
2465 5561 2525 5644 ὀξ
