3958 6046
244 266 401 332 i233
924 258 1192 329 GESTA
1233 256 1591 327 TBEVER.
1627 290 1705 304 —-
1735 250 1807 320 Α]

2083 302 2092 319 .
2125 247 2577 320 TRANSLAT.
2614 248 2681 320 Β.
2712 247 2966 319 CELSI.
3494 244 3646 320 1284

230 416 541 479 catholicis
561 421 621 476 et
642 415 951 477 veracibus
973 415 1261 490 personis,
1286 412 1425 487 quin
1447 417 1529 486 et,
1552 410 1878 472 cum'liceat
1908 407 1962 467 Α
1999 406 2177 481 tibus,
2209 406 2517 467 Heinricus
2546 404 2951 481 Virdunensis,
2985 404 3083 480 qui
3115 410 3173 465 et
3190 404 3375 480 Tullo,
3399 404 3472 467 de
3493 405 3649 483 judi-

231 510 577 581 cuicumque
610 522 897 581 personae,
932 511 993 564 ut
1042 506 1204 564 aiunt
1255 510 1473 576 scorto,
1522 505 1579 561 in
1625 505 1879 562 veritate
1992 498 2084 555 cio
2116 497 2517 568 interrogatus
2548 498 2657 556 hoc
2686 496 2907 555 edixit:
2938 495 3115 569 quod,
3150 497 3283 569 quia
3314 495 3644 560 antedictas

228 603 589 671 compertam
622 597 939 669 symoniam
970 596 1274 653 dumtaxat
1306 595 1433 651 zelo
1452 596 1550 651 Dei
1574 608 1874 664 accusare,

227 688 442 745 debere
474 702 603 744 eum
634 686 1042 756 religiosorum
1064 700 1128 743 se
1156 687 1398 742 fratrum
1422 683 1759 741 testimonio
1783 697 1880 739 ex-

229 791 480 849 purgare
505 794 518 841 ;
543 776 828 846 lectisque
851 789 1028 847 super
1053 774 1235 831 hocin
1259 787 1563 831 commune
1578 772 1876 844 plerisque

225 870 561 922 sanctorum
596 864 876 933 decretis,
912 864 1064 919 inter
1096 863 1403 933 legendum
1435 862 1596 918 venit
1644 860 1875 932 quidam

226 954 457 1026 bajulus
485 953 815 1009 litterarum
834 952 1296 1023 subscriptarum
1321 950 1744 1021 Mogonciensis
1757 948 1876 1021 epi-

225 1042 388 1115 scopi
406 1043 460 1097 in
478 1042 693 1112 quibus
712 1056 774 1097 se
790 1040 1043 1110 legatum
1063 1038 1578 1111 apostolicze'sedis
1592 1037 1873 1104 nominat;

226 1132 380 1204 quod
399 1144 567 1201 quam
589 1130 826 1199 indigne
845 1143 1043 1185 omnes
1079 1129 1435 1201 acceperint,
1461 1131 1750 1184 noverunt
1776 1125 1873 1197 qui

226 1224 534 1293 presentes
555 1218 887 1275 audierunt.
910 1219 1049 1284 Quae
1083 1218 1217 1274 dum
1251 1217 1418 1274 lectw
1449 1230 1647 1273 coram
1695 1214 1876 1271 omni-

224 1310 332 1365 bus
348 1306 705 1377 fuissent,ita
721 1309 930 1363 Petrus
944 1306 1349 1363 Guothl‘ridum
1367 1305 1688 1375 alloquitur
1704 1304 1876 1369 {Que-

219 1397 455 1454 rebaris
472 1398 672 1469 prius,
688 1395 921 1468 frater,
946 1397 1225 1469 irrogari
1239 1394 1351 1453 tibi
1383 1394 1747 1463 violentiam,
1811 1408 1874 1451 eo

224 1486 388 1557 quod
430 1500 545 1542 non
595 1485 748 1543 esset
782 1485 887 1558 qui
920 1486 1385 1555 eoepiseoporum
1425 1484 1479 1540 te
1529 1482 1874 1552 accusaret,-

210 1588 341 1633 εσσε
374 1574 575 1638 audis.
626 1574 845 1645 qualia
872 1574 988 1632 iste
1020 1574 1338 1631 adem-smn
1376 1572 1430 1629 te
1474 1571 1871 1643 testiﬁcatur!

289 1667 339 1717 9.
369 1663 506 1717 Cum
526 1675 668 1731 ergo
687 1675 798 1716 non
814 1660 1053 1716 haberet
1074 1658 1343 1715 idoneum
1369 1658 1502 1730 quid
1521 1658 1863 1728 obtendere,

221 1749 499 1806 indicitur
528 1748 686 1805 aliud
714 1747 1023 1805 concilium
1057 1748 1414 1817 Wormaciaa,
1450 1746 1651 1817 illique
1683 1746 1867 1817 injun-
1898 1764 1949 1824 Β

218 1838 395 1907 gitur,
434 1842 493 1893 ut
522 1852 591 1893 eo
624 1836 979 1893 conveniens
1007 1851 1137 1892 cum
1165 1835 1459 1906 episcopis
1489 1850 1594 1891 sex
1624 1835 1865 1906 ipseque

215 1926 499 1997 septimus
513 1939 577 1981 se
590 1928 897 1995 expurget.
916 1923 1232 1979 Humanius
1247 1927 1438 1979 autem
1456 1922 1863 1992 decreverunt,

217 2013 550 2086 petentibus
583 2027 686 2085 pro
718 2026 786 2069 eo
834 2013 1106 2068 omnibus
1158 2011 1619 2068 misericordiam
1667 2011 1759 2066 Dei
1806 2016 1863 2067 et

213 2102 583 2158 clementiam
636 2101 829 2157 domni
876 2100 1114 2156 Honorii
1165 2099 1374 2156 summi
1430 2099 1747 2171 pontificis,
1802 2104 1865 2156 ut

212 2189 733 2262 episcopistribus,
749 2189 1063 2244 abbatibus
1078 2188 1326 2258 duobus,
1346 2187 1690 2259 presbiteris
1709 2187 1867 2244 simi-

213 2278 350 2334 liter
363 2278 593 2333 duobus
614 2277 747 2333 boni
764 2276 1087 2332 testimonii
1107 2290 1167 2332 se
1190 2275 1400 2331 debeat
1419 2290 1748 2347 expurgare
1771 2274 1863 2331 die

213 2366 284 2421 ab
316 2366 447 2422 hinc
478 2369 594 2435 64°,
625 2364 777 2436 quod
806 2368 894 2421 est
924 2364 1061 2420 Idus
1093 2364 1245 2434 Maii,
1279 2364 1564 2421 dominica
1599 2364 1862 2435 proxima

211 2462 345 2513 ante
378 2462 776 2529 pentecosten.
812 2457 935 2522 Quo
964 2455 1241 2513 videlicet
1273 2456 1635 2512 induciarum
1666 2456 1861 2527 spacio

210 2546 479 2616 decurso,
516 2546 612 2604 ubi
643 2545 1021 2602 Wormaciam
1054 2548 1289 2601 ventum
1338 2550 1446 2613 est,
1500 2559 1610 2600 non
1658 2544 1857 2601 habuit

210 2633 281 2690 de
301 2633 580 2704 injunctis
604 2632 869 2705 personis
894 2632 995 2703 qui
1016 2632 1359 2702 adjuvarent
1381 2646 1532 2689 eum.
1559 2634 1733 2688 Erant
1761 2647 1859 2690 au-

207 2725 326 2778 tem
375 2722 453 2778 ibi
492 2721 964 2793 supradictorum
1014 2720 1422 2792 episcoporum
1472 2720 1606 2791 duo,
1651 2721 1858 2779 Virdu-

208 2811 410 2867 nensis
432 2816 493 2867 et
513 2810 822 2881 Tullensis,
840 2824 945 2866 nec
962 2824 1074 2865 non
1094 2814 1151 2865 et
1176 2809 1274 2864 alii
1292 2813 1436 2877 tres,
1463 2810 1654 2865 Bucko
1669 2810 1854 2882 ipsius

205 2898 469 2957 civitatis
493 2902 550 2956 et
575 2899 900 2969 Sigerridus
931 2898 1224 2970 Spirensis
1246 2904 1306 2954 et
1327 2898 1677 2954 Uodalricus
1712 2901 1854 2955 Con-

207 2986 572 3057 stantiensis,
603 2987 692 3043 vir
715 2986 885 3044 valde
916 2986 1249 3057 religiosus.
1285 2986 1507 3052 Quibus
1536 2987 1853 3045 conseden-

1991 601 2276 658 personas
2304 586 2397 620 ³⁸⁸⁸)
2429 585 2500 643 ad
2531 586 2972 659 expurgandum
3005 600 3068 643 se
3099 601 3212 644 non
3262 586 3637 663 produceret,

1978 673 2201 745 justum
2233 689 2385 746 esse,
2421 680 2484 732 ut
2507 674 2789 747 depositis
2837 672 3277 747 episcopalibus
3320 676 3392 731 ab
3443 676 3630 738 ofﬁcio

1985 770 2262 821 cessaret.
2297 765 2458 821 Unde
2493 763 2590 821 ille
2623 763 2959 835 indignatus
2991 771 3051 821 et
3074 764 3392 823 iracundia;
3418 766 3634 839 spiritu

1984 852 2269 923 repletus,
2301 852 2458 923 cepit
2488 852 2747 908 exortari
2798 866 2899 909 eos
2946 852 3043 923 qui
3093 866 3290 909 secum
3340 857 3530 923 erant,
3575 856 3644 910 ut

1983 939 2203 1009 egressi
2229 938 2491 995 forasm‘
2515 952 2673 996 arma
2696 939 3061 1011 corriperent
3089 957 3103 1006 ;
3123 944 3182 996 et
3206 940 3458 1011 regressi
3480 940 3637 998 intro

1984 1031 2210 1099 partem
2238 1042 2440 1085 eorum
2470 1042 2598 1099 quae
2630 1026 2739 1084 sibi
2790 1027 3039 1085 adversa
3088 1028 3279 1085 fuerat
3340 1028 3639 1086 trucidare

1980 1122 2274 1188 pararent.
2313 1116 2475 1183 Quod
2516 1115 2769 1187 qualiter
2816 1116 3007 1187 gratia
3061 1116 3161 1172 Dei
3212 1116 3639 1174 interveniente

1981 1205 2289 1262 omiserint
2326 1206 2537 1271 facere,
2573 1206 2796 1261 referre
2828 1220 2939 1261 non
2970 1212 3064 1262 est
3094 1207 3165 1261 ab
3199 1220 3277 1261 re.
3301 1206 3516 1277 Nempe
3539 1204 3638 1263 ille

1980 1300 2287 1366 peccatum
2310 1301 2553 1365 peccato
2569 1294 2658 1364 adj
2671 1294 2872 1365 iciens,
2891 1298 3122 1365 sumpto
3139 1309 3306 1350 sacro
3322 1293 3638 1364 ewangelio

1974 1382 2192 1453 juravit
2229 1383 2286 1438 in
2317 1397 2387 1440 eo
2417 1384 2487 1440 de
2522 1382 2775 1455 inposito
2805 1381 2913 1439 sibi
2945 1382 3186 1439 crimine
3219 1382 3529 1440 innocuum
3572 1396 3635 1440 se

1980 1485 2127 1527 esse.
2157 1470 2280 1537 Quo
2304 1471 2482 1541 facto,
2509 1471 2601 1528 sui
2618 1484 2841 1528 summa
2875 1485 3006 1526 cum
3031 1469 3413 1527 festinacione
3436 1483 3638 1528 accur-

1981 1563 2201 1627 rentes,
2235 1562 2293 1615 et
2327 1558 2397 1615 ad
2431 1573 2634 1617 manus
2662 1557 2822 1616 illum
2857 1557 3177 1629 trahentes,
3209 1558 3541 1617 eduxerunt
3563 1557 3634 1616 de

1979 1647 2252 1719 concilio,
2283 1653 2343 1704 et
2376 1648 2539 1720 quasi
2567 1647 2889 1705 voluntatis
2931 1662 3053 1705 suze
3101 1662 3338 1720 compos
3386 1647 3633 1705 effectus

1983 1736 2158 1793 fuerit
2189 1740 2246 1792 et
2278 1736 2599 1794 obtinuerit
2635 1751 2812 1810 suum.
2836 1737 3136 1806 honorem,
3173 1750 3277 1807 per
3306 1735 3457 1793 viam
3481 1736 3634 1794 ince-

1982 1825 2340 1881 debantcum
2353 1825 2584 1882 cantico
2602 1842 2615 1890 ;
2632 1824 2833 1897 sicque
2849 1822 2948 1880 ille
2971 1827 3298 1881 conventus
3321 1822 3630 1897 impiorum

1977 1913 2162 1968 evasit
2199 1928 2417 1970 manus.
2453 1914 2605 1969 Tunc
2666 1911 3003 1983 eardinalis,
3057 1911 3261 1968 habito
3298 1926 3476 1984 super
3522 1912 3630 1970 hoc

1975 2001 2382 2073 episcoporum
2407 2004 2461 2056 et
2489 2000 2680 2057 tocius
2703 2000 2846 2057 cleri
2870 2000 3136 2071 consilio,
3155 2000 3414 2057 decrevit
3439 2001 3629 2072 ipsum

1975 2104 2106 2145 cum
2138 2087 2229 2121 ³⁸⁸⁸
2255 2089 2524 2145 omnibus
2557 2089 2654 2159 qui
2682 2104 2813 2145 eum
2845 2089 2917 2145 de
2940 2087 3129 2145 medio
3152 2088 3513 2145 sustulerant
3534 2103 3631 2146 ex-

1975 2177 2407 2233 communicare
2460 2177 2515 2231 in
2566 2176 2906 2233 crastinum.
2965 2176 3128 2244 Quod
3180 2180 3244 2234 ut
3295 2176 3626 2249 audierunt,

1974 2280 2174 2321 omnes
2196 2279 2259 2321 se
2282 2264 2353 2321 de
2373 2264 2533 2322 illius
2556 2264 2942 2321 contubernio
2972 2264 3414 2335 subtraxerunt,
3451 2264 3529 2321 ita
3562 2271 3626 2321 ut

1975 2354 2070 2425 qui
2107 2352 2292 2424 pridie
2324 2354 2496 2409 turba
2533 2352 2715 2408 multa
2748 2352 3064 2410 comitatus
3095 2352 3165 2409 de
3194 2352 3443 2410 concilio
3474 2353 3628 2410 exie-

1975 2448 2085 2508 rat,
2118 2440 2385 2512 sequenti
2416 2440 2510 2495 die
2542 2455 2671 2496 cum
2705 2442 2947 2497 vocatus
2973 2439 3297 2511 adveniret,
3327 2440 3426 2496 vix
3448 2455 3623 2498 unum

1972 2530 2067 2601 qui
2101 2544 2230 2586 cum
2264 2532 2613 2600 sequeretur
2646 2527 2915 2585 habebat.
2955 2526 3115 2584 Unde
3162 2526 3521 2585 conterritus
3568 2529 3623 2585 in

1970 2618 2169 2676 faciem
2205 2633 2264 2674 se
2300 2617 2638 2690 prostravit,
2671 2616 3043 2688 omniumque
3073 2615 3431 2674 miserationi
3449 2632 3635 2689 expo,

1967 2708 2139 2777 situs,
2170 2710 2397 2763 tantum
2430 2705 2564 2761 vitae
2598 2704 2930 2761 necessaria
2948 2703 3187 2762 concedi
3210 2703 3321 2761 sibi
3348 2705 3623 2778 impetra-

1965 2796 2087 2860 vit;
2121 2794 2413 2865 nichilque
2447 2797 2731 2859 moratus,
2757 2792 2896 2851 licet
2914 2793 3152 2864 invitus,
3181 2792 3314 2866 quia
3352 2793 3621 2850 obtinere

1964 2899 2074 2939 non
2110 2882 2321 2954 potuit,
2360 2881 2712 2955 pontificalia
2747 2882 3019 2955 deposuit
3047 2880 3141 2938 die
3183 2885 3250 2939 16
3298 2880 3420 2938 Kal.
3464 2880 3618 2939 Junii

1962 2978 2083 3040 (an.
2120 2973 2301 3043 1127).

1412 3338 2415 3501 APPENDIX

448 3617 1905 3756 MONUMENTORUM
2038 3620 3361 3761 TREVEBENSIUM

853 4012 1025 4105 EX
1083 4012 2022 4125 TRANSLATIONE
2119 4013 2549 4105 SANCTI
2649 4015 2973 4107 CELSI

1263 4210 1759 4299 AUCTOBE
1837 4212 1901 4297 Τ
1914 4211 2539 4301 HEODEBICO

265 4402 677 4478 Tlteodericas,
692 4404 802 4478 qai
821 4417 876 4478 ᾳ.
904 4408 1044 4478 1006
1060 4404 1491 4478 mnasteriam
1508 4407 1574 4462 S.
1591 4405 1843 4464 Matltice
1874 4407 2222 4465 Trecerense
2240 4407 2550 4478 ingressus
2567 4405 2674 4478 est,
2695 4404 2768 4463 ab
2788 4405 2999 4478 abbate
3018 4404 3322 4478 Richardo
3332 4407 3599 4478 rogatus,

188 4474 549 4550 libellum‘de
570 4474 970 4550 translatiozie
986 4475 1046 4532 et
1062 4476 1380 4550 miraculis
1397 4478 1464 4550 ιβ’.
1496 4477 1656 4550 Celsi
1674 4478 1939 4550 scripsit,
1965 4492 2229 4550 sermone
2249 4474 2487 4550 (itidem
2508 4474 2754 4550 tumido,
2778 4477 2884 4535 sed
2899 4477 3228 4550 quogmulta
3256 4478 3329 4535 de
3347 4474 3601 4550 Egbert;

183 4545 363 4604 rebus
378 4546 551 4617 aliaq

559 4547 858 4622 {ignotam
877 4546 1065 4622 digna
1083 4548 1380 4622 memoriae
1392 4548 1485 4622 ira
1494 4547 1672 4622 didit,
1684 4546 2044 4622 prcifatione
2055 4550 2137 4605 ad
2149 4546 2519 4622 Richardum
2536 4546 2810 4622 abbatem
2817 4546 3157 4622 ,νη-ξυνῆκα.
3188 4546 3415 4614 Quwea‘
3435 4548 3600 4607 Actis

183 4618 304 4674 SS.
341 4616 670 4685 FebrilII,
706 4621 831 4688 396,
861 4616 966 4674 ubi
997 4632 1071 4675 ea:
1098 4617 1401 4677 codicibus
1427 4616 1755 4676 B-adeceﬂsi
1783 4616 1844 4675 ἐι
1874 4620 2220 4677 Τνθυθνθηιςὶ
2244 4619 2409 4677 edita
2436 4619 2596 4690 sunt,
2628 4616 2997 4691 repetitum.

256 4790 767 4850 Excellentissimo
784 4793 998 4850 Christi
1023 4795 1291 4864 cperario
1315 4796 1585 4867 patrique
1608 4809 1836 4867 perma-
1864 4794 1912 4855 C
1943 4810 2051 4851 am.
2088 4796 2274 4865 Rogat
2308 4809 2555 4866 namque
2604 4798 2847 4867 paterna
2900 4795 3089 4867 pietas
3130 4798 3347 4865 vestra,
3398 4794 3593 4852 immol

182 4881 394 4953 gnifico
425 4880 714 4937 Richardo
737 4896 878 4938 suus
909 4881 1007 4937 ille
1038 4897 1271 4939 suorum
1308 4884 1547 4940 ultimus
1577 4884 1831 4941 Theode-

186 4971 362 5042 ricus,
416 4985 529 5041 quo
579 4970 732 5027 inter
784 4971 1094 5027 monachos
1145 4970 1286 5025 nihil
1330 4973 1579 5027 habetur
1629 4972 1825 5043 vilius,

183 5058 485 5115 monastici
520 5062 711 5114 tamen
739 5056 891 5113 haud
954 5057 1254 5114 immemor
1305 5058 1608 5130 pr0positi,
1672 5059 1823 5115 omni

179 5146 692 5220 apologiaaﬂimota
715 5147 975 5218 ambage,
993 5147 1510 5204 verteobedientiaa
1543 5148 1826 5219 obseque-

1941 4881 2033 4915 ⁸⁸⁸³
2064 4882 2486 4939 inevitabiliter
2519 4882 2860 4954 imperando
2891 4882 3159 4955 iniungit,
3194 4887 3481 4954 quatenus
3511 4882 3593 4939 in-

1938 4970 2268 5027 ventionem
2320 4970 2737 5029 sacratissimis
2788 4970 2977 5041 glebas
3024 4971 3178 5029 beati
3238 4971 3591 5031 confessoris

1939 5059 2150 5115 Christi
2181 5058 2352 5129 Celsi,
2384 5059 2555 5130 cujus
2589 5058 2870 5131 praeclara
2905 5059 3111 5115 merita
3139 5058 3400 5128 ejusdem
3424 5074 3591 5118 voca-

1937 5147 2105 5205 minis
2128 5147 2457 5219 produntur
2478 5146 2848 5220 etymologia,
2866 5161 2973 5205 nec
2994 5162 3105 5205 non
3132 5162 3242 5218 qua
3262 5148 3586 5217 occasione,

1543 5243 1780 5301 VARUE
1822 5244 2222 5301 LECTIONES.

247 5373 341 5408 ³⁸⁴⁰
362 5375 632 5447 personis
660 5388 809 5433 οονν.
849 5389 1129 5448 personas
1158 5389 1204 5433 ο.
1283 5374 1373 5409 ³⁸⁸³
1403 5375 1437 5430 f.
1473 5390 1523 5432 e.
1554 5390 1704 5434 corr.
1741 5376 1777 5431 f.
1812 5390 1857 5431 ο.

183 5461 325 5523 hinc
348 5463 490 5523 inde
513 5464 768 5522 correxi.

1940 5376 2030 5407 rscz
2050 5376 2186 5447 past
2213 5376 2397 5444 euripi.
2431 5390 2477 5432 ο.
2558 5374 2652 5409 ³⁸⁸³
2686 5375 2801 5433 imo
2831 5374 2921 5433 ϐἀ.
2951 5373 3275 5435 επέῦϐηάἰ
3292 5374 3588 5435 rationem
