3958 6046
386 257 409 319 1
422 257 534 320 235

1062 258 1331 323 GESTA
1360 258 1717 325 TREVER.
1750 292 1826 307 --
1854 253 2216 322 APPEND.
2251 254 2699 325 TRANSLAT.
2738 258 2804 327 S.
2841 260 3097 329 CELSI.

3637 266 3789 333 1236

379 399 679 460 Divinitati
713 402 943 475 quidem
989 409 1122 462 ante
1172 404 1454 477 temporis
1504 410 1719 463 motum
1770 403 2022 477 cognita,
2054 383 2111 444 Α
2209 405 2259 459 2.
2298 404 2459 463 Anno
2492 404 2794 465 dominicae
2826 408 3246 468 incarnationis
3277 415 3398 483 978,
3435 413 3670 485 quando
3710 414 3792 470 di-

379 493 597 549 nostris
630 498 822 551 autem
858 495 1175 552 faecelentis
1208 497 1435 567 diebus,
1475 497 1581 568 pia}
1602 496 1893 553 memoriae
1923 496 2029 564 Eg-

380 579 545 637 berto
567 584 888 641 Trevericze
916 587 1078 642 urbis
1100 586 1427 657 hierarcha,
1446 589 1518 643 ob
1533 601 1826 642 enormem
1853 598 2030 655 quan-

379 667 507 724 dam
531 673 797 730 ecclcsiae
823 676 1135 731 utilitatem
1162 677 1503 732 solemniter
1528 679 1696 732 nacta
1714 676 1880 731 beata
1907 673 2031 742 ejus

379 753 606 829 lipsana
638 765 983 821 mortalibus
1002 766 1115 821 sint
1141 765 1375 821 tandem
1399 766 1656 835 detecta,
1684 765 1786 820 sed
1826 761 2034 819 etinsi-

381 849 477 918 gni
507 852 845 909 meritorum
871 854 1027 909 illius
1053 854 1289 925 indicio,
1322 870 1447 923 quae
1471 856 1544 911 ob
1568 855 1714 910 tanti
1766 843 2031 908 thesauri

378 940 623 995 eatenus
648 943 929 997 occultati
955 943 1272 1013 optabilem
1298 945 1630 1000 ostensione
1655 944 1783 999 luce
1811 940 2031 996 clarius

375 1032 504 1083 acta
543 1046 671 1087 esse
705 1036 1042 1101 noscuntur,
1097 1048 1219 1088 mea
1272 1033 1565 1104 pusillitas
1622 1032 2031 1104 qualicumque

376 1120 567 1177 relatu
599 1121 749 1193 style
783 1122 1215 1193 memoriaeque,
1254 1123 1591 1194 posteritati
1644 1123 2025 1194 prOSpiciens,

374 1211 646 1268 mandare
672 1226 778 1266 non
806 1211 1063 1266 differat.
1098 1213 1292 1282 Neque
1313 1213 1463 1267 enim
1488 1228 1717 1283 {equum
1745 1213 1865 1266 fore
1897 1226 2029 1266 cen-

373 1299 534 1369 setis,
564 1304 628 1356 ut
658 1305 820 1355 tanta
856 1301 1266 1357 miraculorum
1306 1302 1448 1356 tanti
1497 1302 1607 1357 viri
1667 1300 2019 1367 coruscatio,

372 1389 445 1444 ob
477 1389 791 1446 multorum
825 1391 1033 1446 salutis
1062 1396 1431 1461 augmentum
1463 1391 1695 1447 coalitus
1758 1391 2016 1461 profusa,

371 1475 543 1532 inerti
562 1482 855 1533 remaneat
874 1478 1281 1533 taciturnitate
1297 1478 1685 1534 abstrusaAd
1705 1479 1853 1549 quod
1881 1494 2016 1548 ego:

371 1564 564 1635 Miror,
600 1566 853 1637 inquam,
891 1566 1198 1623 admodum
1233 1571 1410 1623 tantae
1445 1568 1770 1638 prudentiae
1806 1568 2012 1635 virum,

369 1667 432 1709 ac
452 1656 778 1711 vehementi
805 1662 1044 1726 stupore
1070 1656 1379 1728 percellor,
1406 1657 1675 1726 quidnam
1705 1657 1869 1713 vobis
1897 1656 2015 1719 ani-

2138 493 2286 550 vinae
2306 497 2595 555 memoriae
2621 498 2757 554 Otto
2780 500 3093 570 secundus,
3121 502 3351 557 maximi
3374 507 3611 574 augusti
3630 507 3789 563 Otto.

2139 580 2231 636 nis
2264 581 2565 655 relativus,
2600 587 2870 642 Romamn
2902 589 3252 646 monarchiae
3284 592 3509 661 apicem
3549 599 3786 651 strenue

2139 670 2516 738 gubernando
2566 675 2841 747 princeps
2891 679 3097 746 agebat
3148 679 3204 733 in
3255 684 3513 751 sceptro,
3567 688 3783 740 sancta:

2140 759 2466 817 Trevirensi
2532 779 2561 818 a
2613 766 2727 820 Deo
2775 768 3187 824 conservandae
3233 769 3501 826 ecclesias
3554 774 3783 843 prafuit

2145 846 2328 905 beatae
2362 852 2787 909 recordationis
2817 855 2906 910 vir
2935 856 3217 912 virtutum
3268 860 3564 928 Egbertus
3605 863 3783 918 archi-

2143 938 2428 995 mandrita
2456 940 2800 1013 lampabilis,
2818 943 3012 1001 clarus
3034 946 3261 1014 quidem
3282 950 3781 1020 parentelmgene-

2143 1026 2387 1082 rositate
2413 1029 2579 1101 (5'26),
2602 1032 2701 1087 sed
2728 1032 2942 1088 clarior
2968 1035 3780 1109 totiusprobitatisimpretia-

2144 1113 2240 1168 biii
2275 1117 2430 1172 dote.
2468 1120 2531 1173 Et
2567 1136 2793 1190 revera,
2824 1122 2954 1192 quia
2990 1122 3111 1193 ipsa
3156 1125 3381 1193 gemina
3430 1126 3779 1185 claritudine

2140 1204 2558 1271 pollucibiliter
2585 1210 2789 1279 viguit,
2843 1211 2927 1267 uti
2979 1227 3163 1267 nonor
3207 1213 3441 1270 debitus
3488 1218 3775 1287 poposcit,

2138 1293 2317 1349 totius
2340 1296 2500 1365 regni
2526 1298 2904 1367 pontiﬁcibus
2928 1306 3102 1370 atque
3125 1300 3508 1372 Optimatibus
3542 1304 3669 1376 ipsa
3697 1307 3777 1362 sui

2134 1385 2460 1439 reverentia
2496 1386 2840 1456 przecelluit.
2888 1389 3143 1459 Denique
3194 1395 3422 1448 statura
3471 1408 3779 1466 procerus,

2130 1470 2327 1528 vultus
2356 1482 2548 1529 autem
2583 1477 2758 1531 rutila
2794 1478 3156 1535 formositate
3191 1495 3308 1549 prae
3339 1481 3612 1539 omnibus
3642 1488 3777 1541 tunc

2132 1561 2412 1630 temporis
2437 1564 2783 1634 primatibus
2814 1567 3023 1622 enituit
3071 1568 3391 1625 venustius.
3444 1572 3583 1626 Erat
3628 1573 3775 1628 enim

2130 1651 2539 1707 monachorum
2576 1655 2904 1725 praecipuus
2935 1660 3093 1711 tutor
3129 1669 3192 1712 ac
3222 1658 3479 1714 nutritor
3511 1674 3581 1716 ac
3613 1676 3778 1731 regu-

368 1740 562 1811 misit,
586 1745 737 1814 quod
764 1744 997 1801 omissis
1019 1751 1076 1801 et
1098 1746 1262 1815 quasi
1290 1747 1594 1818 vilipcnsis
1621 1752 1708 1803 tot
1752 1745 1991 1803 vernuli:

2140 1738 2268 1794 ‘aris
2302 1740 2623 1811 disciplima
2656 1745 2928 1814 specialis
2962 1749 3209 1813 amator,
3251 1748 3468 1819 quippe
3522 1751 3618 1819 qui
3672 1753 3777 1806 sub

368 1828 522 1884 domi
548 1833 885 1904 militiaeque
911 1834 1385 1904 insugillabiliter
1410 1836 1737 1907 agentibus,
1775 1851 1922 1907 quos
1956 1835 2008 1888 in

368 1920 524 1975 beati
560 1922 824 1977 Eucharii
860 1923 1114 1993 Spiritali
1142 1924 1442 1995 gymnasio
1477 1926 1747 1993 dogmate
1799 1924 2010 1980 fovetis

360 2024 546 2075 sacro,
576 2011 862 2082 inexperti
887 2012 1191 2067 adventitii
1214 2013 1533 2069 imbecilles
1556 2015 1828 2070 humeros
1864 2014 2006 2070 tanti

361 2098 511 2153 mole
550 2100 933 2155 mandaminis
977 2101 1237 2157 earicare
1285 2101 1521 2157 malitis.
1570 2105 1794 2159 Testem
1854 2104 2003 2158 enim

354 2188 694 2242 omniscium
730 2187 978 2245 adhibeo
1011 2191 1185 2245 Deum
1245 2223 1312 2230 —
1370 2206 1478 2246 non
1515 2192 1666 2262 quod
1721 2192 2003 2263 ejusmodi

355 2277 566 2331 mentis
591 2276 717 2347 sim,
742 2277 888 2347 quod
920 2284 1129 2334 vestra)
1154 2280 1539 2350 preceptioni,
1575 2283 1726 2350 quod
1765 2284 1846 2338 fas
1896 2298 2004 2337 non

356 2369 465 2434 est,
500 2367 589 2421 vel
641 2368 1005 2423 museitando
1056 2369 1432 2425 recalcitrare
1476 2370 1644 2425 velim
1677 2403 1764 2442 —,
1812 2372 2006 2443 plures

355 2455 567 2511 vestris
600 2456 651 2510 in
683 2457 983 2513 laboribus
1026 2459 1402 2527 promotioris
1454 2459 1661 2528 ingenii
1724 2467 2004 2531 expertus

357 2560 483 2601 sum
520 2546 752 2615 fratres,
789 2546 1001 2616 quibus
1029 2548 1076 2602 si
1103 2548 1155 2601 id
1181 2548 1363 2617 ipsum
1390 2564 1536 2604 onus
1561 2550 1706 2605 duce
1738 2550 2005 2606 obedien-

361 2634 455 2688 tiae
475 2635 697 2689 ratione
715 2636 1135 2704 imponeretur,
1156 2637 1503 2708 impertmsis
1521 2642 1577 2693 ut
1599 2655 1793 2694 verum
1823 2641 2006 2695 fatear

359 2723 615 2779 humeris
648 2732 905 2794 portare,
962 2740 1025 2780 ac
1074 2727 1287 2780 vestris
1336 2743 1439 2797 per
1486 2729 1672 2782 omnia
1733 2730 1886 2785 votis
1933 2729 2002 2785 ad

358 2811 590 2882 plenum
625 2813 964 2867 satisfacere
999 2813 1343 2882 quiviSSent.
1382 2816 1490 2871 Sed
1542 2817 1679 2886 quid
1738 2818 2003 2889 pluribus

357 2913 504 2970 opus
527 2905 615 2955 est
640 2901 662 2954 ?
685 2901 1047 2956 Destinatum
1071 2906 1163 2956 est
1188 2902 1418 2971 quidem
1436 2906 1732 2961 monachis
1756 2906 1999 2976 quadam

356 2989 722 3060 specialitate
760 3005 874 3065 pra:
905 2990 1141 3057 ceteris,
1179 2996 1467 3061 quatenus
1490 3008 1703 3049 moram
1741 2995 1998 3051 nesciant

2126 1828 2325 1885 habitu
2343 1830 2833 1902 episcopibumile
2851 1835 3381 1904 pectusoccultavit
3407 1837 3774 1894 devotissimi

2122 1919 2408 1989 monachi,
2472 1922 2672 1991 sicque
2728 1940 2857 1978 eum
2916 1925 3135 1979 Martha
3193 1926 3347 1982 foras
3404 1929 3666 1996 profudit
3709 1931 3775 1986 ad

2120 2005 2469 2076 explendum
2505 2012 2778 2080 frequens
2809 2012 3193 2069 ministerium
3226 2015 3468 2083 Domini,
3497 2022 3562 2070 ut
3586 2021 3775 2072 tamen

2116 2108 2243 2148 cum
2280 2097 2452 2151 Maria
2500 2103 2685 2154 totum
2731 2115 2791 2155 se
2836 2103 3129 2157 conferret
3182 2103 3251 2157 ad
3301 2104 3560 2159 studium
3611 2107 3773 2165 verbi

2117 2181 2317 2254 divini,
2349 2186 2569 2242 faciens
2594 2203 2654 2243 se
2679 2189 2970 2243 divinitati
2997 2196 3219 2259 gratam
3247 2191 3513 2261 hostiam,
3553 2192 3607 2247 in
3649 2209 3776 2264 pra~

2116 2273 2269 2328 etica
2298 2274 2571 2330 videlicet
2604 2277 2947 2343 columbam,
2984 2279 3036 2332 in
3074 2280 3362 2334 rhetorica
3414 2288 3608 2336 autem
3660 2289 3776 2339 tur-

2115 2365 2327 2416 turem.
2351 2366 2430 2418 De
2455 2364 2806 2420 liberalitate
2824 2366 3119 2437 veroejus,
3148 2383 3255 2437 qua
3292 2369 3458 2424 unice
3482 2370 3773 2440 opimatus

2116 2451 2335 2519 extitit,
2367 2454 2501 2522 quid
2527 2455 2875 2524 condignum
2903 2456 3188 2525 eloquar?
3211 2458 3429 2513 Novum
3464 2460 3683 2531 quippe
3718 2462 3769 2514 in

2117 2539 2217 2594 illo
2242 2542 2557 2596 Iohannem
2609 2559 2777 2613 quem
2839 2544 3186 2600 Eleimenem
3248 2554 3453 2601 vocant
3508 2549 3765 2618 videres,

2117 2629 2268 2699 quia,
2320 2646 2460 2701 opes
2509 2646 2659 2701 quas
2710 2633 2760 2688 ei
2809 2635 2961 2688 Deus
3007 2634 3303 2704 profusius
3353 2636 3602 2706 largitus
3652 2642 3763 2703 est,

2119 2717 2287 2787 pleno
2330 2723 2389 2773 ut
2443 2720 2517 2774 ita
2567 2721 2810 2775 dixerim
2861 2737 3042 2777 cornu
3086 2737 3187 2793 per
3229 2737 3429 2780 manus
3463 2725 3761 2794 egentium

2114 2807 2439 2862 transmisit
2472 2808 2526 2863 in
2560 2810 2790 2865 ccelum.

2184 2900 2232 2949 3.
2271 2898 2614 2952 Monasteria
2647 2912 2912 2967 namque,
2949 2913 3076 2968 quae
3096 2898 3416 2955 Trevericae
3450 2900 3763 2969 subjacent

2112 2985 2362 3054 cxedraa,
2389 2990 2522 3041 ante
2546 2987 2730 3057 ipsius
2751 3002 2890 3042 sane
2917 2992 3173 3058 tempora
3206 2988 3358 3043 ultra
3390 3004 3763 3045 communem

356 3077 411 3132 in
444 3077 749 3148 explendis
780 3078 1043 3149 priorum
1075 3094 1313 3135 suorum
1340 3083 1650 3153 prreceptis
1677 3127 1689 3148 ,
1714 3088 1771 3137 et
1805 3099 2001 3153 quam-
2032 3106 2081 3168 ρ
2110 3074 2226 3168 Ῑξθο
2256 3075 2634 3168 είξννίυηῐίυιη
2670 3075 2896 3132 ηιοάυιη
2931 3076 3321 3168 θνθιὶξίηίίίὲθ
3355 3080 3766 3168 θίιρυθλθερθτ·

356 3180 523 3236 quam
548 3166 666 3222 illis
684 3167 1059 3236 injungantur
1080 3168 1482 3240 impossibilia,
1506 3171 1575 3227 de
1600 3171 1819 3227 Domini
1856 3187 2000 3227 sem-

357 3268 462 3324 per
494 3254 868 3309 miseratione
898 3256 1282 3327 conﬁdentes,
1309 3258 1495 3312 sciant
1520 3259 1631 3313 sibi
1653 3261 1839 3315 omnia
1878 3262 1997 3316 fore

353 3342 690 3413 explebilia.
723 3342 1091 3414 Quapropter
1121 3346 1394 3416 experiar
1422 3348 1577 3403 votis
1602 3364 1727 3417 qua:
1756 3349 2000 3419 injungi-

353 3430 451 3497 tis,
488 3436 652 3487 certo
686 3431 908 3487 certius
933 3432 1198 3497 credens,
1226 3435 1380 3503 quod
1408 3436 1613 3492 beatus
1646 3437 1847 3493 Celsus
1876 3439 1998 3494 suis

354 3518 489 3573 mihi
520 3520 794 3590 precibus
824 3521 1013 3591 possit
1043 3520 1328 3591 obtinere,
1362 3528 1651 3593 quatenus
1681 3526 1788 3581 hoc
1839 3530 1998 3596 glau-

355 3622 485 3663 cum
520 3609 761 3678 pelagus
785 3624 1010 3664 merear
1028 3608 1207 3665 salvis
1229 3612 1520 3667 mercibus
1551 3620 1788 3670 enatare
1822 3621 1995 3685 atque

360 3696 427 3750 ad
461 3695 776 3766 optabilem
810 3700 1045 3768 portum
1079 3697 1297 3754 illmsus
1328 3700 1551 3755 valeam
1586 3704 1912 3773 pervenire.

432 3787 476 3839 l.
516 3785 653 3839 Cum
687 3785 953 3842 omnibus
984 3785 1190 3844 divinae
1222 3792 1397 3858 atque
1428 3788 1690 3847 humanae
1743 3792 1996 3862 philoso-

353 3872 501 3943 phiae
534 3874 930 3929 sectatoribus
965 3874 1184 3945 liquido
1212 3882 1465 3948 constet,
1502 3880 1651 3948 quod
1687 3880 1992 3937 Treverica

350 3960 692 4032 metrOpolis
742 3966 863 4017 tum
914 3963 1215 4020 mundanae
1267 3965 1571 4034 dignitatis
1618 3968 1990 4039 antiquitate,

348 4053 469 4102 tum
496 4048 667 4103 etiam
694 4050 999 4108 catholica)
1029 4052 1159 4107 ﬁdei
1183 4054 1462 4108 cardinali
1492 4047 1813 4124 majestate,
1862 4058 1992 4127 jure

350 4137 674 4208 meritoque
709 4139 890 4195 totius
923 4140 1119 4196 Gallia:
1153 4142 1561 4199 arcbisterium
1588 4143 1735 4214 (525)
1764 4145 1838 4199 sit
1863 4145 1994 4201 hac-

351 4231 523 4281 tenus
540 4226 790 4282 vocitata
814 4230 989 4298 atque
1004 4228 1341 4299 apostolicae
1357 4232 1728 4288 auctoritatis
1746 4233 1990 4302 quadam

352 4313 818 4385 particularitate
842 4317 1059 4372 ceteris
1085 4317 1550 4387 undiquessecus
1567 4321 1834 4377 ecclesiis
1856 4322 1995 4377 emi-

349 4402 583 4458 nentius
606 4403 916 4458 sublimata
943 4422 956 4470 ;
978 4406 1050 4459 ob
1067 4405 1169 4460 hoc
1189 4406 1409 4463 scilicet
1428 4408 1681 4464 laetabile
1696 4410 1987 4473 accidens,

2112 3161 2253 3216 rima
2270 3162 2604 3218 vietualium
2624 3179 2727 3218 nec
2752 3179 2862 3219 non
2888 3165 3222 3221 utensilium
3252 3167 3514 3221 confecta
3541 3166 3761 3238 inopia,

2109 3254 2164 3305 et
2192 3252 2263 3304 ob
2287 3250 2391 3305 boe
2413 3251 2617 3319 religio
2646 3253 2959 3307 monastica
2995 3267 3104 3307 non
3140 3252 3431 3309 minimum
3467 3267 3638 3324 passa
3671 3260 3763 3310 est

2110 3337 2447 3408 deliquium.
2486 3339 2693 3408 Sicque
2726 3346 3061 3396 rarescente
3091 3356 3312 3396 morum
3367 3342 3762 3411 perfectorum

2106 3426 2478 3493 ventilatore,
2508 3427 2658 3496 ignis
2690 3428 2786 3482 ille
2818 3428 2994 3483 divini
3024 3429 3258 3497 amoris,
3305 3443 3475 3499 quem
3525 3429 3763 3485 Veritas

2109 3514 2264 3569 misit
2299 3514 2353 3569 in
2388 3518 2604 3570 terram
2634 3521 2689 3571 et
2724 3516 2908 3571 voluit
2942 3517 3317 3572 vehementer
3348 3517 3609 3586 accendi,
3639 3517 3759 3586 jam

2108 3602 2439 3658 abundante
2469 3619 2700 3674 quoquo
2734 3603 2990 3661 locorum
3040 3604 3370 3675 iniquitate,
3424 3620 3535 3661 non
3588 3605 3758 3661 modo

2109 3690 2444 3761 frigescere,
2474 3707 2667 3748 verum
2695 3694 2846 3763 quod
2872 3693 3263 3765 periculosius
3288 3699 3397 3764 est,
3425 3694 3616 3749 modis
3638 3708 3761 3748 om-

2110 3778 2278 3834 nibus
2308 3780 2489 3850 coepit
2534 3781 2815 3851 extingui.
2868 3784 3009 3838 Nam
3058 3782 3402 3840 venerandae
3453 3782 3752 3838 memoriae

2110 3870 2452 3925 antecessor
2481 3869 2607 3939 ejus
2636 3871 3024 3928 Theodericus
3055 3872 3262 3928 doctor
3290 3871 3522 3943 quidem
3551 3871 3755 3926 extitit

2108 3956 2561 4014 facundissimus
2612 3963 2787 4031 atque
2838 3960 3067 4017 familiae
3122 3960 3341 4015 Domini
3399 3965 3754 4030 procurator

2106 4044 2432 4102 industrius
2457 4065 2470 4112 ;
2492 4046 2592 4102 sed
2622 4047 2750 4117 quia
2775 4048 3055 4120 temporis
3079 4049 3347 4117 angustia
3370 4050 3443 4102 ob
3476 4045 3754 4117 multipli-

2104 4148 2202 4190 ces
2234 4134 2315 4189 rei
2346 4134 2596 4205 publica;
2622 4137 2962 4192 exactiones
2996 4137 3216 4194 totiens
3251 4136 3587 4206 totiensque
3626 4139 3749 4189 erat

2104 4227 2426 4293 coartatus,
2461 4224 2651 4280 minus
2683 4225 3167 4282 monasteriorum
3210 4223 3749 4282 necessitudinibus

2102 4312 2438 4379 consuluit;
2474 4314 2602 4383 quia
2629 4328 2732 4369 nec
2761 4313 2932 4383 unde,
2969 4314 3201 4370 obvium
3235 4314 3342 4369 sibi
3368 4314 3496 4368 fuit.
3534 4314 3605 4367 At
3637 4312 3747 4367 iste

2105 4414 2326 4456 summo
2374 4402 2744 4458 veneramine
2800 4402 3181 4459 nominandus
3235 4403 3453 4472 regiam
3514 4401 3661 4457 viam
3716 4416 3743 4452 a

348 4490 502 4559 quod
526 4505 646 4544 eam
675 4491 1073 4549 universitatis
1093 4495 1386 4550 conditrix
1405 4497 1731 4567 personalis
1755 4499 1989 4557 trinitas

2145 4489 2330 4545 extris
2352 4495 2411 4545 et
2433 4506 2462 4545 a
2488 4490 2747 4546 sinistris
2772 4490 3067 4558 incedens,
3096 4490 3342 4547 militum
3369 4490 3749 4546 ambitionem

348 4582 524 4648 atque
553 4579 883 4636 essentialis
908 4582 1100 4637 unitas
1120 4585 1267 4641 Deus
1292 4585 1584 4655 primitivo
1607 4588 1792 4643 sancti
1823 4603 1992 4645 evan-

346 4666 482 4734 gelii
517 4666 739 4736 fulgore
773 4683 875 4739 per
910 4670 1081 4726 trium
1107 4673 1507 4741 operariorum
1531 4690 1764 4732 suorum
1788 4692 1993 4748 perpe-

346 4756 450 4811 tim
485 4757 967 4813 remunerandum
1000 4758 1255 4816 laborem
1286 4761 1491 4818 deiﬁce
1523 4764 1765 4821 visitare
1814 4771 1989 4838 atque

348 4843 676 4900 illuminare
709 4844 943 4915 dignata
975 4852 1101 4903 est:
1138 4849 1282 4906 satis
1315 4866 1518 4907 revera
1565 4852 1992 4924 inconsequens

346 4933 578 5003 visitur,
615 4934 658 4989 si
693 4948 758 4990 ea
807 4950 933 5005 qum
984 4940 1098 4991 tam
1149 4935 1242 4971 ³⁸⁸⁸
1285 4939 1555 4995 clementi
1615 4947 1884 5012 respectu
1934 4943 1987 4998 in

346 5022 510 5079 calce
543 5027 867 5094 temporum
892 5026 1042 5097 apud
1067 5027 1325 5096 ejusdem
1352 5028 1515 5085 urbis
1537 5030 1874 5101 ariopagum
1899 5048 1989 5088 os-

345 5110 589 5166 tendere
620 5113 871 5185 censuit,
901 5114 1119 5171 silentii
1152 5120 1388 5189 torpore
1412 5117 1703 5174 fumaliter
1738 5118 1791 5175 in
1816 5134 1989 5178 auras

344 5206 813 5259 evanescant.....

2102 4577 2399 4633 refrenare
2423 4593 2533 4634 non
2559 4578 2771 4647 timuit,
2798 4578 3357 4650 conprovincialium
3382 4578 3747 4649 tyrannidem

2101 4677 2305 4734 aequus
2327 4666 2548 4722 arbiter
2568 4665 2923 4723 auctoritate
2943 4667 3308 4737 compressit,
3325 4672 3385 4722 et
3405 4666 3596 4721 omnia
3621 4680 3749 4735 quas

2100 4752 2475 4809 monasteriis
2526 4754 2725 4810 hostili
2787 4756 3015 4812 fuerant
3072 4756 3371 4811 invasione
3440 4755 3748 4811 subtracta

2101 4854 2271 4896 manu
2302 4841 2655 4911 potestativa
2688 4843 3092 4913 undecumque
3124 4842 3425 4912 recollegit
3461 4857 3524 4898 ac
3554 4856 3749 4897 mona-

2100 4929 2410 4986 steriorum
2430 4931 2694 5001 partibus
2709 4932 2814 4987 sub
2840 4947 3038 5001 magna
3054 4931 3353 5002 vigilantia
3375 4931 3751 4999 reconsigna-

2099 5016 2203 5086 vit,
2232 5020 2289 5072 et
2323 5022 2385 5073 ut
2419 5018 2548 5089 pius
2580 5018 3000 5090 paterfamilias
3034 5019 3296 5089 neglecta
3347 5022 3525 5089 atque
3571 5023 3749 5073 aetate

2098 5110 2443 5178 consumpta
2474 5107 2757 5163 resarcire
2789 5110 3096 5179 tantopere
3128 5107 3372 5164 curavit.

2169 5199 2220 5251 4.
2257 5197 2511 5266 Cumque
2545 5201 2786 5268 paterna
2818 5195 3033 5254 lumina
3059 5202 3118 5252 et
3151 5196 3219 5252 ad
3254 5200 3419 5267 septa
3452 5197 3610 5252 beati
3642 5195 3748 5253 Eu-

1716 5303 1951 5363 νΑΒιιλΕ
1991 5308 2392 5367 LECTIONES.

1943 5450 2146 5508 NOTIE

416 5362 506 5397 ’θοι
530 5364 647 5435 jam
680 5365 768 5423 ed.

1124 5436 1149 5447 nl

415 5532 564 5675 ἓωδέ
598 5532 752 5588 Idem
783 5537 1123 5594 vocabulum
1154 5539 1211 5595 in
1242 5540 1368 5598 Vita
1404 5541 1457 5598 S.
1490 5545 1529 5600 A

440 5608 540 5660 526
596 5605 673 5660 De
702 5619 814 5675 qua
842 5607 917 5662 cf.
948 5622 1124 5679 supra
1158 5610 1327 5667 Gesta
1358 5628 1408 5668 c.
1444 5618 1529 5670 29.

598 5531 752 5620 idem
783 5537 1123 5620 vocabulum
1154 5539 1211 5620 ip
1242 5540 1368 5620 vita
1404 5541 1467 5620 S._
1490 5545 1723 5602 Antonii
1759 5552 1817 5603 et
1843 5546 2062 5605 Deicoli
2093 5546 2204 5620 legi
2238 5548 2541 5606 Henschen
2569 5549 2811 5605 notavit.
