3958 6046
194 241 214 304 l
231 238 347 306 287

880 234 1148 305 GESTA
1174 232 1529 303 TREVER.
1566 272 1641 283 -
1672 230 2027 300 APPEND.
2058 230 2513 299 TRANSLAT.
2550 229 2617 299 Ξ.
2661 230 2916 301 CELSI.

3446 236 3600 305 1238

191 392 376 451 charii
407 397 828 467 contorqueret
856 390 1389 465 monachorumque
1415 389 1573 450 illius
1596 404 1842 465 pauper-
1870 369 1923 430 Α
1949 392 2463 451 merearinvenire
2476 390 2814 457 patronum.
2831 391 2903 449 Et
2931 396 3060 466 post
3082 390 3206 452 haec
3218 410 3244 466 ;
3259 390 3370 467 Ite,
3389 392 3601 469 inquit,

193 485 398 541 tatulaa
430 485 667 541 nimium
700 484 1060 553 condoleret,
1097 483 1349 556 sapienti
1381 498 1521 539 usus
1569 481 1839 554 concilio,

196 572 444 643 primum
472 573 830 629 monasterio
850 573 1083 644 dignum
1111 572 1326 643 delegit
1353 572 1839 643 dispensatorem,

199 660 465 718 abbatem
515 662 795 719 videlicet
836 662 1064 718 nomine
1098 661 1456 731 Gotherium,
1493 660 1662 716 unice
1691 659 1843 731 apud

200 750 503 821 Gandense
547 752 874 808 coenobium
937 750 1396 823 disciplinatum.
1458 749 1559 805 Cui
1622 752 1843 805 tantum

200 839 589 910 supplementi
615 844 949 911 sumptuum
976 841 1031 895 in
1056 840 1213 909 agris
1240 840 1560 909 vineisque,
1583 836 1846 908 exceptis

200 927 333 984 aliis
348 928 723 999 perplurimis
738 929 881 984 dona
894 930 992 983 riis
1006 933 1346 984 ornamento
1362 928 1846 983 monasteriicon-

205 1016 581 1085 ducihilibus,
600 1018 874 1087 contulit,
893 1024 955 1074 ut
971 1017 1242 1087 quamdiu
1262 1017 1604 1072 ﬁrmamenti
1621 1016 1845 1087 sphaera

199 1103 465 1161 volvitur
492 1105 619 1175 ejus
652 1120 903 1176 perenne
937 1106 1205 1161 meritum
1261 1106 1508 1177 proinde
1540 1105 1730 1175 capiat
1767 1104 1849 1159 in-

202 1199 586 1250 crementum.
620 1194 844 1260 Quanta
900 1201 1091 1250 autem
1125 1195 1255 1251 aliis
1304 1193 1695 1263 monasteriis,
1728 1208 1846 1250 sua:

203 1283 598 1352 pastoralitati
630 1299 795 1353 aeque
828 1284 1087 1340 subactis
1113 1288 1170 1339 et
1204 1289 1411 1353 agente
1449 1282 1658 1353 inopiae
1691 1296 1847 1353 pres-

199 1385 330 1427 sura
363 1387 506 1442 pene
530 1372 828 1444 collapsis,
857 1374 925 1429 ad
949 1372 1398 1429 restaurationis
1418 1373 1665 1442 gratiam
1688 1370 1845 1440 larga

200 1473 367 1516 manu
402 1462 782 1532 concesserit,
818 1461 1141 1533 qualiterve
1190 1462 1524 1517 monasticae
1556 1459 1845 1530 religioni,

200 1562 327 1617 quae
360 1553 498 1604 tunc
524 1550 808 1620 temporis
858 1549 1073 1620 ubijue
1105 1549 1472 1620 pessumdari
1515 1549 1843 1618 videbatur,

201 1642 403 1707 utpote
422 1638 1093 1695 favorabilisanimarum
1114 1639 1507 1708 languentium
1528 1637 1840 1707 archlater,

1953 483 2311 555 quantocius
2328 484 2388 541 et
2426 483 2584 540 omni
2614 483 2921 541 conamine
2936 483 3213 556 spiritali
3230 485 3452 545 instate
3483 488 3607 545 tam

1940 572 2049 645 pio
2071 572 2263 630 labori
2278 615 2289 628 .
2304 574 2521 630 Potens
2537 573 2693 631 enim
2711 574 2986 645 estDeus,
3012 575 3121 646 qui
3137 573 3301 633 vobis
3312 576 3608 647 praestitit

1952 662 2122 731 velle,
2142 661 2602 720 subministrare
2623 662 2682 718 et
2682 676 2857 734 posse
2882 663 3011 721 Hoc
3030 664 3227 720 autem
3247 663 3379 722 nolo
3394 680 3497 725 vos
3515 665 3612 725 la-

1959 750 2098 820 teat,
2114 750 2265 821 quia
2275 751 2331 808 si
2346 751 2593 818 fervida
2604 751 3606 828 voluntateadjaciendumfunda-

1954 841 2213 897 mentum
2225 841 2514 899 insudare
2532 842 2842 913 satagitis,
2853 843 3166 914 postquam
3180 844 3333 902 mihi
3354 858 3605 917 comper-

1959 929 2081 984 tum
2092 929 2317 1002 fuerit,
2351 930 2511 1001 quod
2537 930 2767 987 tantum
2796 931 2861 987 in
2899 929 3090 987 altum
3119 935 3609 1006 consurgatgua-

1960 1019 2128 1076 tenus
2138 1023 2320 1077 unius
2333 1020 2520 1077 cubiti
2532 1034 2875 1078 mensuram
2886 1034 3063 1092 super
3078 1021 3300 1079 terram
3312 1023 3602 1093 ostendat,

1960 1109 2109 1167 tales
2124 1109 2287 1167 vobis
2308 1110 2377 1166 de
2384 1111 2534 1180 ﬁsco
2550 1124 2654 1166 nos
2663 1111 2754 1167 tro
2775 1111 3085 1183 suppetias
3095 1110 3607 1184 prabebo,utpar-

1955 1211 2023 1254 vo
2071 1199 2521 1270 aliquantorum
2564 1199 2892 1258 interstitio
2941 1213 3229 1256 annorum
3250 1213 3439 1272 usque
3459 1201 3605 1259 adeo

1945 1287 2285 1359 profectum
2306 1287 2435 1343 lato
2476 1288 2690 1345 sudore
2712 1288 2934 1359 capiat,
2982 1290 3091 1358 qui
3111 1288 3267 1345 citra
3286 1301 3447 1359 spem
3466 1302 3610 1347 com-

1954 1389 2190 1432 munem
2217 1375 2299 1432 ad
2316 1389 2608 1432 summum
2636 1389 2820 1446 usque
2834 1375 3165 1448 pertingat.

2028 1469 2077 1518 7.
2111 1463 2234 1529 Quo
2253 1478 2513 1519 caesareo
2551 1462 2845 1533 gloriosus
2866 1462 3129 1534 pontifex
3153 1463 3443 1522 animatus
3473 1481 3606 1537 pro-

1958 1550 2154 1618 misso,
2189 1551 2384 1607 divino
2417 1551 2730 1608 comitatus
2760 1550 2978 1607 auxilio
3009 1550 3222 1608 mentis
3253 1557 3599 1625 conceptum

1959 1654 2134 1707 opere
2148 1643 2323 1697 tenus
2338 1639 2578 1712 implere
2595 1639 2871 1710 gestiens,
2894 1653 3062 1710 quam
3078 1639 3347 1710 plurimis
3361 1645 3604 1699 strenue

200 1725 764 1784 auctoraliantidoto
793 1727 1171 1793 succurrerit,
1210 1727 1435 1781 modum
1467 1724 1844 1795 atquecalcu-
1877 1729 1924 1788 Β
1957 1728 2264 1786 accersitis
2284 1733 2340 1785 et
2361 1728 2617 1785 corrasis
2638 1727 3028 1784 caementariis
3049 1733 3225 1799 atque
3254 1729 3602 1801 fossoribus,

202 1810 318 1867 lum
352 1815 663 1885 excedunt,
700 1815 948 1885 ideoque
980 1815 1051 1870 ad
1104 1815 1452 1869 narrandum
1487 1828 1676 1869 sermo
1709 1828 1838 1869 suc-

199 1900 449 1955 cumbit.
489 1902 645 1958 Adeo
674 1903 924 1973 denique
952 1903 1234 1959 virtutum
1271 1904 1579 1973 paedagoga
1624 1901 1843 1958 caritas

199 1986 253 2042 in
290 1987 416 2056 ejus
445 1995 685 2061 pectore
734 1991 1039 2061 vigorahili
1074 1991 1317 2062 imperio
1366 2002 1663 2061 sceptrum
1696 1989 1844 2046 obti-

200 2075 346 2144 nuit,
385 2081 673 2146 quatenus
703 2093 833 2134 cum
867 2080 1038 2134 beato
1077 2081 1185 2135 Job
1216 2078 1365 2135 haud
1401 2078 1610 2148 injuria
1645 2078 1842 2133 dicere

198 2172 419 2233 posset,
449 2165 582 2235 quia
607 2181 680 2222 ea
692 2168 856 2224 utero
871 2168 1087 2225 matris
1098 2181 1239 2224 mea
1251 2181 1487 2238 egressa
1507 2167 1594 2224 est
1613 2166 1845 2224 caritas

192 2264 419 2309 mecum
446 2254 595 2321 (Job.
634 2271 789 2325 xxxx,
824 2258 932 2328 18).

269 2344 319 2395 5.
356 2341 549 2398 Doluit
581 2343 862 2412 siquidem
896 2345 1232 2414 frequenter
1255 2345 1500 2415 udisque
1523 2344 1844 2401 luminibus

197 2426 313 2484 alta
351 2430 691 2487 multotiens
724 2433 978 2501 suspiria
1031 2434 1235 2503 traxit,
1269 2433 1421 2503 quod
1454 2433 1751 2497 sacellum,
1788 2433 1840 2487 in

203 2530 317 2586 quo
348 2518 647 2588 pretiosus
681 2520 904 2576 Domini
954 2521 1333 2592 archipraesul
1381 2522 1701 2578 Eucharius
1732 2535 1841 2577 una

197 2619 326 2661 cum
383 2606 735 2662 beatissimis
789 2610 1383 2681 commanipularibus
1442 2611 1564 2666 suis
1616 2611 1668 2665 in
1705 2624 1844 2681 pace

199 2694 530 2764 pausitatet
555 2696 867 2753 adventum
893 2698 1302 2770 Redemptoris
1323 2705 1615 2770 expectat,
1641 2698 1840 2757 humili

196 2785 368 2842 nimis
390 2790 565 2854 atque
591 2788 958 2859 paupertino,
982 2793 1070 2843 tot
1098 2789 1434 2845 labentibus
1458 2789 1640 2857 annis,
1677 2789 1845 2845 dura-

200 2877 289 2928 ret
306 2873 699 2931 instrumento
718 2894 730 2939 ;
749 2890 946 2932 secum
962 2877 1233 2932 anxiusin
1252 2877 1487 2933 archivo
1502 2877 1713 2933 mentis
1728 2876 1843 2933 vol-

196 2975 358 3029 vens,
383 2968 673 3031 quatenus
694 2964 869 3019 vitam
887 2964 1174 3036 sospitate
1197 2965 1534 3034 comitante,
1553 2965 1841 3035 condigno

198 3054 479 3119 quantum
513 3051 584 3107 ad
617 3051 910 3108 hominum
953 3053 1396 3109 aestimationem
1428 3058 1730 3124 apparatu,
1759 3052 1842 3123 ja-

195 3142 358 3194 ctato
382 3154 531 3195 novo
549 3139 899 3208 fundamine,
937 3141 1116 3197 tantis
1140 3141 1402 3212 patronis
1421 3141 1727 3210 omnigeno
1757 3139 1841 3197 uti

193 3224 457 3282 decuerit
490 3225 581 3259 ³⁸⁸⁸
606 3231 814 3284 ornatu
849 3227 1249 3285 dominicalem
1286 3243 1475 3297 ungue
1512 3234 1682 3285 tenus
1716 3244 1843 3301 per-

196 3313 415 3385 poliret
459 3314 806 3382 ecclesiam;
866 3317 1034 3374 nauci
1069 3316 1326 3389 pendens
1356 3316 1525 3373 istam
1582 3324 1840 3375 nostram

190 3407 528 3460 veteranam
561 3410 618 3460 et
648 3418 717 3461 ex
747 3405 988 3476 obliquo
1028 3420 1243 3463 vocans
1270 3421 1395 3463 eam
1427 3404 1720 3464 redituum
1756 3422 1842 3463 re-

194 3491 563 3563 positorium.

260 3566 310 3619 6.
349 3563 608 3634 Cumque
635 3567 753 3619 tam
788 3564 1043 3636 spiritali
1074 3569 1211 3622 voto
1258 3568 1467 3623 crebra
1516 3567 1841 3625 intentione

188 3656 344 3708 esset
381 3658 726 3724 occupatus,
764 3653 982 3710 accidit
1013 3655 1260 3724 quadam
1314 3655 1461 3725 vice,
1498 3661 1560 3712 ut
1594 3658 1839 3726 praefato

189 3738 460 3809 principi,
496 3739 593 3811 qui
626 3755 758 3796 eum
814 3741 1124 3813 apostolici
1185 3742 1422 3799 honoris
1452 3745 1842 3814 praerogativa

191 3826 467 3897 dignatus
496 3832 608 3898 est,
641 3844 759 3899 prae
793 3830 1011 3887 ceteris
1039 3829 1425 3887 ecclesiarum
1461 3832 1694 3890 vatibus
1725 3848 1843 3890 mo-

189 3914 299 3971 rali
334 3915 510 3972 aﬂ‘atu
567 3920 819 3987 coesset,
861 3918 1033 3988 eique
1067 3918 1218 3975 inter
1249 3919 1362 3975 alia
1420 3919 1840 3979 ecclesiastica

185 4002 469 4060 utilitatis
489 4004 730 4061 consilia
748 4005 989 4076 hujusce
1004 4006 1328 4064 voluntatis
1337 4008 1431 4077 jau
1442 4025 1547 4066 uas
1563 4011 1836 4080 aperiret.

184 4092 506 4162 Imperator
538 4108 700 4163 vero,
731 4094 817 4150 uti
843 4095 1342 4154 catholicissimus
1363 4098 1673 4154 mundialis
1697 4101 1843 4156 aulae

184 4183 404 4250 rector,
437 4185 602 4237 tanto
635 4182 779 4238 tanti
817 4184 1115 4254 pontiﬁcis
1157 4185 1525 4255 conjubilans
1559 4191 1695 4244 voto
1726 4204 1844 4259 prae

186 4267 360 4323 nimia
394 4268 606 4325 mentis
639 4269 948 4330 alacritate
979 4273 1031 4327 in
1067 4274 1190 4331 haec
1223 4274 1481 4345 prosiliit
1526 4290 1659 4331 orsa
1692 4294 1703 4328 :
1739 4278 1846 4332 Be-

180 4356 452 4415 nedictus
481 4359 642 4417 Deus
694 4375 874 4433 super
909 4363 1183 4419 thronum
1218 4364 1450 4420 aeterna
1502 4365 1846 4434 neajestatis

1956 1816 2025 1871 ad
2060 1817 2248 1872 locum
2278 1817 2545 1873 tetendit.
2582 1819 2838 1887 Cumque
2863 1816 2978 1886 jam
3002 1830 3108 1887 per
3132 1815 3256 1872 dies
3279 1817 3501 1889 aliquot
3526 1818 3613 1876 fo—.

1954 1903 2166 1961 diendo
2193 1905 2519 1960 laboratum
2544 1905 2774 1973 fuisset,
2804 1910 3043 1976 repente
3068 1905 3321 1961 fossores
3353 1905 3604 1978 inopinis

1956 1992 2168 2049 ictibus
2202 1994 2254 2047 in
2293 1998 2381 2049 ter
2413 1999 2737 2063 quaterque
2781 1992 2934 2049 beati
2965 1992 3133 2063 Celsi,
3171 1990 3257 2049 uti
3286 1993 3587 2051 Divinitati

1957 2080 2200 2151 placuit;
2237 2081 2619 2153 polyandrum
2657 2082 2804 2153 (527)
2834 2081 3229 2153 impegerunt.
3271 2124 3283 2137 .
3332 2124 3345 2138 .
3394 2125 3407 2138 .
3455 2125 3468 2139 .
3516 2126 3529 2140 .
3580 2126 3592 2139 .

1955 2171 2090 2225 Erat
2113 2178 2305 2226 autem
2332 2169 2724 2241 sarcophagus
2748 2169 2890 2241 ipse,
2924 2169 2979 2224 in
3010 2184 3122 2241 quo
3156 2171 3608 2231 resurrectionis

1956 2260 2171 2315 nudum
2202 2274 2443 2328 granum
2472 2258 2808 2315 maturandi
2868 2259 3055 2329 gratia
3090 2274 3193 2331 per
3224 2262 3309 2317 tot
3342 2264 3603 2334 tempora

1958 2348 2148 2418 latuit,
2177 2348 2303 2402 miri
2330 2347 2603 2404 candoris
2625 2352 2810 2417 petra,
2837 2361 3007 2418 quam
3031 2347 3239 2418 vulgus
3261 2353 3480 2405 cretam
3506 2366 3603 2407 vo-

1957 2441 2081 2502 cat;
2112 2441 2169 2492 et
2200 2435 2398 2493 tabula
2432 2435 2684 2507 desuper
2716 2449 3061 2502 marmorea,
3095 2436 3151 2491 in
3183 2451 3291 2507 qua
3325 2438 3602 2495 sanctita-

1956 2525 2034 2580 tis
2063 2525 2190 2595 ejus
2222 2524 2388 2580 index
2422 2523 2634 2581 titulus
2666 2523 2770 2580 fuit
2818 2529 3131 2581 caraxatus
3183 2525 3336 2582 hunc
3366 2526 3599 2583 modum

1956 2613 2262 2669 continens
2297 2632 2309 2667 :

2026 2703 2342 2759 Sollicitus
2353 2703 2714 2773 quicumque
2724 2703 2893 2773 cupis
2904 2715 3245 2774 cognoscere
3257 2701 3539 2775 tumbam,

2098 2790 2621 2859 Praelarusjaret
2637 2791 2736 2847 hic
2756 2792 2991 2847 nomine
3005 2790 3105 2847 vel
3125 2792 3363 2849 meritis

2030 2880 2256 2949 Celsus,
2281 2894 2455 2952 quem.
2473 2879 2763 2936 Dominus
2782 2894 2914 2935 vero
2936 2879 3256 2950 insignivit
3274 2879 3507 2952 honore,

2095 2969 2226 3026 Non
2246 2968 2447 3037 segnis
2456 2966 2683 3037 patria
2701 2980 2927 3038 semper
2946 2966 3168 3038 ubique
3187 2969 3427 3039 vigens;

2029 3055 2143 3120 Qui
2157 3067 2348 3124 genus
2369 3054 2550 3126 atque
2570 3054 2763 3112 ortum
2781 3055 2947 3112 claro
2969 3054 3037 3111 de
3054 3056 3360 3113 stemmate
3383 3058 3596 3130 uomit,

2092 3143 2442 3216 Afectugue
2457 3144 2565 3215 pio
2592 3143 2870 3201 conditur
2898 3144 3006 3201 hoc
3035 3144 3277 3202 tumulo.

2021 3237 2074 3291 8.
2109 3232 2427 3305 Operarius
2476 3237 2667 3287 autem
2726 3232 2821 3302 qui
2853 3232 3079 3303 primus
3132 3233 3388 3291 omnium
3420 3235 3476 3292 in
3510 3240 3596 3293 tu-

1950 3321 2169 3379 mulum
2199 3320 2460 3392 oﬁ‘endit,
2494 3320 2749 3377 rusticus
2779 3327 2907 3377 erat
2937 3326 2997 3376 et
3026 3321 3213 3378 totius
3244 3337 3391 3394 pene
3422 3326 3601 3383 ratio-

1952 3412 2059 3479 nis,
2098 3410 2178 3467 uti
2212 3410 2269 3465 id
2312 3409 2605 3465 hominum
2635 3424 2822 3478 genus
2851 3408 3139 3479 noscitur,
3176 3410 3439 3484 incapax.
3474 3415 3596 3471 Non

1950 3501 2103 3556 enim
2138 3499 2360 3556 sciebat
2411 3500 2645 3554 beatum
2674 3499 2781 3554 Job
2812 3496 3034 3554 dixisse
3063 3516 3077 3553 :
3131 3497 3597 3573 Causam'quam

1948 3589 2275 3648 nesciebam
2298 3586 2760 3659 diligentissime
2783 3586 3224 3659 investigabam
3250 3589 3477 3662 (Job.v,
3505 3594 3563 3663 6)
3574 3608 3600 3661 ,-

1952 3679 2055 3734 sed
2093 3676 2543 3749 praecipitationi
2577 3689 2803 3731 manum
2837 3675 3112 3734 incautus
3133 3677 3296 3734 dedit
3318 3678 3600 3737 tabulam-

1952 3779 2061 3836 que
2097 3764 2332 3835 bipenui
2365 3763 2539 3834 rapit,
2572 3766 2633 3819 ut
2667 3762 2763 3818 vix
2793 3776 2824 3818 a
2857 3762 3051 3821 doctis
3082 3765 3225 3821 viris
3244 3765 3458 3824 titulus
3487 3767 3598 3839 legi

1954 3855 2213 3910 inerrato
2247 3852 2554 3922 quivisset,
2599 3894 2610 3906 .
2662 3893 2674 3906 .
2727 3893 2738 3904 .
2787 3893 2802 3906 .
2853 3894 2866 3906 .
2917 3895 2928 3907 .

2022 3929 2073 3980 9.
2108 3921 2361 3994 Cumque
2392 3928 2508 3978 tam
2540 3921 2711 3977 latus
2742 3923 2940 3978 rumof
2962 3922 3072 3979 sud
3094 3924 3298 3981 cursili
3323 3926 3601 3983 festinan-

1954 4013 2033 4068 tia
2065 4013 2134 4069 ad
2172 4011 2247 4083 pii
2284 4010 2574 4083 pontiﬁcis
2605 4009 2873 4065 notitiam
2899 4011 3283 4083 pervenisset,
3308 4014 3602 4071 multilau-

1955 4102 2024 4157 da
2059 4100 2378 4172 gratiarum
2407 4098 2640 4155 actione
2660 4098 2916 4154 omnium
2943 4099 3204 4157 datorem
3226 4100 3599 4172 largitionum

1956 4189 2254 4247 benedixit
2286 4190 2492 4253 Deum;
2517 4186 2717 4257 sicque
2747 4185 3013 4259 impiger,
3045 4203 3220 4245 morte
3245 4190 3500 4262 nescius,
3528 4192 3598 4248 ad

1956 4278 2210 4335 divinum
2239 4275 2635 4349 spectaculum
2696 4275 2945 4347 proruit,
2981 4275 3140 4334 clero
3197 4278 3604 4354 circumstipa-

1960 4373 2069 4422 tus.
2110 4367 2217 4421 Sed
2254 4364 2518 4436 quamvis
2548 4364 2765 4436 incepti
2798 4363 2996 4436 cperis
3022 4370 3180 4422 esset
3202 4367 3599 4441 avidissimus,

179 4448 436 4515 suae,gui
462 4447 631 4506 nobis
656 4450 777 4506 tam
802 4451 1051 4521 gratam
1070 4450 1190 4506 sibi
1221 4452 1526 4524 inspirare
1558 4453 1846 4525 dignatus
1880 4459 1926 4517 1)
1959 4456 2101 4509 hanc
2136 4462 2323 4510 tamen
2367 4453 2851 4524 interruptionem
2912 4453 3194 4511 sustinuit
3240 4454 3599 4530 laetissimus,

180 4533 640 4592 estvoluntatem
656 4548 675 4593 ,ι
702 4539 785 4593 Et
806 4538 1145 4595 benedictus
1165 4538 1322 4594 beati
1344 4540 1847 4599 Euc/mrii-mona-

180 4620 425 4678 clior-um
435 4624 756 4682 unanimus
779 4627 978 4696 castus,
997 4642 1106 4698 per
1127 4628 1299 4698 cujus
1318 4630 1690 4687 necessarias
1714 4646 1847 4688 ora-

178 4707 367 4766 tiones
384 4710 566 4768 totius
581 4712 821 4783 imperii
838 4715 1030 4772 nostri
1042 4730 1080 4772 a
1092 4718 1343 4774 Domino
1354 4731 1456 4788 reg
1465 4719 1647 4775 untur
1659 4721 1846 4776 sortes

180 4797 325 4855 Etsi
341 4797 553 4856 divina
563 4814 692 4857 sors
704 4802 771 4857 in
784 4801 988 4860 diebus
1000 4805 1222 4862 nostris
1236 4805 1343 4863 hoc
1348 4808 1585 4877 proposi
1592 4809 1713 4864 tum
1713 4823 1847 4881 per-

181 4886 432 4944 duxerit
448 4886 531 4945 ad
565 4888 866 4962 afectum,
896 4892 1065 4949 ltetus
1101 4894 1227 4964 jam
1242 4895 1495 4964 post/iac
1522 4897 1681 4953 viam
1712 4899 1844 4954 uni-

180 4987 363 5032 versa
378 4979 583 5035 carnis
596 4977 932 5048 ingrediar,
951 4980 1182 5037 tantum
1192 4981 1433 5053 utapud
1441 4984 1647 5041 Jesum
1672 4986 1843 5042 Cleri'

179 5061 339 5118 stum
357 5063 628 5133 judicem
639 5068 879 5137 justum
903 5066 1136 5123 beatum
1156 5069 1548 5141 Eucharium,
1574 5073 1845 5143 primum

190 5151 491 5208 Treverice
523 5153 692 5211 urbis
716 5156 1006 5213 doctorem
1014 5157 1192 5228 pimn
1209 5172 1317 5229 pro
1340 5159 1677 5218 excessibus
1694 5162 1844 5221 meis

1960 4558 2092 4598 vera
2126 4543 2235 4597 lidc
2268 4557 2336 4597 ex
2367 4541 2527 4596 tituli
2563 4543 2885 4598 assertione
2943 4542 3326 4612 certiﬁcatus,
3364 4548 3515 4618 quod
3547 4549 3601 4603 in

1957 4632 2162 4687 diebus
2184 4631 2308 4686 suis
2334 4644 2511 4701 super
2544 4630 2743 4686 urbem
2765 4632 3130 4689 Trevericam
3163 4633 3490 4690 divinitatis
3522 4635 3605 4691 di-

1952 4723 2202 4792 gnanter
2233 4718 2511 4791 delapsus
2555 4722 2711 4775 esset
2746 4724 3074 4791 respectus.
3113 4721 3391 4779 Omnibus
3424 4721 3605 4793 igitur

1954 4826 2082 4881 quae
2106 4808 2446 4865 acciderant
2461 4807 2787 4880 prudentiae
2808 4807 3091 4880 scalpello
3108 4808 3421 4879 diligenter
3435 4810 3606 4869 rima-

1954 4896 2052 4966 tis,
2090 4895 2245 4951 beati
2279 4894 2536 4967 pignoris
2570 4894 2807 4965 taphum
2842 4893 2912 4949 de
2947 4894 3073 4951 loco
3102 4894 3456 4967 depositioni
3487 4913 3605 4954 mo-

1953 4998 2091 5040 vere
2120 4999 2483 5055 nequaquam
2518 4983 2913 5054 praesumpsit,
2948 4982 3048 5039 sed
3091 4985 3318 5040 tantum
3350 4986 3606 5041 auctori-

1957 5073 2095 5129 tatis
2126 5089 2244 5130 suze
2268 5071 2462 5141 sigillo
2487 5073 2593 5141 sui)
2621 5070 2858 5141 vigilum
2882 5070 3147 5127 excubiis
3176 5071 3406 5140 signare
3439 5088 3604 5131 cura-

1956 5161 2072 5228 vit;
2124 5137 2502 5233 psalmicines
2526 5137 2767 5214 interim
2803 5158 3114 5216 monachos
3148 5158 3360 5216 ibidem
3388 5163 3577 5219 consti

1548 5292 1786 5349 VARLE
1821 5294 2222 5352 LECTIONES.

239 5379 339 5414 ³³⁸⁵
372 5381 701 5438 decreverit
737 5385 890 5443 Bud.

198 5570 213 5577 ε
254 5550 402 5623 (527)
436 5551 846 5608 Coemeterium
880 5558 979 5610 aut
1010 5556 1341 5626 sepulcrum
