3952 6056
355 189 507 255 1239

1030 192 1299 259 GESTA
1326 194 1681 259 TREVER.
1713 228 1794 240 —
1821 188 2180 256 APPEND.
2223 190 2678 263 TRANSLAT.
2714 194 2784 262 S.
2817 193 3075 262 CELSI.

3615 197 3766 265 i240

350 322 541 422 tuens,
575 350 671 423 qui
704 353 778 408 ob
829 351 1034 409 merita
1091 352 1239 409 tanti
1263 351 1409 424 justi
1469 347 2012 409 inintermissibiles
2042 327 2097 388 Α
2127 346 2658 422 tacitfrequeutiis
2680 351 3043 423 angelorum.
3065 349 3289 408 Iterum
3315 364 3476 423 roqo,
3493 354 3762 426 gaudete,

349 442 751 515 persolverent
777 444 980 500 laudes
1002 444 1316 513 divinitati,
1344 444 1534 514 quoad
1563 443 1685 514 ipse
1707 441 2012 512 coepisco-

348 548 554 605 porum
591 549 827 590 suorum
860 535 1131 590 consultu
1168 534 1397 605 plenius
1434 533 1822 604 perdisceret,
1871 530 2010 601 quid

349 620 420 678 de
452 639 513 679 re
545 629 707 679 tanta
730 624 851 679 ﬁeri
877 629 1202 695 oporteret;
1234 624 1435 693 sicque
1461 620 1825 693 transcripto
1848 618 2011 676 tituli

352 714 528 783 tomo,
561 714 841 785 episcopii
879 714 1168 777 delegavit
1203 713 1604 770 claviculario.

422 809 506 862 10.
538 806 793 874 Cumque
827 804 1143 859 secundum
1200 803 1347 858 tanti
1386 804 1649 874 pastoris
1705 804 2012 861 intemera‘

358 895 474 952 bile
506 896 791 951 statutum
827 894 920 949 die
974 897 1270 963 noctuque
1322 894 1533 950 fratres
1566 895 1622 949 in
1671 897 2011 966 pausatorio

348 984 662 1054 justorum,
699 998 851 1039 nunc
884 983 990 1039 sub
1024 983 1156 1039 divo
1191 999 1345 1039 nunc
1389 986 1498 1040 sub
1528 989 1705 1055 tecto,
1755 986 2010 1043 divinum

356 1073 799 1143 frequentarent
816 1073 1504 1144 oﬁicium,summumque
1522 1074 1871 1145 importunis
1886 1092 2012 1148 pre-

355 1162 523 1219 cibus
553 1163 970 1233 compcllarent
1022 1163 1222 1225 solem,
1276 1164 1371 1233 qui
1406 1165 1771 1220 voluntatem
1806 1166 2010 1221 timcn-

358 1252 499 1308 tium
524 1266 583 1307 se
608 1252 808 1323 procul
827 1251 1005 1308 dubio
1032 1253 1167 1308 facit
1190 1258 1249 1308 et
1283 1252 1757 1323 deprecationem
1777 1255 2007 1311 illorum

355 1342 637 1399 exaudire
669 1342 816 1397 solet
845 1362 856 1396 :
888 1357 1001 1397 non
1037 1342 1217 1398 multo
1252 1349 1383 1413 post
1430 1348 1743 1413 corrogata
1786 1350 1877 1400 est
1910 1346 2009 1400 im-

357 1431 564 1503 periali
617 1431 810 1487 edicto
861 1430 1198 1502 sollempnis
1240 1433 1496 1501 synodus
1544 1449 1716 1503 quam
1756 1434 2004 1506 plurium

357 1522 761 1592 episcoporum
844 1524 1020 1590 atque
1077 1522 1373 1591 abbatum,
1451 1528 1679 1593 patrum
1738 1524 2007 1580 videlicet

358 1610 604 1679 Belgicae
637 1625 745 1665 nec
778 1626 888 1664 non
922 1610 1262 1680 Cermanize,
1297 1611 1448 1681 apud
1498 1612 1693 1681 regale
1730 1613 2005 1683 palatium

2124 439 2274 510 quia
2293 444 2357 495 ui
2374 453 2578 497 verum
2584 440 2800 511 fatear
2821 454 2939 497 non
2956 440 3148 496 solum
3172 441 3391 497 exinde
3412 440 3583 499 uobis
3607 444 3766 502 salus

2125 530 2303 584 aucta
2317 527 2422 599 est,
2435 542 2639 586 verum
2652 530 2833 586 etiam
2846 530 2937 601 pii
2941 530 3213 602 pastoris
3214 530 3495 601 probitas
3511 532 3765 603 ejusdem

2122 616 2311 687 urbis,
2352 633 2526 689 quem
2556 620 3078 691 iuprasentiarum
3108 621 3376 691 cernitis,
3417 622 3767 680 enucleatius

2112 707 2429 779 patefacta
2451 708 2724 775 esi.Quod
2752 725 2880 766 eum
2904 709 3205 765 audissent
3224 710 3531 780 utriusque
3548 711 3767 768 ordinis

2126 798 2465 854 sacerdotes
2494 798 2739 868 Domini,
2792 797 2886 869 qui
2920 798 3109 855 eidem
3162 813 3344 856 sacrze
3378 799 3767 857 interfuerunt

2125 888 2366 958 synodo,
2388 886 2661 958 expansis
2679 886 2749 942 ad
2766 887 2975 943 coelum
2994 886 3259 943 manibus
3279 887 3400 959 pias
3425 903 3546 960 pra:
3559 887 3766 959 gaudio

2125 976 2398 1032 fuderunt
2430 976 2720 1045 lacrimas,
2756 976 3065 1033 immensas
3116 977 3414 1033 Conditori
3446 979 3767 1035 referentes

2121 1070 2337 1135 grates,
2374 1065 2468 1136 qui
2498 1070 2612 1120 tam
2673 1066 2994 1135 gloriosum
3054 1066 3263 1137 pignus
3296 1082 3409 1122 non
3440 1082 3653 1139 passus
3681 1074 3765 1123 est

2122 1156 2444 1211 subterrari
2465 1155 2707 1223 diutius,
2735 1156 2834 1211 sed
2859 1157 3027 1226 cujus
3042 1155 3194 1226 apud
3221 1156 3408 1227 ipsum
3426 1162 3591 1213 esset
3608 1158 3770 1214 meri-

2124 1243 2186 1313 ti,
2220 1242 2982 1300 miraculiscoruscantibus
2999 1243 3546 1315 censuitpaliﬁcari.
3574 1247 3767 1316 Neque

2121 1332 2271 1388 enim
2309 1333 2393 1388 fas
2430 1332 2558 1402 fuit,
2594 1337 2656 1389 ut
2691 1332 2772 1387 illi
2817 1333 3049 1389 deesset
3106 1332 3161 1388 in
3205 1333 3383 1390 terris
3424 1334 3766 1405 obsequium

2120 1421 2537 1480 ecclesiasticae
2592 1420 2832 1490 militizc,
2865 1422 2958 1478 cui
3007 1422 3123 1492 jam
3180 1421 3235 1476 in
3268 1421 3433 1478 ccelis
3469 1437 3499 1478 a
3528 1423 3769 1479 Domino

2122 1510 2350 1567 reddita
2374 1515 2499 1566 erat
2526 1510 3029 1580 coronajusticize.
3053 1512 3194 1567 Post
3217 1510 3338 1567 hzec
3361 1526 3529 1568 sacro
3554 1512 3770 1583 placuit

2120 1599 2389 1668 concilio,
2427 1604 2715 1671 quatenus
2746 1600 2979 1669 angusti
3015 1602 3414 1671 prostagmate
3450 1602 3598 1672 (530)
3632 1616 3770 1671 prae-

361 1699 513 1771 quod
578 1699 888 1755 barbarico
938 1698 1224 1754 vocabulo
1282 1700 1677 1769 Engileuheim
1712 1702 2008 1759 vocitatur
2038 1696 2090 1755 Β
2122 1694 2297 1745 eunte
2328 1695 2503 1760 διαυθ
2536 1689 2948 1760 episcoporum
2991 1688 3428 1759 indisgl‘egabili
3481 1704 3767 1746 00°58'15"

362 1788 531 1859 (528),
560 1788 613 1843 in
650 1804 759 1858 qua
795 1787 1068 1843 nonnulla
1096 1787 1514 1844 ecclesiastica:
1550 1790 1787 1846 utilitati
1814 1806 2008 1847 neces-

361 1877 535 1944 saria,
569 1881 902 1932 sanctorum
958 1891 1247 1931 canonum
1283 1878 1598 1947 prmviantc
1631 1880 2004 1951 auctoritate,

362 1965 619 2022 dulciter
642 1970 777 2021 sunt
815 1965 1178 2035 promulgata
1206 1970 1381 2036 atque
1412 1982 1775 2025 successum)
1821 1975 2009 2040 poste-

364 2054 525 2111 ritati
562 2054 977 2110 inviolabiliter
1009 2055 1369 2111 ebservanda
1397 2056 1640 2112 indicta.
1680 2059 1779 2114 Cui
1816 2064 2011 2115 neces-

365 2144 517 2201 sario
551 2144 815 2199 interfuit
852 2143 1173 2200 Treverica?
1205 2145 1470 2202 ecclesiae
1524 2147 2010 2217 metrOpolitanus

365 2234 511 2290 bene
549 2234 792 2288 meritus
842 2234 1154 2301 Egbertus,
1190 2236 1359 2302 cujus
1407 2237 1700 2303 memoria,
1737 2235 2010 2307 quamdiu

365 2322 541 2379 hodie
569 2322 810 2383 dicitur,
839 2336 1069 2391 semper
1098 2327 1191 2377 est
1216 2322 1265 2377 in
1295 2324 1699 2381 benedictione
1723 2326 2007 2395 habenda,

367 2412 496 2482 quia
526 2411 635 2483 piis
658 2412 786 2478 ejus
813 2412 1027 2466 studiis
1048 2412 1418 2482 asscribitur,
1440 2413 1591 2481 quod
1616 2414 2010 2471 suzeecclesiaa

364 2499 559 2556 clerus
620 2501 862 2556 scientia
897 2516 965 2556 ac
1008 2500 1287 2568 religione
1321 2502 1682 2558 nobilitatur.
1718 2504 2013 2559 Discussis

368 2604 505 2645 sane
540 2590 679 2643 inibi
714 2590 910 2643 multis
945 2605 1071 2658 qua;
1131 2590 1402 2656 synodica
1441 2591 1698 2660 postulat
1757 2593 2008 2661 rubrica,

368 2684 674 2750 postquam
708 2683 908 2731 tantus
961 2678 1364 2746 archipraasul,
1401 2680 1495 2748 qui
1532 2680 1683 2736 inter
1715 2696 1915 2735 omnes
1949 2681 2014 2735 il-

374 2765 462 2822 los
497 2767 805 2837 primatum
843 2766 1045 2828 tenuit,
1101 2782 1343 2821 vacuum
1377 2768 1485 2822 sibi
1524 2770 1643 2823 fore
1677 2770 1743 2823 ad
1782 2770 2015 2839 loquen-

372 2855 504 2911 dum
544 2854 814 2924 pervidit,
852 2858 1086 2925 arrepto
1113 2855 1388 2924 pitaeiolo
1411 2857 1501 2911 cui
1535 2862 1662 2912 erat
1696 2858 2015 2927 inscriptus

370 2943 524 3000 beati
552 2942 699 2999 Celsi
725 2943 952 3010 titulus,
976 2942 1177 2999 ordine
1203 2959 1315 3013 quo
1341 2945 1622 3015 Oportuit,
1652 2947 1845 3016 qualia
1865 2947 2015 3017 apud

372 3032 575 3087 urbem
606 3046 766 3088 suam
792 3031 982 3087 divina
1010 3031 1270 3101 dignatio
1294 3048 1413 3103 prae
1438 3028 1704 3091 manibus
1726 3035 2019 3090 revelave—

370 3120 469 3191 rit,
503 3120 761 3175 Tulliana
800 3120 1063 3175 facundia
1088 3135 1280 3176 coram
1316 3122 1629 3192 peroravit,
1667 3122 2017 3192 titulumque

375 3209 496 3280 ipse
532 3209 821 3264 recitavit.
876 3208 1098 3272 Quibus
1128 3208 1343 3264 auditis
1392 3208 1707 3279 imperator
1739 3211 2019 3267 immenso

375 3299 650 3372 perfusus
680 3298 1072 3367 gaudimonio,
1108 3313 1334 3354 sacrum
1367 3306 1426 3353 et
1457 3300 1571 3355 Deo
1602 3300 1907 3355 docibilem
1932 3301 2023 3358 his

373 3388 572 3445 verbis
608 3387 817 3443 allatus
852 3392 944 3442 est
985 3390 1332 3442 conventum
1356 3405 1374 3440 :
1398 3388 1937 3460 Gaudete,fratres
1967 3391 2028 3446 et

373 3478 577 3549 patres
594 3478 660 3533 iu
699 3476 965 3541 Domino,
994 3475 1055 3530 et
1087 3474 1331 3532 laudate
1352 3476 1677 3534 exiutimis
1698 3478 2022 3535 visceribus

376 3565 677 3623 dominum
692 3565 879 3620 Deum
890 3563 1176 3631 nostrum,
1192 3564 1301 3632 qui
1314 3563 1469 3619 mira
1485 3564 1848 3622 cetermesua:
1867 3565 2025 3623 boui-

377 3653 739 3723 tatisqratia
751 3652 1043 3722 respicere
1057 3651 1239 3723 diqua
1248 3652 1341 3710 ius
1353 3652 1533 3709 estad
1544 3653 1804 3729 tempora
1817 3654 2026 3711 uestra

377 3742 571 3800 dando
584 3742 973 3798 ecelesizesua
985 3742 1148 3812 apud
1167 3743 1537 3799 Trevericam
1550 3752 1805 3814 metropo
1813 3745 1917 3800 lim
1931 3758 2027 3799 uo-

378 3845 514 3887 eum
522 3830 848 3902 patronum
864 3830 1092 3886 beatum
1108 3830 1361 3900 Celsum,
1379 3846 1551 3902 quem
1562 3831 2028 3905 eirtuiibusper-

376 3919 616 3994 plumeu
630 3921 779 3992 (529‘)
784 3922 1026 3992 plenum
1034 3934 1147 3992 que
1166 3920 1397 3977 dierum
1411 3935 1447 3977 a
1463 3923 1708 3991 tempore
1720 3924 1920 3980 editus
1931 3924 2030 3980 sui

382 4009 452 4066 de
478 4010 733 4083 Egypio
763 4010 1050 4067 hactenus
1080 4011 1148 4067 iu
1166 4012 1441 4081 superuis
1456 4010 1697 4069 sedibus
1726 4013 2030 4070 coucioili-

2121 1778 2456 1847 comitante,
2512 1778 2853 1833 Trevericus
2895 1784 3059 1833 vates
3092 1776 3318 1833 naviter
3380 1778 3581 1834 sedem
3611 1790 3768 1834 suam

2124 1868 2377 1923 revisere
2406 1867 2731 1933 debuisset,
2767 1871 2824 1921 et
2858 1866 3086 1935 glebam
3118 1866 3273 1922 beati
3308 1866 3457 1922 Celsi
3496 1882 3609 1922 una
3642 1882 3768 1923 cum

2121 1956 2324 2011 subice
2357 1955 2515 2011 clero
2540 1956 2609 2011 de
2641 1954 2869 2011 tumulo
2900 1954 3137 2026 proprio
3161 1954 3352 2010 levare
3383 1961 3561 2024 atque
3593 1956 3771 2012 subli-

2122 2050 2293 2099 miter
2326 2044 2381 2099 in
2413 2044 2628 2101 arcella
2661 2044 2822 2114 quasi
2868 2043 2923 2099 in
2956 2043 3203 2114 quodam
3235 2043 3563 2101 divinarum
3598 2060 3767 2116 opum

2120 2133 2539 2204 gaZOphylacio
2582 2133 2896 2199 collocare,
2959 2134 3159 2203 sicque
3188 2132 3374 2188 totius
3428 2133 3766 2189 sanctitatis

2122 2221 2282 2277 cultu
2307 2220 2423 2275 acsi
2449 2220 2656 2275 summi
2685 2220 2841 2289 regis
2862 2236 2973 2276 non
3000 2220 3423 2290 qualecumque
3446 2222 3766 2277 membrum

2123 2325 2287 2365 sacro
2317 2309 2489 2365 altari
2524 2310 2838 2380 imponere.

2195 2473 2277 2523 1-1.
2313 2467 2428 2523 Tali
2451 2468 2664 2539 quippe
2685 2467 2955 2523 mandato
2977 2472 3153 2537 atque
3185 2468 3431 2525 consilio
3464 2474 3768 2539 percepto,

2124 2559 2332 2612 beatus
2364 2557 2741 2628 archipra-sul
2778 2558 3089 2625 Egbertus,
3128 2557 3209 2611 uti
3244 2557 3502 2629 prudens
3537 2556 3769 2625 animal,

2122 2651 2208 2702 tot
2244 2652 2472 2717 patrum
2504 2661 2566 2701 se
2624 2645 3133 2702 benedictionibus
3190 2650 3365 2715 atque
3404 2645 3774 2701 orationibus

2125 2735 2387 2804 munivit,
2422 2750 2523 2790 nec
2569 2751 2678 2790 non
2715 2734 2997 2805 imperiali
3030 2735 3234 2803 gratize
3263 2734 3526 2789 tenacius
3551 2734 3772 2803 junxit,

2126 2824 2327 2894 sicque
2362 2839 2645 2894 prospero
2701 2838 2972 2889 successu
3034 2824 3147 2878 iter
3182 2823 3517 2893 maturavit,
3581 2822 3774 2878 divina

2125 2913 2378 2969 vallatus
2397 2913 2581 2968 tutela
2606 2913 3001 2984 comitumque
3026 2912 3314 2969 lateratus
3333 2915 3592 2968 caterva.
3613 2912 3778 2967 Cum-

2129 3017 2238 3074 que
2264 3002 2641 3072 semetipsum
2668 3002 2723 3056 in
2743 3016 2974 3073 propria
2992 3002 3126 3057 sede
3142 3002 3487 3072 recepisset,
3508 3000 3777 3072 pauculis

2128 3090 3016 3160 intercapedinantihusdiebus,
3039 3090 3378 3146 convocavit
3401 3089 3468 3144 ad
3494 3104 3555 3146 se
3571 3104 3775 3145 omnes

2130 3180 2417 3250 sapientia
2437 3179 2970 3251 prmditosahbates
2984 3183 3039 3234 et
3060 3179 3783 3250 monachos,presbyteros

2132 3283 2361 3339 quoque
2396 3272 2453 3324 et
2484 3268 2733 3326 clericos
2767 3268 2835 3323 ad
2873 3283 3037 3323 suam
3066 3267 3347 3323 diocesim
3383 3266 3786 3338 pertinentes;

2131 3372 2251 3413 rem
2283 3361 2506 3427 gestam
2559 3356 2746 3428 palam
2773 3356 3042 3414 omnibus
3068 3356 3293 3413 retulit.
3320 3356 3478 3423 Quos
3508 3370 3644 3412 cum
3678 3370 3790 3411 om-

2131 3459 2232 3501 nes
2263 3443 2523 3515 synodali
2570 3442 2810 3500 decreto
2849 3448 3279 3499 consentaneos
3312 3442 3622 3512 inveniret,
3663 3456 3790 3514 pro-

2133 3532 2458 3588 cessionem
2498 3531 2765 3587 festivam
2800 3530 2936 3587 ilico
2970 3530 3325 3600 construxit,
3351 3545 3482 3587 cum
3513 3530 3792 3586 crucibus

2135 3626 2191 3675 et
2226 3620 2435 3689 cereis,
2468 3620 2791 3676 thuribulis
2826 3634 3056 3690 quoque
3089 3618 3471 3690 textibusque
3500 3618 3790 3687 evangelii

2134 3709 2463 3779 gemmatis,
2500 3708 2773 3779 omnique
2805 3708 3214 3766 ecclesiastico
3236 3712 3544 3779 apparatu,
3578 3705 3792 3763 combi-

2138 3797 2292 3853 natis
2322 3796 2605 3854 fratribus
2652 3797 2922 3867 hymnum
2956 3797 3179 3853 Domini
3221 3796 3391 3853 dulce
3424 3794 3792 3859 canentibus,

2139 3886 2362 3957 asylum
2398 3885 2552 3942 beati
2601 3886 2871 3944 Eucharii
2905 3886 3127 3944 laetitias
3171 3885 3425 3941 lacrimis
3457 3884 3670 3957 plenus
3706 3896 3795 3954 pe-

2143 3974 3790 4032 detentimadiit...................

1611 4136 2119 4245 MIRA
2139 4134 2640 4245 CULA

457 4293 1030 4367 Expeditistandem,
1065 4308 1329 4351 sermone
1352 4293 1769 4365 licctimpolito
1792 4294 2036 4354 calamo-
2062 4296 2113 4357 D
2147 4293 2540 4367 propitiatorii
2580 4334 2593 4347 .
2644 4336 2656 4350 .
2706 4337 2717 4348 .
2769 4338 2780 4350 .
2832 4337 2843 4350 .
2892 4336 2905 4349 .
2945 4294 3081 4351 Nam
3112 4294 3166 4351 in
3199 4294 3405 4352 eodem
3441 4297 3807 4353 monasterio

386 4400 498 4457 que
530 4384 808 4453 silvestri,
845 4398 970 4453 quae
1028 4384 1381 4439 narrationis
1431 4382 1617 4439 series
1649 4386 1932 4455 poscebat
1962 4386 2032 4442 de

386 4473 720 4531 inventione
747 4471 1010 4542 corporis
1032 4472 1218 4528 sancti
1251 4471 1400 4527 Celsi
1431 4472 1786 4529 confessoris
1815 4474 2029 4530 Christi

389 4561 651 4635 pretiosi,
680 4559 940 4629 hincjam
970 4560 1182 4631 stylum
1208 4564 1507 4617 vertamus
1530 4564 1767 4632 Oportet
1789 4562 1860 4618 ad
1892 4563 2037 4621 dilu-

390 4648 635 4706 cidanda
668 4646 794 4717 ejus
828 4646 1027 4703 inclita
1062 4646 1360 4703 miracula.
1401 4688 1413 4702 .
1463 4689 1476 4701 .
1525 4689 1537 4702 .
1586 4690 1598 4703 .

463 4736 723 4793 Servatis
754 4735 934 4805 igitur
979 4735 1163 4791 sacris
1191 4735 1458 4806 reliquiis
1490 4736 1643 4792 beati
1678 4736 1832 4793 Celsi
1858 4752 2037 4809 super

392 4826 577 4884 altare
598 4825 783 4881 sancti
810 4823 1077 4881 Eucharii
1102 4829 1231 4896 post
1254 4824 1642 4881 inventionem
1662 4841 1765 4897 per
1784 4841 2036 4883 mensem

395 4917 705 4986 integrum,
724 4912 948 4985 placuit
966 4913 1225 4985 ejusdem
1249 4914 1497 4970 coenobii
1519 4915 1670 4986 patri
1691 4915 2038 4973 Gunderado

397 5004 625 5062 nomine
650 5002 992 5073 cunctisque
1013 5003 1314 5074 fratribus,
1336 5008 1622 5073 quatenus
1638 5018 1828 5059 arcam
1856 5005 2040 5061 sancti

400 5092 549 5149 Celsi
570 5092 796 5148 deferre
813 5092 1151 5150 debuissent
1176 5093 1229 5147 in
1256 5108 1285 5148 n
1298 5092 1451 5161 avio;
1467 5092 1735 5151 ecclesia)
1752 5096 1808 5149 et
1827 5109 2044 5165 ponere

400 5194 575 5253 super
618 5187 838 5237 sanctae
892 5183 1090 5239 Crucis
1138 5182 1322 5238 altare
1382 5182 1534 5253 quod
1566 5186 1661 5239 est
1714 5182 1770 5238 in
1798 5182 2043 5241 introitu

1999 5318 2205 5375 ΝΟΤᾸΕ

472 5401 621 5474 (528)
654 5404 731 5459 De
766 5417 876 5473 qua
908 5405 1050 5461 nihil
1085 5405 1222 5462 alibi
1256 5405 1490 5475 legitur.
1527 5406 1638 5463 Sed
1672 5409 1797 5479 post
1827 5423 1875 5463 a.
1914 5411 2038 5478 977,

408 5482 843 5560 guoﬂEgbertus
891 5486 1368 5560 archiepiscopus
1423 5488 1609 5560 fectus
1665 5491 1775 5558 est,
1809 5487 1945 5543 Otto
1978 5489 2024 5543 Il

409 5550 784 5620 Ingilenheim
818 5568 964 5610 anno
1000 5550 1227 5615 demum
1260 5550 1365 5613 980
1392 5558 1572 5615 venit.

2147 4383 2335 4439 sancti
2380 4382 2649 4440 Eucharii
2704 4382 2811 4439 fuit
2845 4383 3080 4455 quidam
3142 4383 3548 4456 pauperculus
3578 4384 3810 4441 nomine

2146 4471 2474 4529 Richolfus.
2523 4514 2536 4528 .
2585 4515 2596 4527 .
2644 4512 2659 4528 .
2706 4514 2719 4529 .
2769 4514 2781 4528 .
2821 4473 3064 4529 Peracta
3090 4472 3344 4544 denique
3372 4473 3689 4530 missarum
3721 4487 3814 4529 ce-

2147 4560 2477 4617 lebratione
2511 4561 2900 4633 omnibusque
2934 4564 3046 4617 rite
3073 4562 3517 4629 consummatis,
3548 4563 3814 4634 pontifex

2149 4651 2297 4707 dona
2333 4649 2497 4705 dedit
2556 4649 2728 4707 beato
2788 4650 2977 4719 Celso,
3037 4655 3097 4706 et
3128 4650 3320 4722 ipsum
3381 4657 3677 4719 sanatum,
3717 4650 3814 4723 qui

2149 4737 2420 4796 omnibus
2453 4737 2718 4809 prodigio
2777 4739 2995 4807 extitit,
3034 4740 3378 4795 monachico
3438 4739 3650 4796 habitu
3685 4753 3822 4796 con-

2151 4828 2531 4885 texit—erat
2566 4826 2717 4883 enim
2752 4827 2823 4883 de
2858 4827 3071 4883 familia
3101 4828 3382 4899 episcopii
3414 4857 3493 4897 σί,
3525 4832 3581 4883 et
3617 4844 3817 4899 quam-

2153 4916 2250 4973 diu
2283 4915 2580 4972 adviveret
2611 4931 2680 4972 ne
2713 4917 2785 4973 ab
2816 4915 3082 4973 ecclesiae
3115 4917 3360 4974 servitio
3382 4916 3589 4988 pedem
3630 4924 3819 4973 retra-

2154 5006 2292 5063 here
2338 5008 2745 5078 prmsumeret,
2790 5006 3030 5078 praeﬁxo
3072 5004 3303 5062 mandat
3358 5011 3687 5079 praecepto.
3744 5009 3817 5062 Is-

2156 5096 2285 5151 dem
2339 5100 2531 5152 autem
2564 5098 2882 5152 renovatus
2926 5109 3148 5166 pauper
3204 5093 3471 5167 plurimis
3503 5096 3697 5165 annis,
3741 5095 3813 5151 uti

2154 5186 2357 5257 jussus
2384 5184 2509 5255 fuit,
2536 5185 2591 5240 in
2618 5184 2976 5241 monasterio
3015 5182 3358 5255 deservivit,
3390 5189 3450 5239 et
3484 5190 3624 5255 post
3654 5197 3820 5241 cura.

2244 5406 2394 5479 (529)
2424 5406 2756 5482 Emplmne'.

2227 5489 2375 5561 (530)
2408 5486 2738 5561 πούσταμχα
2768 5488 2802 5544 i.
2839 5502 2889 5545 e.
2926 5487 3199 5547 edictum.
