3958 6046
186 241 331 303 1241

858 241 1126 309 GESTA
1154 242 1371 309 TREV
1377 241 1509 307 ER.
1542 276 1619 289 —
1647 232 2003 304 APPEND.
2037 238 2494 309 TRANSLAT.
2532 242 2601 309 S.
2636 242 2893 310 CELSI.

3427 238 3572 305 12.52

180 396 398 455 tionem
434 401 595 457 tanta
626 397 991 473 corpulentia
1021 400 1206 469 viguit
1234 405 1293 456 et
1331 399 1554 459 viribus
1603 399 1823 457 habun-
1854 381 1904 441 Α
1937 402 2143 459 1101101
2176 400 2517 460 vocabulam
2552 402 2797 475 accepit,
2833 400 3046 473 reginae
3093 401 3226 459 coeli
3274 417 3582 463 consecra-

183 486 360 555 davit,
396 493 460 545 ut
490 489 644 545 inter
672 505 872 547 omnes
902 491 1237 547 monasterii
1272 491 1595 547 scrvitores
1627 503 1819 561 parem

182 578 441 634 invenire
466 579 573 635 sibi
614 595 722 635 non
773 586 993 652 posset.
1026 581 1187 637 Unde
1235 583 1446 637 factum
1499 585 1613 650 est,
1644 582 1708 635 ut
1753 578 1823 634 ad

181 667 452 734 majorem
488 668 801 725 utilitatem
837 671 1081 727 fratrum
1110 685 1403 727 consensu
1429 670 1705 726 accedere
1730 666 1829 722 de-

181 754 426 825 buisset,
465 756 519 812 id
556 764 647 812 cst
678 758 747 812 ad
779 760 1024 815 0111011110
1062 760 1315 829 fullonis,
1352 774 1465 829 quo
1500 772 1603 829 per
1628 756 1826 828 plures

179 858 361 900 annos
396 846 1006 917 inreprehensibiliter
1030 849 1340 906 desudavit
1362 852 1536 917 atque
1560 846 1825 902 omnibus

178 934 450 989 amabilis
482 938 820 1005 permansit.

250 1022 360 1077 Sed
392 1038 579 1094 neque
612 1027 717 1081 hoc
752 1026 987 1082 silentio
1021 1027 1291 1083 occulere
1323 1026 1527 1095 debeo,
1565 1024 1719 1096 quod
1769 1023 1824 1078 in

179 1112 493 1181 0110800113
538 1120 734 1169 nostra
789 1120 923 1171 ante
970 1131 1183 1187 paucos
1232 1116 1477 1184 contigit
1531 1128 1728 1170 annos.
1766 1114 1825 1166 10

175 1199 376 1255 eodem
415 1201 645 1272 quidem
680 1204 863 1260 sancti
898 1205 1162 1261 Eucharii
1194 1204 1461 1260 coenobio
1493 1202 1678 1258 crevit
1706 1200 1828 1271 qui-

176 1287 311 1345 dam
347 1291 696 1349 monachilis
730 1293 941 1349 indolis
974 1294 1251 1364 parvulus
1276 1294 1503 1349 nomine
1524 1290 1825 1359 Martinus,

175 1378 274 1449 qui
308 1381 382 1435 ab
421 1381 566 1451 ipsis
599 1383 879 1438 maternis
909 1383 1135 1438 sinibus
1168 1384 1337 1439 beato
1383 1380 1668 1437 Euchario
1720 1379 1828 1434 fuit

174 1466 459 1525 oblatus.
509 1513 520 1525 .
567 1512 579 1524 .
627 1512 639 1524 .
686 1514 697 1525 .
747 1512 758 1524 .
812 1474 1067 1541 Cumque
1120 1486 1432 1541 puerorum
1479 1469 1829 1540 paedagogus

175 1558 410 1614 nomine
443 1559 775 1615 Dominicus
811 1561 972 1616 bonae
1002 1560 1123 1629 Spei
1150 1559 1523 1615 adolescens.
1571 1601 1582 1613 .
1631 1599 1642 1611 .
1690 1599 1701 1611 .
1748 1596 1759 1608 .
1812 1590 1824 1604 .

246 1646 308 1702 In
343 1648 605 1717 ejusdem
644 1648 858 1719 quippe
893 1648 1229 1703 monasterii
1262 1647 1543 1703 suburbio
1566 1652 1696 1701 ante
1720 1647 1825 1701 hoc

1937 496 2097 561 tum;
2129 492 2183 548 in
2237 507 2350 563 quo
2396 498 2655 563 tempore
2704 492 3014 548 orthodoxi
3064 492 3217 563 regis
3266 493 3576 563 Dagoberti

1937 581 2408 637 sanctimoniales
2441 596 2670 653 semper
2721 581 2944 637 feminae
2987 583 3103 637 Deo
3152 587 3575 637 consueverant

1938 669 2205 726 devotius
2237 670 2555 726 deservire.
2590 670 2713 726 11110
2754 670 3002 739 denique
3050 671 3312 740 quaedam
3364 670 3575 726 sancti-

1937 759 2204 814 monialis
2238 760 2441 815 femina
2477 759 2547 815 de
2579 758 2737 815 claro
2784 763 3089 815 stemmate
3120 760 3447 829 progenita,
3481 759 3572 815 cui

1936 863 2213 904 vocamen
2246 853 2372 903 erat
2403 851 2613 918 Henza,
2636 864 2743 903 non
2771 848 3036 917 minimae,
3062 852 3123 904 ut
3152 848 3328 918 aiunt,
3359 848 3573 903 utilita-

1937 937 2013 993 tis
2042 938 2257 993 extitit.
2304 981 2318 995 .
2364 982 2376 994 .
2422 980 2433 993 .
2481 979 2493 991 .

2010 1025 2136 1081 Alio
2202 1042 2433 1097 quoque
2495 1031 2760 1098 tempore
2817 1028 2870 1081 in
2933 1026 3136 1081 eodem
3189 1040 3416 1097 semper
3465 1026 3578 1081 vir-

1936 1115 2087 1183 ginis
2139 1117 2329 1172 Maria}
2381 1116 2731 1172 monasterio
2799 1116 3061 1186 quiedam
3121 1114 3578 1172 sanctimonialis

1938 1204 2146 1260 femina
2178 1205 2395 1273 extitit,
2431 1220 2557 1275 quae
2587 1220 2873 1275 generoso
2920 1204 3198 1273 sanguine
3248 1208 3576 1275 procreata,

1938 1292 2090 1348 haud
2144 1293 2347 1350 ultimo
2396 1295 2451 1350 in
2497 1294 2623 1351 loco
2673 1295 2885 1350 ibidem
2937 1298 3026 1350 est
3080 1293 3296 1362 habita,
3348 1292 3579 1348 nomine

1939 1382 2117 1438 Geila.
2163 1425 2175 1437 .
2222 1425 2233 1436 .
2281 1426 2293 1437 .

2010 1472 2118 1527 Sed
2154 1487 2338 1542 neque
2372 1475 2481 1529 hoc
2511 1473 2747 1528 silentio
2797 1471 3095 1543 praeterire
3148 1472 3231 1525 fas
3277 1484 3406 1525 esse
3451 1483 3583 1525 cen-

1940 1574 2155 1631 semus,
2183 1562 2334 1630 quod
2367 1566 2482 1618 tam
2520 1562 2741 1617 recenti
2770 1559 3039 1615 memoria
3076 1560 3128 1614 in
3162 1558 3363 1613 eodem
3389 1571 3583 1613 mona-

1941 1651 2120 1706 sterio
2149 1652 2479 1707 Divinitatis
2511 1651 2755 1717 benigna
2790 1649 3052 1719 dignatio
3088 1663 3191 1719 per
3229 1648 3380 1703 beati
3431 1645 3582 1701 Celsi

174 1736 296 1791 fere
331 1737 793 1806 quinquennium
828 1737 1058 1806 quidam
1092 1736 1437 1792 adolescens
1474 1736 1683 1792 Thiezo
1730 1750 1827 1789 no-
1853 1737 1909 1799 B
1942 1739 2138 1795 inclita
2161 1741 2364 1794 merita
2387 1740 2700 1795 ostendere
2716 1738 3321 1809 diSposuit.Quaedam
3337 1750 3584 1806 namque

177 1824 350 1892 mine,
379 1825 473 1894 qui
500 1824 688 1879 adhuc
715 1829 1007 1895 superest,
1031 1838 1095 1879 ea
1122 1830 1286 1895 peste
1315 1838 1632 1894 percussus
1656 1837 1824 1893 quam

172 1912 564 1982 elephantiam
604 1913 811 1968 medici
844 1916 1074 1979 vocant,
1108 1914 1176 1968 ad
1215 1918 1475 1968 extrema
1501 1911 1658 1968 venit
1692 1952 1703 1964 .
1751 1952 1761 1963 .
1810 1951 1821 1963 .

178 2000 285 2056 Sed
323 2015 670 2071 quamquam
704 2001 831 2057 lues
862 2000 984 2072 ipsa
1008 1988 1209 2057 eodem
1235 2016 1382 2056 anno
1407 2000 1639 2056 nimium
1665 2014 1828 2069 gras-

174 2093 409 2144 saretur
444 2093 501 2145 et
532 2104 643 2145 non
679 2089 969 2145 minimam
1002 2094 1257 2159 stragem
1291 2089 1488 2161 populi
1522 2086 1825 2145 christiani

173 2177 457 2233 dedisset.
507 2220 518 2232 .
567 2220 579 2232 .
627 2220 637 2232 .
686 2220 696 2231 .
746 2220 756 2232 .

246 2265 396 2321 Illud
427 2280 658 2335 quoque
690 2280 1055 2336 nequaquam
1088 2268 1142 2323 in
1188 2268 1392 2323 ultimo
1441 2268 1569 2322 loco
1615 2279 1829 2336 ponen-

173 2353 311 2410 dum
364 2369 496 2410 esse
542 2355 764 2426 judico,
821 2357 976 2426 quod
1023 2357 1076 2412 in
1126 2357 1333 2412 diebus
1382 2355 1607 2411 Liutolﬂ
1659 2353 1831 2423 hujus

178 2443 504 2498 Trevericze
540 2443 704 2500 urbis
734 2446 1161 2517 archiepiscopi
1205 2445 1335 2517 pius
1382 2458 1447 2499 ac
1500 2442 1831 2497 misericors

184 2531 740 2603 mundiredemptor
765 2535 1034 2590 Christus
1077 2577 1087 2589 .
1136 2577 1146 2589 .
1195 2576 1206 2589 .
1252 2548 1527 2590 exercere
1556 2532 1829 2600 dignatus

182 2624 293 2675 est.
331 2620 466 2675 Nam
501 2620 757 2687 ejusdem
794 2622 1131 2678 monasterii
1168 2622 1395 2693 quidam
1431 2618 1829 2677 ministerialis

181 2707 488 2765 subulcum
521 2709 727 2765 habuit
758 2713 985 2767 nomine
1017 2714 1073 2767 1)(
1098 2716 1271 2767 trum.
1320 2754 1331 2767 .
1378 2753 1389 2765 .
1437 2753 1447 2765 .

248 2798 398 2851 Ante
452 2798 560 2852 hoc
612 2813 751 2856 sane
807 2798 1249 2869 quadriennium
1303 2799 1486 2855 crevit
1531 2798 1583 2852 in
1628 2796 1829 2853 eodem

180 2886 539 2943 monasterio
575 2887 804 2957 quidam
841 2889 1139 2959 septennis
1181 2903 1324 2958 puer
1370 2888 1600 2942 nomine
1649 2883 1832 2939 Azeli'

180 2988 311 3039 nus,
340 2976 435 3045 qui
462 2975 648 3033 adhuc
685 2976 995 3033 incolumis
1024 2978 1225 3048 Spirat,
1260 2992 1426 3047 quem
1454 2989 1595 3047 pene
1622 2974 1832 3028 fratres

176 3064 362 3120 nostri
391 3078 596 3120 omnes
627 3069 934 3121 noverunt.
983 3107 994 3120 .
1042 3107 1053 3120 .
1102 3108 1113 3120 .

252 3154 413 3209 Anno
472 3168 614 3210 vero
677 3153 731 3208 d.
785 3153 821 3207 i.
872 3158 1031 3224 1007,
1083 3152 1399 3209 indictione
1464 3156 1516 3220 5,
1567 3150 1827 3220 quzrdam

182 3241 490 3311 arreptitia
527 3242 733 3297 femina
767 3241 836 3297 de
862 3241 1130 3311 contigua
1157 3240 1490 3297 monasterii
1515 3238 1650 3295 villa
1697 3281 1708 3294 .
1756 3280 1767 3293 .
1814 3280 1826 3291 .

185 3329 437 3386 adducta
500 3334 608 3387 est.
659 3331 914 3400 Cumque
963 3330 1145 3386 sancti
1208 3329 1425 3386 Valerii
1478 3326 1834 3385 confessoris

182 3418 397 3475 Christi
431 3433 616 3476 annua
646 3419 936 3475 festivitas
958 3419 1191 3475 adesset
1216 3423 1275 3474 et
1298 3418 1367 3473 ad
1390 3423 1612 3474 tantum
1640 3422 1827 3488 patro-

179 3521 317 3564 num
350 3506 514 3579 plebs
552 3509 857 3563 Treverica
908 3509 1174 3563 certatim
1226 3510 1589 3578 properaret.
1640 3550 1652 3563 .
1697 3549 1708 3560 .
1756 3550 1767 3561 .
1816 3550 1826 3560 .

252 3595 394 3661 Quia
428 3611 567 3653 vero
604 3596 759 3652 beati
789 3594 897 3650 viri
932 3595 1207 3652 miracula
1253 3610 1378 3666 quae
1431 3610 1459 3651 a
1510 3594 1831 3665 veriloquis

183 3684 351 3742 nobis
381 3689 678 3753 comperta
712 3687 846 3739 sunt
878 3682 1254 3752 relatoribus,
1292 3697 1461 3753 quam
1496 3684 1693 3739 verius
1734 3699 1833 3755 po-

176 3772 422 3839 tuimus,
451 3771 748 3841 aliquanta
767 3771 881 3839 jam
905 3771 1057 3842 style
1077 3771 1625 3837 commendavimus,
1647 3771 1831 3828 modis

177 3859 451 3915 omnibus
483 3858 759 3913 indecens
790 3860 912 3913 fore
944 3872 1268 3928 censemus,
1303 3859 1347 3913 si
1379 3873 1442 3913 ea
1479 3874 1605 3928 qua:
1631 3865 1828 3914 nostra

182 3952 357 4004 aetate
381 3961 484 4017 per
506 3945 751 4002 eundem
778 3952 999 4016 patrem
1025 3946 1356 4001 Divinitatis
1374 3946 1523 4002 velle
1542 3948 1826 4017 exercuit,

176 4035 442 4107 torpenti
474 4034 708 4090 silentio
740 4036 1165 4091 obtumescant.
1190 4036 1247 4089 In
1283 4035 1599 4105 szepedicto
1619 4034 1830 4106 quippe

182 4123 338 4181 beati
374 4122 643 4179 Eucharii
677 4124 943 4179 01000010
977 4124 1206 4194 quidam
1258 4123 1572 4194 singularis
1620 4124 1832 4180 indolis

185 4211 536 4270 adolescens
554 4217 939 4270 conversatus
961 4215 1051 4268 est
1078 4212 1448 4269 Burchardus
1469 4212 1714 4283 nomine,
1734 4213 1830 4283 qui

176 4303 249 4359 ab
283 4302 424 4373 ipsis
458 4316 602 4373 pene
635 4302 948 4359 cunabulis
980 4303 1096 4357 Deo
1139 4302 1522 4372 omnipotenti
1574 4302 1832 4357 nutrien-

178 4390 287 4447 dus
321 4390 535 4447 ibidem
566 4405 595 4446 a
628 4390 973 4461 parentibus
1018 4391 1204 4447 fuerat
1254 4390 1579 4459 delegatus,
1615 4389 1831 4460 quique

179 4478 367 4536 adhuc
402 4485 675 4550 superest
708 4494 773 4535 ac
811 4478 1041 4535 diaconi
1075 4478 1336 4548 fungitur
1366 4478 1555 4534 0111010
1588 4493 1693 4533 1100
1718 4494 1830 4534 1100

180 4572 237 4624 01
272 4568 416 4624 mira
446 4568 705 4623 utilitate
738 4583 854 4639 prae
906 4567 1106 4625 multis
1152 4567 1357 4624 honori
1407 4571 1501 4622 est
1546 4572 1832 4623 monaste-

181 4656 288 4713 rio.
336 4696 348 4709 .
395 4697 406 4710 .
454 4697 465 4710 .
514 4697 526 4710 .
572 4697 583 4710 .
630 4657 809 4712 abbas
838 4656 1195 4725 monasterii,
1240 4656 1423 4713 beatae
1446 4655 1718 4712 videlicet
1747 4671 1831 4711 re-

185 4742 543 4800 cordationis
574 4742 972 4800 Gunderadus.
1019 4784 1031 4797 .
1080 4785 1092 4797 .
1138 4785 1150 4797 .
1198 4786 1209 4798 .

255 4832 549 4887 Hactenus
580 4830 649 4885 de
684 4830 773 4885 his
804 4830 1027 4899 egimus
1053 4846 1178 4901 quae
1213 4831 1530 4888 domestica
1564 4837 1623 4887 et
1676 4831 1835 4887 fami-

183 4917 317 4975 liari
342 4918 628 4974 relatione
654 4917 723 4973 de
743 4918 931 4973 sancti
956 4919 1274 4976 virtutibus
1292 4921 1399 4974 viri
1420 4921 1830 4991 comperimus,

188 5007 297 5065 hoc
326 5011 413 5064 est
449 5007 519 5063 de
548 5007 639 5063 his
673 5006 977 5063 dumtaxat
1010 5022 1136 5077 quae
1167 5008 1259 5064 vel
1294 5008 1347 5063 in
1382 5009 1532 5064 beati
1565 5008 1833 5064 Eucharii

190 5094 440 5167 scptulis
506 5096 598 5152 vel
648 5110 704 5151 111
774 5094 1034 5164 ejusdem
1083 5097 1415 5153 monasterii
1478 5097 1837 5167 appendiciis

190 5184 464 5254 congruis
508 5183 877 5255 temporibus
938 5183 1252 5254 contigisse
1304 5185 1676 5251 referuntur;
1719 5187 1834 5255 jam

192 5272 339 5330 ordo
371 5273 595 5343 ﬂagitat
622 5272 1015 5342 necessarius,
1050 5277 1111 5329 ut
1147 5272 1215 5327 de
1258 5274 1622 5330 medioximis
1661 5279 1836 5345 atque

191 5362 428 5420 extimis
457 5360 528 5418 ad
560 5366 819 5418 nostram
853 5361 1119 5418 notitiam
1154 5376 1337 5433 usque
1386 5362 1607 5433 perlata
1655 5363 1838 5419 disse-

194 5465 390 5508 ramus
412 5449 621 5521 aliqua.
669 5492 681 5505 .
729 5491 740 5504 .
789 5492 799 5504 .
834 5452 932 5506 Est
958 5464 1203 5522 namque
1235 5451 1291 5507 in
1315 5450 1514 5507 eadem
1535 5452 1835 5509 Treverica

199 5542 341 5599 urbe
366 5538 655 5612 quoddam
677 5539 1096 5598 monasterium
1115 5541 1312 5609 situm,
1338 5539 1493 5613 quod
1512 5539 1837 5613 antiquitus

1862 4448 1911 4507 D

1942 1844 2160 1899 magna:
2197 1829 2511 1899 parentelze
2543 1844 2727 1884 nonna
2761 1829 2833 1884 ab
2879 1827 3188 1883 cunabulis
3234 1827 3581 1881 versabatur

1941 1933 2066 1988 quae
2100 1917 2393 1975 Glismoda
2430 1918 2773 1973 vocabatur.
2820 1958 2831 1971 .
2880 1959 2891 1971 .
2938 1958 2949 1971 .

2010 2009 2301 2063 llactcnus
2352 2022 2454 2077 pro
2492 2006 2779 2077 parvitate
2831 2004 3067 2074 igniculi
3120 2004 3399 2060 divinitus
3447 2003 3584 2058 mihi

1939 2095 2135 2151 collati
2169 2095 2366 2150 audita
2402 2099 2629 2150 tantum
2662 2093 3071 2163 qualicumque
3106 2092 3331 2147 dictatu
3365 2090 3580 2157 notavi,

1939 2199 2089 2239 nunc
2109 2185 2220 2249 jam
2248 2184 2301 2237 in
2329 2183 2489 2239 calce
2516 2182 2788 2251 Opusculi
2810 2181 3027 2250 aliquid
3053 2180 3197 2236 libet
3219 2180 3581 2249 depromere,

1941 2272 2091 2342 quod
2121 2272 2173 2326 in
2196 2287 2282 2327 me
2304 2272 2491 2327 virtus
2509 2271 2699 2327 divina
2721 2285 2823 2341 per
2846 2271 3076 2325 beatum
3101 2269 3329 2323 Celsum
3351 2267 3586 2336 dignata

1939 2363 2026 2413 est
2093 2358 2441 2419 ostendere:
2496 2360 2594 2413 sed
2647 2357 3036 2429 opportunius
3084 2356 3211 2423 hoc,
3245 2359 3305 2411 ut
3356 2354 3582 2424 opinor,

1940 2447 2245 2513 recitatur,
2282 2448 2325 2501 si
2362 2448 2629 2502 semotim
2658 2447 2896 2517 proprio
2920 2444 3178 2516 capitulo
3203 2448 3420 2499 utatur.
3448 2443 3584 2497 Nam

1940 2535 2092 2592 sicut
2124 2535 2191 2591 ad
2223 2536 2430 2592 divina:
2461 2536 2754 2591 cumulum
2788 2535 2976 2591 laudis
3008 2533 3250 2589 aliorum
3272 2531 3583 2609 [commoda

1941 2624 2222 2681 veracissi
2247 2625 2335 2681 nis
2364 2625 2547 2693 gestis
2582 2624 2838 2680 inserere
2874 2637 3092 2693 magnae
3137 2621 3422 2678 mercedis
3454 2633 3584 2676 esse

1941 2713 2288 2779 dinoscitur,
2316 2714 2391 2769 ita
2422 2714 2649 2783 propria
2676 2713 2925 2769 reticere
2948 2726 3055 2767 non
3083 2711 3331 2766 minima}
3354 2709 3587 2765 damna-

1944 2801 2118 2857 tionis
2147 2802 2429 2858 creditur.
2468 2802 2777 2858 Dominicae
2812 2800 3229 2857 incarnationis
3252 2813 3401 2855 anno
3430 2800 3581 2867 1006,

1943 2890 2039 2960 qui
2070 2895 2157 2946 est
2214 2890 2451 2946 ultimus
2493 2894 2560 2945 25
2612 2889 3141 2946 decennovcnnalis
3190 2886 3335 2957 cycli
3388 2887 3444 2941 in
3497 2900 3586 2942 se-

1943 2979 2129 3034 cunda
2196 2980 2349 3035 serie
2418 2980 2606 3049 magni
2674 2979 2807 3035 anni
2871 2978 2966 3049 qui
3011 2976 3299 3049 paschalis
3348 2975 3583 3044 dicitur,

1856 3092 1914 3153 Α
1946 3068 2227 3124 undosum
2262 3068 2433 3137 hujus
2477 3068 2668 3123 mundi
2720 3066 2902 3123 salum
2950 3067 3178 3131 Christo
3224 3064 3587 3153 gubernante

1944 3157 2133 3212 nudus
2163 3157 2342 3215 evasi.
2373 3160 2430 3212 et
2465 3157 2533 3212 ad
2571 3155 2927 3212 tutissimum
2974 3154 3123 3211 beati
3156 3152 3422 3209 Eucharii
3457 3164 3590 3222 por—

1944 3248 2063 3299 tum
2098 3244 2521 3313 hospitalitatis
2549 3246 2735 3313 gratia
2765 3243 3016 3313 confugi.
3052 3243 3308 3310 Cumque
3339 3242 3410 3295 ah
3438 3238 3589 3308 ejus-

1943 3332 2070 3389 dem
2121 3333 2459 3389 monasterii
2512 3339 2677 3405 patre
2729 3346 2968 3388 811111111εο
3016 3328 3412 3387 venerationis
3461 3327 3587 3383 viro

1944 3422 2172 3477 nomine
2205 3423 2495 3478 Richardo
2518 3422 2879 3492 germanitus
2902 3420 3044 3477 satis
3067 3433 3251 3475 essem
3278 3420 3589 3487 susceptus

1942 3516 1998 3566 et
2034 3512 2186 3566 omni
2221 3511 2527 3568 monachili
2553 3510 2863 3567 devotione
2890 3513 3201 3571 tractatus,
3231 3508 3473 3562 fratrum
3498 3519 3587 3560 me

1943 3600 2255 3656 conventui
2323 3600 2671 3655 immeritum
2728 3598 2905 3668 jussit
2961 3596 3225 3665 adunari,
3276 3608 3381 3651 1100
3426 3594 3586 3664 quasi

1943 3687 2230 3758 hospitem
2255 3688 2370 3757 jam
2402 3688 2503 3744 sed
2537 3688 2687 3744 sicut
2721 3685 3233 3743 familiarissimum
3266 3682 3476 3739 affatus
3498 3685 3586 3738 est

1941 3776 2321 3844 grativenam.
2373 3778 2685 3846 Postquam
2741 3778 2934 3830 autem
2977 3772 3358 3843 pusillitatem
3404 3783 3589 3825 meam

1943 3863 2247 3919 monastici
2282 3858 2505 3919 Ordinis
2548 3878 2662 3918 non
2707 3862 2996 3916 minimam
3042 3859 3331 3931 persensit
3378 3858 3593 3914 habere

1943 3952 2233 4022 notitiam,
2264 3967 2391 4008 cum
2418 3966 2489 4007 ex
2514 3952 2636 4021 ipsa
2672 3950 2759 4005 sui
2810 3948 3139 4004 columbina
3189 3946 3587 4017 simplicitate,

1946 4045 2064 4095 tum
2097 4045 2156 4095 et
2188 4055 2293 4111 pro
2324 4038 2675 4095 annositatis
2720 4052 2860 4094 111030
2892 4035 3316 4105 grandaevitate
3348 4032 3587 4090 sciolum

1943 4143 2031 4183 me
2063 4142 2189 4184 esse
2223 4130 2549 4196 autumans,
2585 4140 2715 4182 cum
2749 4140 2854 4180 nec
2890 4123 3108 4196 primis,
3141 4125 3201 4179 ut
3254 4122 3331 4177 ita
3380 4121 3587 4191 dicam,

1942 4215 2161 4272 litteris
2192 4216 2259 4271 ad
2295 4215 2525 4286 plenum
2555 4215 2787 4271 fuissem
2814 4213 3156 4281 instructus,
3186 4214 3423 4281 paterna
3451 4209 3590 4264 mihi

1942 4302 2239 4374 persuasit
2272 4300 2652 4369 auctoritate,
2687 4304 2976 4370 quatenus
3006 4296 3196 4367 aliqua
3230 4297 3285 4351 in
3319 4295 3591 4352 laudibus

1942 4391 2372 4461 Redemptoris,
2407 4389 2478 4445 dc
2509 4389 2693 4445 sancti
2738 4388 2885 4445 Celsi
2922 4386 3140 4442 inclitis
3173 4384 3492 4440 virtutibus
3523 4398 3590 4438 ac

1943 4479 2241 4536 miraculis
2268 4478 2497 4534 noviter
2519 4478 2820 4546 exhibitis,
2856 4475 3077 4533 calamo
3106 4474 3240 4530 licet
3268 4472 3586 4541 rusticano,

1944 4568 2280 4639 scriptitare
2312 4566 2471 4622 nullo
2497 4570 2669 4637 pacto
2700 4564 3014 4621 differrem.
3050 4562 3151 4618 Cui
3185 4576 3321 4617 sane
3353 4575 3593 4632 persua-

1944 4656 2086 4713 sioni
2119 4670 2480 4725 nequaquam
2528 4654 2937 4723 rel‘ragandum
2986 4652 3109 4709 fore
3155 4654 3336 4719 ratus,
3376 4649 3588 4720 partim

1943 4744 2095 4801 tanti
2142 4745 2325 4815 patris
2376 4744 2683 4814 imperatu,
2736 4742 2944 4814 partim
3005 4738 3290 4796 communi
3347 4740 3591 4793 fratrum

1945 4833 2280 4904 compulsus
2310 4836 2535 4901 rogatu,
2574 4846 2760 4902 nuper
2804 4831 2858 4886 in
2890 4829 3097 4885 diebus
3127 4825 3591 4899 quadragesimae

1946 4921 2236 4978 tantillum
2298 4920 2500 4976 studui
2571 4921 2875 4975 fabricare.
2948 4920 3226 4987 Cumque,
3278 4922 3341 4971 ut
3390 4929 3591 4970 verum

1946 5012 2149 5079 fatear,
2186 5025 2288 5081 per
2320 5014 2439 5064 tres
2472 5009 2711 5064 fuissem
2745 5007 3057 5063 continuos
3092 5020 3273 5061 annos
3308 5005 3383 5059 ita
3417 5002 3595 5074 poda-

1944 5114 2062 5169 gra:
2084 5098 2393 5153 intricatus
2414 5103 2641 5152 tumore
2660 5101 2834 5165 atque
2858 5095 3115 5150 crurium
3134 5091 3595 5159 exulceratione,

1948 5192 2007 5245 ut
2041 5188 2138 5243 vix
2189 5185 2395 5242 baculo
2446 5184 2765 5240 sustentari
2819 5198 3070 5254 possem,
3108 5180 3232 5238 laus
3284 5181 3436 5236 Deo!
3473 5183 3599 5234 tan-

1946 5277 2133 5347 tisper
2166 5275 2236 5331 de
2277 5276 2481 5329 sancto
2528 5272 2697 5329 Celso
2748 5271 2901 5342 quod
2954 5270 3129 5328 didici
3178 5273 3437 5340 peracto,
3476 5271 3592 5323 tam

1949 5363 2205 5435 perfecte
2229 5363 2393 5415 tanto
2417 5362 2661 5430 patrono
2684 5358 3087 5414 intercedente
3113 5355 3425 5413 restitutus
3442 5368 3593 5423 sum,

1950 5454 2244 5524 quatenus
2274 5463 2362 5506 me
2397 5446 2701 5504 Asahelem
2744 5447 2941 5520 potius
2974 5460 3140 5518 quam
3170 5444 3591 5504 claudicantem

1951 5539 2293 5597 monachum
2325 5537 2661 5595 existimare
2690 5537 2905 5608 possis.
