3958 6046
357 198 510 264 1213

1077 480 1231 571 DE

975 196 1241 266 GESTA
1269 196 1628 266 TREVER.
1663 234 1741 249 -
1767 192 2100 264 APPEND
2141 195 2250 263 DE
2276 195 2640 264 ABBATIA
2669 195 2737 264 S.
2770 189 3132 264 MARTINI.

3619 191 3776 257 1244

1337 479 1862 570 ΑΒΒΑΤΙΑ
1987 477 2423 568 SANCTI
2533 476 3035 568 MARTINI

1176 660 1265 715 ΕΧ
1297 660 1460 716 νιΤΑ
1491 659 1738 715 SANCTI
1776 655 2163 714 MAGNERICI
2203 654 2530 712 AUCTORE
2560 655 2944 713 EBERWINO

431 818 804 891 Eberwinus,
829 819 1013 879 abbas
1038 822 1108 879 ιδ’.
1133 821 1391 880 Martini
1421 820 1812 889 Treeerensis,
1837 817 2048 876 saeculo
2069 831 2126 872 χι
2146 817 2389 891 ineunte
2415 817 2483 891 βξ.
2510 816 2860 891 Magnerici
2877 814 3329 891 arebiepiseopi,
3351 814 3461 891 qui
3481 813 3764 891 moriam-

363 889 525 976 νίτιξνη
549 893 645 976 eri
671 885 799 974 ῖῖλθεέ
822 893 1497 976 Ρνίεεναί.ςί²ἐπίίατεναττ
1541 893 1755 976 Vitae:
1786 885 3098 976 Metagenes,mareesss-12:5;
3131 885 3524 976 Ῡζιίὶἓδιὲέῗέ
3535 885 3763 976 ξζέξὲξυ

359 963 609 1033 scripsit
630 955 756 1020 sibe
781 955 994 1020 abeam
1023 955 1338 1021 editionem
1367 955 1632 1033 curavit,
1667 955 1872 1032 ibique
1903 960 1972 1016 de
2005 959 2180 1016 illius
2209 959 2474 1030 sepulcro
2506 960 2564 1015 et
2591 959 2662 1014 de
2665 958 2833 1032 fatis
2854 957 3099 1016 σιεηοῦἱὶ
3119 957 3242 1016 liae
3265 959 3330 1012 in
3335 959 3468 1028 ﬁne
3484 955 3728 1012 addidit
3741 976 3759 1010 .-

437 1097 660 1168 Corpus
681 1098 809 1168 ejus
829 1096 1280 1170 (Magnericiﬁn
1297 1099 1546 1155 ecclesia
1572 1111 1740 1169 quam
1757 1097 2010 1153 diximus
2039 1077 2092 1136 Α
2126 1093 2476 1164 reverentia,
2506 1092 2719 1164 ubique
2740 1091 2974 1164 rapinae,
2991 1092 3204 1162 ubique
3228 1089 3525 1154 incendia;
3559 1088 3758 1144 moenia

367 1182 455 1250 (ιδ’.
491 1183 752 1244 Martini
781 1187 1144 1259 Treeirensi)
1166 1193 1254 1243 est
1273 1188 1623 1244 tumulatum
1650 1207 1664 1256 ;
1686 1187 1780 1243 ubi
1799 1191 1858 1242 et
1879 1200 2012 1242 con-

364 1271 540 1343 digne
571 1289 722 1330 nunc
751 1276 972 1332 honore
997 1281 1326 1332 veneratur.
1361 1275 1526 1342 Quod
1557 1291 1684 1332 cum
1717 1275 2010 1346 aliquibus

362 1361 434 1417 ab
453 1362 622 1419 altari
643 1363 890 1435 pedibus
906 1370 1066 1421 esset
1082 1366 1398 1434 humatum,
1418 1365 1633 1420 nostris
1650 1365 2010 1436 temporibus

365 1450 594 1507 cuidam
626 1452 872 1508 honesto
900 1454 1026 1510 viro
1071 1453 1302 1510 nomine
1354 1454 1722 1524 Berengario,
1753 1455 2010 1524 ejusdem

367 1540 632 1597 GCClt‘SiiB
667 1543 964 1612 monacho,
1003 1558 1105 1613 per
1130 1543 1407 1598 visionem
1447 1547 1686 1598 sanctus
1734 1541 2010 1598 sacerdos

365 1630 638 1700 apparuit
659 1635 718 1686 et
741 1635 801 1686 ut
827 1630 1139 1702 sepulchro
1163 1631 1430 1688 altarium
1455 1636 1684 1702 aptaret
1710 1632 2006 1702 praecepit.

363 1717 526 1782 Quod
558 1717 652 1772 ille
694 1719 850 1774 velut
905 1720 1108 1775 somnii
1155 1719 1538 1774 deliramenta
1584 1719 2010 1790 parvipendens

366 1804 644 1875 neglexit,
681 1807 779 1862 sed
815 1807 1021 1862 iterum
1065 1807 1316 1862 secunda
1350 1813 1441 1862 est
1484 1807 1608 1862 vice
1659 1807 2008 1877 admonitus,

365 1893 540 1948 tertia
575 1908 604 1949 a
645 1896 952 1951 sacerdote
1004 1896 1362 1966 increpatus,
1397 1896 1868 1952 reverentissimo
1915 1897 2012 1951 do-

367 1981 519 2037 mino
551 1983 811 2040 Roberto
841 1983 1118 2055 episcopo
1154 1999 1280 2054 quae
1327 1984 1555 2040 viderat
1606 1983 1828 2040 retulit.
1861 1985 2012 2040 Tunc

368 2065 684 2141 episcopus
742 2071 810 2128 ad
877 2073 1182 2128 ecclesiam
1251 2073 1486 2128 veniens
1548 2076 1607 2128 et
1651 2073 1850 2128 videns
1899 2087 2012 2144 quo

369 2160 538 2215 modo
573 2175 633 2216 se
665 2175 762 2216 res
799 2161 1058 2231 haberet,
1097 2163 1415 2218 secundum
1462 2163 1775 2233 jussionem
1827 2162 2010 2218 sancti

366 2249 693 2305 sacerdotis
723 2250 1034 2321 sepulchro
1065 2251 1332 2308 altarium
1386 2257 1649 2318 sanctum
1691 2251 1869 2320 jussit
1919 2265 2014 2323 ap-

365 2337 497 2406 tari,
548 2341 606 2392 et
655 2337 924 2410 desuper,
983 2345 1044 2396 ut
1104 2340 1282 2396 moris
1347 2345 1460 2410 est,
1517 2340 1812 2410 fastigium
1859 2354 2014 2396 eom-

365 2439 518 2496 poni.

437 2514 692 2571 Ecclesia
758 2521 952 2572 autem
1019 2516 1114 2572 illa
1167 2516 1338 2586 longo
1383 2521 1516 2572 ante
1567 2521 1826 2588 tempore
1881 2531 2010 2573 cum

371 2603 533 2659 senio
567 2610 722 2659 esset
761 2604 923 2676 lapsa
972 2609 1030 2660 et
1075 2605 1406 2661 vastatione
1451 2605 1832 2662 Normannica
1882 2620 2010 2661 cum

365 2689 486 2761 ipsa
521 2691 759 2748 civitate
791 2707 1090 2762 succensa,
1124 2708 1152 2750 a
1201 2695 1478 2750 Rabbodo
1527 2693 1850 2750 Trevirensi
1895 2694 2015 2766 epi-

366 2792 546 2850 SCOpo
576 2780 855 2850 Reginoni
889 2782 1086 2838 abbati
1143 2781 1313 2853 (531),
1352 2783 1627 2853 religioso
1679 2783 1906 2839 cuidam
1953 2787 2012 2838 et

365 2866 770 2924 ecclesiastico
800 2869 946 2941 viro,
983 2875 1073 2927 est
1115 2871 1448 2941 commissa,
1482 2871 1602 2941 (an.
1640 2875 1917 2943 883-917),
1953 2876 2010 2928 et

365 2956 532 3013 abeo
561 2956 615 3012 in
669 2958 981 3028 pristinum
1037 2964 1256 3016 statum
1309 2966 1708 3032 reparata;et
1754 2961 1903 3017 sicut
1955 2961 2012 3016 in

364 3044 788 3116 antiquissimis
815 3048 1084 3104 ecclesiaa
1117 3047 1418 3118 cujusdam
1449 3048 1770 3120 privilegiis
1797 3049 2014 3122 reperi-

366 3147 514 3202 mus,
547 3133 715 3191 loeus
752 3135 848 3191 ille
896 3151 1128 3208 semper
1175 3138 1284 3195 sub
1335 3138 1645 3194 abbatibus
1693 3142 1842 3209 erat,
1877 3138 2008 3208 quia

364 3219 465 3290 ibi,
495 3229 554 3278 ut
581 3223 634 3278 in
661 3223 789 3280 aliis
804 3217 1117 3296 praecipuis
1140 3227 1305 3283 urbis
1325 3226 1620 3296 ecclesiis,
1641 3227 1817 3282 statio
1839 3226 2010 3284 sedes

364 3311 420 3363 et
461 3309 668 3367 domus
696 3317 822 3366 erat
854 3313 1165 3383 pontificis,
1199 3318 1255 3369 et
1287 3328 1354 3369 ex
1385 3315 1702 3370 traditione
1726 3314 1879 3370 beati
1904 3315 2012 3370 Ma-

361 3397 582 3466 gnerici
616 3400 860 3456 abbates
891 3399 1052 3457 illius
1075 3401 1187 3481 loci
1215 3401 1648 3474 pontiﬁcalibus
1672 3401 1870 3460 infulis
1889 3409 2010 3460 ute-

365 3484 579 3542 bantur
599 3491 658 3542 et
679 3488 835 3546 vices
860 3489 1154 3560 pontificis
1167 3491 1237 3546 ad
1253 3490 1509 3547 divinum
1524 3492 1768 3548 officium
1783 3497 2008 3548 tantum

363 3571 464 3629 illo
496 3576 737 3632 absente
766 3578 1258 3648 exsequebantur.

435 3662 722 3718 Defuncto
763 3667 953 3720 autem
1003 3665 1296 3734 Reginone
1342 3665 1570 3737 abbate,
1607 3667 1772 3723 laicis
1819 3673 1909 3724 est
1953 3668 2006 3724 in

2046 2434 2094 2492 Β

2125 1181 2604 1251 destruebantur,
2638 1175 2926 1250 ecclesiae,
2950 1180 3337 1238 violabantur.
3357 1181 3512 1236 Tunc
3538 1191 3762 1249 quoque

2123 1275 2180 1326 et
2214 1271 2337 1342 ipse
2369 1269 2536 1327 locus
2559 1271 2630 1326 ab
2657 1270 2904 1326 inimicis
2925 1269 3023 1326 Dei
3049 1269 3204 1325 velut
3231 1283 3262 1324 a
3282 1266 3504 1324 rabidis
3524 1265 3764 1322 canibus

2123 1363 2180 1413 et
2213 1357 2367 1430 lupis
2395 1358 2650 1427 invasus,
2687 1359 2764 1414 ita
2799 1358 3138 1414 destructus
3168 1361 3278 1427 est,
3311 1360 3371 1412 ut
3406 1359 3628 1428 prater
3676 1369 3765 1426 pa-

2127 1449 2308 1504 rietes
2355 1447 2638 1513 ecclesiae,
2674 1463 2786 1504 non
2822 1447 3007 1503 dicam
3049 1446 3314 1516 aedificia,
3351 1444 3456 1502 sed
3489 1459 3600 1500 nec
3647 1445 3766 1514 ipsa

2125 1542 2493 1591 remanerent
2526 1536 3032 1592 fundamentorum
3077 1533 3304 1590 indicia.
3337 1533 3605 1589 Ecclesia
3637 1547 3771 1602 quo-

2125 1639 2235 1694 que
2265 1625 2465 1680 eadem
2499 1625 2734 1679 detecta
2767 1631 2941 1694 atque
2975 1623 3208 1680 deserta
3235 1622 3444 1679 bestiis
3495 1635 3770 1678 nonnum-

2125 1727 2292 1783 quam
2324 1717 2449 1768 erat
2477 1712 2695 1784 pervia.

2196 1845 2353 1902 Unde
2383 1845 2624 1902 tandem
2653 1845 3027 1902 miseratione
3071 1859 3294 1902 summa
3339 1843 3558 1901 ductus
3605 1857 3767 1900 vene-

2123 1935 2327 1992 rabilis
2356 1934 2748 1992 Theodericus
2789 1934 3276 2006 episeopus(533)
3323 1949 3454 1989 cum
3493 1932 3614 2002 jam
3667 1946 3766 1988 suo

2123 2027 2387 2094 tempore
2411 2023 2602 2079 locum
2623 2023 2782 2092 regia
2807 2023 3160 2080 auctoritate
3175 2026 3584 2093 recuperasset
3598 2018 3764 2092 (534),

2123 2111 2352 2166 cuidam
2386 2109 2662 2180 religioso
2692 2111 2892 2168 abbati
2923 2110 3284 2181 Angilberto,
3318 2123 3492 2164 servo
3541 2108 3666 2177 Dei,
3697 2105 3766 2163 ad

2125 2198 2442 2268 regendum
2473 2198 2742 2268 tradidit,
2774 2198 3072 2256 concessis
3103 2199 3154 2254 ei
3181 2196 3479 2254 nonnullis
3521 2210 3652 2267 quas
3699 2194 3766 2251 ad

2125 2287 2371 2342 eundem
2400 2286 2590 2344 locum
2623 2287 2920 2359 pertinent
2941 2286 3427 2358 possessionibus,
3455 2285 3686 2342 scilicet
3707 2289 3763 2340 ut

2127 2375 2452 2446 regularem
2489 2375 2567 2432 ibi
2599 2375 2775 2432 vitam
2800 2375 3158 2433 instituendo
3180 2375 3595 2431 monachorum
3615 2371 3766 2428 dein-

2126 2478 2266 2534 ceps
2295 2468 2452 2520 esset
2483 2463 2886 2534 commoratio,
2921 2478 3026 2543 nec
3051 2464 3165 2534 jam
3189 2463 3245 2518 in
3270 2461 3618 2519 beneﬁcium
3639 2473 3768 2516 con-

2124 2551 2458 2622 cederetur,
2492 2552 2692 2608 uthac
2723 2552 2883 2623 quasi
2927 2551 3230 2608 occasione
3273 2550 3438 2607 locus
3477 2547 3770 2621 periclita-

2127 2643 2310 2708 retur,
2346 2639 2448 2696 sed
2481 2641 2596 2696 Deo
2624 2641 2964 2710 sanctisque
2997 2639 3124 2708 ejus
3157 2639 3439 2696 serviens.
3485 2637 3768 2708 episcopi,

2125 2741 2239 2782 non
2269 2730 2647 2796 tyrannorum
2679 2725 2934 2783 dominio
2968 2725 3337 2784 subderetur.
3369 2725 3476 2792 Qui
3496 2723 3767 2781 videlicet

2125 2815 2304 2871 abbas
2336 2814 2800 2872 monasterialem
2837 2815 2912 2872 ibi
2937 2815 3358 2872 habitationem
3382 2814 3626 2883 faciens,
3657 2827 3770 2869 mo-

2125 2903 2310 2959 dicam
2339 2903 2570 2974 quidem
2603 2903 2705 2959 sed
2736 2903 3037 2960 honestam
3067 2905 3183 2960 Deo
3223 2901 3605 2958 servientium
3655 2915 3769 2956 mo-

2125 2991 2436 3048 nachorum
2472 2991 2591 3048 illic
2639 2991 2916 3048 adunavit
2965 2991 3490 3062 congregationem,
3525 2989 3770 3061 ejusque

2126 3080 2428 3137 industriae
2457 3079 2740 3151 bonisque
2767 3081 2978 3137 studiis
3018 3081 3329 3152 episcopus
3371 3079 3767 3149 congaudens,

2124 3183 2252 3224 cum
2284 3169 2520 3224 Romam
2555 3173 2849 3240 pergeret,
2885 3171 3298 3224 testamentum
3326 3167 3459 3223 inde
3490 3165 3771 3240 apostoli-

2127 3272 2256 3314 eum
2291 3256 2438 3328 (535)
2469 3257 2702 3328 detulit,
2735 3273 2838 3330 per
2867 3257 3018 3328 quod
3039 3257 3200 3314 locus
3221 3256 3320 3313 ille
3341 3271 3527 3326 nuper
3551 3262 3773 3312 restau-

2128 3348 2291 3402 ratus
2319 3345 2625 3416 privilegio
2663 3346 2916 3418 praefata:
2949 3345 3284 3401 traditionis
3331 3345 3618 3402 subnixus
3666 3360 3768 3402 sua

2123 3433 2401 3504 deinceps
2424 3433 2699 3490 firmitate
2725 3439 3006 3506 maneret,
3026 3433 3435 3504 monachisque
3453 3448 3770 3491 concessus

2122 3521 2378 3593 episcopi
2409 3537 2522 3578 non
2551 3521 2800 3578 alterius
2828 3523 3102 3594 potestati
3127 3526 3381 3594 pareret,
3409 3522 3636 3594 ipsique
3658 3537 3772 3578 mo-

2123 3609 2287 3666 nachi
2314 3609 2666 3680 regulariter
2692 3610 2939 3666 vivendo
2964 3610 3275 3668 secundum
3289 3611 3768 3667 constitutionem

2123 3700 2304 3756 sancti
2325 3699 2617 3755 Benedicti
2633 3699 2976 3756 electionem
2995 3715 3225 3770 quoque
3239 3699 3541 3756 haberent.
3559 3699 3770 3771 Sicque

368 3748 1647 3860 ῗῗῗῗίῗῗῖῗῖτὶξέθιῗξ,ίῗίένῗῗῖίέω,Βθνίοέἓάοι
1675 3757 1851 3860 irai”.
1875 3758 2012 3860 Ψ·
2041 3788 2090 3851 e
2122 3748 2309 3844 ῐᾶἑιῖίπὶ
2325 3748 3449 3860 33332615'ﬁéééspiiéﬁé’e'ahiidhi
3462 3748 3651 3843 ’ᾎὶιῖιῖ
3663 3748 3771 3859 BE}

367 3837 494 3906 geri
527 3839 807 3910 episcopi,
843 3841 1052 3898 deinde
1081 3841 1212 3899 aliis
1246 3849 1420 3914 atque
1443 3843 1572 3901 aliis
1595 3844 1888 3902 abbatiola
1911 3845 2008 3903 illa

365 3925 569 3986 divisa.
597 3927 804 3999 Sicque
829 3936 959 4001 post
984 3931 1106 3987 haec
1128 3935 1393 4004 tempore
1421 3932 1640 3988 Alberti
1667 3933 1816 4006 (532)
1845 3934 2011 3991 ducis

365 4014 488 4072 sive
520 4016 783 4088 t‘onradi,
819 4034 948 4076 cum
991 4035 1145 4091 saepe
1202 4022 1444 4078 maxima
1491 4028 1651 4078 esset
1699 4037 2007 4094 regnorum

367 4105 626 4160 turbatio
661 4111 836 4177 atque
869 4109 1103 4178 seditio,
1136 4109 1208 4165 ab
1240 4109 1612 4166 invasoribns
1659 4116 1876 4168 sanctae
1918 4124 2008 4168 ec-

360 4191 556 4248 clesiae
587 4194 950 4266 episcopium
985 4211 1154 4253 omne
1185 4197 1263 4252 ita
1294 4199 1614 4269 praedatum
1645 4205 1758 4269 est,
1783 4203 1846 4254 ut
1869 4198 2008 4254 nihil

362 4281 510 4336 infra
531 4287 587 4337 et
611 4288 775 4338 extra
803 4285 1104 4340 civitatem
1130 4291 1287 4342 esset
1315 4287 1466 4356 quod
1492 4302 1601 4342 non
1633 4287 1741 4342 sibi
1775 4287 2005 4356 maligni

360 4369 659 4426 invasores
693 4371 1074 4429 vendicarent
1113 4373 1236 4430 sive
1285 4373 1606 4446 diriperent
1657 4373 1766 4429 ³⁸⁸⁸.
1803 4375 2008 4431 Nullus

361 4461 498 4512 tunc
513 4458 568 4512 in
585 4459 944 4515 sacerdotem
961 4461 1056 4516 Dei
1073 4466 1199 4516 erat
1219 4468 1546 4534 respectus,
1565 4462 1721 4519 nulla
1747 4462 2006 4520 ecclesiae

2119 3877 2354 3951 aliquod
2387 3882 2618 3948 tempus
2653 3876 2976 3948 praedictus
3008 3877 3096 3931 vir
3121 3877 3528 3946 gubernasset,
3563 3877 3635 3932 ab
3665 3878 3766 3930 hac

2121 3963 2248 4022 luce
2282 3964 2531 4022 feliciter
2561 3965 2856 4022 discessit.

2187 4108 2327 4164 Post
2377 4121 2546 4178 quem
2595 4107 2836 4163 eandem
2883 4106 3111 4177 cellam,
3155 4109 3446 4163 annuente
3485 4107 3758 4178 episcopo

2118 4211 2248 4252 eum
2267 4197 2512 4252 fratrum
2541 4195 2850 4265 electione,
2875 4211 2983 4250 nos
3008 4195 3102 4265 qui
3131 4194 3253 4251 haec
3275 4195 3604 4262 scribimus,
3631 4193 3761 4250 licet

2119 4284 2358 4354 indigni,
2378 4283 2690 4354 regendam
2716 4285 3102 4356 suscepimus,
3129 4289 3182 4340 rt
3209 4297 3396 4354 usque
3418 4297 3572 4338 nunc
3593 4287 3759 4354 prout

2118 4387 2432 4444 possumus
2462 4373 2516 4427 in
2553 4373 2715 4428 vinea
2749 4373 2992 4436 Domini.
3025 4372 3179 4428 servi
3213 4371 3478 4443 quamvis
3508 4371 3759 4438 inutiles,

2119 4461 2467 4518 laboramus.
2510 4503 2523 4516 .
2573 4503 2586 4516 .
2631 4503 2644 4518 .
2692 4502 2705 4516 .

1719 4577 1953 4634 VABIE
1986 4575 2364 4632 LECTIONES
2377 4617 2390 4630 .

427 4667 522 4704 ³⁸⁸⁸
552 4671 889 4744 deriperent
915 4673 1000 4729 ed.

1900 4853 1911 4866 '
1952 4769 2155 4827 NOTIE

434 4891 582 4963 (531)
617 4892 752 4963 cum
808 4891 1083 4947 Browero
1120 4889 1330 4963 Annal.
1367 4893 1705 4948 Treverens.
1741 4893 1782 4962 ι,
1817 4908 1871 4963 p.
1907 4895 2010 4950 440

361 4967 420 5018 et
469 4963 490 5017 Ι
537 4961 782 5034 Boschio
834 4965 958 5016 Aet.
991 4963 1084 5017 SS.
1119 4960 1254 5034 l.l.,
1288 4977 1352 5034 p.
1380 4967 1506 5034 1757
1531 4960 2010 5034 putarim,'ﬂegi-

362 5047 566 5088 nonem
592 5032 988 5088 Prumiensem
1013 5046 1145 5088 esse
1169 5032 1634 5102 intelligendam,
1658 5033 1754 5102 qui
1778 5032 2008 5090 Prumia

361 5104 640 5174 expulsus
667 5103 896 5160 Treveri
928 5103 1092 5172 vixit,
1131 5103 1326 5173 ibique
1359 5103 1602 5158 Ratbodi
1628 5103 1799 5172 jussu
1823 5103 2008 5162 libros

363 5173 440 5229 De
475 5174 782 5230 disciplina
809 5173 1213 5230 ecclesiastica
1249 5174 1510 5230 scripsit.

515 5190 782 5230 lSClDlllla
809 5190 1213 5230 ecmesnasuca
1249 5190 1510 5230 SCPlDSll.

435 5192 440 5225 ι
475 5189 782 5246 mscnpuna
809 5189 1213 5230 ecetesmsuca
1249 5189 1510 5254 scripsn.
1785 5245 1795 5254 .

435 5243 582 5316 (532)
615 5247 885 5316 Fortasse
919 5245 1068 5301 idem
1112 5259 1277 5316 quem
1331 5243 1682 5314 Sugabardus
1728 5245 1918 5301 Mirac.
1950 5247 2005 5301 S.

361 5314 730 5386 Maximinie.
770 5320 856 5386 16,
891 5316 985 5372 SS.
1014 5316 1104 5379 IV.
1130 5314 1242 5373 '233
1273 5316 1572 5381 nominat;
1607 5329 1793 5386 neque
1815 5321 2008 5373 tamen

361 5383 458 5458 hic
486 5383 603 5441 dux
657 5385 780 5458 fuit.
835 5383 1135 5458 Conradus
1183 5401 1362 5458 gener
1413 5385 1642 5458 Ottonis
1678 5383 1715 5458 μῐ
1762 5387 2007 5458 intelligi

363 5453 618 5528 videtur.
655 5456 793 5512 Nam
825 5455 894 5512 de
933 5457 1151 5528 praeliis
1185 5453 1430 5514 Conradi
1460 5461 1520 5514 et
1551 5456 1851 5514 Adalberti
1877 5471 1924 5514 s.
1955 5453 2006 5514 ξ.

361 5525 476 5583 inc.
513 5525 608 5583 vix
636 5540 828 5583 sermo
853 5525 985 5584 esse
1012 5531 1229 5599 potest.

2191 4893 2335 4964 (533)
2365 4895 2428 4948 A.
2462 4895 2717 4950 θοι-975.

2120 4959 2485 5090 Ηλῗωὲ)
2559 4963 2792 5020 Ottonis
2856 4965 2903 5018 ll
2968 4962 3220 5035 diploma
3298 4977 3388 5034 ap.
3457 4959 3766 5017 Honthe-im

2171 5050 2266 5090 ιε.
2326 5078 2340 5090 .
2480 5076 2492 5089 .

2171 5035 2266 5091 ist.
2299 5037 2340 5091 Ι.
2373 5038 2492 5090 310.

2193 5078 2340 5177 ἆξὲῶ
2373 5078 2671 5177 benedicti
2711 5103 2827 5177 vn.
2859 5103 3089 5160 Editum
3123 5107 3212 5160 est
3243 5104 3368 5177 Act.
3404 5101 3571 5177 ssi}.
3611 5101 3765 5177 1.,_p.

2127 5145 2340 5253 ηδ’ἒῖ
2371 5145 2704 5253 ἥρἧῖἦὲῖξιὶ,
2727 5145 3212 5253 ζίῖέιῗῖῗῦξῖβῖόξ
3243 5145 3771 5253 ἷῆἶὶίιιζρνῖίξέεὲἐ

2119 5245 2340 5317 gnerici
2357 5243 2704 5317 aﬂ'ertur(ut
2718 5243 2783 5300 in
2803 5243 3008 5315 ipsius
3033 5245 3162 5317 Vita
3187 5243 3446 5317 ἱερέων).
3466 5243 3644 5317 Cert_e_
3653 5243 3771 5299 alia

2122 5313 2499 5387 intelligenda
2525 5320 2617 5387 est
2647 5313 2970 5387 quam—haec
3001 5317 3073 5370 ab
3096 5313 3415 5387 Eber'vvino’
3435 5319 3566 5387 post
3586 5313 3770 5387 Theo-

2122 5388 2305 5468 derici
2321 5385 2386 5468 et
2398 5385 2886 5468 ‘Benedictilpapaa
2899 5389 3164 5468 tempore
3177 5385 3768 5468 scriptahinslidincere

2123 5429 2305 5528 ῧέῐίὲῖ
2323 5429 3770 5528 ἧῖὦζΞὶΞῖἱᾷΗίὅἰῖῖιῖεὲἕ’ἴὲιῆὶῖιῆΝὰἐνέῗίιᾱὲἔίῑὶὶΐιῖὼῖ

2123 5527 2382 5586 nasterio
2408 5534 2607 5601 postea
2632 5527 2702 5584 ab
2725 5527 3032 5586 Eberwino
3053 5527 3249 5584 addita
3267 5540 3420 5584 esse.
3448 5527 3529 5582 Cf.
3561 5539 3764 5598 supra.
