3952 6056
151 212 314 281 1245

867 213 1135 283 casm
1160 216 1512 283 TREVER.
1542 254 1610 266 —
1645 215 2000 283 APPEND.
2032 174 2149 282 nx
2171 214 2625 284 MIRACULIS
2656 217 2723 283 s.

3406 210 3559 279 1246

786 504 943 595 EX
1048 506 1692 599 MIRACULIS
1806 506 2242 597 SANCTI
2335 505 2938 598 SYMEONIS

1296 693 1769 768 AUCTORE
1821 696 2363 768 EBERWINU

236 862 554 947 Eoergcino
585 865 808 947 abbati,
832 869 940 947 qui
970 884 1100 947 cani
1130 871 1434 947 Richarao
1468 871 1828 947 Virdunense
1848 871 2077 947 abbate,
2102 885 2176 947 ea
2194 872 2355 929 terra
2375 872 2585 947 sancta
2604 872 2818 947 redita,
2842 868 3560 947 Spmeonemmonaclinm

158 936 483 1014 comitatus
506 939 654 1005 erat,
676 941 939 1014 eamdem
948 942 1156 1013 postea
1171 944 1237 998 in
1257 943 1611 998 monasterio
1628 958 1732 1014 suo
1755 936 2073 1014 acceperat
2087 944 2143 998 et
2162 957 2346 1013 usyne
2366 944 2449 999 ad
2466 943 2707 999 mortem
2715 936 3163 1014 familiaritate
3184 942 3302 1010 ipsi
3310 940 3346 1014 j
3352 939 3561 1014 auctus

161 1005 317 1088 οἵας,
345 1007 542 1088 Ρορρθ
564 1005 1042 1088 archiepiscopus
1061 1014 1245 1068 vitam
1265 1014 1468 1088 sancti
1482 1016 1553 1068 nt
1568 1005 2158 1088 ri_rleoatar72oininis
2179 1005 2547 1088 scribendam
2572 1016 2634 1070 in
2632 1005 2866 1088 jiiizait.
2899 1011 3064 1088 Quod
3079 1005 3562 1088 m.mins_ille_mo-_

162 1074 330 1132 desto
356 1074 556 1154 animo
582 1074 843 1154 suscepit
869 1074 1041 1139 et'ita
1071 1084 1349 1139 executus
1380 1085 1482 1151 est,
1514 1085 1585 1139 ut
1613 1084 1866 1141 breviter
1894 1086 2367 1154 simpliciterque
2422 1074 2711 1141 narraret
2734 1098 2865 1154 qua
2896 1074 2965 1139 ab
3010 1083 3135 1152 ipso
3163 1082 3449 1154 audierat
3470 1080 3565 1154 vet

239 1159 423 1228 asens
448 1150 703 1228 piderat.
754 1154 894 1228 Vitae
918 1155 1207 1211 nonnulla
1223 1156 1366 1224 post
1388 1156 1631 1211 mortem
1647 1157 1829 1228 facta
1856 1150 2149 1213 miracula
2177 1150 2419 1227 adjecit,
2455 1157 2677 1225 totumq
2688 1150 2758 1212 ue
2787 1169 2930 1225 opus
2958 1150 3221 1224 Popponi
3250 1151 3570 1222 inscripsit

207 1229 280 1274 ac
309 1220 559 1289 epistola
581 1224 894 1292 praemissa
921 1246 939 1281 :

234 1352 476 1408 Domino
507 1360 567 1408 et
596 1357 914 1412 venerabili
946 1359 1203 1429 Popponi
1236 1358 1671 1431 archiepiscopo
1696 1360 1807 1415 fra-
1832 1359 1890 1422 Α
1922 1362 2062 1417 ﬁsus
2093 1360 2268 1430 igitur
2291 1361 2361 1417 de
2379 1361 2474 1416 Dei
2498 1359 2807 1431 adjutorio,
2835 1359 2951 1413 tuis
2976 1356 3339 1428 jussionibus
3366 1369 3561 1426 quam-

160 1440 257 1495 t'er
304 1442 670 1511 Eberwinus,
724 1446 954 1502 abbatis
985 1448 1211 1503 nomine
1242 1448 1526 1518 indignus,
1562 1448 1807 1504 devotus

166 1530 474 1601 utriusque
508 1532 753 1588 hominis
801 1534 1130 1590 famulatus.
1164 1538 1357 1591 Mones
1402 1537 1572 1591 immo
1615 1536 1803 1605 jubes,

163 1618 533 1675 sanctissime
549 1628 737 1691 pater,
756 1626 819 1676 ut
839 1623 1023 1693 impar
1047 1623 1296 1691 ingenio,
1316 1624 1536 1679 stultus
1551 1624 1804 1694 eloquio,

164 1705 390 1775 aliquid
422 1708 492 1763 de
523 1709 639 1764 vita
668 1716 727 1764 et
758 1713 1201 1769 conversatione
1232 1718 1290 1769 et
1338 1712 1500 1768 obitu
1548 1712 1653 1767 viri
1706 1712 1804 1767 Dei

164 1794 464 1863 Symeonis
496 1798 656 1851 etde
685 1798 980 1855 miraculis
1028 1816 1154 1870 qua
1200 1816 1304 1871 per
1352 1816 1481 1855 eum
1531 1800 1805 1855 Dominus

161 1889 447 1954 operatus
470 1891 558 1940 est
584 1886 903 1943 edisseram
924 1889 1240 1959 multisque
1266 1890 1332 1944 ad
1362 1890 1586 1945 laudem
1612 1894 1666 1944 et
1691 1888 1806 1958 glo-

161 1971 308 2026 riam
344 1974 564 2028 Domini
621 1974 1090 2034 desiderantibus
1132 1979 1282 2033 scire
1329 1984 1525 2033 notum
1577 1978 1798 2033 faciam.

158 2060 370 2114 Fateor
396 2063 616 2129 grande
647 2077 795 2118 onus
830 2064 962 2118 mihi
997 2064 1222 2121 inﬁrmo
1257 2066 1523 2136 imponis,
1560 2065 1803 2121 maxime

157 2162 291 2203 cum
322 2153 447 2203 toto
481 2164 727 2221 corpore
758 2152 969 2208 debilis
1000 2154 1361 2209 tremendum
1396 2155 1492 2208 Dei
1521 2153 1801 2223 judicium

159 2240 592 2310 pertimescam,
627 2242 674 2297 si
708 2242 926 2312 aliquid
968 2243 1240 2300 falsitatis
1288 2244 1630 2312 contingam.
1664 2244 1804 2297 Con-

1919 1450 2007 1507 vis
2057 1456 2312 1506 tremens
2360 1452 2744 1520 obtempero;
2779 1447 2950 1518 plano
3002 1445 3162 1501 brevi
3208 1449 3269 1500 et
3312 1444 3559 1515 simplici

1920 1553 2188 1593 sermone
2223 1538 2564 1593 describens
2590 1552 2716 1606 qua:
2739 1535 2828 1589 vel
2855 1536 2977 1605 ipse
3003 1550 3072 1590 ex
3094 1534 3219 1603 ejus
3245 1547 3344 1587 ore
3370 1532 3561 1588 audivi

1918 1627 2007 1682 vel
2041 1642 2067 1681 a
2103 1626 2372 1682 fidelibus
2404 1626 2547 1682 viris
2578 1626 2648 1679 ab
2686 1625 2808 1694 ipso
2840 1624 3035 1679 audita
3071 1624 3193 1677 sive
3223 1623 3292 1676 de
3318 1621 3563 1676 miracu-

1920 1713 1988 1768 lis
2021 1715 2137 1769 visa
2174 1714 2369 1769 didici.
2403 1714 2501 1769 Tui
2534 1713 2710 1781 igitur
2743 1711 3025 1767 examinis
3066 1717 3157 1765 est
3194 1710 3480 1779 judicare,
3515 1708 3565 1762 si

1916 1803 2071 1859 istud
2104 1802 2398 1857 tantillum
2451 1816 2594 1871 opus
2636 1801 2842 1870 jubeas
2888 1801 2939 1853 in
2991 1798 3286 1870 publicum
3337 1797 3557 1867 venire,

1915 1891 2035 1946 sive
2063 1890 2181 1944 tuis
2211 1889 2538 1945 scolasticis
2580 1889 2649 1943 ad
2702 1887 3110 1957 corrigendum
3163 1885 3560 1943 exornandum

1916 1978 2347 2034 dilatandumve
2374 1979 2651 2033 tribuere.
2681 1976 2972 2046 Quidquid
2997 1975 3148 2031 enim
3174 1975 3226 2029 in
3255 1988 3343 2030 me
3366 1988 3561 2044 repre-

1914 2067 2220 2133 hendetur,
2258 2066 2362 2121 tibi
2400 2066 2593 2136 potius
2624 2064 2987 2135 prmeipienti
3024 2078 3191 2134 quam
3236 2063 3369 2118 mihi
3423 2064 3560 2117 obe-

1915 2155 2095 2210 dienti
2128 2155 2463 2210 necessario
2492 2154 2895 2224 imputabitur.

248 2371 541 2446 l’itfahrec,
568 2388 700 2443 qua
728 2374 793 2430 in
814 2376 1022 2432 multis
1044 2378 1244 2433 easlat
1260 2375 1579 2435 codicibus.
1605 2389 1858 2446 qaorwm
1886 2377 1943 2431 et
1966 2377 2092 2444 ipse
2114 2376 2318 2445 plures
2346 2376 2475 2432 vidi
2504 2389 2691 2446 neque
2723 2377 2928 2446 tamen,
2948 2374 3257 2446 exscripsi,
3285 2371 3446 2446 edita
3480 2372 3571 2446 est

162 2444 292 2518 4ct.
319 2445 455 2518 18⁷6⁷.-
469 2442 608 2500 Jun.
646 2449 696 2513 Ι,
720 2462 781 2516 p.
814 2450 903 2516 89,
932 2446 1072 2504 Μαὺ
1106 2449 1243 2504 lion.
1282 2449 1403 2504 Act.
1438 2448 1561 2503 ora.
1588 2442 1654 2504 S‘.
1690 2442 2006 2503 Benedicti
2042 2442 2137 2516 Vi,
2160 2463 2216 2518 p.
2245 2452 2364 2501 372.
2398 2442 2672 2513 Quadam
2693 2445 2969 2515 excerpta
2986 2445 3229 2500 exhibet
3244 2442 3567 2498 Hontlteim

165 2514 384 2569 Prodr.
420 2516 470 2583 1,
502 2532 554 2582 ρ.
590 2520 711 2571 665.

238 2585 584 2656 Symeonem
620 2601 692 2642 ea
719 2589 1076 2645 monasterio
1103 2589 1320 2644 montis
1349 2589 1531 2644 Sinai
1562 2591 1627 2643 in
1654 2588 2007 2644 ccci/lentem
2026 2589 2276 2645 missam
2296 2589 2367 2643 ut
2379 2588 2665 2657 pecunias
2685 2601 2724 2644 a
2744 2585 3045 2643 Richardo
3066 2584 3464 2643 Nortmannor

167 2654 314 2712 duce
331 2660 668 2726 promissas
699 2660 1021 2729 colligeret,
1057 2661 1386 2717 Antiochia
1414 2660 1770 2716 Ebernzinus
1802 2660 2035 2714 invenit
2060 2662 2167 2729 qui
2198 2661 2288 2716 ita
2315 2654 2539 2716 narrat
2563 2679 2583 2715 :
3444 2684 3449 2689 λ

236 2806 312 2860 Ea
349 2804 526 2875 igitur
554 2811 905 2878 tempestate
935 2809 1217 2878 contingit
1248 2809 1597 2866 Richardum
1633 2808 1806 2864 abba-
1840 2808 1889 2866 Β
1922 2808 2031 2863 sibi
2056 2823 2331 2879 reSponsa
2354 2808 2542 2878 daret,
2571 2806 2974 2863 moestiﬁcatus
2998 2803 3439 2875 aliquantulum.
3486 2846 3498 2858 .
3544 2843 3557 2856 .

161 2897 304 2962 tem,
341 2894 525 2950 virum
559 2897 834 2965 perfectis
863 2898 1005 2954 viris
1031 2898 1388 2966 imitabilem,
1416 2899 1525 2968 piae
1549 2898 1809 2953 devotio-

162 2979 257 3036 nis
281 2982 479 3050 gratia
506 2989 704 3039 sancta
737 2986 1147 3056 Hierosolymae
1183 2987 1329 3042 velle
1363 2987 1615 3042 invisere
1657 2987 1805 3041 loca.

161 3068 307 3124 Dum
337 3084 476 3140 ergo
511 3087 612 3142 per
642 3073 1003 3129 Antiochiam
1039 3074 1148 3129 iter
1181 3075 1588 3130 habuissemus
1613 3074 1809 3144 ibique

164 3159 529 3215 necessitate
552 3159 783 3216 itineris
798 3166 1041 3231 cogente
1057 3162 1406 3232 aliquamdiu
1426 3177 1807 3232 moraremur,

166 3244 422 3304 famulus
454 3249 550 3303 Dei
585 3249 825 3319 Symeon
854 3250 1093 3319 junctus
1124 3256 1210 3307 est
1239 3252 1407 3308 nobis
1434 3251 1486 3305 in
1534 3251 1809 3321 amicitia,

166 3334 511 3404 praedictum
547 3339 817 3394 abbatem
857 3339 1204 3395 Richardum
1259 3342 1542 3410 adoptans
1592 3340 1703 3395 sibi
1759 3340 1813 3395 in

170 3426 427 3493 patrem;
464 3424 557 3481 cui
583 3441 713 3482 cum
739 3428 1111 3499 exposuisset
1138 3444 1240 3499 per
1264 3429 1525 3485 ordinem
1554 3444 1680 3498 quae
1705 3428 1813 3484 sibi

170 3509 426 3580 iniuncta
456 3519 650 3570 essent
673 3515 763 3572 vel
790 3531 916 3586 quae
936 3517 1341 3587 contigissent,
1370 3517 1613 3585 addidit,
1645 3516 1817 3572 nullis

172 3600 451 3671 periculis
472 3602 560 3658 vel
586 3604 872 3673 angustiis
889 3619 951 3660 sc
976 3605 1213 3660 retineri
1234 3620 1409 3676 posse
1433 3606 1567 3676 quin
1589 3604 1818 3661 abbatis

175 3687 263 3744 sui
297 3690 566 3746 mandata
600 3690 871 3763 impleret
903 3708 1009 3763 pro
1036 3708 1227 3763 posse.
1252 3695 1405 3748 Imus
1429 3708 1566 3762 ergo
1589 3698 1643 3748 et
1672 3692 1819 3747 redi-

181 3790 331 3846 mus,
367 3791 612 3848 eumque
636 3780 938 3836 nobiscum
962 3780 1157 3837 venire
1183 3787 1445 3853 paratum
1474 3782 1811 3838 invenimus.

176 3864 432 3935 Cumque
465 3866 518 3920 in
552 3866 836 3923 comitatu
872 3874 1075 3924 nostro
1109 3876 1264 3925 esset
1309 3871 1642 3940 frequenter
1676 3870 1819 3940 inju-

174 3952 361 4008 riatus
394 3956 568 4023 atque
601 3953 948 4023 flagellatus,
987 3956 1152 4025 quasi
1199 3956 1498 4012 mitissima
1548 3957 1673 4011 ovis
1723 3972 1818 4027 pa-

178 4038 392 4095 tienter
420 4042 693 4111 portavit.
728 4043 1142 4099 Pervenientes
1164 4044 1358 4114 itaque
1385 4059 1565 4115 usque
1587 4046 1654 4100 ad
1681 4045 1816 4100 civi-

1923 2897 2059 2967 quid
2129 2902 2324 2964 ageret
2396 2897 2605 2966 quaerit
2665 2895 2997 2961 consilium,
3050 2890 3322 2949 Occurrit
3374 2894 3565 2947 autem

1924 2986 2130 3053 animo,
2156 2991 2217 3040 ut
2236 3001 2399 3040 suum
2420 2984 2785 3039 carissimum
2810 2987 3051 3053 patrem,
3078 2979 3429 3036 Richardum
3457 2979 3568 3035 sci-

1925 3073 2059 3129 licet
2094 3074 2381 3141 abbatem,
2408 3086 2628 3142 nosque
2648 3087 2786 3127 suos
2810 3071 3055 3127 comites
3080 3069 3386 3133 inviseret;
3414 3066 3566 3138 quod

1925 3166 1979 3217 et
2014 3162 2166 3217 fecit.
2210 3164 2317 3217 Per
2368 3161 2600 3231 longum
2650 3166 2840 3216 autem
2896 3165 3122 3228 tempus
3170 3161 3428 3212 moratus
3475 3160 3571 3211 est

1928 3250 2250 3319 nobiscmn,
2282 3255 2338 3304 et
2377 3256 2437 3306 ut
2470 3249 2725 3305 breviter
2758 3247 2850 3280 ³⁸ε⁸
2890 3246 3250 3313 concludam,
3289 3243 3565 3315 quamdiu

1927 3340 2077 3409 apud
2115 3350 2218 3393 nos
2251 3339 2481 3405 mansit,
2515 3335 3113 3408 irreprehensibiliter
3142 3334 3305 3389 vixit.

2002 3430 2223 3484 interea
2258 3428 2524 3484 d.minus
2571 3428 2769 3497 Poppo
2820 3424 3311 3495 archiepiscopus,
3345 3422 3561 3475 sanctae

1927 3517 2287 3573 Trevirensis
2309 3515 2574 3572 ecclesia:
2598 3520 2873 3570 strenuus
2897 3512 3182 3584 provisor,
3209 3509 3449 3566 audiens
3474 3506 3570 3563 de-

1928 3610 2063 3660 vote
2093 3605 2435 3676 prophetam
2472 3604 2541 3660 de
2576 3604 2803 3659 Christo
2836 3602 3121 3657 dicentem
3156 3618 3168 3653 :
3203 3598 3282 3654 Et
3323 3596 3441 3652 erit
3486 3609 3569 3652 se-

1923 3694 2198 3764 pulcrum
2211 3692 2860 3765 ejusgtoriosansai.
2880 3706 2937 3760 ιι,
2960 3692 3067 3759 10),
3084 3688 3270 3758 gratia
3285 3684 3567 3742 orationis

1930 3781 2370 3837 llierosolimam
2402 3781 2524 3851 ivit,
2560 3781 2825 3850 hancque
2860 3777 3131 3834 famulum
3165 3775 3263 3831 Dei
3297 3773 3487 3830 eundo
3510 3777 3570 3827 et

1932 3869 2227 3925 redeundo
2252 3884 2441 3924 secum
2460 3869 2858 3923 comitatorem
2877 3860 3568 3922 acconviatoremhabuit

1928 3957 2097 4026 eique
2131 3965 2261 4028 post
2297 3957 2545 4012 reditum
2581 3956 2633 4009 in
2672 3971 2777 4011 suo
2817 3956 3158 4026 episcopatu
3206 3963 3569 4022 quocumque

1929 4045 2105 4101 vellet
2140 4060 2281 4099 man:
2309 4045 2402 4098 ndi
2441 4043 2774 4100 facultatem
2825 4041 3039 4097 obtulit
3084 4045 3142 4096 et
3184 4037 3569 4094 libmtissime

175 4132 350 4183 tatem
385 4128 799 4200 Bellegradam,
834 4146 960 4201 quae
992 4136 1080 4187 est
1131 4132 1185 4186 in
1225 4132 1475 4187 conﬁnio
1521 4132 1792 4201 Bulgario
1849 4164 1896 4225 Ο
1926 4134 2237 4190 concessit.
2292 4135 2370 4188 Ex
2424 4132 2780 4188 revelatione
2818 4131 2995 4200 igitur
3039 4128 3137 4183 Dei
3187 4129 3571 4199 prospectans

175 4225 301 4273 rum
344 4219 518 4288 atque
567 4218 971 4288 Ungariorunl,
1028 4234 1058 4275 a
1111 4219 1369 4275 civitatis
1420 4220 1813 4275 infelicissimo

177 4304 436 4377 principe
469 4306 799 4378 prohibitus
828 4312 920 4363 est
970 4310 1272 4363 nobiscum
1324 4309 1595 4364 transire.
1634 4310 1814 4379 Igitur

178 4391 320 4449 ﬂens
343 4397 400 4449 et
422 4395 538 4451 Deo
563 4395 783 4465 gratias
800 4409 997 4466 agens,
1026 4396 1260 4466 reliquit
1284 4411 1390 4451 nos
1419 4396 1618 4452 tristes
1642 4403 1814 4466 atque

178 4479 399 4538 ﬂentes.
436 4484 574 4539 Post
601 4482 692 4516 ³⁸⁸⁷
726 4484 938 4540 multas
963 4484 1210 4555 denique
1234 4485 1536 4553 angustias
1555 4490 1609 4541 et
1640 4485 1815 4541 latro-

179 4584 308 4625 num
336 4569 578 4627 insidias
612 4573 928 4629 revertitur
957 4588 1141 4643 usque
1173 4574 1242 4629 ad
1264 4588 1454 4639 mare;
1488 4588 1601 4644 quo
1625 4577 1815 4630 trans-

170 4670 306 4725 acto
338 4673 794 4732 prOSperumque
824 4662 935 4717 iter
966 4662 1199 4729 faciens,
1233 4680 1332 4735 per
1354 4666 1589 4719 Romam
1616 4680 1818 4735 perve-

180 4748 261 4805 nit
294 4748 349 4803 in
382 4748 698 4803 Franciam.
738 4751 778 4803 A
813 4751 1058 4820 quodam
1090 4751 1269 4820 igitur
1298 4752 1408 4808 sibi
1440 4757 1577 4808 noto
1602 4753 1814 4809 comite

180 4835 482 4893 Wilbelmo
516 4836 760 4905 benigne
784 4838 1100 4908 suscipitur
1121 4846 1178 4893 et
1210 4840 1358 4909 apud
1385 4855 1513 4896 eum
1540 4841 1816 4911 aliquam-

182 4925 276 4981 diu
322 4928 603 4982 moratur.
650 4969 658 4977 .
711 4967 722 4979 .
779 4968 789 4978 .
838 4968 848 4978 .
897 4968 909 4981 .
959 4968 971 4981 .
1010 4926 1167 4982 venit
1217 4928 1654 4999 Rotbomagum,
1688 4946 1814 4999 qua)

181 5019 270 5069 est
299 5014 509 5069 civitas
542 5015 1027 5070 Nortmannorum
1054 5013 1439 5084 nobilissima,
1474 5018 1657 5072 sancti
1706 5020 1814 5074 Au-

182 5101 347 5159 doeni
365 5103 723 5160 confessoris
745 5117 992 5173 corpore
1017 5107 1075 5159 et
1091 5104 1315 5159 meritis
1328 5104 1494 5161 valde
1511 5107 1809 5175 praeclara.

180 5191 284 5248 Ubi
314 5205 441 5248 cum
471 5191 820 5247 Ricliardum
853 5191 1119 5246 comitem
1146 5191 1263 5259 jam
1313 5197 1600 5248 mortuum
1655 5210 1814 5266 repe-

183 5278 353 5336 risset
387 5284 445 5335 et
476 5278 545 5335 de
579 5280 821 5351 pecunia
850 5284 908 5335 et
952 5293 1152 5349 censu,
1185 5280 1282 5349 qui
1332 5280 1402 5336 de
1447 5285 1603 5337 terra
1654 5283 1812 5340 illius

184 5384 285 5441 pro
325 5368 637 5427 elemosina
689 5384 794 5428 suo
838 5368 1192 5426 monasterio
1245 5369 1589 5441 debebatur,
1621 5372 1814 5430 nullus

1926 4223 2031 4278 sibi
2065 4223 2253 4278 locum
2288 4223 2527 4292 Symeon
2564 4219 2813 4276 famulus
2849 4217 3080 4286 Christi,
3114 4216 3210 4271 ubi
3250 4215 3409 4271 solus
3444 4227 3571 4285 pos-

1926 4316 2007 4368 Set
2042 4326 2247 4368 vacare
2280 4309 2554 4378 orationi,
2590 4309 2642 4362 in
2680 4308 2826 4364 turri
2862 4322 2988 4377 qua}
3012 4310 3178 4361 antea
3206 4304 3376 4373 Nigra
3402 4304 3566 4373 porta

1923 4402 2264 4469 vocabatur,
2303 4413 2538 4471 parvum
2574 4398 2868 4466 tugurium
2893 4394 3139 4465 expetiit
3162 4412 3176 4461 ;
3201 4393 3295 4449 ubi
3319 4392 3565 4448 domnus

1925 4488 2138 4562 przesul
2170 4490 2387 4559 Poppo,
2428 4490 2713 4558 praesente
2745 4484 2904 4539 clero
2926 4490 2982 4539 et
3009 4481 3242 4554 populo,
3272 4482 3323 4535 in
3350 4477 3563 4535 festivi-

1924 4582 2044 4634 tate
2072 4576 2259 4633 sancti
2292 4575 2533 4632 Andreze
2568 4574 2727 4630 illum
2754 4572 3015 4629 reclusit.
3062 4613 3073 4626 .
3124 4613 3135 4625 .
3182 4612 3193 4623 .
3244 4612 3255 4624 .
3304 4611 3315 4623 .
3360 4610 3371 4621 .
3420 4608 3433 4621 .
3481 4607 3492 4619 .
3543 4608 3554 4619 .

1993 4668 2147 4721 Tunc
2191 4663 2474 4735 siquidem
2517 4663 2821 4735 temporis,
2871 4659 3127 4733 peccatis
3177 4656 3394 4713 nostris
3439 4669 3564 4726 pro-

1925 4754 2308 4821 mcrentibus,
2331 4753 2502 4807 nimia
2526 4766 2803 4823 aquarum
2832 4748 3168 4807 inundantia
3195 4745 3438 4802 increvit
3463 4759 3567 4801 sae-

1924 4843 2092 4899 culis.
2129 4844 2311 4897 Causa
2362 4841 2604 4912 periculi
2657 4841 2828 4910 hujus
2875 4841 3120 4910 Symeon
3169 4834 3567 4905 imputabatur

1925 4934 1995 4987 ab
2023 4930 2313 4999 omnibus,
2346 4930 2497 4985 hunc
2528 4928 2849 4984 maleficum
2883 4940 3037 4995 esse,
3074 4940 3178 4996 pro
3220 4923 3340 4979 suis
3386 4921 3567 4977 scele-

1927 5020 2086 5076 ribus
2120 5021 2227 5074 hoc
2260 5018 2468 5073 malum
2503 5016 2713 5072 mundo
2762 5016 3096 5079 imminere;
3129 5019 3187 5070 ut
3241 5012 3567 5082 deponatur

1924 5123 1951 5163 a
2001 5106 2293 5178 pontiﬁce,
2348 5105 2598 5176 populus
2650 5103 2928 5159 acclamat
2977 5100 3256 5172 quotidie.
3294 5101 3375 5155 Ex
3420 5100 3563 5156 urbe

1922 5196 2156 5250 tandem
2185 5208 2468 5249 occursus
2503 5193 2716 5262 agitur,
2753 5194 2821 5247 ad
2853 5189 3121 5248 cellulam
3151 5189 3261 5245 viri
3307 5188 3400 5244 Dei
3437 5202 3566 5259 pro-

1922 5289 2198 5355 peratur;
2233 5296 2369 5339 saxa
2402 5282 2456 5337 in
2483 5282 2660 5338 altum
2680 5280 3017 5352 projiciunt,
3044 5276 3263 5349 tugurii
3287 5277 3566 5332 fenestras

1924 5372 2200 5443 obruunt,
2235 5374 2569 5442 Symeonem
2599 5368 2859 5441 lapidare
2896 5368 3278 5425 contendunt.
3314 5364 3573 5420 Vidimus

1538 5484 1771 5541 VARDE
1812 5486 2104 5544 LECTION
2112 5489 2211 5545 ES.

248 5553 337 5590 ³⁸⁸⁷
364 5556 477 5611 Per
505 5554 593 5614 ed.
673 5553 765 5588 ³⁸⁸³
796 5554 1005 5612 leviter
1036 5554 1122 5614 ed.
