3958 6046
407 238 557 306 124⁵7

1114 236 1382 306 GESTA
1410 235 1770 308 TREVER.
1805 277 1878 289 --
1910 235 2265 307 APPEND.
2297 232 2414 305 EX
2440 233 2634 305 VITA
2664 232 2732 303 8.
2764 231 3089 304 AGRITII.

3669 228 3814 293 1248

407 393 591 453 fateor
622 394 931 453 fenestram
979 393 1261 462 fractam;
1292 394 1394 452 sed
1446 394 1663 452 athleta
1705 392 1918 452 Christi
1951 394 2048 466 Sy-
2075 376 2132 437 Α
2161 408 2377 451 camus.
2415 391 2579 461 Quod
2612 395 2876 465 apertum
2919 389 3306 459 dimittentes,
3341 382 3438 460 qui
3488 380 3721 455 vigiliis
3759 389 3808 438 et

407 500 592 554 meon,
642 486 918 542 fundatus
967 500 1143 555 supra
1196 485 1413 541 ﬁrmam
1459 490 1684 558 petram
1735 484 2047 542 immobilis

401 574 778 645 persistebat,
816 578 990 644 atque
1022 576 1137 629 Deo
1170 575 1394 643 gratias
1426 575 1676 631 reddens
1706 590 1813 647 pro
1856 588 2050 646 perse-

407 662 717 718 cutoribus
746 663 1008 731 gaudens
1052 664 1276 718 orabat.
1324 706 1335 719 .
1384 706 1396 719 .
1444 706 1455 717 .
1502 707 1514 719 .
1561 706 1573 718 .
1620 707 1631 719 .
1680 705 1691 719 .
1737 707 1748 716 .
1796 707 1807 718 .
1854 705 1866 718 .
1913 705 1924 717 .
1972 704 1983 717 .
2031 704 2042 717 .

468 751 696 805 Interea
723 750 1092 806 volventibus
1118 750 1283 806 annis
1305 752 1394 806 vir
1418 753 1535 807 Deo
1561 753 1802 821 Symeon
1830 749 2051 806 resolu-

386 838 601 895 tionem
628 840 714 894 sui
742 839 1007 910 przevidit
1038 840 1445 910 corporis(an.
1467 842 1645 911 1035).
1666 840 1920 909 Denique
1948 839 2053 894 do-

378 941 568 982 mnum
606 927 943 998 cpi<copum
983 932 1225 997 rogatut
1247 944 1533 1000 expensas
1554 926 2045 999 etoperariosqui

386 1014 495 1069 sibi
528 1014 743 1071 lectum
774 1023 1125 1086 componant
1165 1017 1378 1087 mittat,
1417 1017 1540 1087 ipse
1577 1016 1631 1071 in
1656 1021 1822 1087 parte
1847 1016 1934 1072 sui
1964 1014 2049 1069 di-

390 1103 633 1158 versorii
660 1103 849 1159 locum
874 1105 1195 1175 sepulturae
1221 1109 1384 1175 parat
1416 1124 1426 1159 :
1462 1107 1619 1175 Hac,
1648 1105 1937 1175 inquiens,
1960 1120 2050 1160 re-

394 1192 565 1263 quies
586 1206 717 1249 mea
739 1194 807 1250 in
826 1195 1107 1251 saeculum
1136 1196 1361 1251 seculi.
1392 1196 1511 1250 Hic
1542 1194 1853 1264 expectabo
1893 1193 2050 1248 diem

394 1281 679 1351 Domini;
708 1281 808 1337 hic
838 1282 1111 1338 habitabo
1142 1283 1423 1353 quoniam
1468 1283 1616 1353 elegi
1647 1297 1793 1338 eam.
1840 1281 2051 1364 Paucis

400 1370 763 1439 postmodum
779 1370 1523 1441 transactisdiebusipsum
1544 1386 1651 1438 ego
1670 1370 1904 1426 humilis
1925 1369 2014 1423 adi
2033 1371 2049 1409 ι

396 1462 656 1513 vocatus.
694 1463 752 1513 et
784 1459 878 1528 qui
916 1460 1125 1529 pedum
1154 1459 1313 1515 illius
1336 1460 1541 1515 OSCUIO
1565 1474 1722 1515 eram
1749 1459 2045 1527 indignus,

398 1546 451 1600 in
486 1546 753 1601 cellulam
780 1548 852 1602 ab
874 1562 942 1602 co
966 1563 1091 1603 sum
1118 1547 1506 1603 intromissus.
1533 1548 1669 1603 Post
1698 1548 2043 1622 orationem,

399 1634 722 1705 amplexus,
758 1635 956 1690 oscula
989 1640 1044 1691 et
1080 1636 1252 1691 ﬂetus
1298 1636 1684 1691 consedimus.
1734 1677 1745 1689 .
1792 1677 1803 1689 .
1851 1677 1861 1690 .
1909 1677 1921 1689 .
1968 1677 1979 1688 .
2030 1678 2041 1690 .

2160 482 2463 555 obsequiis
2494 483 2859 539 deservireut
2893 480 3260 553 deputamus.
3297 475 3354 531 1n
3386 473 3661 531 crastino
3697 478 3807 529 tota

2158 574 2367 630 civitas
2396 572 2560 644 quasi
2592 572 2680 629 vir
2698 586 2848 629 unus
2870 571 3263 639 congregatur
3289 583 3303 632 ;
3329 563 3583 620 interior
3604 562 3807 617 domus

2157 662 2513 718 ornamentis
2542 659 2957 717 ecclesiasticis
2980 658 3310 713 decoratur.
3340 655 3482 710 Dum
3507 666 3660 721 ergo
3683 665 3803 706 exe-

2160 750 2307 820 quiae
2337 748 2719 805 communiter
2759 746 3151 803 celebrantur.
3198 784 3211 796 .
3258 783 3271 795 .
3317 782 3330 795 .
3375 782 3389 794 .
3436 781 3449 793 .
3498 780 3512 792 .
3562 780 3576 792 .
3620 737 3803 793 visum

2158 844 2244 894 est
2273 836 2559 907 omnibus,
2593 840 2651 892 ut
2688 835 2830 891 illud
2862 833 3008 890 tanti
3041 832 3149 887 viri
3198 843 3416 900 corpus
3463 842 3581 882 non
3635 824 3806 895 negli-

2159 931 2397 997 geretur
2426 925 2526 983 sed
2560 941 2589 981 a
2620 924 2852 981 clericis
2900 936 3005 993 per
3048 920 3345 992 proximos
3394 915 3645 985 triginta
3692 915 3804 969 dies

2160 1016 2458 1087 deputatis
2486 1014 2741 1070 vicissim
2771 1010 3187 1069 cuslodiretur.
3222 1007 3408 1077 Igitur
3440 1007 3577 1076 post
3611 1005 3803 1060 horam

2161 1120 2365 1161 nonam
2393 1103 2722 1175 sepulcrum
2746 1102 3059 1170 diligenter
3081 1096 3395 1164 clauditur,
3422 1107 3683 1163 cumque
3702 1091 3804 1148 cle-

2161 1194 2267 1249 rici
2296 1193 2424 1249 vice
2453 1206 2552 1248 sua
2584 1192 2640 1246 in
2670 1190 2880 1247 cellula
2925 1188 3020 1244 ubi
3067 1188 3361 1242 humatum
3412 1186 3544 1239 erat
3596 1194 3804 1252 corpus

2159 1282 2266 1337 viri
2298 1281 2415 1351 Dei,
2452 1280 2705 1352 psalmos
2744 1281 3004 1345 caneret,
3038 1289 3204 1331 unus.
3253 1314 3265 1327 .
3310 1315 3322 1328 .
3369 1314 3381 1327 .
3428 1312 3443 1325 .
3490 1312 3502 1325 .
3552 1311 3565 1324 .
3618 1311 3632 1324 .
3681 1312 3696 1324 .
3740 1310 3801 1323 ..

2231 1390 2290 1442 In
2323 1387 2616 1443 tricesima
2644 1385 2841 1455 itaque
2873 1383 3070 1439 obitus
3100 1380 3211 1437 viri
3244 1378 3343 1434 Dei
3374 1374 3688 1448 Symeonis
3725 1375 3804 1430 die

2161 1475 2379 1531 multus
2413 1473 2662 1546 populus
2692 1487 2821 1529 cum
2854 1470 3043 1527 cereis
3075 1474 3135 1527 et
3167 1468 3299 1524 aliis
3327 1466 3497 1522 donis
3520 1464 3600 1520 ad
3623 1462 3806 1535 sepul-

2158 1579 2318 1619 crum
2352 1563 2531 1634 coepit
2564 1562 2876 1617 conﬂuere.
2914 1557 3186 1625 Quaedam
3219 1571 3359 1625 ergo
3399 1569 3567 1610 anus.
3617 1594 3631 1607 .
3678 1595 3693 1606 .
3737 1593 3750 1605 .
3789 1591 3800 1603 .

2160 1694 2172 1706 .
2219 1694 2230 1706 .
2279 1693 2292 1706 .
2340 1695 2352 1708 .
2398 1694 2409 1706 .
2458 1693 2469 1705 .
2506 1651 2589 1706 Ex
2616 1653 2755 1705 tunc
2784 1646 3117 1719 sepulcrum
3147 1645 3256 1701 viri
3282 1644 3381 1699 Dei
3405 1656 3437 1698 a
3462 1640 3687 1713 populo
3710 1640 3804 1695 fre-

574 1764 586 1776 .
635 1765 646 1777 .
693 1764 705 1777 .
744 1764 756 1775 .
796 1765 807 1776 .
847 1764 858 1776 .
900 1723 1266 1793 Interpositis
1290 1738 1429 1791 ergo
1451 1727 1683 1778 centum
1709 1728 1767 1777 et
1792 1723 2041 1793 quinque

2207 1745 2478 1798 uentatur
2502 1754 2565 1795 ac
2584 1741 2917 1794 veneratur.
2945 1737 3083 1790 Cum
3097 1749 3237 1803 ergo
3251 1729 3600 1789 commodus
3615 1743 3805 1786 ascen-

398 1810 619 1879 diebus,
650 1810 703 1865 in
730 1811 953 1866 octavis
981 1815 1352 1881 pentecostes
1375 1812 1522 1881 (3536)
1549 1812 1895 1879 infirmatus,
1923 1811 2045 1865 Ste-

399 1898 603 1969 phano,
632 1898 727 1969 qui
752 1899 803 1954 ei
832 1899 1143 1967 serviebat,
1174 1899 1442 1967 injungit,
1471 1904 1534 1953 ut
1560 1898 1668 1954 sibi
1696 1912 1796 1969 per
1820 1897 2044 1968 aliquot

396 1986 520 2042 dies
541 1986 797 2056 requiem
822 1987 1007 2055 daret,
1034 1991 1323 2056 quatenus
1349 1986 1477 2056 plus
1499 1986 1673 2041 solito
1688 1986 2045 2057 contempla-

399 2074 544 2130 tioni
570 2089 776 2130 vacare
803 2079 1021 2145 posset.
1042 2075 1142 2130 Ille
1164 2090 1337 2131 unum
1362 2074 1512 2129 diem
1538 2078 1831 2145 expectat.
1853 2076 2045 2129 Inter-

395 2163 475 2217 tia
493 2163 633 2218 feria
658 2162 727 2218 ad
744 2178 1045 2234 vesperam
1062 2164 1285 2232 signum
1314 2164 1467 2229 facit,
1487 2164 1719 2218 corbem
1743 2179 1871 2219 cum
1898 2177 2043 2233 pane

396 2249 465 2305 ad
502 2250 814 2305 fenestram
842 2251 1169 2321 suSpendit.
1200 2252 1356 2305 Mane
1379 2252 1531 2305 facto
1558 2250 1711 2305 sicut
1736 2250 2043 2306 dimiserat

396 2339 676 2394 intactum
693 2339 913 2409 reperit
929 2340 1287 2409 multumque
1304 2340 1509 2394 anxius
1524 2339 1594 2394 ad
1608 2353 1736 2393 eum
1754 2339 2037 2394 ascendit.

394 2428 800 2497 Interrogatus
832 2428 942 2484 hoc
976 2427 1160 2483 solum
1186 2427 1481 2498 respondit
1511 2445 1523 2483 :
1555 2426 1714 2493 Quid
1736 2428 1829 2483 eis
1848 2436 1874 2484 ?
1894 2427 2045 2483 cade

392 2516 458 2572 in
483 2529 642 2586 pace.
682 2515 783 2570 Ille
814 2516 1046 2585 timens,
1085 2514 1356 2572 Gozeloni
1386 2514 1622 2583 clerico,
1656 2516 1752 2585 qui
1784 2515 1909 2570 viro
1942 2515 2041 2569 Dei

395 2605 542 2659 satis
594 2604 895 2660 familiaris
945 2604 1163 2671 extitit,
1215 2619 1316 2674 per
1346 2604 1607 2660 ordinem
1652 2604 1871 2673 pandit,
1908 2604 2041 2673 quia

395 2691 642 2747 domnus
676 2691 919 2760 Symeon
953 2691 1120 2746 valde
1153 2691 1549 2746 inlirmaretur
1581 2706 1687 2747 nec
1729 2691 1839 2747 sibi
1891 2692 2044 2747 sicut

393 2778 604 2835 solitus
652 2784 778 2834 erat
828 2779 1189 2849 loqueretur.
1229 2778 1491 2834 Clericus
1542 2779 1595 2833 in
1650 2779 1848 2848 quinta
1900 2780 2039 2835 feria

395 2866 555 2922 illum
587 2867 808 2923 visitat.
847 2867 1117 2923 I-‘amulus
1146 2867 1244 2922 Dei
1281 2866 1500 2923 nullum
1547 2882 1893 2939 responsum
1944 2868 2043 2924 dat

396 2955 499 3012 sed
534 2961 721 3011 tamen
756 2955 826 3010 de
860 2970 1028 3011 manu
1062 2956 1190 3025 ejus
1218 2961 1416 3026 potum
1460 2956 1702 3027 suscipit
1756 2971 1932 3027 seque
1982 2956 2038 3011 in

396 3044 608 3101 lectum
642 3060 810 3101 suum
844 3045 1158 3115 recolligit.
1196 3046 1255 3100 In
1289 3045 1379 3100 die
1410 3049 1611 3101 octava
1649 3045 1782 3100 dum
1837 3046 2039 3101 revisit
2075 3076 2122 3139 Ο

394 3133 556 3190 illum
586 3133 754 3190 valde
787 3133 1067 3204 diluculo,
1100 3134 1156 3188 in
1186 3134 1467 3189 extremis
1521 3133 1737 3204 reperit
1789 3134 2041 3203 mihique

395 3227 593 3278 notum
631 3222 786 3279 facit.
824 3223 1099 3279 Concitus
1133 3222 1384 3278 cucurri.
1427 3222 1691 3278 Infirmus
1742 3226 1868 3278 toto
1916 3238 2043 3279 cor-

396 3325 534 3381 pore
566 3315 625 3366 et
656 3310 900 3366 maxime
933 3310 1146 3365 debilis
1178 3310 1386 3380 pedum
1442 3309 1843 3379 invalitudine,
1875 3311 2041 3380 quasi

395 3412 568 3455 sanus
601 3398 834 3454 ascendi
871 3398 993 3453 sine
1029 3397 1250 3452 dolore.
1286 3398 1496 3469 Reperi
1530 3396 1718 3453 adhuc
1754 3398 2042 3454 viventem

392 3491 449 3541 et
477 3487 591 3557 jam
627 3487 891 3543 ultimum
920 3486 1194 3556 spiritum
1218 3485 1565 3541 trahentem.
1592 3486 1882 3556 Exequias
1915 3502 2042 3556 quae

394 3590 498 3645 pro
534 3575 905 3631 absolutione
937 3574 1141 3630 anima:
1175 3573 1537 3630 debebantur
1566 3590 1695 3631 cum
1730 3574 1870 3631 solis
1904 3577 2045 3632 duo-

396 3662 505 3718 bus
539 3663 837 3731 fratribus,
865 3661 1136 3717 Auselmo
1166 3662 1391 3718 scilicet
1422 3667 1477 3717 et
1503 3664 1780 3733 Roberto,
1810 3664 1904 3734 qui
1931 3679 2047 3720 me-

395 3764 525 3805 cum
557 3750 932 3818 advenerant,
969 3755 1139 3820 prout
1178 3750 1475 3821 potuimus
1498 3751 1898 3823 expendimus.
1928 3752 2043 3809 Sic-

394 3852 505 3906 que
555 3852 703 3896 anno
752 3838 1053 3894 dominicae
1115 3838 1534 3896 incarnationis
1582 3844 1737 3910 1035,
1794 3840 2040 3896 animam

392 3932 671 3997 sanctam,
688 3926 829 3982 hora
848 3927 1018 3982 tertia
1045 3927 1348 3985 dominicae
1372 3928 1484 3985 diei
1509 3928 1563 3984 in
1582 3928 1850 3985 Kalendis
1865 3930 2038 4001 Junii,

398 4014 813 4084 benignissimo
828 4016 919 4072 cui
936 4016 1467 4088 semperservierat
1482 4017 1737 4072 reddidit
1758 4018 2038 4074 Creatori.

466 4121 668 4177 Subito
703 4120 765 4175 ilt
814 4136 1143 4178 concursus
1193 4122 1467 4177 omnium.
1503 4123 1781 4194 Monachi,
1818 4123 2040 4194 clerici,

390 4208 505 4265 Deo
536 4213 782 4266 sacratae
833 4209 1111 4280 virgines,
1148 4208 1358 4278 vulgus
1405 4211 1720 4281 promiscui
1765 4227 1938 4268 sexus
1983 4217 2041 4268 et

393 4298 742 4368 quicumque
773 4298 975 4354 audire
1009 4303 1278 4370 poterant
1314 4300 1381 4355 ad
1410 4300 1554 4354 tanti
1581 4300 1688 4354 viri
1714 4301 1885 4357 funus
1913 4317 2044 4372 pro-

2157 1845 2257 1885 sus
2288 1830 2341 1885 in
2374 1828 2621 1885 aediﬁcio
2651 1826 2839 1883 turris
2889 1825 3215 1897 pararetur,
3251 1820 3544 1893 quoddam
3594 1819 3800 1889 lignum

2158 1932 2188 1973 a
2218 1918 2416 1973 multis
2446 1916 2815 1982 trahebatur,
2843 1917 2897 1969 et
2927 1928 3057 1969 cum
3077 1911 3193 1981 jam
3213 1910 3270 1966 in
3295 1908 3676 1965 altitudinem
3697 1906 3802 1962 ele-

2156 2009 2412 2076 varetur,
2449 2007 2623 2077 rupto
2657 2004 2790 2060 fune
2822 2002 3000 2073 coepit
3034 1998 3390 2057 multitudini
3424 2010 3559 2068 qua
3601 2010 3801 2052 conve-

2154 2100 2320 2152 nerat
2354 2100 2411 2152 et
2447 2095 2657 2151 subtus
2690 2092 2879 2149 stabat
2928 2096 3172 2148 mortem
3218 2087 3443 2144 minari.
3492 2128 3504 2141 .
3550 2128 3567 2142 .
3615 2127 3629 2139 .
3674 2127 3687 2138 .
3734 2126 3746 2138 .
3786 2126 3797 2137 .

2225 2202 2329 2259 Hic
2360 2215 2589 2272 quoque
2613 2198 2706 2232 ³⁸⁸⁸
2730 2195 3006 2255 miracula
3031 2196 3172 2252 libet
3197 2196 3455 2251 inserere
3480 2205 3614 2264 quae
3638 2190 3799 2247 iidem

2155 2291 2261 2363 ipsi
2300 2290 2397 2361 qui
2430 2288 2616 2346 sanati
2652 2290 2786 2344 sunt
2819 2287 3215 2343 testificantur
3243 2283 3297 2339 in
3329 2282 3455 2353 ejus
3479 2281 3602 2337 vita
3627 2278 3802 2338 contio

2152 2381 2331 2451 gisse.
2388 2379 2525 2435 Cum
2578 2392 2681 2450 per
2724 2375 2958 2447 longum
3006 2380 3234 2445 tempus
3284 2371 3548 2443 quaedem
3602 2369 3797 2427 femina

2156 2467 2383 2525 Caecilia
2419 2467 2593 2524 dicta.
2637 2507 2649 2521 .
2697 2507 2711 2522 .
2756 2507 2767 2520 .
2815 2507 2826 2519 .
2864 2465 3091 2521 Dictum
3123 2466 3211 2519 est
3250 2476 3279 2517 a
3333 2460 3586 2531 quodam
3637 2459 3803 2514 Goze-

2153 2555 2285 2612 lone
2333 2555 2569 2612 clerico.
2617 2597 2628 2609 .
2677 2596 2689 2610 .
2738 2596 2750 2607 .
2796 2595 2808 2608 .
2856 2595 2868 2608 .
2915 2595 2927 2607 .
2965 2550 3206 2619 Quidam
3253 2548 3537 2622 puerulus
3579 2546 3801 2603 nomine

2155 2645 2479 2701 Bezeiinus.
2528 2685 2541 2699 .
2588 2686 2599 2699 .
2648 2685 2660 2697 .
2707 2686 2719 2699 .
2766 2684 2778 2698 .
2822 2683 2835 2697 .
2876 2641 3148 2708 Quaedam
3184 2638 3391 2695 mulier
3424 2637 3495 2693 de
3537 2634 3799 2692 Mettensi

2151 2748 2301 2806 pago
2325 2732 2652 2805 progenita.
2701 2774 2712 2787 .
2760 2774 2772 2786 .
2819 2772 2830 2784 .
2879 2772 2889 2785 .
2939 2772 2951 2785 .
2996 2771 3007 2783 .
3058 2772 3070 2783 .
3118 2770 3130 2782 .
3178 2768 3190 2783 .
3229 2726 3415 2783 Alius.
3452 2766 3464 2779 .
3501 2723 3801 2796 cujusdam

2153 2821 2427 2879 Adeiardi
2460 2820 2788 2893 presbyteri
2826 2817 3122 2890 puerulus.
3172 2858 3183 2870 .
3230 2856 3243 2871 .
3291 2856 3304 2869 .
3349 2856 3361 2869 .

2224 2930 2285 2983 In
2320 2927 2432 2983 alia
2460 2926 2753 2983 Dominica
2787 2925 2880 2981 die
2910 2923 3172 2995 quadam
3195 2918 3403 2978 mulier
3423 2918 3495 2977 de
3519 2916 3669 2975 villa
3699 2917 3802 2975 fra-

2153 3022 2306 3073 trum
2352 3031 2480 3086 quae
2526 3018 2773 3072 vocatur
2843 3011 3239 3069 Mandiricium
3290 3011 3557 3080 (537}.....
3607 3006 3803 3064 subito

2154 3110 2429 3177 parentes
2448 3103 2608 3161 illius
2633 3102 2898 3159 mulieris
2918 3106 2978 3158 et
3003 3099 3418 3157 ministeriales
3444 3097 3517 3154 de
3539 3095 3687 3153 villa
3710 3094 3804 3153 ad-

2152 3194 2507 3250 veniunt.....
2561 3191 2803 3258 Quidam
2862 3190 3251 3247 Adalmannus
3298 3186 3612 3259 presbyter
3661 3184 3807 3241 civis

2152 3280 2529 3337 Treverensis
2552 3279 2665 3334 iter
2692 3278 3021 3335 faciens.....
3040 3276 3313 3344 Quaedam
3337 3274 3548 3332 mulier
3562 3272 3637 3329 de
3656 3285 3797 3345 pago

2151 3368 2609 3425 Treverensi.....
2643 3367 2886 3434 Quidam
2919 3380 3125 3423 servus
3156 3363 3398 3436 palatini
3432 3361 3674 3418 comitis
3714 3360 3805 3416 ba-

2155 3457 2279 3513 buit
2307 3455 2688 3512 ancillam.....
2718 3455 2961 3529 Quidam
2985 3454 3150 3511 miles
3173 3453 3402 3509 nomine
3427 3452 3810 3508 Bertramnus

2154 3545 2440 3616 quandam
2474 3545 2529 3599 in
2563 3545 2807 3601 servitio
2840 3544 3042 3599 habuit
3072 3540 3341 3600 ancillam

2227 3635 2284 3688 In
2318 3632 2593 3689 Kalendis
2623 3632 3050 3688 Novembribus
3079 3645 3209 3688 cum
3243 3627 3566 3701 placuisset
3602 3625 3812 3683 domno

2154 3721 2426 3792 episcopo
2455 3720 2511 3776 in
2543 3720 2793 3777 aedificio
2829 3720 3033 3789 turris,
3071 3720 3166 3776 ubi
3199 3732 3416 3790 corpus
3446 3715 3558 3771 viri
3594 3714 3697 3771 Dei
3731 3728 3813 3770 se-

2155 3808 2379 3881 pultum
2411 3814 2562 3879 erat,
2599 3824 2773 3865 unum
2806 3808 2992 3864 altare
3026 3808 3081 3863 in
3113 3807 3331 3863 honore
3380 3805 3642 3862 omnium
3691 3817 3815 3860 san-

2154 3904 2381 3953 ctorum
2413 3912 2782 3967 consecrare,
2809 3896 3030 3953 multus
3060 3896 3315 3965 undique
3343 3891 3599 3965 populus
3626 3890 3813 3962 coepit

2155 3986 2466 4041 conlluere.
2503 3987 2645 4042 Dum
2676 4000 2816 4055 ergo
2844 3985 2904 4040 ﬁt
2936 3989 3256 4057 apparatus
3280 3986 3339 4038 et
3386 3982 3635 4037 domnus
3669 3992 3809 4050 prai-

2155 4072 2249 4129 sul
2273 4076 2735 4145 expectatur.....

2227 4187 2467 4255 Quidam
2501 4188 2756 4246 rusticus
2785 4186 3130 4244 Godefridus
3168 4184 3518 4242 nomine.....

2227 4304 2301 4359 Ea
2338 4308 2690 4376 tempestate
2711 4319 2841 4360 cum
2868 4303 3233 4359 Trevirorum
3258 4301 3467 4357 civitas
3489 4299 3671 4356 tantis
3692 4296 3805 4370 pol-

395 4386 699 4486 perabant.
738 4387 872 4442 Ideo
904 4388 1054 4443 sicut
1089 4387 1214 4458 ipse
1254 4387 1624 4458 disposuerat
1674 4388 1847 4444 immo
1896 4404 2042 4459 prze-
2079 4428 2124 4486 υ
2156 4390 2304 4447 leret
2338 4391 2748 4450 miraculis.....
2786 4393 2955 4446 Forte
2986 4396 3115 4446 erat
3145 4389 3294 4462 apud
3322 4403 3427 4445 nos
3449 4387 3520 4444 de
3546 4387 3806 4443 Aleman-

392 4471 643 4542 dixerat,
661 4475 1073 4545 corpusculum
1099 4489 1256 4530 more
1281 4489 1401 4531 suze
1423 4476 1627 4545 patriae
1643 4477 2040 4547 componimus

393 4563 450 4613 et
487 4574 614 4616 cum
649 4560 887 4632 psalmis
916 4567 972 4617 et
1008 4561 1279 4619 laudibus
1312 4563 1411 4619 Dei
1444 4563 1500 4617 in
1542 4563 1816 4633 sepulcro
1864 4565 2042 4622 collo-

1299 4744 1449 4830 EX

2158 4481 2249 4535 nia
2282 4482 2617 4551 monachus,
2654 4496 2764 4537 non
2796 4480 3169 4536 mediocriter
3202 4476 3545 4534 liberalibus
3578 4474 3809 4529 institu-

2160 4574 2255 4623 tus
2287 4567 2731 4639 disciplinis.....

1559 4745 1819 4832 VITA
1938 4748 2324 4836 SANCTI
2434 4750 2870 4838 AGBITII

464 4886 641 4964 Haec
668 4887 864 4945 sancti
893 4887 1129 4964 Agritii
1164 4887 1373 4957 Vitam,
1404 4900 1534 4958 quae
1561 4888 1719 4964 inter
1744 4889 2005 4964 pretiosa
2038 4890 2304 4964 historia
2340 4892 2705 4951 Trecerensis
2733 4894 3109 4950 monumenta
3136 4892 3361 4964 referri
3388 4892 3573 4960 debet,
3612 4893 3804 4949 medio

395 4959 686 5040 δικαίᾳ-χι
708 4959 1247 5040 essecompositagn,
1271 4972 1456 5040 supra
1477 4960 1738 5038 egeposui.
1760 4960 2068 5040 ‘Plgeraqae
2090 4977 2221 5033 quae
2242 4963 2340 5040 hic
2355 4967 2691 5040 war-matur
2712 4965 2793 5040 ad
2813 4964 3171 5040 aetiqaiora
3189 4959 3459 5040 impera
3473 4964 3801 5040 perﬂant,

397 5043 471 5085 ea:
496 5030 801 5106 quibasea
819 5030 887 5106 iii
904 5028 1064 5087 notis
1084 5030 1259 5101 infra
1275 5028 1523 5085 ezebibai
1543 5042 1675 5106 aure
1694 5028 2115 5106 adﬂato—ram-
2124 5034 2536 5106 narrationem
2554 5028 3209 5106 illustrandmiifacere
3222 5028 3599 5092 videbantur.
3629 5028 3807 5106 Nam

396 5114 581 5177 aitagit
611 5101 831 5177 addant
864 5100 1071 5177 (gerem,
1102 5100 1217 5177 quo
1241 5114 1338 5157 res
1366 5102 1586 5177 narrat
1605 5101 1885 5177 aeacida}
1916 5103 2023 5177 cei
2039 5119 2097 5158 χι
2126 5104 2365 5161 ineunte
2397 5108 2601 5177 gestas
2655 5106 2973 5164 editionem
2994 5100 3231 5163 secutus
3256 5117 3439 5176 quam
3486 5119 3561 5161 ea:
3607 5105 3804 5162 codice

394 5172 463 5228 ις.
496 5171 828 5228 Maximini
857 5170 1193 5228 Bollandas
1224 5170 1462 5227 curavit
1490 5172 1640 5240 (Act.
1678 5171 1769 5225 SS.
1801 5172 1943 5229 Jan.
1980 5175 2117 5245 1,19.
2153 5178 2305 5242 773).

1747 5269 1984 5327 VARle
2035 5272 2443 5329 LECTIONES.

1988 5413 2191 5469 NOTE

500 5547 624 5620 537)
652 5550 924 5606 Fortasse
956 5547 1282 5619 Manderen,
1316 5550 1348 5605 4
1381 5547 1578 5607 leucas
1607 5549 1679 5606 ab
1711 5553 1853 5611 urbe
1881 5568 2089 5613 versus
2121 5553 2553 5612 euro-africum.
2590 5555 2906 5612 Heuscneu.

466 5334 559 5369 ³⁸⁸⁸
588 5337 712 5405 Quo
740 5338 827 5395 ed.

473 5476 621 5617 $536)
655 5478 695 5532 I.
728 5492 779 5534 θ.
814 5477 940 5534 Maii
970 5482 1057 5534 25.

500 5550 624 5617 537)
652 5550 924 5606 Fortasse
956 5549 1057 5604 Mai
