3958 6046
155 188 327 256 1249

871 186 1141 251 GESTA
1173 170 1529 251 TREVER.
1555 219 1635 231 —
1664 178 2020 246 APPEND.
2057 177 2182 245 Ex
2201 181 2395 247 VITA
2427 182 2493 244 s.
2527 182 2833 246 AGRITII

3419 172 3573 248 i250

235 347 511 402 Ceterum
531 342 687 414 quod
710 341 856 399 alias
876 353 1106 412 quoque
1124 339 1347 395 Domini
1372 337 1670 409 reliquias,
1703 352 1816 394 non
1848 321 1903 378 Α
1935 336 2167 393 minime
2198 352 2373 394 verus
2406 350 2436 392 a
2476 337 2617 395 falso
2651 353 2752 410 per
2798 338 3053 409 aliquam
3106 339 3305 395 ambos
3359 339 3590 397 intuen.

156 435 360 491 minus
384 447 552 504 quam
578 431 805 488 clavum
828 431 1018 503 ipsum
1039 427 1417 499 venerandas,
1453 431 1735 499 portaret,
1760 432 1820 483 et

156 523 538 596 privilegium
560 520 905 592 praedictum
932 523 1189 575 testatur
1215 517 1383 590 (558),
1406 521 1464 573 et
1488 517 1736 573 ecclesia
1763 517 1817 572 in

160 613 321 668 urbe
347 609 651 667 Treverica
685 608 740 664 in
772 608 991 664 honore
1015 607 1299 679 principis
1328 605 1724 677 apostolorum
1749 605 1821 660 ab

158 700 298 771 ipso
320 698 589 755 dedicata
614 712 720 769 pro
747 696 894 768 ipsis
918 697 976 750 in
1002 695 1094 752 sui
1117 694 1378 751 thesauri
1400 692 1820 765 gazophylacio

160 788 424 847 servatis
457 787 513 842 in
563 785 801 843 Domino
846 784 1153 855 gloriatur.
1211 784 1433 849 Quibus
1481 796 1650 853 quam
1701 790 1823 838 stu-

161 878 358 950 penda
385 875 734 934 reverentiae
766 874 1105 943 magnitudo
1139 874 1442 942 debeatur,
1468 875 1740 943 patenter
1759 874 1821 925 ut

158 966 398 1022 aestimo
429 964 789 1033 declaratur,
822 962 874 1018 si
916 976 1090 1018 unum
1122 961 1278 1032 quod
1319 976 1438 1016 suae
1490 960 1822 1016 sanctitatis

160 1052 463 1111 dederunt
488 1052 764 1109 indicium
804 1051 875 1107 ad
905 1050 1241 1107 memoriam
1266 1053 1594 1106 revocetur.
1630 1048 1824 1104 Veris-

158 1142 310 1199 sima
361 1155 609 1212 namque
660 1140 942 1212 majorum
977 1138 1259 1195 relatione
1304 1138 1631 1208 didicimus,
1682 1137 1819 1208 quid

160 1230 406 1301 quidam
451 1229 767 1299 religiosus
828 1227 1094 1298 multum,
1156 1227 1418 1297 ejusdem
1477 1226 1822 1298 metropolis

164 1320 507 1391 episcopus,
532 1317 667 1374 dum
701 1317 965 1373 diversas
989 1316 1282 1373 hominum
1305 1317 1726 1373 aestimationes
1750 1317 1821 1371 de

162 1407 304 1466 istis
336 1408 561 1464 Domini
591 1406 859 1476 reliquiis
879 1406 1129 1477 audiret,
1154 1406 1488 1462 dicentibus
1520 1406 1650 1461 aliis
1670 1406 1821 1461 tuni-

162 1512 297 1554 cam
319 1495 545 1552 Domini
580 1509 713 1551 esse
753 1494 1182 1563 inconsutilem,
1219 1493 1350 1551 aliis
1378 1500 1565 1551 autem
1606 1509 1821 1565 purpu-

162 1598 329 1642 ream
359 1588 585 1641 vestem
618 1597 731 1655 qua
760 1587 889 1638 erat
934 1587 1198 1654 tempore
1229 1581 1517 1653 passionis
1556 1580 1814 1650 indutus,

1933 427 2075 482 tium
2118 426 2474 496 diligentiam
2525 427 2716 483 valeat
2747 427 3028 499 separari.
3063 429 3224 483 Hunc
3271 443 3410 498 ergo
3438 429 3576 486 dum

1931 515 2122 586 pretio
2138 515 2351 571 ductus
2374 520 2574 571 custos
2597 515 2666 571 de
2691 532 2860 572 manu
2881 516 3145 588 episcopi
3172 517 3576 586 praenominati

1931 604 2312 674 suscepisset,
2372 604 2622 674 dumque
2678 610 3071 675 opportunum
3131 605 3377 660 nefando
3421 607 3576 661 furto

1931 697 2164 763 tempus
2202 706 2264 747 se
2300 692 2592 747 invenisse
2635 696 2889 763 putaret,
2922 693 3312 749 machinatum
3344 693 3442 749 diu
3485 693 3580 749 do-

1931 781 2047 836 lum
2072 779 2301 836 tandem
2336 781 2616 852 perficere
2648 781 2861 837 frustra
2894 786 3158 837 conatur.
3201 782 3576 854 Transposito

1930 883 2178 939 namque
2211 868 2318 925 hoc
2352 869 2682 925 adulterino
2716 869 2880 925 clavo
2909 869 2967 924 in
2991 870 3579 927 venerabilissimido-

1930 957 2126 1014 minici
2178 957 2326 1014 clavi
2387 957 2619 1027 sacello,
2672 958 2861 1029 ipsum
2894 958 3213 1029 pretiosum
3247 962 3461 1015 nostrae
3493 973 3580 1015 re-

1930 1044 2286 1116 demptionis
2320 1050 2731 1102 testamentum
2759 1046 2813 1100 in
2844 1045 3163 1116 syndonem
3198 1045 3465 1102 mundam
3495 1045 3578 1101 di-

1930 1132 2181 1203 ligenter
2210 1135 2505 1190 convolvit
2525 1152 2539 1202 ;
2559 1150 2671 1206 quo
2705 1134 2759 1189 in
2792 1135 2924 1190 sinu
2947 1149 3052 1190 suo
3086 1134 3392 1203 collocato,
3416 1133 3575 1191 adire

1931 1228 2099 1293 parat
2137 1222 2429 1279 dominum
2453 1239 2620 1279 suum
2643 1223 2792 1280 calle
2812 1224 3014 1280 citato.
3051 1222 3161 1279 Sed
3187 1229 3249 1278 ut
3272 1227 3473 1293 aperte
3495 1223 3579 1280 in-

1935 1312 2115 1381 telligi
2151 1313 2410 1383 daretur,
2437 1329 2605 1383 quam
2624 1314 2862 1385 speciali
2896 1314 3111 1369 amoris
3130 1313 3432 1384 privilegio
3452 1315 3584 1370 Tre-

1930 1401 2181 1457 vericam
2206 1402 2513 1458 ecclesiam
2541 1418 2643 1472 per
2669 1404 2897 1458 beatum
2924 1402 3215 1471 Agricium
3239 1404 3575 1472 sponsatam

1933 1489 2162 1546 Christo
2186 1489 2661 1560 amplecteretur,
2685 1489 3024 1546 miraculum
3047 1504 3104 1545 in
3129 1489 3332 1559 primis
3356 1488 3576 1545 Domini

1933 1577 2232 1635 miraculis
2265 1582 2459 1633 mento
2494 1578 2791 1634 ferendum
2828 1592 2893 1633 ac
2925 1578 3032 1634 toti
3081 1578 3293 1633 mundo
3346 1580 3579 1648 stupen-

162 1673 516 1745 quibusdam
539 1686 680 1729 vero
705 1672 1049 1744 putantibus
1072 1670 1209 1728 illud
1257 1671 1465 1742 pignus
1489 1670 1703 1726 amoris
1727 1684 1819 1725 ca-
1848 1672 1905 1732 B
1933 1665 2066 1721 dum
2098 1666 2149 1720 in
2185 1666 2311 1737 ipso
2343 1664 2762 1735 redemptionis
2822 1672 3039 1721 nostra}
3071 1665 3237 1720 clavo
3269 1680 3298 1720 a
3341 1665 3576 1720 Domine

162 1761 320 1833 ligas
344 1775 476 1818 esse
506 1760 704 1819 mundi
728 1759 1071 1827 Salvatoris,
1122 1759 1255 1816 dum
1297 1760 1402 1815 has
1445 1759 1674 1830 inquam
1699 1759 1820 1830 Opi-

160 1850 375 1908 niones
404 1849 670 1908 veritatis
692 1849 1087 1921 exquisitione
1109 1848 1424 1919 plurimum
1457 1847 1819 1904 desideraret

163 1938 534 1995 dissolvere:
580 1937 1007 1994 communicato
1052 1938 1171 1992 tam
1205 1936 1406 2008 populi
1457 1950 1626 2006 quam
1675 1934 1816 1991 cleri

163 2040 275 2082 nec
308 2040 422 2083 non
445 2025 670 2083 ordinis
701 2025 1023 2082 monachici
1056 2024 1320 2095 consilio,
1350 2022 1686 2080 triduanum
1716 2037 1819 2094 per

165 2119 352 2170 totam
382 2115 682 2171 civitatem
708 2114 918 2171 indixit
936 2114 1239 2185 jejunium,
1267 2127 1478 2183 rogans
1498 2126 1698 2169 omnes
1718 2113 1820 2168 hu-

164 2201 409 2273 militer,
431 2207 720 2274 quatenus
744 2217 774 2258 a
798 2204 914 2259 Deo
936 2206 1206 2274 peterent
1230 2201 1601 2270 unanimiter,
1627 2204 1689 2256 ut
1716 2216 1818 2271 pcr

164 2304 332 2349 suam
368 2305 566 2362 pacem
594 2294 653 2347 et
677 2288 971 2346 licentiam
995 2289 1169 2345 alicui
1195 2304 1265 2345 ex
1289 2290 1432 2360 ipsis
1457 2289 1601 2344 tanti
1626 2302 1820 2345 sacra-

164 2380 347 2436 menti
368 2379 719 2437 concederet
733 2378 1100 2436 intuentiam.
1122 2379 1367 2433 Peracto
1384 2378 1565 2447 igitur
1575 2377 1815 2448 jejunio,

165 2466 367 2527 clerus
388 2473 447 2526 et
471 2468 724 2540 pepulus
742 2472 1139 2525 convocantur
1163 2466 1219 2522 in
1253 2465 1484 2521 domum
1507 2465 1695 2521 sancti
1720 2467 1820 2521 Pe-

167 2558 268 2628 tri,
303 2572 432 2629 quae
461 2557 633 2627 hujus
669 2561 761 2613 est
788 2556 1197 2613 conservatrix
1220 2554 1505 2624 thesauri,
1548 2554 1645 2611 ubi
1670 2568 1819 2611 unus

165 2645 240 2702 de
269 2649 399 2703 tota
422 2645 797 2703 multitudine
820 2645 1115 2717 precipuae
1139 2643 1441 2713 religionis
1472 2647 1533 2698 et
1561 2644 1841 2713 devotio:

165 2733 258 2791 nis
292 2735 607 2790 monachus
640 2732 886 2802 electus,
923 2732 1217 2789 occultum
1248 2732 1469 2787 Domini
1497 2732 1731 2788 visurus
1760 2735 1817 2789 et

164 2822 410 2893 prasuli
431 2822 932 2890 manifestatnrus,
958 2820 1222 2877 aréamin
1246 2835 1416 2892 quam
1441 2820 1820 2891 beatusAgri-

166 2911 295 2968 eius
316 2910 468 2967 hunc
491 2914 839 2982 reposuerat
862 2910 1199 2967 thesaurum
1223 2910 1527 2966 reseravit.
1555 2910 1663 2965 Sed
1688 2923 1819 2965 mox

168 3002 235 3055 ut
257 2998 619 3069 opertorium
644 2998 1117 3069 iutrospecturus
1140 2998 1375 3065 levavit,
1400 2997 1694 3054 occultum
1717 2996 1816 3052 Dei
1847 3024 1901 3084 D
1929 2999 2101 3069 hujus
2130 2999 2429 3068 sanguinis
2484 2999 2884 3055 sacratissimo
2927 2998 3110 3069 clavo,
3150 3013 3273 3055 una
3300 3013 3413 3055 vox
3461 3013 3580 3055 om-
3674 2990 3680 2995 ’

164 3084 465 3157 judicium,
500 3090 706 3143 contra
729 3086 881 3157 quod
909 3087 1125 3143 nullum
1158 3089 1249 3142 est
1280 3085 1606 3155 consilium,
1632 3086 1817 3143 visum

170 3174 223 3230 ei
259 3173 474 3231 clausit
504 3174 832 3231 oculorum.
858 3175 1020 3231 Unde
1044 3176 1259 3232 factum
1289 3175 1376 3231 esi
1408 3177 1466 3231 ut
1499 3188 1698 3231 omnes
1721 3175 1817 3246 qui

172 3262 571 3336 prudentioris
602 3262 830 3320 consilii
877 3268 937 3319 et
968 3265 1214 3320 acrioris
1251 3263 1403 3334 apud
1453 3263 1616 3333 ipsos
1652 3266 1818 3319 erant

170 3351 387 3423 ingenii
423 3365 527 3423 per
550 3351 846 3409 inductam
880 3358 1045 3409 tanto
1075 3353 1202 3409 viro
1248 3350 1573 3409 carcitatem
1605 3351 1661 3408 in
1712 3351 1821 3408 hoc

169 3440 270 3497 Dei
319 3439 649 3512 jndicarent
711 3455 844 3498 esse
874 3440 1253 3510 voluntatem,
1303 3445 1367 3497 ut
1397 3454 1706 3513 numquam
1750 3440 1821 3497 ad

170 3528 280 3587 hoc
353 3529 748 3586 contuendum
816 3535 1093 3601 peccator
1162 3529 1597 3599 admitteretur,
1655 3529 1824 3599 cujus

172 3620 448 3689 aspectus
477 3619 758 3688 necjusto
789 3618 1231 3675 concederetur.
1268 3619 1401 3673 Post
1433 3616 1593 3673 illius
1623 3617 1822 3687 itaque

172 3705 331 3763 horae
388 3707 797 3764 transitionem
844 3720 1014 3762 nemo
1043 3705 1418 3776 attemptavit
1467 3705 1640 3776 hujus
1671 3719 1822 3762 arcas

176 3792 553 3867 apertionem.
601 3836 614 3850 .
643 3837 656 3850 .
692 3835 705 3850 .
746 3836 758 3849 .

242 3919 426 3976 Unum
456 3923 646 3975 tamen
676 3917 831 3990 quod
861 3916 1022 3975 dedit
1046 3917 1196 3973 idem
1228 3916 1430 3975 clavus
1450 3917 1671 3974 Domini
1700 3932 1823 3976 suae

177 4006 569 4078 pretiositatis
612 4005 836 4076 insigne
890 4004 1125 4062 silentio
1173 4004 1446 4062 nolumus
1496 4006 1818 4078 praeterire.

175 4094 310 4151 Nam
341 4107 471 4151 cum
495 4093 677 4149 frater
709 4093 1079 4165 imperatoris
1111 4094 1387 4150 Ottonisi
1421 4128 1484 4136 —
1517 4098 1639 4151 tres
1670 4096 1822 4152 enim

178 4182 406 4238 fuerunt
440 4211 503 4222 —
534 4182 725 4238 Bruno
783 4186 1050 4253 vocatus,
1110 4180 1382 4240 meliores
1438 4182 1822 4253 Lotharingim

176 4270 567 4343 episcopatus,
625 4271 1039 4328 Treverensem
1082 4268 1228 4342 (539)
1261 4270 1486 4328 scilicet
1540 4276 1600 4328 et
1658 4272 1823 4329 Colo-

1931 1753 2263 1810 exhibetur.
2302 1756 2442 1809 Dum
2473 1754 2622 1808 enim
2645 1759 2847 1809 custos
2879 1754 2976 1809 ille
3002 1752 3579 1824 perfldissimustam-

1932 1856 2102 1912 quam
2135 1843 2434 1913 transfuga
2487 1842 2827 1912 vilissimus,
2857 1842 3047 1913 pretio
3090 1841 3419 1912 iniquitatis
3447 1855 3576 1898 cor-

1930 1935 2158 2003 ruptus,
2208 1936 2373 2002 terga
2401 1930 2531 1987 fidei
2565 1930 2825 1987 dedisset
2857 1931 3101 2001 ejusque
3140 1931 3453 2002 pretiosam
3484 1945 3575 1987 ar—

1930 2026 2090 2081 rham
2124 2027 2195 2083 de
2222 2028 2443 2097 gremio
2474 2042 2704 2099 sponsas
2721 2027 3040 2083 Trevericae
3074 2030 3376 2098 asportare
3408 2039 3571 2097 para-

1930 2119 2041 2185 ret,
2076 2116 2218 2171 mira
2272 2118 2381 2171 res!
2433 2116 2670 2185 sanguis
2702 2130 2811 2171 non
2846 2114 3109 2171 modicus
3147 2116 3217 2171 de
3248 2114 3414 2172 clavo
3445 2114 3573 2185 ipso

1930 2203 1984 2258 in
2014 2204 2330 2273 syndonem
2355 2204 2651 2274 profusus,
2695 2204 2830 2259 item
2856 2203 2987 2258 inde
3018 2204 3071 2259 in
3097 2204 3283 2260 sinum
3317 2202 3575 2258 camisiaa

1928 2296 2046 2347 tam
2077 2292 2294 2349 multus
2322 2293 2594 2361 manavit,
2624 2300 2683 2347 ut
2707 2293 2894 2348 omnia
2946 2292 3103 2348 illius
3152 2291 3428 2346 mierrimi
3454 2306 3577 2362 por-

1929 2380 2126 2436 titoris
2157 2381 2245 2437 sui
2279 2381 2506 2437 viscera
2538 2394 2754 2451 pavore
2800 2380 3201 2449 frigescerent.
3249 2380 3369 2445 Qua
3409 2380 3480 2436 de
3511 2394 3574 2435 re

1930 2469 2231 2537 confusus,
2263 2474 2321 2523 ct
2361 2473 2584 2525 reatum
2615 2484 2780 2525 suum
2805 2474 2862 2524 et
2889 2469 3149 2539 episcOpi
3184 2468 3411 2540 publice
3441 2482 3576 2524 con-

1931 2557 2082 2613 fiteri
2131 2561 2393 2626 coactus,
2452 2559 2606 2614 facto
2640 2573 2772 2613 mox
2800 2556 3053 2613 omnium
3084 2561 3397 2628 conventu,
3432 2571 3577 2628 quos

1929 2645 2244 2703 diuturnus
2283 2660 2693 2718 campanarum
2734 2647 2966 2702 sonitus
3016 2646 3280 2717 tantique
3312 2646 3575 2703 miraculi

1929 2748 2129 2791 rumor
2162 2734 2437 2791 insolitus
2471 2749 2574 2790 nec
2605 2734 2843 2791 auditus
2875 2748 2905 2789 a
2940 2734 3139 2790 seculo
3170 2738 3402 2805 poterat
3447 2748 3579 2790 avo-

1929 2837 2083 2893 care,
2118 2826 2344 2879 statuto
2369 2823 2423 2877 in
2455 2820 2645 2878 medio
2668 2823 2872 2878 eodem
2896 2823 3019 2878 fure
3040 2821 3306 2891 nefando,
3332 2825 3576 2879 extenso

1929 2925 2124 2967 coram
2151 2911 2419 2966 omnibus
2433 2910 2878 2979 sanguinolente
2903 2925 3093 2981 panno
3116 2910 3359 2982 ipsoque
3382 2910 3575 2966 fusore

1929 3089 2085 3144 nium
2109 3087 2467 3144 laudantium
2483 3086 2767 3144 elevatur.
2786 3086 2923 3153 Quae
2936 3102 3065 3143 cum
3086 3086 3337 3157 repetita
3361 3087 3578 3158 saepius

1930 3176 2239 3232 iteratione
2262 3176 2359 3232 diu
2384 3177 2748 3247 multumque
2786 3175 2993 3233 fuisset
3015 3175 3402 3246 frequentata,
3427 3188 3580 3232 com-

1930 3264 2086 3320 muni
2114 3264 2368 3320 omnium
2401 3264 2498 3334 qui
2530 3263 2606 3320 ibi
2662 3263 2906 3320 aderant
2934 3262 3178 3319 consilio
3241 3262 3580 3335 prudentio-

1931 3368 2078 3423 rum,
2111 3356 2451 3424 competens
2481 3357 2599 3408 tam
2633 3353 2930 3424 praecipuo
2960 3352 3271 3421 sacrilegio
3298 3351 3577 3423 poeniten-

1933 3441 2029 3497 tiae
2079 3442 2369 3499 sententia
2421 3441 2477 3497 in
2508 3441 2670 3498 illum
2702 3441 2998 3510 miserum,
3048 3455 3119 3496 ne
3150 3440 3339 3497 dicam
3388 3444 3581 3497 custo-

1933 3531 2083 3601 dem,
2108 3532 2203 3586 est
2224 3529 2463 3586 dictata.
2488 3530 2622 3586 Dies
2673 3544 2902 3601 quoque
2926 3530 3049 3601 ipsa
3094 3529 3151 3584 in
3185 3544 3297 3601 qua
3326 3529 3450 3587 haec
3481 3529 3582 3585 mi-

1934 3619 2291 3677 serationum
2314 3619 2414 3676 Dei
2446 3619 2747 3676 nobiscum
2779 3624 2917 3676 sunt
2955 3618 3236 3676 divinitus
3261 3618 3578 3687 celebrata,

1933 3707 1989 3761 in
2020 3707 2457 3777 martyrologiis
2480 3708 2677 3764 statim
2700 3712 2792 3764 est
2814 3712 3033 3778 notata,
3066 3711 3129 3763 12
3151 3707 3429 3764 videlicet
3457 3706 3578 3764 Kal.

1929 3794 2094 3851 Julii.
2134 3795 2278 3851 Huic
2298 3799 2493 3851 autem
2515 3796 2782 3853 inaudito
2806 3796 2941 3852 licet
2973 3796 3200 3852 Domini
3235 3794 3514 3854 miraculo
3534 3796 3583 3854 si

1934 3882 2084 3954 quis,
2117 3882 2271 3952 quod
2305 3883 2476 3951 absit,
2511 3898 2710 3940 aurem
2747 3884 3121 3941 credulitatis
3175 3884 3406 3942 dubitat
3447 3899 3587 3958 prae.

1935 3970 2094 4040 bere,
2130 3974 2324 4041 potest
2359 3971 2548 4028 adhuc
2569 3976 2629 4027 et
2658 3973 2906 4030 eundem
2941 3972 3242 4044 sanguinis
3284 3976 3455 4030 notas
3494 3974 3592 4051 ha-

1934 4076 2166 4134 bentem
2198 4090 2448 4149 pannum
2479 4082 2540 4132 et
2569 4077 2817 4135 eundem
2850 4077 3246 4136 adulterinum
3271 4077 3497 4136 clavum
3530 4078 3584 4132 in

1932 4165 2104 4223 domo
2135 4166 2322 4223 sancti
2350 4166 2530 4235 Petri,
2564 4166 2612 4223 si
2646 4166 3031 4237 permittitur,
3068 4166 3293 4224 videre.

2004 4307 2152 4365 Illud
2211 4309 2386 4365 etiam
2437 4299 2775 4365 festivitatis
2806 4309 3099 4379 praecelsas
3129 4305 3480 4380 praeconium
3512 4306 3583 4364 de

179 4372 600 4469 ξξῗηῗῗτξζξὲ
617 4371 1082 4469 {fama}!ng
1096 4373 1283 4469 En???“
1851 4382 1905 4441 D
1934 4394 2040 4452 hoc
2080 4396 2382 4453 verissimo
2424 4396 2783 4453 infirmitatis
2806 4361 3047 4453 rnostra;
3084 4361 3362 4467 rermedio,
3389 4409 3582 4469 quam-

179 4460 277 4505 sua
306 4447 547 4505 haberet
572 4452 886 4521 potestate,
914 4461 1023 4505 non
1051 4448 1203 4504 bono
1227 4452 1287 4505 ut
1314 4452 1476 4520 patet
1497 4449 1710 4520 spiritu
1740 4450 1823 4506 in-

178 4535 448 4608 stinctus,
480 4538 631 4595 hunc
666 4539 853 4610 ipsum
888 4538 956 4593 de
991 4550 1105 4608 quo
1140 4536 1432 4608 loquimur
1456 4537 1678 4596 festivaa
1710 4553 1824 4595 me-

179 4624 372 4682 moriae
408 4639 473 4680 ac
529 4626 739 4683 salutis
799 4631 1014 4683 nostra)
1076 4625 1323 4697 clavum,
1384 4642 1496 4699 quo
1535 4628 1820 4700 nescitur,

178 4713 495 4770 transferre
521 4712 688 4782 clam,
731 4728 801 4770 ne
834 4715 1019 4771 dicam
1072 4716 1293 4786 furtim,
1325 4716 1578 4774 volebat.
1617 4720 1827 4774 Corru-

181 4804 276 4874 pto
330 4801 615 4872 siquidem
667 4801 835 4871 hujus
913 4802 1183 4859 dominici
1244 4805 1501 4861 thesauri
1552 4807 1822 4877 custode,

182 4888 349 4946 alium
381 4889 516 4947 huic
543 4892 662 4946 tam
691 4888 1044 4947 simillimum
1088 4892 1227 4949 fecit
1257 4894 1468 4965 parari,
1514 4899 1574 4952 ut
1608 4896 1704 4953 vix
1728 4902 1828 4953 aut

1933 4485 2023 4541 vis
2047 4500 2077 4541 a
2106 4488 2262 4541 teste
2293 4484 2653 4555 nequissimo
2681 4485 2891 4542 salutis
2920 4489 3138 4542 nostra)
3170 4486 3339 4542 hoste
3388 4498 3495 4556 per
3515 4500 3580 4541 os

1934 4571 2195 4630 mulieris
2227 4574 2299 4628 ab
2357 4571 2488 4643 ipso
2544 4587 2828 4645 possessas
2878 4574 3260 4647 suscepimus,
3293 4572 3579 4631 silendum

1933 4676 2063 4719 esse
2103 4677 2218 4717 non
2273 4667 2572 4733 putamus.
2631 4664 2765 4718 Nam
2817 4663 3025 4720 mulier
3066 4663 3328 4734 quaadam
3351 4661 3581 4718 nomine

1932 4750 2266 4818 Winiberga
2295 4749 2366 4804 de
2395 4750 2634 4807 civitate
2668 4751 2912 4809 oriunda
2945 4767 3071 4821 quae
3122 4751 3296 4819 vulgo
3344 4748 3581 4817 Regius-

1938 4838 2121 4896 burch
2147 4843 2489 4895 vocatur...
2515 4883 2526 4893 .
2552 4882 2563 4892 .

1777 5076 1983 5132 NOT/E

250 5231 512 5306 (538)7De
547 5228 876 5306 diplomate
903 5244 943 5306 _a
987 5230 1270 5289 Silvestre
1308 5247 1472 5306 papa,
1506 5238 1569 5292 ut
1603 5234 1829 5293 diceba-

188 5299 295 5372 tur,
327 5299 466 5374 dato
499 5299 793 5372 loquitur;
823 5301 946 5359 vid.
1003 5317 1200 5374 supra.

1938 5250 2118 5309 regno
2134 5237 2441 5309 praeditnm
2466 5238 2649 5296 fuisse
2664 5242 2983 5309 potestate,
3000 5238 3146 5296 satis
3160 5240 3585 5298 constat.Simi-

1937 5307 2051 5365 lem
2083 5307 2472 5366 narrationem
2523 5310 2620 5366 alii
2654 5307 2724 5367 de
2756 5307 3110 5368 Theoderico
3168 5313 3407 5370 Metensi
3465 5320 3583 5372 tra-

253 5374 391 5445 (539)
420 5372 748 5453 Brinnonem
799 5387 924 5453 non.
960 5372 1366 5453 episcopatum
1416 5375 1672 5453 quidem
1695 5379 1829 5453 Tre-
1939 5379 2123 5449 dunt;
2152 5396 2215 5437 ν.
2250 5395 2424 5453 supra
2458 5382 2622 5439 Gest.
2661 5380 2853 5438 addit.
2893 5398 2953 5438 c.
2984 5385 3042 5440 ὅ.

188 5442 480 5505 vei-ensem
500 5444 782 5539 tenuisse,
825 5442 929 5505 sed
951 5442 1184 5506 summa
1203 5445 1260 5505 in
1284 5450 1409 5506 toto
1433 5442 1829 5523 'Lotharingiae
