3952 6056
194 206 350 272 1253

818 208 1084 272 GESTA
1112 208 1467 274 TREVER.
1501 242 1578 254 --
1606 206 1942 271 APPEND
1974 206 2167 270 VITA
2196 205 2558 270 CONRADI
2588 205 2976 270 ARCHIEP.

3439 208 3588 269 1254

184 364 360 432 estis,
391 368 722 435 vestraeque
773 361 1091 418 aseribitur
1136 362 1391 429 caritati,
1446 360 1598 432 quod
1641 360 1835 416 saltim
1866 341 1922 401 Α
1951 358 2159 414 mereri
2190 358 2487 415 valeamus
2513 359 2763 428 gratiam
2792 375 2805 423 ;
2842 359 2890 414 si
2925 357 3021 413 ille
3054 358 3328 427 dignetur
3360 360 3591 431 adesse,

192 453 395 509 sedem
425 453 601 507 habet
631 451 890 521 sepulcri
926 450 982 505 in
1014 450 1359 521 episcopatu
1393 448 1486 483 ³⁸⁷⁸
1516 449 1653 504 olim
1688 464 1839 505 0001-

196 541 379 596 misso
412 540 544 596 sibi.
579 540 683 609 Egi
713 538 805 572 ³⁸⁷⁸
832 538 939 595 000
970 554 1082 594 000
1116 539 1311 609 aliquo
1345 538 1681 611 supercilio,
1735 537 1838 593 sed

191 628 429 685 abbatis
460 626 553 661 ³⁸⁸⁰
582 632 639 683 et
674 628 916 685 fratrum
937 627 1301 683 constrictus
1326 628 1604 698 imperio;
1629 626 1840 697 quibus

144 732 151 739 '
193 715 377 771 etiam
403 716 559 772 ultra
592 715 751 771 vires
785 715 1019 772 debitor
1046 731 1169 772 sum
1222 716 1279 770 in
1317 716 1583 771 omnibus
1612 729 1839 785 parere,

200 819 333 860 cum
349 818 437 859 me
454 803 681 859 noviter
697 803 1022 860 desolatum
1049 809 1109 859 et
1126 804 1477 859 destitutum
1498 818 1603 874 pro
1624 800 1839 857 Christi

200 892 430 947 nomine
459 897 517 946 et
547 896 825 962 respectu
855 890 1071 960 regulas
1106 892 1160 947 in
1190 891 1280 948 sui
1310 892 1527 961 dignati
1559 894 1695 947 sunt
1726 890 1843 946 col-

203 980 416 1048 legium
449 994 788 1049 aggregare.
822 981 1024 1050 lgitur,
1057 996 1090 1035 0
1121 985 1177 1035 ct
1203 980 1540 1051 praesidium
1569 983 1627 1034 et
1676 978 1846 1034 dulce

198 1068 382 1124 decus
417 1071 679 1123 nostrum
712 1070 874 1138 (Hon.
912 1068 1112 1125 Carm.
1147 1070 1190 1138 Ι,
1229 1075 1278 1139 1,
1329 1072 1407 1141 2,)
1437 1100 1503 1107 —
1535 1068 1631 1137 qui
1682 1072 1743 1123 et
1790 1067 1845 1123 in

196 1156 472 1225 katalogo
501 1160 720 1213 sanctae
767 1156 1150 1212 Virdunensis
1196 1156 1459 1212 ecclesiae
1510 1157 1845 1228 pontificum

199 1258 308 1314 per
341 1244 605 1314 decalogi
635 1244 1064 1301 observantiam
1097 1249 1157 1300 et
1194 1242 1545 1315 angelicam'
1567 1246 1623 1300 in
1674 1245 1847 1300 terris

200 1331 381 1387 vitam
420 1331 473 1388 in
508 1339 739 1389 aeternae
791 1333 1010 1403 quietis
1038 1338 1098 1389 et
1131 1333 1426 1388 libertatis
1460 1333 1709 1389 ﬁliorum
1751 1334 1849 1388 Dei

194 1419 420 1488 jubileo
456 1421 666 1478 divinae
690 1422 1178 1478 remunerationis
1210 1422 1508 1477 denarium
1540 1427 1596 1477 et
1647 1422 1851 1477 ultimo

200 1508 294 1563 die
329 1509 592 1565 bravium
623 1514 758 1565 octo
805 1510 1120 1580 suspiratis
1163 1509 1588 1566 beatitudinum
1621 1542 1708 1578 —,
1743 1511 1854 1565 hoc

200 1596 609 1652 munusculum
634 1597 939 1668 spirituale
956 1598 1137 1653 vestri
1155 1599 1393 1654 advenae
1418 1598 1704 1669 zequivoci
1728 1612 1858 1666 gra-

1952 447 2075 502 sine
2104 461 2216 517 quo
2248 446 2423 502 nichil
2458 462 2768 518 possumus
2797 448 3012 515 facere,
3049 460 3079 501 a
3109 461 3223 516 quo
3251 452 3344 503 est
3402 450 3589 505 omnis

1953 535 2239 607 sapientia
2271 538 2327 592 et
2360 550 2528 591 omne
2559 537 2769 591 donum
2821 537 3172 607 perfectum,
3210 536 3307 606 qui
3339 537 3593 593 disertas

1953 624 2085 679 fecit
2113 624 2338 695 linguas
2357 623 2659 678 infantium
2678 628 2734 679 et
2759 638 2889 678 eum
2911 621 3097 679 voluit
3116 622 3326 677 animal
3353 624 3587 679 brutum

1954 712 2086 768 fecit
2117 712 2468 779 facundum;
2502 711 2569 781 si,
2628 711 2878 781 inquam,
2930 711 3027 766 ille
3076 716 3342 783 apertum
3392 727 3458 767 os
3492 726 3593 767 no-

1952 805 2138 857 strum
2171 801 2444 871 dignetur
2476 800 2719 870 inplere,
2754 803 2809 855 et
2842 815 3034 866 suum,
3077 800 3174 870 qui
3228 800 3321 855 ubi
3373 799 3498 855 vult
3534 805 3592 854 et

1953 890 2181 959 quando
2195 888 2319 945 vult
2343 889 2548 960 spirat,
2576 888 2853 958 Spiritum
2870 889 3033 944 cordi
3058 894 3257 944 nostro
3274 889 3595 959 inspirare:

1955 983 2225 1049 Optamus
2250 992 2360 1032 non
2396 980 2618 1049 pigrum
2644 992 2877 1034 servum
2904 976 3049 1033 male
3081 975 3325 1032 ociando
3349 976 3586 1045 imitari,

1956 1066 2058 1123 sed
2079 1067 2279 1138 pocius
2301 1066 2723 1137 aliquantulum
2741 1081 2847 1121 nos
2869 1064 3248 1121 exercitando
3271 1079 3399 1120 eum
3427 1080 3601 1120 remu-

1958 1155 2086 1225 lari,
2122 1156 2217 1226 qui
2251 1156 2649 1227 dupplicatum
2684 1156 2738 1210 in
2770 1155 3012 1223 negocio
3048 1155 3327 1209 talentum
3371 1168 3476 1208 suo
3508 1152 3598 1185 ³⁸⁸⁸

1961 1246 2194 1301 domino
2240 1244 2441 1299 retulit
2495 1249 2553 1299 et
2600 1246 2809 1299 bonum
2854 1243 3097 1312 gradum
3166 1242 3484 1311 adquisivit
3541 1248 3595 1297 et

1963 1334 2175 1403 majora
2209 1332 2447 1403 adipisci
2484 1332 2821 1403 promeruit.
2852 1331 2931 1385 Ad
2959 1332 3065 1386 hoc
3099 1332 3274 1385 etiam
3299 1330 3604 1401 sapientis-

1965 1422 2144 1478 simus
2166 1421 2567 1486 ccclesiastes,
2587 1420 2837 1475 omnium
2858 1419 3032 1475 saluti
3056 1419 3393 1488 consulens,
3434 1421 3599 1490 quasi

1965 1509 2062 1567 uni
2083 1509 2349 1579 loquens,
2378 1509 2428 1564 in
2452 1524 2565 1564 uno
2587 1523 2785 1564 omnes
2810 1508 3326 1564 hortaturdicens:
3360 1530 3384 1557 (ι
3414 1508 3605 1574 Quod-

1967 1613 2216 1668 cumque
2250 1598 2400 1654 valet
2437 1613 2638 1653 manus
2670 1604 2770 1653 tua
2795 1611 2986 1665 agere,
3012 1597 3300 1652 instanter
3334 1612 3599 1667 operare,

200 1688 398 1740 tanter
418 1685 702 1755 suscipite
720 1703 735 1752 ;
751 1692 810 1742 et
824 1686 955 1756 quia
972 1686 1030 1741 in
1048 1686 1293 1755 mystico
1309 1687 1583 1742 rationali
1601 1687 1857 1758 pectoris
1887 1694 1937 1753 Β
1971 1688 2101 1758 quia
2119 1702 2220 1742 nec
2236 1702 2384 1757 opus
2399 1700 2505 1740 nec
2522 1685 2668 1740 ratio
2686 1700 2790 1740 nec
2804 1685 3043 1740 scientia
3060 1685 3173 1739 erit
3187 1686 3335 1755 apud
3362 1685 3600 1755 inferos,

199 1771 384 1828 vestri
418 1772 659 1829 mirifice
685 1773 868 1843 fulget
886 1774 1154 1831 doctrina
1179 1779 1233 1831 et
1260 1775 1507 1843 veritas,
1534 1774 1853 1830 secundum

200 1856 399 1915 datam
431 1860 598 1916 vobis
621 1875 650 1916 a
673 1863 791 1917 Deo
812 1862 1157 1933 sapientiam
1177 1861 1501 1933 spiritualia
1536 1861 1854 1932 spirituali-

214 1947 324 2003 bus
346 1949 735 2020 comparando
759 1949 1056 2019 discutite,
1082 1955 1140 2005 et
1164 1950 1263 2006 ubi
1290 1950 1523 2020 quantis
1546 1949 1766 2018 vigiliis
1795 1954 1850 2003 et

210 2034 425 2092 sudore
457 2036 568 2093 000
600 2038 768 2094 nobis
815 2038 1147 2095 constiterit
1180 2038 1631 2109 perpenderitis,
1663 2037 1710 2093 si
1743 2052 1853 2092 non

205 2127 296 2179 est
328 2123 780 2197 obliterandum,
816 2127 1109 2197 superflua
1143 2126 1406 2197 recidite,
1454 2126 1678 2181 hiantia
1724 2141 1856 2195 sup-

206 2211 387 2284 plete,
424 2214 611 2270 minus
644 2214 896 2271 lucentia
919 2215 1260 2284 clariﬁcate,
1288 2217 1580 2285 incompta
1604 2215 1853 2280 comite;

212 2314 281 2355 ac
322 2300 371 2356 si
424 2301 605 2371 magis
654 2303 764 2358 hoc
810 2303 1080 2359 idoneum
1121 2303 1401 2372 judicatis
1452 2302 1637 2357 tineas
1687 2316 1856 2372 quam

210 2394 438 2446 mentes
470 2405 730 2462 pascere,
765 2390 923 2447 aliud
945 2395 1124 2447 tanta;
1149 2390 1480 2446 sanctFtatis
1502 2390 1609 2446 viri
1633 2388 1722 2422 3881
1746 2403 1859 2445 me-

210 2479 343 2534 ritis
371 2479 720 2549 condignum
749 2495 898 2551 opus
949 2480 1264 2550 dignemini
1310 2481 1671 2551 procudere;
1726 2479 1858 2549 quia

211 2581 326 2623 non
360 2581 710 2638 magnopere
742 2583 919 2640 super
951 2569 1244 2640 insumpto
1276 2568 1430 2624 inani
1461 2568 1661 2624 labore
1706 2567 1861 2623 dole-

209 2670 359 2725 mus,
396 2655 445 2711 si
474 2657 582 2712 sub
614 2662 729 2712 tam
752 2657 915 2727 justo
946 2662 1004 2713 et
1036 2657 1377 2728 incorrupto
1402 2656 1595 2726 judice
1624 2671 1859 2711 causam

208 2743 527 2814 perdimus.
551 2743 598 2799 si
624 2745 882 2815 pretiosa
906 2760 1013 2816 pro
1032 2745 1267 2815 vilibus,
1286 2746 1334 2800 si
1357 2760 1465 2815 pro
1481 2744 1634 2800 cocti
1657 2743 1861 2800 lateris

216 2844 455 2886 munere
486 2831 761 2887 mundum
793 2846 996 2887 aurum
1027 2831 1365 2903 recipimus.

278 2934 483 2992 Merito
537 2937 794 2993 omnium
845 2937 1141 2993 sententia
1189 2935 1673 3007 reprehensibilis
1712 2936 1862 3005 judi-

207 3026 397 3093 catur,
433 3023 601 3093 cujus
645 3023 858 3080 inertia
915 3040 1028 3081 non
1079 3026 1348 3095 habetur,
1401 3024 1553 3094 quod
1600 3024 1859 3080 habitum
1893 3042 1942 3106 α

209 3110 417 3166 honori
450 3114 511 3166 et
536 3111 779 3166 utilitati
817 3111 1121 3184 prodesset
1157 3112 1560 3182 plurimorum.
1594 3110 1755 3167 Unde
1805 3116 1864 3166 et

213 3212 464 3268 nequam
496 3213 702 3255 servus
730 3199 829 3254 ille
877 3200 1072 3256 divino
1121 3198 1214 3233 ³⁸⁸³
1261 3199 1525 3255 examine
1577 3198 1865 3254 dominica

212 3285 403 3355 gratia
434 3286 698 3357 privatus
720 3285 832 3358 ³⁸⁸³,
870 3288 967 3357 qui
1000 3287 1284 3345 talentum
1329 3288 1440 3344 sibi
1492 3288 1864 3344 commissum

215 3372 423 3430 maluit
454 3378 612 3430 terra
642 3375 962 3447 occultare,
1008 3391 1177 3446 quam
1224 3391 1292 3432 eo
1341 3376 1411 3431 ad
1455 3375 1679 3432 lucrum
1731 3377 1867 3432 dato

218 3465 338 3517 tum
369 3463 668 3519 conservis
700 3463 998 3534 prodesse,
1034 3469 1154 3520 tum
1188 3463 1493 3520 dominicis
1523 3464 1732 3521 usibus
1778 3463 1870 3519 de.

216 3550 461 3607 servire.
518 3552 591 3607 At
638 3567 745 3608 nos
791 3568 924 3610 cum
975 3554 1294 3611 habeamus
1344 3554 1399 3609 in
1452 3557 1683 3624 promtu
1734 3553 1867 3609 inde

215 3638 504 3709 torpendo
550 3639 825 3697 similiter
873 3642 1037 3710 iram,
1108 3641 1260 3698 unde
1312 3656 1517 3697 rursus
1572 3644 1868 3712 operando

1971 1791 2083 1846 quo
2111 1779 2177 1831 tu
2210 1788 2491 1845 pr0peras
2525 1775 2646 1842 (Ec.
2682 1789 2759 1841 ix,
2810 1773 2917 1843 10).
2966 1793 2993 1825 »
3042 1771 3167 1837 Quo
3216 1787 3287 1828 00
3334 1787 3603 1842 umquam

1969 1879 2075 1920 nos
2105 1864 2406 1932 contingat
2442 1877 2778 1933 pr0perare,
2835 1861 2988 1917 beati
3032 1861 3319 1916 Cuonradi
3373 1862 3602 1931 patroni

1968 1952 2150 2009 nostri
2173 1967 2586 2008 succurramur
2607 1950 3033 2006 interventione
3058 1967 3071 2015 ;
3096 1950 3165 2003 ad
3189 1950 3355 2019 cujus
3377 1949 3604 2005 laudem

1966 2046 2023 2098 et
2058 2042 2336 2096 honorem
2368 2040 2626 2110 posteris
2670 2038 3004 2095 laboramus
3048 2038 3303 2107 mittere,
3355 2037 3609 2108 qualiter

1969 2129 2229 2200 martyrii
2255 2129 2527 2199 passione
2548 2128 2855 2183 coronavit
2877 2142 3006 2182 eum
3030 2126 3308 2181 Dominus
3328 2125 3516 2194 gloria
3540 2132 3600 2182 et

1969 2219 2224 2281 honore;
2262 2218 2357 2273 ubi
2393 2216 2577 2272 lector
2604 2216 2851 2286 cupidus
2884 2229 3165 2270 novorum
3200 2229 3313 2269 non
3349 2215 3609 2284 requirat

1946 2307 2184 2383 faleras
2214 2308 2547 2374 verborum,
2584 2305 2714 2374 quia
2750 2303 2971 2372 vulgari
3005 2308 3059 2357 et
3103 2307 3307 2374 aperto
3348 2317 3609 2359 sermone

1970 2409 2042 2451 ex
2058 2394 2346 2450 industria
2362 2408 2490 2463 quae
2515 2393 2823 2448 scribimus
2845 2390 3176 2447 studuimus
3199 2389 3448 2446 reddere
3471 2390 3612 2447 luci-

1972 2484 2042 2539 da
2065 2487 2122 2539 et
2147 2486 2348 2554 aperta
2374 2500 2387 2548 ;
2414 2481 2705 2537 interdum
2739 2487 2797 2535 et
2815 2512 2877 2520 —
2894 2479 3048 2549 quod
3073 2494 3181 2535 non
3206 2480 3612 2537 erubescimus

1974 2571 2141 2626 fateri
2166 2601 2235 2609 —
2256 2569 2681 2625 interveniente
2702 2567 2990 2639 inperitia,
3017 2567 3420 2623 consimilibus
3444 2567 3614 2623 nobis

1972 2658 2173 2714 idiotis
2186 2658 2605 2715 condescendit
2624 2655 2883 2712 latinitas
2902 2655 3117 2710 inculta
3136 2660 3194 2710 ct
3221 2655 3480 2726 inpolita.
3502 2657 3609 2711 Sed

1974 2746 2043 2802 de
2072 2747 2322 2802 nominis
2355 2747 2481 2816 ejus
2515 2745 2798 2801 varietate
2823 2744 3009 2814 primo
3034 2759 3357 2813 congruum
3380 2743 3613 2800 videtur

1974 2835 2174 2891 multis
2195 2834 2618 2890 dissidentibus
2633 2832 2997 2903 satisfacere,
3024 2833 3071 2887 si
3097 2847 3210 2887 non
3228 2836 3284 2887 et
3309 2832 3418 2903 ipsi
3455 2838 3617 2888 tene-

1975 2938 2170 2979 remur
2208 2922 2410 2979 eadem
2459 2921 2720 2992 scrupuli
2754 2920 3056 2976 dubietate
3090 2920 3257 2991 (5:51).
3308 2919 3415 2975 Alii
3463 2921 3613 2975 enim

1973 3027 2102 3068 eum
2137 3010 2543 3067 Cuonrandum
2577 3009 2894 3079 nominant,
2944 3008 3061 3076 alii,
3088 3012 3143 3063 et
3193 3009 3485 3078 pracipue
3518 3008 3606 3063 sui

1977 3096 2245 3167 patriotte
2268 3100 2327 3150 et
2350 3093 2788 3163 consanguinei,
2816 3094 3144 3148 Cuonouem
3169 3092 3486 3163 appellant,
3511 3092 3608 3147 alii

1979 3185 2284 3254 utriusque
2308 3183 2555 3239 nominis
2577 3181 2743 3252 quasi
2762 3181 3073 3236 binomium
3092 3181 3271 3237 fuisse
3287 3185 3612 3237 autumant.

1976 3273 2089 3328 Nos
2110 3285 2249 3327 vero
2274 3271 2636 3327 diversorum
2659 3267 2916 3339 opinioni
2938 3267 3217 3323 cedentes
3240 3268 3456 3338 Deique
3472 3266 3614 3324 illud

1977 3360 2208 3415 noticize
2232 3359 2652 3429 relinquentes,
2673 3357 2806 3413 dum
2830 3355 3252 3427 cujuscumque
3267 3358 3342 3412 sit
3368 3358 3619 3413 nominis

1979 3464 2090 3505 non
2118 3448 2427 3505 diffidimus
2447 3447 2731 3518 scriptum
2754 3446 2810 3500 in
2834 3444 3017 3515 cmlis,
3044 3445 3275 3500 tandem
3311 3445 3365 3500 in
3391 3446 3619 3501 nomine

1979 3537 2202 3593 Domini
2234 3535 2641 3607 aggrediamur
2673 3538 2895 3590 textum
2930 3532 3307 3588 narrationis.

1177 3778 1595 3867 INCIPIT
1679 3779 1939 3867 VITA
2026 3781 2161 3867 ET
2275 3777 2661 3866 PASSIO

286 3921 336 3976 1.
370 3920 582 3978 Beatus
611 3925 829 3993 martyr
862 3920 1205 3979 Cuonradus
1246 3920 1357 3992 ³⁸⁸⁸,
1384 3937 1458 3978 ex
1502 3921 1685 3977 nobili
1732 3937 1863 3994 pro-
1894 3926 1944 3986 D
1976 3923 2141 3993 ejusa
2162 3922 2399 3978 Domino
2423 3921 2779 3978 disceretur:
2806 3923 2932 3992 Ego
2952 3933 3245 3992 sumpdrs
3266 3918 3623 3976 hereditatis

216 4008 377 4079 sapia
409 4010 691 4067 oriundus
720 4011 940 4081 extitit,
974 4026 1048 4067 ex
1081 4011 1286 4068 Suevia
1320 4012 1536 4083 oppido
1557 4010 1649 4045 ³⁸⁸⁸
1670 4011 1865 4068 Pulin-

211 4111 282 4167 ga
314 4096 481 4168 (552),
536 4104 703 4169 patre
751 4099 958 4156 Eilolfo
1000 4098 1113 4171 ⁸⁸⁸⁷,
1169 4105 1355 4157 matre
1404 4102 1704 4157 Hazzecha
1750 4098 1860 4155 ³⁸⁸⁸.

215 4183 484 4250 Quicum
529 4192 729 4243 essent
770 4186 1091 4244 secundum
1137 4188 1319 4244 seculi
1359 4187 1701 4258 dignitatem
1752 4202 1866 4244 non

214 4272 418 4341 infimi,
471 4276 648 4332 rebus
691 4282 752 4332 et
799 4276 1025 4333 divitiis
1074 4276 1335 4349 opulenti
1382 4282 1441 4333 et
1489 4275 1867 4348 amplissimis

216 4361 456 4433 praediis
483 4362 735 4436 dilatati,
770 4364 824 4422 in
854 4366 960 4422 hoc
988 4365 1238 4422 dabatur
1270 4365 1541 4437 intelligi,
1578 4365 1732 4436 quod
1773 4365 1868 4421 hic

218 4463 418 4509 eorum
449 4452 606 4511 filius
634 4468 738 4512 vas
770 4454 1103 4513 dilectionis
1131 4452 1223 4487 “3°
1252 4458 1411 4511 esset
1447 4454 1697 4525 futurus,
1732 4454 1867 4525 quia

216 4553 328 4597 non
360 4542 431 4598 ad
461 4542 586 4613 ipsa
617 4544 941 4616 saecularia,
973 4559 1100 4616 quae
1134 4544 1270 4601 licet
1308 4542 1733 4616 temporaliter,
1784 4546 1870 4598 ta-

217 4641 346 4685 men
371 4628 573 4701 libere,
603 4637 806 4704 utpote
829 4639 1125 4690 tantorum
1152 4633 1639 4706 patrimoniorum
1670 4633 1866 4703 heres,

219 4716 303 4772 uti
338 4718 649 4788 potuisset,
685 4720 785 4776 sed
816 4720 889 4777 ad
917 4720 1315 4778 ecclesiastica
1339 4721 1532 4778 divina
1564 4719 1870 4793 praedesti-

220 4805 452 4862 natione
474 4805 790 4877 deputatus
823 4812 915 4864 est
943 4826 957 4876 ;
991 4813 1285 4880 tamquam
1333 4810 1475 4883 ipsis
1524 4809 1867 4882 parentibus

1976 4014 2106 4083 ejus
2124 4010 2314 4081 (Psal.
2332 4024 2426 4065 xv.
2443 4011 2516 4080 5).
2534 4010 2735 4078 Itaque
2749 4007 3027 4064 datur3890
3040 4013 3258 4065 sanetae
3291 4006 3619 4062 litterarum

1978 4100 2263 4156 doctrinae
2293 4098 2476 4170 prima
2506 4100 2651 4155 atas
2678 4095 2815 4161 illa;
2851 4112 2965 4167 quo
3013 4097 3146 4167 plus
3195 4094 3625 4166 crepitantibus

1978 4189 2090 4245 sub
2123 4187 2326 4244 ferulis
2357 4187 2554 4256 ﬂebat,
2588 4199 2657 4241 eo
2687 4184 2933 4256 amplius
2961 4185 3031 4241 de
3061 4186 3153 4240 die
3184 4185 3239 4239 in
3292 4183 3441 4239 diem
3502 4182 3625 4239 ibat

1979 4278 2050 4335 de
2079 4276 2297 4333 virtute
2329 4275 2385 4330 in
2410 4273 2686 4330 virtutem
2715 4271 2826 4342 ποί,
2864 4273 3103 4330 visurus
3139 4271 3484 4343 quandoque
3533 4269 3626 4304 '3”

1978 4367 2156 4421 Deum
2188 4364 2428 4419 deorum
2463 4363 2517 4417 in
2547 4362 2695 4431 Syon
2718 4360 3034 4417 caelestem.
3064 4359 3239 4430 Cujus
3259 4359 3435 4414 etiam
3475 4373 3626 4414 men-

1980 4467 2135 4511 suras
2158 4451 2457 4523 philosoﬁa
2483 4454 2669 4505 mater
2682 4464 2744 4506 se
2760 4448 3074 4521 aliquando
3090 4448 3420 4517 cohibebat,
3446 4448 3627 4505 hunc-

1980 4555 2091 4613 que
2114 4540 2240 4597 suis
2263 4538 2485 4595 laribus
2508 4539 2920 4595 obversantem
2945 4536 3039 4571 ³⁸⁹³
3059 4538 3210 4595 lacte
3241 4541 3296 4593 et
3330 4536 3623 4594 alimentis

1980 4642 2166 4700 usque
2192 4628 2265 4683 ad
2304 4626 2488 4683 virilis
2538 4626 2709 4682 animi
2759 4629 2938 4683 robur
2989 4626 3252 4683 enutrirc
3298 4626 3612 4695 gestiebat.

1980 4718 2159 4785 Quem
2190 4717 2286 4771 Dei
2318 4716 2506 4785 gratia
2535 4717 2615 4771 ita
2647 4714 2858 4771 redidit
2904 4715 3248 4786 sapientem,
3300 4719 3359 4770 ut
3410 4714 3479 4769 de
3532 4713 3622 4769 his

1982 4806 2214 4862 minime
2242 4810 2398 4861 esset
2430 4805 2499 4860 de
2532 4804 2741 4875 quibus
2774 4803 2991 4861 dicitur
3027 4824 3037 4858 :
3089 4803 3199 4861 Ubi
3245 4800 3469 4872 scriba,
3517 4801 3621 4858 ubi

1576 4906 1812 4961 ινΑοοΕ
1852 4902 2252 4960 LECTIONES.

287 4996 380 5073 ³⁸7⁸
410 5000 798 5073 epischopatu
831 5006 879 5057 1.
958 5002 1051 5035 ³⁸⁷9
1080 5005 1195 5072 Ego
1226 5003 1281 5057 h.
1318 5018 1370 5057 n.
1407 5017 1537 5073 a._s.
1574 5003 1866 5073 sectabor,
1902 5001 2005 5073 sed
2034 5006 2083 5055 3.
2162 4997 2257 5031 ³⁸⁸⁰
2283 5000 2424 5073 anet
2459 4997 2672 5073 desunt
2694 5001 2743 5052 3.
2807 4996 2911 5073 ﬁt?!
2944 4996 3066 5054 Ιιωο
3085 4997 3152 5073 in
3199 4996 3453 5073 3_._A_mz'rs
3499 5010 3629 5073 09r-

217 5065 785 5139 mptdsimtmaute
806 5077 1104 5130 sectantes
1124 5065 1368 5130 vestris.
1447 5070 1539 5104 ³⁸⁸¹
1562 5072 1754 5127 divine
1776 5065 2218 5129 corr.divino1.
2289 5066 2735 5169 msprivatus].
2806 5066 2898 5100 ³⁸⁸⁴
2920 5082 3070 5122 cum.
3100 5071 3148 5122 1.
3218 5065 3624 5124 1“miconradus

220 5143 252 5169 ς)
308 5143 335 5169 ο
393 5142 486 5169 ,ηις
522 5148 572 5169 nl
610 5158 757 5169 mm-
798 5143 1023 5169 -Aguq
1122 5143 1215 5169 1111110
1247 5143 1415 5169 ,πάλη
1448 5149 1466 5169 ι
1574 5141 1666 5169 888‘!
1699 5143 1913 5169 an...er
1948 5147 1981 5169 ο
2037 5141 2245 5169 “ut..er
2281 5145 2308 5169 ε)
2432 5137 2499 5169 888
2531 5138 2800 5169 ηνιηοηιιη
2846 5142 2879 5169 ε)
2949 5139 3158 5169 ηηηηιιη
3209 5142 3236 5169 ι)
3337 5136 3429 5169 3889
3474 5136 3624 5169 ηιιιη-

219 5143 270 5194 2.
306 5143 356 5195 3.

393 5142 488 5211 qui
520 5148 760 5215 et__cuno
792 5143 972 5200 addit
995 5149 1043 5199 3.
1122 5143 1215 5177 ³⁸⁸⁸
1244 5143 1418 5215 opido
1447 5149 1496 5197 1.
1574 5141 1666 5215 δεξδῖ
1696 5143 1998 5215 0111011⁸02.
2035 5141 2246 5211 eylolfo
2279 5145 2328 5195 3.

2432 5137 2499 5171 ⁸⁸⁸
2530 5138 2801 5194 exizecha
2846 5142 2896 5193 2.
2948 5139 3161 5193 azecha
3208 5142 3259 5192 3.
3337 5136 3429 5170 ³³⁸⁹
3473 5136 3629 5193 elec-

225 5207 674 5287 tionis-2319’
717 5214 896 5287 datus
944 5219 1013 5287 1.7
1044 5228 1075 5269 a
1120 5207 1488 5287 genitoribus
1535 5212 1675 5269 add.
1722 5217 1771 5269 3.
1851 5210 1942 5247 3°“
1989 5207 2117 5269 cum
2161 5224 2437 5284 processu
2480 5208 2673 5267 aetatis
2723 5209 2791 5263 ad
2846 5211 3264 5266 incrementum
3313 5207 3626 5279 probitatis

223 5280 360 5341 add.
393 5286 444 5337 3.
523 5280 613 5317 ³⁸⁹²
642 5300 733 5356 qm
766 5289 818 5341 2.
855 5285 1016 5343 deest
1040 5289 1088 5340 3.
1121 5280 1148 5287 '
1168 5284 1262 5318 ³⁸⁸³
1288 5289 1693 5342 observantem
1722 5288 1775 5342 2.

1808 5370 2012 5428 ΝΟΤίΕ
2027 5414 2040 5428 .

252 5470 443 5621 ι(ΜΞ)
472 5470 786 5536 Auctorem
817 5471 1187 5551 peregrinum
1218 5471 1342 5533 hac
1391 5475 1594 5546 aperte
1643 5471 1874 5532 demon-

282 5572 386 5621 ran
417 5601 433 5621 .
1794 5618 1800 5621 _

225 5572 433 5623 stram.

2056 5465 2601 5546 (552)1’fullingen;
2633 5463 2706 5524 cf.
2745 5464 2933 5529 Stalin
2959 5464 3115 5527 Hist.
3145 5461 3450 5524 Wirtemb.
3502 5464 3543 5536 1,
3573 5476 3634 5540 ρ.

1983 5562 2108 5623 566.
