3958 6046
384 190 407 256 1
420 196 531 256 255

993 193 1258 259 GESTA
1288 196 1643 260 TREVER.
1677 233 1755 243 -—
1782 193 2114 257 APPEND
2157 195 2356 261 VITA
2394 195 2752 261 CONRADI
2780 192 3161 258 ARCHIEP.

3646 193 3792 254 1⁸256

375 347 2023 422 sapiens,nbieonqnisitorhnjnsseculimonnestnltam
2052 331 2107 390 Α
2139 354 2385 420 augusta
2420 350 2589 407 vidua
2637 354 2821 405 matre
2869 349 3039 420 (553),
3091 348 3461 405 educandum
3518 362 3795 419 suscepe

362 438 526 509 fecit
548 440 709 494 Deus
736 438 1101 509 sapientiam
1125 438 1307 507 lenias
1327 439 1535 495 mundi
1556 447 1582 495 .9
1606 440 1671 502 (Ι
1687 439 1817 495 C’or.
1845 454 1880 493 ι.
1907 439 2020 509 20.)

378 527 481 581 sed
512 541 581 582 ex
612 527 703 583 his
731 542 879 597 quos
913 528 1085 582 docet
1115 526 1439 597 apostolus,
1475 528 1710 584 dicens:
1766 527 1898 583 Volo
1924 540 2025 583 eos

374 616 675 687 sapientes
703 616 945 686 quidem
974 629 1098 672 esse
1113 618 1179 673 in
1202 615 1363 684 bono,
1386 617 1687 687 simplices
1707 618 1905 673 autem
1933 614 2024 647 ³⁸⁹⁴

382 706 447 761 in
471 707 631 761 male
659 704 849 775 (Rom.
884 720 997 775 xvr,
1038 709 1143 775 19).
1181 704 1317 760 Inde
1348 705 1401 761 bi
1448 705 1561 761 ium
1606 708 1909 776 Pytagora
1942 704 2026 760 in-

380 808 638 863 gressus,
663 794 962 852 sinistrum
990 809 1207 849 ramum
1230 809 1458 865 cavens,
1488 794 1694 850 dextro
1716 795 2019 859 incedens;

376 897 506 939 cum
540 887 764 938 matura
800 888 976 939 atate
1012 884 1234 954 potitus
1267 883 1355 939 sui
1381 883 1530 953 juris
1558 889 1717 939 esset
1751 884 2019 951 effectus,

2139 444 2250 506 rat;
2272 440 2537 510 huncque
2553 438 3232 494 liberalibuslitterarum
3249 437 3463 494 studiis
3480 438 3786 507 traditum,

2137 527 2191 583 in
2224 528 2435 584 divinis
2467 533 2528 584 et
2559 528 2824 584 humanis
2855 527 3172 596 imbuebat,
3208 532 3388 598 utque
3425 525 3523 560 ⁸⁹⁰¹
3568 526 3784 596 regiam

2137 617 2356 687 prolem
2374 618 2640 688 decebat,
2660 617 2937 672 decenter
2953 615 3261 672 educabat.
3281 616 3458 687 Cujus
3474 616 3786 671 occasione

2136 706 2457 776 magisterii
2479 705 2787 776 aliquando
2810 710 2866 761 et
2889 706 3048 775 regni
3073 705 3305 775 negotia
3326 706 3719 777 procurabat,
3737 710 3803 758 ειν

2133 795 2232 851 ubi
2266 808 2359 851 res
2390 796 2681 864 exigebat,
2718 794 3011 866 discipulo
3037 809 3262 850 manum
3315 793 3553 849 consilii
3606 793 3787 863 porri-

2134 886 2306 953 gebat
2335 902 2348 949 ;
2375 891 2709 955 quantoque
2741 883 2881 939 illud
2908 882 3060 954 quod
3088 884 3373 953 scriptum
3397 881 3644 939 est:Ad
3670 897 3783 937 aia-

380 986 558 1042 quare
590 972 784 1028 natale
816 972 1000 1028 solum
1036 973 1361 1042 reliquerit,
1417 971 1786 1042 qualiterque
1816 978 2025 1026 metro-
2127 974 2392 1045 gistrnm
2409 973 2675 1044 respicit,
2696 972 3053 1044 quidquida
3075 971 3367 1043 discipulo
3382 971 3554 1028 delin
3574 972 3781 1037 aiter,

377 1060 553 1132 polim
584 1061 906 1117 Germania
940 1059 1233 1118 Coloniam
1266 1061 1639 1131 Aggripinam
1684 1061 2020 1131 expetierit,

374 1149 528 1206 sicut
561 1164 591 1205 a
634 1150 887 1206 diversis
932 1150 1161 1206 diversa
1205 1149 1615 1220 comperimus,
1661 1148 1888 1205 diversa
1939 1164 2025 1204 re-

374 1239 527 1294 ferre
556 1240 909 1295 censuimus.
941 1240 1154 1294 Ferunt
1190 1238 1443 1309 quidam,
1480 1238 1632 1308 quod
1664 1239 1860 1295 studio
1910 1254 2025 1294 ma-

366 1327 514 1398 joris
552 1328 844 1397 exercitii,
896 1332 955 1383 ut
1005 1328 1103 1382 illa
1152 1327 1340 1383 minor
1390 1327 1605 1383 assolet
1656 1332 1818 1397 atas,
1869 1328 2019 1398 apud

372 1417 612 1473 eandem
639 1417 837 1473 urbem
866 1416 1223 1487 peregrinari
1245 1416 1494 1472 voluerit
1524 1434 1537 1483 ;
1570 1414 1846 1485 quidam,’
1869 1416 2022 1486 quod

374 1520 570 1562 amore
606 1505 759 1561 beati
796 1504 1053 1560 Annonis
1082 1504 1341 1573 ejusdem
1374 1504 1531 1559 sedis
1573 1504 1878 1573 antistitis,
1926 1504 2023 1573 qui

287 1616 299 1625 κ
371 1592 648 1648 afﬁnitate
670 1599 726 1648 et
751 1591 843 1625 ³⁸⁸⁵
860 1591 1293 1663 propinquitate
1311 1591 1419 1646 sibi
1446 1590 2018 1661 proximusputatur,

2136 1063 2455 1132 metuebat,
2484 1067 2670 1131 tanto,
2698 1075 2767 1116 ne
2796 1060 2932 1131 quid
2953 1059 3279 1130 sinistrum,
3305 1060 3458 1130 quod
3479 1059 3597 1114 sibi
3630 1073 3784 1125 esset

2135 1150 2559 1221 imputandum,
2596 1150 2678 1204 rei
2715 1149 2961 1220 publica
2994 1148 3276 1216 eveniret,
3302 1149 3592 1213 cavebat;
3627 1161 3785 1203 reco-

2135 1238 2375 1310 lensque
2408 1239 2566 1295 illius
2593 1238 2974 1294 Salomoniaci
3006 1236 3134 1291 390’:
3167 1237 3424 1307 Diliyite
3457 1237 3782 1307 justitiam

2133 1328 2241 1399 qui
2258 1328 2562 1396 jndicatis
2592 1330 2815 1384 terram
2849 1329 3017 1398 (Sap.
3054 1342 3093 1397 ι,
3130 1331 3204 1391 1).
3235 1330 3398 1382 recto
3432 1325 3627 1396 legum
3680 1341 3787 1382 mo-

2136 1418 2432 1473 deramine
2466 1418 2661 1472 frenos
2693 1416 2972 1472 nobilium
3010 1416 3239 1472 urbium
3264 1416 3508 1485 juvabat
3560 1430 3783 1485 regere,

2130 1506 2226 1576 jus
2258 1504 2634 1562 civile’bonis
2670 1506 2937 1576 reddere,
2971 1520 3103 1561 reos
3129 1509 3376 1574 terrere,
3410 1519 3515 1560 sua
3572 1506 3783 1575 quique

2136 1602 2295 1652 recte
2320 1595 2683 1667 dispensare.
2720 1595 3090 1665 Quapropter
3132 1600 3325 1649 rectos
3373 1598 3434 1649 et
3482 1593 3779 1665 sapientes

372 1679 473 1736 illo
505 1681 846 1746 advenerit;
890 1681 1146 1750 quidam,
1180 1679 1331 1749 quod
1374 1680 1556 1735 isdem
1589 1679 1838 1734 antistes
1879 1683 2021 1733 tem-
2051 1691 2106 1752 Β
2137 1699 2397 1754 quosque
2422 1683 2489 1739 ad
2528 1683 2782 1753 regimen
2807 1683 3181 1739 ecclesiarum
3208 1681 3446 1753 provehi
3470 1682 3779 1747 suadebat,

372 1784 515 1839 pore
549 1770 809 1841 suscepti
844 1769 1081 1824 honoris
1113 1784 1308 1824 secum
1342 1768 1493 1823 hunc
1524 1768 1825 1822 advexerit
1853 1782 2019 1833 ;nam

369 1862 430 1912 et
460 1858 583 1928 ipse
636 1859 859 1913 Suevus
910 1861 1036 1912 erat
1088 1858 1338 1913 natione.
1385 1856 1534 1921 Quid
1580 1860 1768 1911 tamen
1815 1856 2021 1911 horum

374 1946 570 2002 verius
600 1946 700 2015 sit,
738 1946 863 2016 ipse
896 1946 1102 2002 melius
1132 1946 1291 2001 novit
1328 1944 1423 2015 qui
1456 1959 1587 1999 eum
1619 1944 1914 2015 prascivit
1964 1950 2024 1999 et

374 2033 1201 2105 pradestinavitconformem
1230 2033 1350 2088 ﬁeri
1377 2033 1668 2104 passionis
1685 2033 1784 2087 lilii
1809 2033 1930 2099 sui;
1964 2048 2025 2117 et

371 2136 541 2193 quem
589 2122 1052 2193 pradestinavit,
1110 2122 1389 2188 vocavit;
1442 2127 1499 2176 et
1553 2136 1722 2191 quem
1766 2122 2021 2202 vocavit,

372 2210 712 2279 justiﬁcavit
746 2215 803 2266 et
836 2208 949 2279 ’3“,
984 2215 1047 2266 ut
1085 2210 1255 2265 hodie
1289 2209 1517 2265 cunctis
1560 2209 1766 2279 liquet,
1808 2209 2028 2278 magni-

370 2298 584 2356 ﬁcavit.
621 2298 782 2354 Unde
811 2298 971 2355 nulla
1006 2300 1155 2355 inest
1178 2299 1450 2355 dubietas
1471 2299 1750 2354 cordibus
1781 2298 2025 2387 nostris,

369 2388 529 2459 quin,
569 2386 1009 2458 qualiscumque
1043 2388 1215 2443 fuerit
1263 2402 1436 2443 causa
1481 2401 1511 2442 a
1562 2387 1750 2457 patria
1803 2386 2030 2456 digres-

370 2466 583 2543 'sionis,
614 2477 995 2548 portenderet
1030 2477 1353 2547 auspicium
1387 2477 1572 2531 beata
1604 2475 1911 2550 passionis.
1957 2478 2027 2530 Et

371 2566 502 2636 quis
525 2564 744 2621 diﬁldat
771 2566 906 2621 huic
931 2579 959 2621 a
985 2565 1245 2634 Domino,
1272 2564 1383 2620 etsi
1411 2580 1521 2620 non
1546 2568 1770 2634 aperte,
1804 2564 2022 2620 dictum

375 2657 571 2711 tamen
605 2654 660 2708 in
693 2669 794 2710 cor
824 2654 1062 2709 missum
1096 2653 1237 2708 illud
1265 2672 1277 2707 :
1310 2654 1435 2709 Exi
1468 2653 1536 2708 de
1566 2654 1728 2709 terra
1759 2653 1904 2708 etde
1936 2666 2025 2709 co-

366 2742 655 2814 gnatione
676 2744 801 2810 tua,
836 2743 893 2797 et
914 2744 1051 2797 veni
1074 2742 1138 2797 in
1165 2743 1386 2798 terram
1411 2754 1594 2811 quam
1618 2743 2022 2797 monstravere

366 2829 501 2899 tibi,
539 2831 598 2886 et
633 2829 976 2886 benedicens
1023 2829 1361 2886 benedicam
1411 2829 1521 2884 tibi
1575 2830 1740 2893 (Gen.
1786 2843 1885 2898 xu,
1936 2834 2014 2897 2).

368 2920 556 2990 Ipsam
588 2918 791 2988 utique
826 2923 1040 2973 terram
1083 2918 1193 2974 sibi
1245 2917 1614 2988 omnipotens
1661 2919 1814 2972 Deus
1865 2931 2018 2972 mon-

370 3008 601 3077 stravit,
636 3007 691 3062 in
725 3022 836 3077 qua
869 3012 924 3061 et
955 3022 1066 3062 non
1098 3021 1304 3077 parum
1326 3006 1531 3074 gratia
1554 3006 1604 3061 ei
1647 3005 1829 3074 dedit,
1863 3006 2016 3061 sicut

370 3096 498 3153 laus
530 3102 788 3153 testatur
811 3112 938 3166 qua
962 3112 1113 3152 nunc
1146 3096 1199 3150 in
1236 3096 1347 3151 line
1370 3095 1619 3149 canitur.
1648 3096 1785 3149 Nam
1811 3093 2020 3163 pradi-

364 3190 499 3242 ctus
533 3185 749 3258 prasul
787 3185 1193 3241 sanctissimus
1225 3186 1385 3239 Anno
1407 3215 1476 3222 —
1505 3182 1674 3251 cujus
1704 3181 2015 3237 laudabilia

364 3288 545 3344 opera
579 3275 692 3330 etsi
725 3275 1105 3344 quorumdam
1139 3272 1467 3328 invidorum
1521 3271 1743 3327 siluerit
1799 3270 2013 3341 lingua,

362 3362 542 3420 multa
575 3367 769 3419 tamen
805 3362 1061 3434 lapidum
1096 3361 1431 3416 clamabunt
1462 3360 1706 3416 adilicia
1738 3358 1848 3429 ³⁵³⁵³⁷,
1894 3360 2017 3429 qui-

363 3452 473 3510 bus
502 3451 812 3509 adiﬁcavit
846 3457 904 3506 et
939 3449 1228 3507 aediﬁcata
1261 3449 1425 3505 auxit
1452 3449 1733 3520 episc0pii
1784 3447 1877 3481 ³⁸⁸⁸
1926 3449 2015 3505 sui

365 3541 718 3597 monasteria
748 3571 818 3579 —
850 3541 1083 3595 beatum
1118 3539 1269 3594 hunc
1302 3539 1583 3594 advenam
1618 3539 1742 3608 ipse
1767 3539 2013 3618 advena,

366 3629 471 3686 sed
494 3629 792 3684 exaltatus
812 3628 912 3683 Dei
933 3627 1196 3696 dextera,
1216 3627 1460 3695 benigne
1484 3626 1740 3696 collegit,
1769 3627 2016 3683 humane

363 3717 665 3787 tractavit,
691 3722 748 3772 et
773 3732 903 3772 cum
928 3715 1099 3771 libuit
1118 3721 1177 3770 et
1206 3715 1442 3785 dignum
1469 3715 1774 3786 judicavit,
1811 3715 2013 3785 majori

278 3870 289 3876 Δ
363 3805 548 3876 gradu
564 3810 833 3863 evectum
855 3810 912 3863 et
939 3809 1303 3875 assumptum
1331 3804 1561 3876 extulit,
1589 3804 1829 3876 propius
1853 3809 2013 3861 stare

357 3896 571 3967 jubens
599 3894 804 3952 ordine
838 3894 1120 3966 proximo,
1154 3894 1495 3964 honoreque
1525 3895 1872 3966 presbyterii
1908 3910 2014 3964 .su-

364 3984 690 4055 blimatum,
725 3985 982 4040 secundo
1010 3983 1136 4039 loco
1158 3991 1373 4055 postse
1395 3988 1699 4053 statutum,
1736 3984 2012 4053 majorem

366 4075 745 4147 prapositum
768 4074 1004 4144 majoris
1018 4072 1357 4129 domussua
1381 4072 1556 4143 sedis,
1572 4072 1682 4128 hoc
1704 4078 1794 4129 est
1816 4072 2009 4128 Sancti

363 4163 546 4235 Petri,
578 4162 912 4220 collocavit.
945 4162 1133 4217 Prima
1164 4163 1285 4218 hac
1315 4177 1453 4218 cura
1486 4162 1709 4218 credita
1742 4167 1831 4218 est
1876 4161 2007 4232 sibi,

366 4264 712 4323 quamquam
747 4256 1028 4308 strennue
1057 4255 1117 4307 et
1150 4250 1353 4306 idonee
1387 4250 1441 4304 in
1471 4255 1785 4321 conspectu
1817 4249 1917 4305 Dei
1951 4254 2007 4305 et

363 4339 657 4397 hominum
706 4339 1225 4407 administraverit,
1278 4343 1365 4395 tot
1417 4343 1598 4397 testes
1654 4339 1841 4396 adhuc
1891 4339 2011 4395 exi-

363 4431 546 4497 stunt,
580 4432 722 4497 quot
756 4441 884 4484 eum
916 4442 1093 4484 nosse
1126 4431 1461 4499 potuerunt.

430 4547 464 4600 2
492 4542 603 4598 “9°.
631 4544 749 4600 Sub
781 4544 985 4600 eodem
1012 4547 1270 4613 tempore
1293 4548 1537 4612 quartus
1560 4542 1863 4599 Heinricus
1892 4542 2005 4614 ποθ,

361 4632 550 4707 patris
582 4632 940 4703 aquivocus,
974 4631 1194 4687 teneris
1226 4631 1335 4686 sub
1368 4632 1549 4701 annis,
1584 4632 1815 4687 noviter
1845 4638 2009 4703 patre

362 4726 615 4793 augusto
636 4723 706 4777 de
731 4722 920 4776 medio
940 4721 1116 4790 facto,
1132 4723 1409 4775 strennue
1431 4719 1485 4773 in
1501 4720 1752 4791 sceptris
1775 4722 2006 4791 agebat;

359 4827 529 4884 quem
563 4811 917 4883 sapedictus
947 4810 1204 4881 pontifex
1235 4816 1473 4865 sanctus
1507 4815 1687 4879 Anno,
1714 4810 1893 4866 veluti
1918 4811 2008 4867 vir

361 4902 552 4961 tocius
582 4900 911 4974 prudentia
944 4904 1001 4955 et
1035 4897 1239 4956 aulica
1270 4898 1603 4970 nutritura,
1654 4906 1892 4969 rogatus
1936 4900 2007 4956 ab

2045 3055 2094 3117 C

2137 1774 2268 1843 quia
2288 1774 2569 1843 scriptum
2585 1772 2804 1827 sciebat
2824 1774 2846 1793 '
2863 1791 2873 1825 :
2890 1770 3216 1828 Multitudo
3241 1770 3609 1842 sapientium
3626 1772 3787 1828 sani.

2136 1865 2229 1919 tas
2260 1861 2518 1919 estorbis
2548 1863 2847 1917 terrarum
2875 1859 3044 1932 (Sap.
3078 1877 3153 1931 v1,
3189 1862 3293 1931 16).
3316 1860 3453 1916 Inde
3478 1866 3594 1930 est,
3630 1862 3779 1930 quod

2133 1967 2286 2021 cum,
2323 1954 2381 2007 ut
2416 1949 2507 1983 ³⁹⁰³
2536 1951 2645 2005 sibi
2678 1951 2865 2006 visum
2906 1954 3018 2019 est,
3069 1950 3153 2004 rei
3208 1949 3431 2004 utilitas
3478 1949 3558 2004 ita
3614 1965 3783 2019 popo-

2135 2040 2344 2095 scisset
2402 2046 2460 2095 et
2514 2041 2654 2095 urbs
2719 2039 3021 2095 Treverica
3081 2054 3186 2095 suo
3253 2043 3490 2109 pastore
3546 2039 3781 2095 viduata

2136 2132 2292 2183 esset
2319 2128 2486 2199 (554),
2523 2132 2904 2183 memoratum
2936 2127 3124 2183 virum
3167 2127 3557 2196 Cuonradum,
3615 2142 3779 2197 quem

2139 2218 2371 2286 quidem
2404 2218 2474 2273 ad
2516 2218 2625 2272 hoc
2677 2223 2872 2287 aptum
2912 2221 3155 2271 noverat
3202 2220 3260 2270 et
3308 2216 3603 2286 idoneum,
3653 2230 3780 2272 cen-

2138 2306 2255 2361 suit
2321 2306 2774 2375 subrogandum.
2844 2307 2910 2360 Et
2976 2304 3109 2360 licet
3188 2304 3554 2360 inscrutabili
3636 2305 3783 2359 Divi-

2138 2394 2340 2449 nitatis
2372 2396 2625 2463 archano
2666 2394 2802 2451 talis
2851 2395 2955 2449 viri
3004 2394 3103 2448 Dei
3155 2394 3446 2465 promotio
3494 2393 3585 2449 sui
3638 2406 3781 2448 mar-

2136 2482 2272 2553 tyrii
2304 2488 2463 2539 esset
2493 2484 2744 2553 occasio,
2772 2488 2961 2539 tamen
2992 2482 3131 2538 nulli
3161 2482 3420 2551 dubium,
3451 2482 3591 2552 quin
3616 2482 3682 2550 si,
3720 2488 3778 2538 ut

2135 2571 2370 2641 dicitur,
2408 2573 2557 2627 hunc
2592 2572 2946 2628 desideravit
2978 2572 3401 2642 episcopatum,
3424 2570 3775 2626 desideravit

2134 2674 2283 2729 opus
2304 2660 2549 2726 bonum;
2575 2662 2707 2730 quia
2735 2661 2841 2714 hoc
2863 2674 2990 2716 esse
3006 2657 3477 2715 moribusaﬂ‘ecta
3490 2660 3554 2714 ba
3567 2663 3609 2727 t,
3629 2656 3778 2728 quod

2133 2761 2262 2803 esse
2294 2749 2508 2803 debere
2541 2749 2727 2818 ipsum
2760 2761 2966 2803 nomen
2991 2747 3082 2780 ³⁹⁰⁴
3108 2747 3344 2803 indicat.
3370 2749 3573 2817 Itaque
3608 2761 3781 2818 sape-

2135 2836 2272 2892 dicti
2300 2838 2568 2908 prasulis
2587 2837 2672 2893 sui
2696 2837 2977 2894 instinctu
3000 2844 3058 2892 et
3077 2836 3345 2907 consilio,
3373 2842 3597 2907 martyr
3626 2837 3781 2893 Chri-

2134 2927 2232 2997 sti,
2250 2934 2382 2982 ante
2401 2928 2630 2983 l‘uturus
2653 2942 2824 2997 quam
2847 2928 3176 2998 episcopus,
3194 2927 3486 2983 adductus
3510 2928 3565 2981 in
3592 2926 3779 2982 medio

2132 3022 2191 3070 et
2224 3017 2433 3087 dignus
2464 3015 2840 3085 acclamatus,
2868 3016 3129 3086 suscepit
3157 3029 3186 3070 a
3206 3029 3376 3071 manu
3396 3015 3558 3084 regia
3588 3015 3781 3085 ponti-

2133 3108 2338 3163 ﬁcatus
2359 3105 2451 3138 39°“
2481 3106 2745 3175 insignia,
2774 3104 2999 3160 scilicet
3022 3103 3373 3175 pastoralem
3394 3103 3488 3136 ³⁹⁰⁶
3508 3104 3779 3159 baculum

2129 3202 2186 3252 et
2218 3196 2543 3267 sponsalem
2575 3194 2836 3250 ecclesia
2868 3194 3121 3264 anulum,
3156 3194 3392 3248 interim
3435 3193 3570 3249 dum
3624 3194 3774 3249 sacri

2126 3285 2421 3343 crismatis
2454 3283 2727 3341 unctione
2764 3283 3136 3339 ordinaretur
3188 3296 3441 3354 sponsus
3478 3283 3770 3339 ecclesia.

2128 3376 2242 3431 Nec
2262 3389 2439 3443 mora,
2457 3373 2800 3429 commissus
2824 3372 3006 3443 ipsius
3030 3372 3183 3441 regis
3204 3371 3511 3441 legatario,
3538 3385 3775 3426 venera-

2130 3462 2227 3517 bili
2252 3462 2477 3518 scilicet
2497 3460 2789 3533 Spirensis
2808 3462 2969 3516 urbis
2983 3460 3257 3532 episcopo
3271 3458 3630 3529 Eilardo'm,
3647 3459 3772 3515 sedi

2126 3549 2471 3619 commissa,
2507 3549 2563 3603 id
2594 3553 2689 3604 est
2736 3548 2862 3604 urbi
2911 3549 3251 3618 Treverica,
3293 3548 3587 3617 dirigitur.
3636 3547 3774 3613 Qua

2127 3638 2266 3694 licet
2294 3637 2681 3694 sanctissimis
2710 3642 2769 3693 et
2800 3651 3079 3707 nusquam
3113 3642 3401 3693 terrarum
3452 3635 3776 3705 majoribus

2126 3727 2419 3799 episcopis
2472 3727 2687 3783 dudum
2722 3727 2885 3781 aDeo
2915 3725 3087 3781 fuerit
3116 3725 3409 3795 insignita,
3445 3729 3510 3781 ut
3533 3740 3649 3781 non
3675 3727 3779 3781 im-

2127 3818 2334 3871 merito
2358 3816 2612 3872 secunda
2639 3814 2936 3870 diceretur
2958 3815 3156 3884 Roma,
3195 3814 3318 3869 suis
3348 3820 3538 3870 tamen
3569 3828 3776 3884 pecca-

2123 3906 2201 3961 tis
2222 3905 2614 3975 exigentibus,
2632 3904 2922 3973 indignam
2947 3903 3125 3959 fuisse
3140 3902 3228 3959 bis
3252 3902 3473 3959 ultimis
3493 3904 3773 3974 tempori-

2123 3996 2233 4052 bus
2254 3994 2354 4050 tali
2380 3993 2651 4065 pontiﬁce
2669 3992 2990 4057 credimus;
3008 3992 3159 4062 quod
3182 3996 3238 4047 et
3261 3992 3345 4047 rei
3369 3993 3576 4063 probat
3598 4006 3771 4049 even-

2123 4088 2234 4140 tus.
2271 4084 2409 4139 Nam
2440 4082 2641 4139 audito
2668 4081 2793 4150 ejus
2822 4079 3075 4137 adventu
3113 4078 3225 4150 ποθ,
3258 4081 3408 4137 unde
3457 4080 3665 4137 infelix
3713 4081 3765 4137 in

2121 4171 2229 4229 hac
2264 4177 2428 4243 parte
2459 4171 2515 4226 in
2547 4170 2754 4226 melius
2784 4170 3069 4241 proﬁcere
3096 4170 3320 4239 debuit,
3355 4169 3488 4226 inde
3520 4170 3579 4225 in
3609 4169 3767 4226 dete-

2122 4262 2245 4317 rius
2277 4261 2424 4317 male
2446 4258 2713 4316 consulta
2737 4259 2873 4315 ruit.
2900 4260 3028 4315 Mox
3058 4258 3272 4329 quippe
3295 4260 3367 4314 ab
3390 4257 3564 4315 inicio
3588 4257 3769 4314 homi-

2121 4360 2249 4415 cida
2283 4357 2574 4427 diabolus,
2607 4357 2776 4426 cujus
2794 4357 3006 4413 invidia
3032 4371 3188 4413 mors
3216 4356 3455 4412 intravit
3481 4357 3537 4412 in
3569 4357 3766 4412 orbem

2038 4412 2092 4473 D
2124 4453 2433 4518 terrarum,
2468 4461 2637 4518 quem
2666 4447 2970 4503 imitantur
3000 4446 3099 4517 qui
3128 4452 3266 4501 sunt
3294 4461 3368 4501 ex
3399 4451 3568 4517 parte
3616 4445 3764 4515 ejus,

2122 4552 2267 4609 quos
2298 4538 2352 4592 in
2385 4552 2450 4593 ea
2471 4552 2590 4593 sua
2618 4537 2801 4608 partis
2820 4536 3010 4607 scivit,
3038 4535 3286 4591 vesania
3304 4549 3424 4591 sua
3444 4533 3540 4568 ⁸⁹⁰⁹
3572 4535 3770 4591 furore

2120 4628 2526 4692 inﬂammatus,
2563 4627 2633 4681 ad
2659 4626 2749 4681 sui
2783 4625 3184 4695 imitationem,
3222 4624 3279 4679 id
3302 4631 3389 4679 est
3421 4624 3493 4679 ad
3529 4623 3771 4679 homici-

2118 4716 2294 4785 dium,
2330 4715 2609 4770 incitavit.
2639 4716 2707 4770 Et
2738 4715 2832 4771 ubi
2866 4714 3005 4771 urbs
3027 4723 3159 4786 post
3180 4714 3418 4770 Romam
3436 4713 3492 4768 in
3518 4719 3653 4769 toto
3677 4727 3768 4768 or-

2119 4806 2208 4876 be,
2235 4806 2290 4859 in
2310 4818 2420 4874 qua
2443 4805 2639 4875 plures
2662 4819 2831 4875 quam
2857 4805 2933 4859 ibi
2959 4804 3095 4860 olim
3120 4804 3391 4859 habuerit
3413 4803 3539 4873 ipse
3567 4803 3769 4859 diabo-

2118 4897 2209 4953 lus
2231 4900 2289 4950 et
2310 4894 2400 4951 sui
2420 4894 2680 4951 cultores
2693 4898 2747 4951 et
2770 4909 2890 4951 sua
2904 4894 3188 4965 nequicia
3204 4891 3765 4949 satellitesiEtlicet

1703 4997 1939 5054 VARIAE
1973 4996 2353 5056 LECTIOMFS
2367 5037 2380 5050 .

430 5097 520 5131 ³⁸⁸³⁸
567 5112 697 5154 esse
745 5101 796 5152 2.
876 5095 968 5129 ³⁸⁸⁵
1014 5095 1105 5154 vel
1154 5099 1205 5152 2.
1283 5092 1376 5129 “9°
1422 5094 1584 5153 deest
1615 5098 1668 5150 2.
1745 5093 1836 5128 ³⁸⁰⁷
1881 5096 2126 5153 editﬁcia

2175 5110 2247 5165 q,
2279 5090 2593 5148 ediﬁlcavit
2644 5095 2691 5145 1.
2770 5087 3280 5165 “"“episcopatui
3319 5093 3373 5165 2._
3411 5068 3770 5165 _"°’__§a_r_sq

359 5169 621 5240 capita/in
652 5168 1006 5226 divisionem
1035 5167 1451 5240 ipseinstitni.
1530 5166 1622 5199 ³⁹⁰⁰
1650 5166 1921 5240 benrieus
1947 5171 2082 5240 2.73.
2162 5157 2355 5240 “mut
2379 5176 2531 5240 corr.
2560 5167 2616 5240 et
2647 5166 2711 5216 ut
2746 5166 2791 5240 1Σ
2869 5157 3375 5240 ³⁹⁴ζξῆξολᾴῐςιοηὶειοὶ
3391 5163 3448 5240 1.
3520 5157 3623 5240 ff:
3648 5160 3763 5216 sibi

361 5228 505 5311 ut‘2.
584 5238 760 5311 "ita.
796 5239 835 5295 i.
866 5241 918 5293 2.
956 5244 1004 5296 3.
1050 5228 1175 5272 ’δθοδ
1208 5238 1601 5311 pontiﬂlcatus
1629 5244 1679 5296 1.
1760 5236 1852 5271 ³⁹⁰⁶
1879 5238 2006 5296 feru

2153 5233 2450 5308 regiminis
2485 5232 2734 5290 indicem
2766 5236 2843 5287 3a.
2922 5229 3015 5264 ³⁹⁰⁷
3048 5230 3338 5287 Einhardo
3388 5233 3438 5286 3,
3518 5228 3614 5266 »σοι
3664 5244 3766 5289 au.

1950 5378 2173 5438 NOTE.

361 5308 489 5366 ditu
513 5313 564 5365 2.
642 5309 735 5344 ³⁹⁰⁹
759 5325 863 5368 suo
891 5314 942 5366 2.

435 5468 586 5546 (553)
618 5470 752 5529 Hac
784 5484 815 5528 a
842 5483 985 5529 vero
1015 5469 1185 5531 valde
1216 5471 1569 5547 discrepare,
1599 5484 1712 5531 non
1734 5474 1824 5530 est
1850 5470 2003 5545 quod

360 5572 645 5623 moneam.

2186 5468 2335 5546 (aut)
2350 5463 3216 5544 Eberhardusarchiepisoows
3227 5463 3379 5528 obiit
3395 5463 3452 5524 d.
3468 5467 3536 5526 ιδ
3548 5464 3758 5542 April.,

2115 5572 2167 5620 ει.
2200 5559 2358 5623 1066.
