3952 6056
139 168 290 233 1261

747 164 1015 232 GESTA
1058 164 1414 230 TREVER.
1449 202 1528 215 -
1557 163 1895 229 APPEND
1938 162 2132 227 VITA
2176 161 2541 227 CONRADI
2582 166 2969 229 ARGHIEP.

3398 170 3547 231 4262

139 292 406 353 diabolus
437 294 615 353 altius
660 298 1044 367 assumptum,
1095 298 1325 351 ortatus
1354 297 1443 349 est
1476 292 1548 349 ad
1582 291 1787 364 praaci-
1816 280 1868 339 A
1898 304 2048 348 anno
2070 289 2392 362 eodemque
2414 293 2892 361 temporesancta
2907 290 3551 350 ecclesia3°75tant03°7°

141 384 384 456 picium;
406 399 575 455 quem
598 387 655 441 et
696 383 1064 456 postmodum
1086 382 1349 453 ejusdem
1372 380 1588 439 diaboli
1613 396 1787 437 mem-

140 473 241 528 bra
261 471 481 529 duxere
506 471 579 528 ad
602 472 818 530 montis
841 471 1241 543 supercilium,
1262 475 1324 528 ut
1348 470 1787 542 przecipitarent

136 574 287 617 eum.
324 559 585 616 Nondum
626 561 696 616 de
747 573 915 631 pinna
948 559 1153 615 saciati
1184 558 1493 615 carnifices
1527 557 1787 614 crudelis

141 647 366 717 tyranni
395 664 409 701 :
441 649 616 717 Quia,
646 647 802 718 inqui
815 651 936 716 unt,
960 660 1077 703 non
1096 645 1228 704 bene
1242 647 1471 704 saliens
1489 644 1788 703 substitis-

136 737 184 793 ti
201 734 586 806 ““,yladius
606 737 805 792 noster
835 734 1245 793 dominabitur
1278 736 1391 791 tua:
1418 735 1610 804 carni,
1645 734 1788 789 Hine

134 824 204 879 ad
228 822 520 881 cumulum
542 823 636 857 ³⁸⁸⁸
661 822 1096 895 dampnationis
1137 838 1254 880 suae
1277 822 1489 892 gladiis
1530 835 1659 879 eum
1693 837 1790 893 ap-

132 914 377 982 petiere,
395 911 599 982 sicque
622 911 974 968 decollatum
993 910 1244 981 collegio
1267 911 1568 966 martirum
1593 910 1790 965 marti-

133 1012 253 1053 rem
286 998 683 1055 sociaverant.
716 999 798 1053 lta
825 996 925 1053 ille
949 1002 1041 1052 ter
1064 998 1292 1067 beatus,
1312 996 1560 1053 ludibria
1584 1000 1640 1052 et
1663 1011 1788 1052 vcr-

135 1087 272 1141 bera
299 1090 603 1157 expertus,
622 1086 864 1156 insuper
885 1084 1190 1141 etvincula
1218 1088 1275 1140 et
1297 1098 1586 1154 carceres,
1614 1085 1667 1138 in
1698 1098 1790 1139 oc-

129 1174 352 1231 cisione
368 1173 547 1244 gladii
575 1178 843 1230 mortuus
856 1178 969 1229 est.
992 1173 1167 1243 Cujus
1188 1173 1436 1243 spiritus
1454 1177 1792 1243 assumptus

130 1264 203 1318 ab
235 1262 328 1296 ⁸⁸⁸⁸
355 1262 598 1332 angelis,
629 1276 760 1318 cum
794 1260 1219 1332 multiplicibus
1251 1260 1562 1331 triumphis
1602 1260 1789 1317 vultui

126 1356 525 1422 przesentatus
550 1352 638 1406 est
668 1349 1131 1421 Omnipotentis;
1173 1347 1416 1420 ejusque
1453 1348 1634 1405 odore
1663 1363 1793 1405 sua-

138 1439 343 1496 vitatis
368 1439 639 1495 innovata
689 1444 782 1495 est
820 1438 983 1495 curia
1033 1437 1313 1507 caelestis,
1344 1436 1476 1494 dum
1508 1437 1639 1493 hinc
1671 1437 1790 1493 lilia

127 1543 200 1583 ex
233 1525 389 1583 stula
412 1526 768 1583 sacerdotali
788 1525 1117 1595 candentia,
1145 1526 1277 1581 hinc
1297 1525 1565 1581 redolent
1587 1525 1678 1559 3""
1703 1540 1792 1582 ro-

1898 377 2325 458 dissensionum
2347 381 2405 433 et
2437 377 2943 449 perturbationum
2977 379 3155 449 coepit
3193 381 3401 451 agitari
3437 388 3554 440 tur-

1897 466 2051 537 bine,
2080 473 2139 524 ut
2163 466 2385 522 diutina
2412 466 2694 522 bellorum
2723 481 2824 537 per
2855 466 3027 522 civile
3060 468 3273 523 bellum
3311 470 3555 529 ﬂuctua-

1896 556 2077 625 tione,
2130 555 2269 624 quid
2301 553 2379 609 sit
2414 569 2542 625 pax,
2596 553 2865 609 videatur
2898 554 3186 623 ignorare.
3224 556 3426 612 Statim
3460 558 3550 592 3977

1898 642 2047 698 enim
2107 642 2423 697 secundum
2483 640 2626 697 illud
2688 643 3008 713 prOphetize
3040 642 3131 675 3°73
3166 644 3469 726 judicium.
3504 649 3549 703 Α

1896 731 2382 787 sanctuariomeo
2409 729 2659 799 incipite
2693 730 2932 799 (Eeecli.
2972 747 3049 801 IX,
3093 735 3167 802 6),
3206 732 3322 787 vita
3356 734 3553 791 deces-

1900 816 1976 874 sit
2001 818 2159 873 sedis
2179 816 2522 888 apostolieas
2540 817 2890 873 venerabilis
2907 820 3169 889 pontifex
3195 821 3550 890 Alexander;

1898 906 1991 963 cui
2017 906 2339 962 succedens
2364 904 3049 976 Hildebrauduspcstifer
3075 908 3124 963 in
3153 910 3358 964 diebus
3380 913 3550 967 uitii-ii

1900 995 1986 1052 sui
2011 994 2249 1051 calicem
2274 994 2375 1050 ira)
2425 994 2521 1049 Dei
2546 994 2818 1050 universo
2858 997 3188 1066 prepinavit
3215 999 3360 1067 orbi,
3387 1001 3551 1068 «cujus

1900 1082 2266 1138 amarissimo
2301 1097 2508 1153 sapore
2539 1082 2726 1137 adhuc
2757 1088 2814 1136 et
2850 1083 2901 1137 in
2930 1090 3227 1154 posterum
3266 1086 3471 1143 dentes
3494 1092 3551 1143 ti-

1900 1171 2110 1227 liorum
2143 1171 2565 1241 obstupescere
2618 1170 2827 1225 habent
2854 1171 2963 1241 ³9⁷⁸,
2992 1173 3100 1227 nisi
3138 1176 3355 1229 tribuat
3387 1178 3551 1233 mise-

1899 1258 2063 1315 rendi
2120 1264 2371 1330 tempus,
2427 1258 2713 1328 cujus°°3°
2746 1260 2996 1331 populus
3037 1267 3096 1316 et
3148 1277 3288 1319 oves
3318 1279 3549 1335 pascuae

1902 1346 2093 1417 (Psal.
2119 1362 2271 1414 xeix,
2300 1350 2353 1418 3)
2373 1362 2771 1418 sumus,qucm
2804 1338 3151 1404 confitemur
3168 1352 3338 1407 Deum
3364 1359 3417 1407 et
3442 1356 3550 1411 Do-

1902 1437 2315 1505 minum,quem
2340 1435 2644 1492 laudamus
2670 1437 2723 1491 in
2748 1437 2941 1492 secula
2969 1439 3317 1495 seculorum.
3348 1428 3544 1502 Amen.

1973 1529 2023 1581 5.
2055 1527 2224 1582 Juxta
2241 1525 2396 1595 quod
2410 1524 2693 1595 scriptum
2710 1529 2799 1580 est
2821 1541 2832 1577 :
2852 1527 3063 1583 Justus
3076 1544 3197 1597 qua
3208 1531 3550 1602 mortemor-

142 1630 219 1673 sze
243 1619 558 1673 vernantes
579 1631 650 1671 ex
684 1615 974 1687 passionis
993 1614 1292 1684 sanguine.
1348 1614 1567 1685 Corpus
1594 1614 1789 1672 exani-
1818 1634 1870 1693 Β
1900 1615 2216 1685 occupatus
2228 1612 2319 1647 ³⁰³¹
2335 1615 2538 1682 fuerit,
2556 1615 2617 1668 in
2633 1614 2961 1685 refrigerio
2976 1617 3479 1688 eri/,quiagratia
3495 1622 3550 1677 et

123 1718 214 1761 me
248 1706 531 1777 vepribus
564 1710 623 1760 et
655 1705 924 1760 frutectis
956 1717 1263 1774 operuere,
1302 1717 1524 1773 suoque
1553 1703 1786 1760 domino

125 1794 246 1849 tale
278 1793 550 1850 nuntiare
570 1792 846 1862 gaudium
870 1792 1094 1848 abiere.
1139 1796 1183 1847 A
1208 1806 1321 1862 quo
1346 1792 1636 1861 requisiti,
1666 1792 1786 1848 ubi-

123 1896 253 1938 nam
279 1888 442 1938 esset
462 1881 794 1953 episcopus,
822 1880 907 1936 illi
931 1880 1228 1950 inquiunt:
1259 1880 1674 1952 Ponti/[calent
1693 1876 1786 1912 3’“

117 1970 365 2027 mitram
396 1968 904 2041 inposuimus,sed
934 1969 1231 2025 Treeerim
1254 1969 1421 2024 ultra
1441 1983 1555 2024 non
1580 1969 1783 2024 oentu~

115 2072 243 2129 rus,
252 2073 356 2116 nec
359 2059 529 2130 ponti
533 2058 768 2125 ﬂeatem
778 2057 871 2091 ³⁸⁸⁸
884 2058 1244 2115 ὶαίΙισιίναηι
1257 2058 1644 2114 estreeturus.
1660 2056 1777 2113 Tali

121 2147 502 2216 derogatione
535 2151 736 2203 sancto
768 2147 894 2203 viro
926 2145 1300 2215 insultantes,
1344 2146 1588 2201 forsitan
1619 2146 1780 2215 igno-

119 2235 348 2305 rabant,
385 2234 541 2305 quod
572 2240 649 2291 snt
693 2235 889 2291 futura
922 2235 1067 2304 dies,
1105 2234 1159 2289 in
1205 2247 1313 2303 qua
1357 2249 1475 2305 prae
1508 2234 1775 2302 angustia

119 2323 371 2393 spiritus
389 2327 713 2394 gementes,
729 2322 925 2379 dicent
942 2322 1094 2378 inter
1109 2338 1170 2377 se
1193 2321 1592 2393 pmnitentiam
1606 2336 1776 2391 agen-

120 2416 211 2466 tes
238 2429 249 2465 :
278 2412 401 2469 Hic
427 2413 699 2484 estquem
722 2412 1056 2483 aliquando
1077 2411 1397 2467 habuimus
1426 2411 1493 2466 in
1515 2410 1777 2467 derisum

114 2500 175 2555 et
194 2498 262 2555 in
277 2499 742 2557 similitudinem
758 2500 1108 2571 improperii
1122 2520 1141 2568 ;
1161 2512 1267 2557 nos
1282 2499 1577 2557 insensati
1589 2499 1647 2555 oi
1654 2499 1777 2556 tam

120 2591 253 2661 ejus
268 2589 711 2648 astimabamas
740 2590 1049 2647 insaniam
1062 2591 1119 2646 et
1149 2591 1323 2654 ﬁnem
1354 2589 1527 2647 illius
1539 2590 1776 2647 sinelio-

117 2691 284 2735 nare.
317 2677 607 2743 Quomodo
630 2692 768 2751 ergo
790 2679 1162 2750 eomputatus
1184 2680 1444 2736 estinter
1457 2680 1627 2750 ﬁlios
1639 2680 1771 2748 Dei,

118 2766 592 2825 etintersanetos
606 2780 734 2825 sors
752 2766 926 2823 illius
949 2767 1070 2824 est?
1093 2766 1234 2833 Quia
1258 2768 1519 2838 ejusdem
1546 2770 1772 2838 tyranni

124 2856 337 2912 timore
389 2856 643 2912 membra
674 2856 888 2911 Christi
920 2855 1131 2911 hostias
1182 2871 1347 2913 nemo
1378 2857 1631 2913 audebat
1663 2862 1776 2912 ter-

122 2958 202 2999 rae
231 2941 326 2976 397°
354 2943 649 3013 mandare,
686 2943 894 3000 diebus
926 2946 1047 2999 fere
1077 2948 1148 3000 40
1192 2945 1486 3001 inhumata
1511 2945 1771 3015 jacuere,
1806 2984 1854 3045 Ο

123 3034 314 3089 instar
338 3032 494 3088 beati
522 3032 792 3104 Stephani
824 3033 1321 3104 prothomartiris,
1349 3034 1691 3090 avibuscasli
1716 3039 1776 3089 et

122 3120 338 3177 bestiis
382 3122 506 3191 agri
537 3121 833 3191 exposita;
882 3122 985 3176 sed
1016 3122 1115 3177 Dei
1156 3123 1521 3194 providentia
1555 3139 1582 3179 a
1612 3122 1773 3179 nullo

121 3211 330 3268 horum
356 3211 517 3267 fuere
545 3216 871 3267 contracta.
909 3212 1046 3267 Inde
1078 3225 1145 3268 ea
1177 3211 1450 3284 proximae
1472 3211 1642 3282 villae,
1669 3213 1772 3268 hoc

122 3305 219 3355 est
246 3299 531 3357 Loncscet
558 3296 649 3331 '9'“
681 3300 850 3372 (558),
910 3300 1268 3370 convicanei,
1329 3301 1548 3372 pietate
1610 3301 1770 3371 moti,

122 3387 360 3443 tandem
416 3387 564 3444 clam
620 3387 946 3459 elevavere,
980 3395 1039 3444 et
1092 3390 1245 3460 apud
1277 3389 1519 3445 eandem
1573 3388 1770 3445 villam

120 3480 154 3530 8
186 3474 323 3530 Idus
358 3474 498 3531 Julii
529 3480 663 3532 ante
693 3476 851 3532 fores
882 3477 1150 3533 ecclesia;
1181 3478 1397 3534 honore
1425 3493 1537 3548 quo
1573 3484 1775 3549 potue-

122 3568 261 3618 runt
290 3561 595 3634 sepeliere.
654 3565 869 3621 Passus
900 3572 993 3621 est
1038 3566 1233 3637 itaque
1282 3580 1429 3623 anno
1463 3566 1774 3624 millesimo

122 3652 488 3721 sexagesimo
519 3659 687 3709 sexto
725 3655 1149 3711 incarnationis
1198 3655 1525 3725 Dominieae,
1563 3660 1768 3726 quarta

122 3738 465 3811 indictione,
510 3741 645 3797 data
697 3743 879 3814 prima
932 3743 1315 3798 Kalendarum
1354 3743 1622 3799 Juniism
1654 3745 1765 3801 die.

121 3828 304 3884 Paulo
329 3834 637 3900 antequam
660 3836 960 3900 pateretur
982 3832 1395 3888 Ctelitusmissa
1410 3833 1771 3889 cometes3m

122 3918 180 3972 in
204 3916 551 3974 occidentali
585 3923 751 3989 parte
786 3921 990 3977 multis
1023 3921 1293 3977 noctibus
1319 3922 1660 3995 apparuisse
1682 3922 1770 3956 ³⁰⁷⁴

124 4006 249 4062 visa
281 4010 372 4063 est
398 4006 568 4078 (559),
613 4005 825 4064 divinae
851 4007 1119 4064 nimirum
1144 4010 1383 4066 ultionis
1405 4010 1598 4066 index.
1633 4013 1768 4067 Nam

121 4108 239 4151 vox
269 4092 396 4164 ejus
440 4092 770 4150 innocentis
828 4096 1149 4167 sanguinis,
1193 4113 1223 4153 a
1280 4099 1397 4154 Deo
1453 4098 1770 4156 vindictam

124 4182 504 4255 postulantis,
521 4186 747 4240 tantum
761 4182 1071 4241 clamorem
1092 4185 1289 4243 intulit
1307 4186 1486 4257 castis,
1504 4192 1567 4243 ut
1583 4188 1692 4244 adh
1704 4204 1770 4244 uc

125 4269 198 4327 de
222 4284 391 4329 manu
415 4271 605 4329 tocius
619 4272 779 4330 orbis
805 4274 1082 4331 ultionem
1109 4275 1376 4333 videatur
1395 4281 1672 4348 expetere
1689 4277 1769 4333 ira

1896 1702 2311 1760 misericordia
2332 1700 2548 1758 Dei395’
2583 1702 2753 1757 estin
2772 1703 3079 1758 semoto3983
3110 1707 3239 1776 ejus
3260 1709 3314 1762 et
3356 1723 3547 1780 respe-

1895 1796 2025 1849 ctus
2046 1792 2110 1847 in
2128 1788 2594 1847 electo'millius
2616 1788 2786 1859 (Sap.
2807 1806 2881 1861 iV,
2898 1794 2974 1862 7),
2994 1791 3420 1864 beneplacitum
3439 1798 3545 1852 fuit

1893 1880 2011 1936 Deo
2030 1879 2365 1935 memoriam
2390 1877 2648 1933 martiris
2671 1884 2731 1932 et
2753 1880 3076 1937 sacerdotis
3105 1883 3194 1937 sui
3220 1884 3543 1940 honestiori

1892 1968 2174 2024 decorare
2202 1967 2536 2038 sepulchro,
2558 1971 2615 2020 et
2644 1966 3057 2036 Theologiense
3090 1971 3417 2027 emnohlum
3443 1973 3545 2030 tali

1889 2072 2103 2125 augere
2130 2063 2406 2127 patrono;
2449 2056 2543 2125 qui
2578 2056 2854 2111 videlicet
2883 2072 2992 2113 uno
3024 2073 3095 2112 ex
3127 2059 3311 2115 latere
3341 2062 3547 2118 Mauri-

1888 2145 1978 2201 cio
2002 2150 2225 2201 astaret
2253 2150 2311 2199 et
2334 2160 2403 2199 ex
2431 2144 2539 2199 alio
2576 2143 2944 2215 paupercula}
2965 2149 3402 2217 congregationi
3434 2165 3549 2207 ma-

1888 2247 2021 2289 num
2055 2232 2367 2288 conferret.
2427 2233 2495 2286 Et
2529 2232 2682 2302 quia,
2720 2233 2816 2302 qui
2851 2233 3060 2304 recipit
3107 2234 3329 2304 justum
3362 2238 3415 2294 in
3446 2254 3545 2295 no-

1888 2321 2213 2391 minejusti,
2254 2321 2575 2377 mercedem
2614 2320 2759 2389 justi
2800 2321 3047 2392 accipiet
3070 2324 3308 2394 (Matth.
3337 2342 3390 2395 x,
3424 2329 3536 2401 41),

1886 2410 2058 2481 hujus
2080 2414 2313 2467 aeternae
2348 2409 2634 2465 mercedis
2664 2424 2777 2465 non
2808 2410 2922 2466 erit
2951 2426 3159 2483 expers
3188 2415 3540 2474 Deodcricus

1886 2499 2237 2556 venerabilis
2299 2498 2547 2553 antistes
2581 2497 2691 2563 ³⁸³⁵,
2727 2497 2896 2567 cujus
2929 2500 3023 2570 pio
3076 2502 3305 2558 favente
3338 2505 3537 2563 studio

1886 2593 2135 2657 utraque
2166 2577 2435 2658 provenit
2470 2587 2751 2643 cxhibitio
2794 2589 3070 2659 martiris,
3106 2591 3328 2646 scilicet
3363 2599 3422 2647 et
3470 2595 3539 2650 de

1885 2674 2011 2733 loco
2042 2674 2231 2731 viliori
2265 2674 2518 2731 elevatio
2562 2681 2616 2729 tt
2671 2675 2740 2730 ad
2775 2674 3172 2732 decentiorem
3207 2680 3535 2741 translatio.

1884 2762 2045 2818 Unde
2080 2762 2362 2817 mirabilis
2395 2764 2545 2818 Deus
2576 2763 2627 2817 in
2661 2763 2882 2818 sanctis
2911 2764 3050 2835 suis,
3104 2766 3198 2836 qui
3249 2767 3405 2823 fideli
3437 2786 3539 2826 suo

1887 2852 2191 2908 Cuonrado
2221 2851 2358 2905 3986a
2383 2853 2631 2919 duobus,
2671 2852 2839 2908 unius
2863 2854 3131 2924 nominis,
3167 2857 3269 2910 sed
3294 2858 3538 2917 diversae

1886 2939 2211 3011 qualitatis,
2243 2940 2475 2996 diversa
2505 2940 2772 2995 exhiberi
2805 2941 3009 2996 tribuit
3043 2942 3194 2998 dona
3222 2944 3480 3016 honoris,
3505 2961 3535 3002 a

1884 3028 2206 3085 Deoderico
2221 3027 2425 3084 3987cru
2436 3028 2547 3084 deli
2566 3027 2683 3061 3937‘
2702 3034 2949 3099 tyranno
2972 3045 3243 3087 coronam
3262 3034 3530 3090 martirii.

1885 3117 1956 3171 ab
1980 3117 2107 3187 ejus
2139 3116 2437 3187 :equivoeo
2474 3116 2721 3188 praesule
2754 3117 3092 3186 dignissimo
3118 3120 3342 3175 honesti
3378 3123 3538 3191 quie-

1884 3209 1999 3260 tem
2021 3204 2336 3277 sepulchri.
2365 3206 2475 3261 Sed
2501 3206 2630 3276 quin
2675 3206 2798 3277 ipse
2824 3206 3148 3273 retributor
3172 3209 3451 3266 bonarum
3475 3215 3533 3267 et

1885 3292 2043 3351 ultor
2074 3293 2353 3350 malorum
2394 3293 2625 3349 diversa
2678 3295 2946 3364 utrisque
2998 3295 3205 3351 inferet
3240 3299 3532 3370 stipendia

1883 3383 2246 3452 meritorum,
2278 3383 2391 3453 jam
2422 3389 2551 3454 post
2593 3385 2884 3453 passionis
2917 3390 3139 3442 textum
3170 3389 3429 3444 martiris
3460 3389 3531 3446 ad

1883 3486 1990 3528 nos
2023 3472 2351 3528 scribamus
2382 3473 2711 3528 adventum.

1953 3571 2137 3627 Isdem
2164 3569 2616 3626 honestissimus
2645 3574 2860 3627 sanctae
2901 3570 3250 3629 Virdunensi
3272 3574 3539 3633 ecclesia

1885 3659 2099 3731 praesul
2116 3657 2610 3716 Deodericuscum
2626 3660 2828 3716 eodem
2844 3674 2992 3716 anno
3007 3662 3160 3733 apud
3174 3663 3429 3723 Novallis
3446 3663 3539 3698 ³⁰⁸⁸

1886 3763 2005 3804 suae
2030 3747 2281 3802 dicionis
2313 3754 2573 3803 castrum
2606 3762 2780 3804 curas
2820 3763 3018 3820 agens,
3055 3751 3149 3807 die
3170 3750 3262 3784 ³⁰⁸⁰
3293 3751 3538 3822 quadam

1884 3835 2228 3906 sollempnia
2277 3835 2607 3891 celebraret
2661 3837 2989 3906 missarum,
3021 3844 3286 3908 tempore
3318 3840 3537 3896 sacrifi-

1885 3922 2090 3991 cii3°9°,
2144 3923 2553 3978 recordatione
2578 3924 2837 3979 martiris
2862 3939 3067 3980 anima:
3093 3931 3257 3982 tanto
3277 3930 3543 3985 lacrima-

1885 4027 2009 4069 rum
2037 4010 2309 4082 perfusus
2349 4020 2441 4065 est
2466 4011 2669 4079 imbre,
2696 4018 2760 4067 ut
2803 4026 2932 4067 eum
2960 4014 3233 4069 subitoin
3279 4021 3539 4076 contem-

1886 4100 2145 4173 platione
2170 4106 2398 4171 raptum
2434 4115 2601 4155 nemo
2624 4100 2946 4171 ambigeret
2968 4102 3530 4160 circnmastantium.

1887 4189 2165 4259 Cumque,
2213 4187 2393 4244 ﬁnitis
2414 4189 2632 4244 eisdem
2657 4187 3034 4261 sollempniis,
3060 4192 3346 4249 subucula
3381 4194 3530 4265 (360)

1888 4277 2219 4349 compuncti
2255 4276 2581 4333 sacerdotis
2604 4277 2731 4334 loco
2756 4278 3038 4349 peetorali
3064 4293 3175 4336 non
3202 4280 3395 4351 parvis
3418 4295 3535 4336 ma-

125 4360 614 4433 supernijudicis.
641 4361 934 4433 Siquidem
960 4377 1063 4419 nec
1086 4363 1406 4420 differendo
1430 4335 1772 4437 responsum
1808 4335 1857 4394 θ
1890 4335 2353 4437 deretdistillata
2369 4335 2821 4435 guttis,cunctis
2837 4366 3185 4424 mirantibus
3201 4335 3303 4426 nec
3324 4335 3535 4426 verita-

125 4453 221 4505 est
247 4449 300 4505 ei
326 4469 339 4505 :
363 4448 664 4509 Modicum
696 4451 923 4523 tempus
943 4453 1193 4519 sustine;
1212 4453 1315 4509 sed
1338 4454 1538 4509 statim
1569 4455 1773 4512 eodem

1892 4461 2005 4511 tem
2040 4434 2123 4508 rei
2156 4453 2445 4509 sciscitari
2476 4434 2848 4526 audentibus,
2874 4455 2998 4526 ipse
3021 4455 3269 4515 domnus
3291 4456 3402 4528 '9”,
3438 4459 3535 4515 cui

1475 4570 1712 4626 VARLE
1746 4568 2145 4627 LECTIONES.

197 4651 288 4686 ³⁸⁸⁸
319 4651 557 4709 subtisti
588 4658 640 4709 2.
702 4668 715 4677 ί
754 4652 1145 4709 mstumulum
1177 4659 1228 4710 2.
1263 4660 1313 4712 3.

128 4721 222 4757 am
255 4722 662 4797 pontiﬁcalem
685 4729 745 4797 Δ1.
862 4723 1138 4797 ³⁹⁷⁰ίιὲβξδί
1169 4731 1220 4797 ί»

134 4800 180 4866 1.
255 4792 267 4794 “
330 4792 421 4866 ἓ⁰⁷⁴
454 4793 800 4866 apparuisse
835 4799 882 4866 1.

132 4864 406 4936 desuut3.
496 4864 503 4866 ‘
538 4864 650 4898 ποτ
684 4865 967 4936 prophete
989 4869 1048 4936 2.

132 5006 239 5062 Ιιοσ
269 5004 403 5063 loco.
555 5004 646 5039 ³⁸⁸⁷
676 5007 786 5062 deo
842 5006 1056 5062 clerico
1098 5009 1150 5062 2.
1298 5007 1415 5040 39""
1446 5014 1491 5064 t.
1523 5025 1608 5065 er.
1646 5017 1692 5066 1.

132 5074 227 5148 ³⁸⁸9
255 5077 496 5148 infesto
516 5077 970 5148 S.Apolhnaris
1000 5092 1044 5133 s.
1081 5080 1131 5132 3.

1427 4654 1520 4729 δ’δὲ
1547 4658 1618 4713 ab
1652 4673 1784 4729 ang.
1821 4674 1930 4715 ass.
1968 4658 2047 4712 1b.

1330 4726 1422 4760 ⁸⁸⁷³
1460 4728 1553 4785 ita
1585 4730 1664 4783 1b.
1699 4726 1752 4784 2.
1786 4729 2070 4785 lonesceit
2104 4733 2152 4782 1.
2187 4726 2399 4782 lonscti
2428 4731 2477 4780 3.
2556 4726 2648 4759 ³⁹⁷²
2680 4728 2751 4782 Ill
2773 4728 2816 4782 N
2841 4729 2905 4783 ΙΙ.
2932 4733 2983 4784 2.

996 4793 1088 4870 3”“
1106 4800 1162 4850 et
1197 4793 1442 4870 maxime
1468 4801 1807 4870 metropolis
1829 4799 2136 4855 Treverica
2156 4798 2294 4855 add.
2330 4803 2378 4852 3.

2161 4654 2251 4730 3?"
2273 4655 2744 4730 redolerentﬁ.”
2774 4654 2891 4730 ﬁt“?
2920 4671 2992 4712 m.
3030 4657 3436 4730 pontitilcalem
3473 4666 3526 4715 1.

3096 4727 3188 4761 ³⁸³⁷³
3217 4745 3342 4785 com
3352 4734 3535 4786 metes

2459 4797 2549 4830 L976
2581 4803 2739 4855 tanta
2778 4801 2823 4854 1,
2900 4798 2992 4832 ³⁸⁷⁷
3018 4799 3292 4855 Statim—
3321 4800 3534 4856 habent

1197 4867 1287 4900 5°79
1319 4870 1372 4922 h.
1412 4871 1504 4925 ob.
1536 4875 1588 4925 2.
1637 4867 1760 4940 ἔθευ
1793 4871 1967 4940 Cujus
1996 4884 2197 4940 sumus
2228 4883 2284 4938 p.
2322 4874 2378 4924 et.
2414 4884 2466 4923 ο.
2506 4884 2556 4939 p.
2593 4883 2760 4937 quem
2791 4872 2844 4923 2.
2923 4868 3012 4904 ³⁸⁸³
3044 4877 3440 4940 preocupatus
3469 4879 3526 4927 1.

130 4935 222 5007 37°”
248 4942 645 5007 saperscrxt.
668 4934 832 4992 deest
858 4940 908 4991 3.
976 4934 1077 5007 7””
1106 4943 1342 4995 sanctos
1368 4943 1499 4995 1?3.
1580 4939 1670 4974 ³⁹⁸⁴
1716 4934 1937 4997 electos
1961 4945 1991 4995 3
2088 4939 2181 4972 ³⁹⁸⁵
2212 4934 2584 4994 ιίτεοίιθνὶυύε
2611 4934 2662 4992 s.
2700 4953 2825 4994 ven.
2861 4945 2911 4995 2.

3060 4940 3153 4973 ³⁰⁸⁶
3179 4944 3437 4997 eunrado
3469 4947 3526 4998 1.

1802 5009 1895 5044 ⁸⁸⁸9
1923 5010 2188 5067 novrillis
2220 5015 2265 5065 1.
2304 5009 2547 5064 novellis
2580 5013 2629 5062 3.
2667 5010 2887 5065 navelis
2916 5010 2997 5065 3n.
3035 5027 3080 5067 s.
3128 5010 3181 5066 cl.
3233 5012 3444 5073 desunt
3473 5018 3529 5068 1.

1280 5078 1451 5160 “91.3.
1489 5079 1595 5160 hoe
1624 5083 1750 5160 loco
1770 5082 1980 5160 addi_t:_
2012 5080 2537 5160 repen’tespi‘ritus
2570 5081 2747 5160 beati,
2783 5081 2854 5160 de
2888 5096 3000 5160 quo
3029 5081 3535 5160 Adiximustquasi

133 5146 257 5221 avis
286 5146 818 5221 circumvolitantis
849 5163 952 5221 per
984 5147 1188 5221 altaris
1221 5149 1524 5221 circulum,
1560 5152 1833 5209 turbatur
1872 5146 2117 5209 visione.
2172 5151 2279 5218 Qui
2315 5146 2458 5205 intra
2492 5146 2776 5206 actionem
2809 5146 3218 5209 defunctorum
3252 5146 3539 5210 deductus

133 5219 205 5275 ad
239 5218 578 5276 memoriam
601 5218 796 5291 hujus,
828 5218 997 5289 cujus
1030 5220 1291 5277 audierat
1323 5218 1561 5277 caedem.

1709 5222 1802 5256 ³⁹⁹²
1831 5223 2057 5279 donnus
2095 5228 2140 5279 t.
2178 5223 2465 5293 dompnus
2495 5224 2547 5275 2.

1714 5298 1945 5376 Nom.

207 5406 356 5478 (558)
391 5405 601 5478 bonast
630 5418 706 5478 ex
736 5403 917 5462 altera
950 5410 1113 5478 parte
1144 5405 1414 5478 Mosellse.
1448 5409 1663 5467 Home.

218 5474 370 5552 (δυο)
404 5474 486 5535 Cf.
520 5474 891 5547 Lambertum
922 5474 982 5533 e't
1012 5477 1361 5537 Bernoldum
1392 5477 1448 5538 h.
1482 5493 1532 5537 a.

1959 5406 2107 5482 (560)
2141 5407 2382 5482 Videtur
2439 5405 2770 5477 intelligere
2831 5406 3116 5480 casulam,
3180 5405 3374 5479 phrasi
3409 5407 3553 5463 satis

1896 5478 2234 5551 incongrua.
2271 5480 2593 5538 Hauscusu.
