3952 6056
197 268 362 335 1265

826 228 1094 335 essm
1139 270 1497 335 raavan.
1544 304 1607 315 -
1636 264 1975 331 APPEND
2006 261 2201 329 VITA
2229 259 2593 329 CONRADI
2619 260 3013 328 ARCHIEP.

3468 252 3623 328 1266

194 397 362 457 litica
412 396 650 456 sanitati
699 403 789 456 est
841 396 1087 457 reddita.
1142 398 1383 467 Quidam
1429 399 1603 457 etiam
1639 412 1781 472 puer
1813 412 1842 455 a
1871 372 1929 437 Α
1960 392 2156 451 saltim
2186 406 2260 450 ex
2290 392 2412 450 suis
2442 390 2561 463 uni,
2596 389 2652 448 id
2678 396 2771 448 est
2792 388 3075 447 Folcardo
3106 387 3330 463 comiti,
3364 389 3532 463 cujus
3563 390 3621 449 in

195 488 415 568 calculi
447 488 732 546 liberatus
762 494 855 546 est
883 489 1169 547 molestia.

273 577 590 635 Dicendum
616 578 726 650 hic,
757 579 927 651 cujus
956 580 1129 636 fuerit
1162 581 1420 651 pietatis,
1454 594 1583 637 cum
1615 579 1848 651 quidam

200 664 484 724 Folcardo
514 666 703 739 militi,
735 668 832 740 qui
862 684 1010 727 unus
1033 670 1137 726 fuit
1160 684 1228 726 ex
1252 670 1521 727 hostibus
1544 669 1688 739 suis,
1723 668 1850 724 red-

201 753 419 811 diderit
470 756 619 813 bona
673 773 775 829 pro
826 758 1012 814 malis.
1048 759 1154 825 Qui
1187 758 1463 816 videlicet
1492 773 1623 815 cum
1657 757 1850 815 divina

203 842 432 900 ultione
451 844 632 901 multo
652 845 955 915 langueret
972 851 1257 918 tempore,
1276 846 1506 903 tandem
1529 846 1760 903 rediens
1782 846 1852 903 ad

202 947 291 1001 se,
323 937 379 987 et
416 931 471 988 in
505 938 769 990 sanctum
801 934 901 991 Dei
931 950 993 991 se
1024 935 1282 991 clamans
1315 940 1374 992 et
1404 935 1691 991 conﬁtens
1724 949 1855 1007 pec-

202 1032 393 1089 casse,
424 1019 589 1089 juxta
614 1020 810 1077 cordis
833 1037 1026 1077 veram
1050 1023 1452 1094 peenitentiam
1483 1024 1610 1094 ejus
1640 1022 1854 1078 meruit

202 1106 646 1179 indulgentiam.
674 1110 781 1177 Qui
806 1116 865 1166 ut
890 1110 1208 1177 convaluit,
1231 1127 1344 1167 non
1371 1112 1635 1182 ingratus
1654 1110 1853 1168 collati

206 1196 496 1268 beneﬁcii,
527 1202 662 1253 vota
696 1199 931 1255 veniens
963 1199 1159 1269 solvit,
1193 1201 1414 1270 gratias
1442 1201 1583 1270 egit,
1614 1203 1670 1255 et
1704 1214 1853 1256 nunc

208 1298 392 1355 usque
412 1285 657 1355 singulis
676 1287 841 1343 annis
860 1302 1096 1345 censum
1111 1304 1230 1344 sua
1245 1288 1611 1343 liberationis
1628 1287 1855 1344 solvere

203 1388 315 1429 non
340 1374 554 1429 desinit
602 1376 661 1429 In
685 1390 751 1430 eo
775 1380 962 1431 tamen
989 1377 1218 1447 signum
1242 1377 1584 1434 insanabilis
1613 1380 1855 1449 apparet

207 1461 591 1534 infirmitatis,
630 1469 688 1519 ut
729 1463 1003 1534 quamdiu
1053 1465 1207 1521 vivat
1264 1470 1564 1536 peceatum
1597 1465 1651 1521 in
1686 1479 1857 1521 servo

204 1549 307 1604 Dei
339 1550 709 1609 commissum
746 1552 884 1609 luat.
919 1553 1177 1609 Eundem
1209 1554 1457 1625 denique
1491 1556 1561 1609 ab
1593 1554 1859 1611 hostibus

205 1643 443 1710 captum
473 1644 533 1695 et
564 1641 944 1712 compedibus
975 1642 1233 1698 vinctum
1264 1643 1391 1713 ejus
1424 1643 1672 1698 nominis
1702 1642 1861 1699 invo-

206 1726 440 1783 catione
479 1733 712 1785 constat
743 1729 1073 1786 liberatum.

280 1815 484 1873 Mulier
531 1821 834 1874 contracta
882 1818 938 1873 in
985 1818 1419 1890 sollempnitate
1462 1818 1861 1890 apostolorum

206 1903 368 1959 Petri
398 1910 457 1961 et
489 1904 651 1961 Pauli
677 1907 748 1962 ad
772 1906 899 1976 ejus
919 1906 1295 1978 sepulchrum
1328 1907 1600 1978 sospitati
1622 1911 1713 1963 est
1736 1906 1862 1961 red-

207 1983 521 2065 dita,'puto
546 1995 709 2065 quasi
737 2009 842 2066 pro
866 1994 1113 2066 quadam
1139 1997 1680 2067 recompensatione
1711 1995 1862 2054 diem

210 2081 546 2139 n-atalitium
597 2097 795 2139 eorum
830 2082 931 2138 tali
964 2083 1261 2139 honorans
1310 2083 1575 2140 miraculi
1628 2083 1860 2155 decore,

211 2185 455 2242 quorum
491 2171 547 2227 in
579 2171 852 2243 Agripina
885 2170 1098 2228 dudum
1134 2170 1286 2228 ﬁlius
1320 2172 1506 2228 fuerat
1539 2172 1663 2244 ipse
1694 2176 1751 2230 et
1784 2174 1865 2231 vi-

209 2258 412 2315 carius
446 2258 567 2315 ﬁeri
600 2259 886 2314 debuerat
916 2258 971 2313 in
1002 2259 1307 2316 Treverica
1343 2259 1505 2315 urbe.

280 2345 422 2403 Filia
451 2347 749 2418 cujusdam
775 2347 895 2403 noti
928 2345 1253 2419 Reginfridi
1282 2352 1493 2418 utroqu
1523 2348 1760 2405 orbatae
1782 2347 1870 2406 lu-

210 2434 384 2506 mine,
420 2435 524 2492 sed
546 2439 602 2491 et
628 2435 836 2493 ancilla
868 2437 1168 2506 cujusdam
1203 2436 1475 2492 similiter
1506 2437 1627 2493 noti
1658 2437 1862 2495 militis

210 2523 492 2595 languore
524 2525 783 2596 detenta,
832 2525 1041 2581 mulier
1086 2524 1499 2581 nichilominus
1528 2525 1660 2597 alia,
1696 2526 1864 2597 cujus

212 2612 405 2670 fuerat
428 2616 648 2670 remota
672 2627 701 2668 a
729 2628 834 2669 suo
860 2613 988 2669 loco
1014 2612 1265 2683 maxilla,
1288 2613 1509 2685 pariter
1528 2621 1861 2673 consecuta

216 2705 356 2758 sunt
387 2701 456 2757 ad
484 2702 609 2772 ejus
641 2700 1016 2773 sepulchrum
1065 2702 1335 2758 sanitatis
1379 2707 1579 2773 optata
1625 2704 1858 2775 gaudia,

213 2790 311 2847 illa
346 2790 538 2846 lumen
570 2790 890 2861 oculorum,
935 2790 1066 2848 ista
1096 2790 1547 2848 incolomitatem
1582 2793 1849 2850 membro-

214 2894 367 2936 rum.

284 2967 411 3023 Tria
446 2966 503 3022 in
534 2981 646 3024 uno
677 2966 906 3023 homine
957 2980 1061 3023 sua
1111 2966 1367 3023 ostendit
1420 2966 1728 3036 beneﬁcia;
1762 2968 1858 3039 qui

1959 483 2272 555 prasentia
2304 497 2496 555 cacus
2530 481 2685 538 alius
2716 480 2924 555 amissa
2960 479 3183 555 recepit
3220 478 3455 555 lumina.

2030 559 2081 612 8.
2117 556 2219 608 Det
2263 557 2423 608 certe
2466 553 2712 608 frontem
2757 552 2852 623 qui
2897 551 3022 609 vult
3062 552 3115 605 in
3153 552 3453 623 parietem,
3489 551 3621 623 quia

1959 657 2074 699 non
2107 641 2484 698 reticebimus
2533 640 2604 695 de
2659 641 2786 711 ejus
2828 645 3206 712 persecutore
3233 640 3619 713 Theoderico,

1961 745 2090 803 qua
2122 734 2256 787 sunt
2293 733 2427 784 nota
2455 729 2736 785 universo
2778 730 2926 784 orbi.
2964 728 3062 783 llic
3083 727 3174 761 ⁴⁰¹²
3196 728 3446 800 denique
3467 728 3625 786 audi-

1960 818 2040 874 tis
2058 821 2143 873 tot
2168 816 2579 873 miraculorum
2607 830 2798 887 praco
2817 816 2945 885 niis,
2964 830 3326 886 nequaquam
3348 815 3516 874 ﬁdem
3536 832 3626 873 ac-

1961 906 2333 963 commodans
2352 905 2640 961 asserenti
2663 920 2752 961 um
2776 905 2990 974 verbis,
3012 904 3313 960 incredula
3336 904 3512 961 corde
3555 919 3621 961 an

1965 995 2089 1052 hac
2113 1009 2249 1049 vera
2277 997 2499 1063 essent,
2525 994 2832 1050 temeravit
2858 993 3112 1064 experiri
3131 1007 3233 1064 per
3253 1007 3332 1048 se.
3362 993 3468 1059 Qui
3487 994 3621 1050 dum

1964 1083 2279 1139 adveniens
2305 1097 2413 1137 non
2442 1083 2565 1137 sine
2592 1083 2742 1138 fastu
2769 1081 3059 1152 superbire
3085 1080 3283 1137 valvas
3314 1082 3627 1153 appropia~

1965 1175 2055 1227 ret
2080 1170 2357 1240 basilica,
2381 1184 2491 1242 qua
2511 1185 2680 1226 saera
2706 1169 2993 1242 pullulant
3016 1170 3254 1241 pignora
3277 1171 3624 1228 martirizati

1967 1275 1996 1315 a
2022 1275 2106 1328 se,
2140 1275 2249 1315 non
2284 1260 2407 1315 sine
2437 1259 2524 1315 sui
2557 1259 2850 1330 persensit
2882 1259 3229 1314 verecundia
3262 1258 3373 1329 “’13,
3410 1265 3624 1330 quanta

1969 1348 2125 1404 intro
2160 1348 2479 1403 haberetur
2509 1348 2697 1404 virtus
2732 1347 2943 1403 divina.
2989 1349 3127 1402 Nam
3160 1353 3398 1418 repente
3431 1348 3627 1404 invisi-

1975 1435 2075 1492 bili
2100 1436 2403 1492 obstaculo
2428 1451 2628 1491 sacras
2654 1435 2875 1503 ingredi
2900 1435 3058 1491 ades
3084 1437 3504 1506 prohibebatur
3527 1437 3626 1494 im-

1971 1524 2215 1581 meritus
2233 1526 2426 1592 homo,
2455 1524 2546 1578 cui
2572 1522 2661 1556 ‘0“
2687 1538 2789 1577 uec
2815 1522 3072 1579 martiris
3097 1523 3378 1580 tumulum
3403 1525 3623 1596 videre,

1972 1626 2076 1669 nec
2098 1611 2187 1669 sui
2208 1611 2452 1668 oratorii
2474 1610 2669 1666 limina
2687 1610 3118 1667 concedebatur
3132 1612 3441 1682 attingere.
3464 1614 3629 1670 Cum-

1889 1731 1943 1791 B
1975 1716 2085 1772 que
2100 1700 2337 1757 iteratis
2352 1699 2660 1756 conatibus
2677 1699 2896 1781 ingredi
2914 1698 3202 1756 niteretur
3220 1702 3452 1772 sapius,
3467 1700 3628 1758 huic-

1975 1803 2086 1861 que
2109 1803 2179 1848 ex
2202 1789 2446 1846 adverso
2467 1778 2773 1844 resisteret
2791 1787 2990 1844 eadem
3008 1788 3219 1859 virtus,
3242 1790 3473 1847 tandem
3498 1803 3626 1861 qua

1974 1878 2229 1949 experiri
2263 1876 2577 1933 advenerat
2610 1892 2739 1932 eum
2774 1875 2948 1932 nimia
2983 1876 3324 1933 confusione
3357 1877 3499 1934 abiit
3531 1892 3628 1935 ex-

1975 1970 2202 2036 pertus.
2237 1964 2415 2031 Quem
2440 1963 2596 2035 dum,
2625 1968 2689 2020 ut
2712 1958 2833 2021 'sua
2856 1962 3190 2020 consuleret
3214 1963 3409 2033 saluti,
3439 1964 3605 2022 horta

1977 2057 2181 2108 rentur
2212 2050 2413 2108 ﬁdeles
2447 2056 2503 2106 et
2542 2050 2874 2122 prepinqui,
2907 2056 3111 2108 sancto
3142 2051 3373 2107 scilicet
3405 2052 3631 2109 satisfa-

1975 2138 2182 2195 ciendo
2200 2142 2256 2194 et
2279 2136 2499 2210 aliquid
2522 2138 2872 2210 pradiorum
2896 2154 3000 2210 pro
3021 2137 3336 2195 elemosina
3355 2153 3474 2196 sua
3491 2153 3632 2211 pau-

1977 2227 2101 2298 peri
2120 2224 2383 2282 ecclesia
2403 2226 2777 2297 conferendo,
2794 2225 2969 2283 surda
2988 2241 3127 2283 aure
3146 2226 3518 2299 ﬁoccipendit
3542 2228 3633 2284 vir

1978 2328 2158 2370 vanus
2175 2314 2396 2384 audire,
2413 2314 2505 2371 cui
2527 2315 2863 2371 imminebat
2884 2318 3188 2386 respectus
3214 2314 3313 2372 ira
3335 2329 3626 2387 superna.

1975 2403 2095 2458 Non
2144 2407 2272 2474 post
2322 2402 2567 2459 multum
2600 2403 2881 2475 temporis
2927 2403 3096 2474 (562),
3147 2403 3342 2460 nescio
3371 2418 3484 2475 quo
3513 2406 3631 2478 spi-

1975 2491 2114 2560 ritu,
2141 2490 2387 2547 tendens
2414 2489 2830 2560 lherosolimis,
2856 2490 3218 2560 naufragium
3251 2505 3483 2563 passus,
3511 2506 3631 2548 mo-

1973 2582 2070 2634 tus
2104 2578 2348 2635 incurrit
2384 2578 2591 2643 maris;
2624 2582 2681 2634 et
2706 2577 2777 2634 ad
2803 2578 2911 2634 ima
2938 2576 3300 2635 descendens
3329 2577 3624 2650 profundi,

1972 2665 2352 2723 inrevocabili
2390 2667 2508 2723 fato
2540 2666 2652 2737 “1",
2686 2667 2802 2723 Deo
2826 2666 3043 2737 judice,
3075 2665 3253 2723 solvit
3280 2680 3506 2738 poenam
3536 2667 3627 2723 sui

1972 2754 2235 2812 sceleris.
2268 2756 2345 2811 De
2374 2760 2626 2826 quatuor
2655 2756 2763 2825 his,
2802 2755 2898 2827 qui
2930 2769 2999 2812 eo
3024 2754 3267 2825 jubente
3300 2770 3430 2813 eum
3463 2769 3632 2828 pere-

1971 2854 2150 2913 mere,
2187 2845 2384 2915 potius
2408 2858 2576 2915 quam
2600 2844 2760 2915 loqui
2786 2844 3092 2900 maluimus
3123 2842 3319 2900 silere.
3354 2845 3473 2900 Hoc
3501 2847 3631 2901 tan-

1970 2935 2095 2988 tum
2126 2932 2369 2990 sufﬁciat
2400 2932 2619 2997 dicere,
2655 2932 2907 2989 diversis
2938 2932 3129 3004 poenis
3158 2935 3215 2988 et
3248 2931 3621 2989 evidentibus

1971 3020 2142 3077 malis
2172 3021 2243 3075 ab
2274 3020 2380 3077 hac
2411 3022 2778 3077 substractos
2813 3019 2940 3076 luce
2974 3018 3145 3089 (563).

212 3070 343 3161 (Ἦ
376 3054 1163 3161 éfsétgdanlage,0P5???
1187 3057 1511 3161 ξιξεξνξὲθι
1535 3056 1724 3161 efﬁcio
1755 3057 1860 3161 lin:
1890 3081 1939 3141 Ο
1971 3054 2243 3147 ⁸⁸⁸⁸ὸῖ¹ἒῗο¹ἶ
2274 3054 3331 3161 ῖξιῗιιῗιέἶῗὲἕῖἑῐῖιῖίῑιέ”ιῖίὲ⁰ἔι“ῐξιύεηαο
3361 3089 3623 3146 correxit

211 3157 339 3212 gua
371 3147 428 3201 et
461 3143 716 3212 auditus,
752 3143 820 3199 ad
858 3141 1139 3199 tumulum
1179 3143 1306 3214 ejus
1337 3144 1458 3201 hac
1492 3149 1737 3216 utraque
1768 3151 1858 3203 est

213 3232 459 3303 adeptus
473 3237 532 3289 et
549 3233 619 3286 ab
634 3233 800 3288 hoste
820 3230 1069 3301 maligno
1089 3231 1398 3288 liberatus.
1413 3234 1712 3291 —Rustici
1734 3250 1854 3307 sex,

213 3335 461 3391 quorum
482 3320 702 3392 pariter
726 3320 902 3391 pedes
926 3320 1096 3391 culpa
1121 3320 1446 3379 insolentia
1469 3322 1641 3394 cippo
1663 3323 1856 3380 stricti

210 3414 379 3479 erant
412 3409 481 3465 ab
513 3414 807 3480 exactore,
842 3409 1026 3466 sancti
1050 3409 1297 3466 nominis
1316 3411 1444 3482 ejus
1466 3411 1856 3481 invocatione,

212 3497 373 3555 nullo
420 3510 646 3554 manum
697 3503 1043 3570 apponente,
1094 3498 1241 3555 solvi
1290 3514 1575 3556 meruere.
1609 3533 1679 3541 ——
1708 3504 1860 3558 Puer

212 3586 421 3643 deinde
453 3586 743 3644 lunaticus
765 3593 823 3643 et
845 3587 995 3644 alius
1015 3587 1316 3658 cujusdam
1352 3588 1553 3646 militis
1584 3590 1855 3660 Wigerici

211 3689 355 3746 puer
379 3674 753 3744 domesticus,
787 3674 1086 3744 cujusjam
1111 3689 1214 3746 per
1237 3689 1446 3731 annum
1471 3691 1673 3747 panem
1699 3678 1859 3734 fasti-

211 3763 406 3821 diebat
430 3763 782 3833 stomachus,
811 3763 933 3834 pari
958 3769 1093 3820 voto
1117 3764 1425 3835 advenere,
1456 3766 1663 3837 suique
1694 3782 1859 3824 recu-

211 3852 515 3924 peratione
537 3851 756 3923 pariter
776 3850 962 3908 sancti
983 3850 1255 3908 virtutem
1278 3867 1645 3923 pcrsensere.
1666 3886 1729 3894 —
1746 3856 1855 3912 Sed

210 3944 268 3996 et
291 3955 361 3995 ex
386 3939 596 3995 familia
622 3939 775 3995 beati
797 3937 1168 3997 Willebrordi
1193 3939 1507 3997 adveniens
1530 3957 1742 4013 cacus,
1765 3944 1856 4000 sui

212 4026 631 4083 illuminatione
661 4026 869 4083 similia
912 4030 1000 4082 est
1038 4033 1346 4099 expertus;
1390 4029 1483 4085 cui
1516 4029 1653 4086 licet
1686 4029 1856 4087 facile

212 4114 392 4170 isdem
421 4115 625 4171 beatus
643 4114 946 4170 confessor
963 4112 1072 4170 hoc
1092 4114 1277 4186 ipsum
1299 4114 1549 4172 valuerit
1564 4118 1852 4188 conferre,

208 4206 401 4259 tamen
426 4202 480 4256 in
506 4204 610 4260 hoc
631 4218 740 4258 mai
758 4202 889 4257 tiris
912 4216 1024 4258 non
1050 4202 1255 4259 invidit
1273 4202 1496 4274 gloria.

279 4300 397 4356 Non
431 4305 732 4372 exspectet
765 4300 1073 4372 quisquam
1103 4316 1133 4356 a
1166 4316 1253 4358 me
1284 4305 1402 4357 tam
1436 4302 1616 4359 multa
1648 4305 1854 4363 audire

210 4403 335 4460 qua
357 4388 427 4445 ad
451 4389 727 4447 indicium
752 4390 1087 4447 sanctitatis
1106 4405 1226 4447 sua
1246 4390 1439 4446 divina
1456 4392 1645 4462 gratia
1666 4393 1853 4452 voluit

209 4475 525 4548 declarare,
559 4477 713 4550 quia,
741 4483 804 4534 ut
827 4492 1103 4550 superius
1129 4493 1216 4534 me
1240 4479 1471 4535 memini
1496 4479 1735 4552 dixisse,
1762 4496 1856 4540 su-

210 4565 500 4638 periorum
530 4571 864 4623 nostrorum
895 4567 1116 4625 desidia
1149 4567 1327 4625 multa
1357 4574 1592 4626 manent
1619 4571 1856 4628 oblitte-

211 4651 540 4726 rata,plura
563 4653 736 4708 etiam
761 4669 865 4711 nos
887 4656 1132 4712 omittim
1144 4672 1208 4713 us
1225 4671 1297 4713 ex
1315 4656 1623 4729 industria,
1640 4660 1853 4732 partim

210 4740 521 4798 multorum
542 4740 789 4812 invidia,
816 4743 1026 4814 partim
1048 4744 1484 4804 incredulorum
1506 4747 1856 4806 condescen-

209 4829 414 4888 dentes
438 4829 707 4900 miseria,
730 4831 826 4901 qui
851 4845 956 4889 nec
980 4832 1219 4905 scriptis
1238 4849 1343 4892 nec
1368 4836 1565 4894 verbis
1586 4839 1854 4909 prabent

208 4932 529 4987 assensum,
572 4917 680 4975 nisi
722 4917 976 4975 viderint
1008 4920 1179 4988 oculo
1212 4922 1283 4977 ad
1314 4922 1567 4980 oculum.
1603 4926 1856 4983 Credant

1970 3178 2270 3248 signorum
2314 3179 2812 3251 increpationibus
2843 3179 3051 3234 beatus
3094 3185 3259 3249 pater
3303 3176 3621 3233 Conradus.

1971 3267 2158 3324 Semel
2190 3267 2402 3325 natalis
2435 3266 2653 3324 Domini
2687 3267 2800 3333 die,
2833 3282 2964 3323 cum
2993 3281 3065 3321 ex
3094 3265 3403 3322 custodum
3446 3264 3630 3336 negli-

1968 3356 2164 3426 gentia
2185 3370 2382 3412 eoram
2408 3371 2467 3413 se
2494 3355 2684 3426 posita
2710 3370 2816 3411 non
2842 3344 3076 3411 arderet
3100 3353 3361 3424 candela,
3384 3358 3627 3425 repente

1970 3443 2251 3501 divinitus
2275 3450 2367 3501 est
2390 3459 2654 3501 accensa.
2684 3443 2862 3500 Simili
2888 3442 3077 3513 modo,
3102 3445 3162 3499 ut
3188 3443 3461 3513 superius
3481 3441 3628 3497 dixi-

1969 3547 2115 3604 mus,
2150 3547 2280 3589 eum
2310 3533 2433 3589 vice
2464 3532 2650 3589 altera
2679 3530 2877 3588 eadem
2907 3530 3077 3602 culpa
3107 3530 3249 3585 inibi
3281 3530 3510 3587 deesset
3540 3528 3628 3586 lu-

1969 3634 2163 3689 cerna,
2199 3620 2397 3676 subito
2426 3619 2642 3675 fabrica
2675 3618 2861 3675 totius
2892 3615 3189 3689 sepulchri
3215 3620 3391 3687 mota,
3422 3615 3623 3673 eadem

1968 3708 2188 3763 virtute
2216 3723 2445 3778 cereus,
2478 3709 2575 3778 qui
2605 3708 2754 3763 forte
2778 3706 3001 3775 aderat,
3036 3705 3166 3762 luce
3202 3704 3416 3762 enituit
3445 3704 3622 3760 clara.

1968 3797 2089 3852 Non
2122 3796 2407 3853 dissimile
2438 3802 2498 3852 et
2530 3795 2675 3851 illud
2707 3795 2957 3861 exstitit,
3004 3794 3156 3864 quod
3188 3808 3301 3850 non
3336 3807 3531 3850 coram
3564 3807 3626 3850 se

1969 3883 2191 3939 ﬁrmius
2213 3884 2441 3941 haerens
2462 3896 2692 3952 cereus,
2720 3884 2854 3938 dum
2878 3896 3054 3953 super
3078 3883 3447 3951 sarcofagum
3471 3880 3626 3937 vela-

1968 3971 2118 4027 mine
2143 3977 2406 4043 opertum
2431 3970 2674 4039 corruit,
2710 3969 2933 4025 diutius
2955 3967 3213 4025 ardendo
3239 3969 3444 4038 jacens
3467 3971 3522 4023 et
3544 3966 3628 4037 ja-

1968 4059 2152 4116 cendo
2173 4059 2405 4128 ardens,
2435 4059 2620 4129 ipsum
2644 4057 2919 4129 velamen
2946 4058 3198 4129 inustum
3231 4056 3511 4129 servavit.

2036 4132 2157 4186 Jam
2186 4129 2373 4186 avidis
2393 4125 2772 4185 auditoribus
2794 4127 3024 4182 modum
3048 4126 3118 4181 de
3144 4126 3232 4183 his
3256 4125 3627 4202 inponat_sti-

1968 4218 2081 4289 lus,
2112 4219 2265 4291 quia,
2293 4222 2356 4276 ut
2379 4216 2457 4274 ait
2486 4218 2694 4274 beatus
2717 4215 3055 4286 Gregorius,
3091 4215 3253 4285 signa
3288 4213 3624 4271 inﬁdelibus

1967 4306 2345 4364 monstranda
2373 4309 2527 4376 sunt,
2560 4319 2674 4361 non
2704 4302 3008 4371 ﬁdelibus;
3038 4302 3252 4374 quibus
3277 4303 3347 4359 ad
3370 4303 3620 4360 salutem

1967 4394 2232 4453 sufﬁcere
2254 4399 2471 4468 posset,
2487 4392 2663 4450 etiam
2686 4392 2735 4449 si
2760 4391 2950 4448 minus
2971 4390 3128 4447 dicta
3151 4394 3369 4448 essent.
3399 4390 3454 4445 Si
3480 4389 3624 4448 ﬁdes

1967 4498 2080 4542 non
2113 4483 2262 4541 desit
2300 4482 2638 4556 petentium,
2677 4494 2990 4552 numquam
3020 4478 3112 4514 “’1‘
3145 4479 3313 4536 deest
3344 4478 3471 4550 ejus
3504 4480 3621 4535 suf-

1968 4572 2246 4643 fragium;
2296 4571 2429 4642 quia
2478 4570 2632 4641 quod
2683 4568 2795 4626 sibi
2846 4567 3033 4627 adhuc
3062 4566 3254 4625 carnis
3286 4566 3622 4624 inﬁrmitate

1966 4659 2363 4720 circumdatus
2415 4657 2539 4715 ﬁeri
2592 4655 2796 4727 noluit,
2849 4655 3053 4728 utique
3102 4655 3235 4713 aliis
3283 4656 3474 4711 facere
3506 4669 3621 4711 non

1965 4748 2201 4821 refugit.
2247 4747 2424 4820 Cujus
2464 4745 2695 4804 assidua
2732 4745 3087 4803 interventio
3117 4759 3225 4801 nos
3256 4741 3622 4800 commendet

1964 4835 2350 4910 omnipotenti
2400 4836 2517 4893 Deo
2566 4835 2840 4902 deorum;
2871 4832 2964 4891 cui
3012 4833 3090 4891 sit
3137 4831 3265 4890 laus
3315 4831 3371 4887 in
3421 4829 3619 4888 secula

1964 4926 2327 4992 seculorum;
2357 4939 2521 4981 amen
2543 4922 2652 4977 ⁸ου.

1563 5022 1797 5078 VARIIE
1841 5024 2238 5080 LECTIONES.

274 5111 366 5190 ‘f’f’
391 5114 513 5190 _lloe
534 5117 586 5170 2.
649 5111 759 5190 ffff
789 5113 1137 5190 verecongia
1158 5118 1211 5190 2,
1287 5115 1379 5190 f9“
1411 5117 1574 5190 sui-2.
1654 5118 1747 5152 ⁴⁰¹⁸
1778 5122 1925 5177 satis
1948 5126 1998 5177 2.
2077 5120 2169 5155 ‘0“
2199 5133 2485 5190 nonquam
2507 5122 2559 5173 2.
2639 5115 2731 5190 ⁸9³⁷
2761 5114 3377 5190 Iucod._1_.__le:_(alia
3399 5122 3619 5190 manu)

208 5185 262 5241 σι
298 5184 351 5264 ίξδ
382 5182 504 5241 hac
531 5217 557 5245 ο
582 5182 799 5264 addita
824 5185 1005 5243 sunt:
1028 5184 1150 5241 Kal.
1183 5186 1334 5243 Junii
1368 5188 1563 5259 passio
1593 5192 1781 5247 sancti
1811 5192 2065 5257 Cimonis
2092 5206 2123 5248 e
2171 5182 2409 5261 iscop'et
2436 5186 2724 5257 martyris.
2750 5192 2783 5244 8
2808 5187 2943 5243 ldus
2972 5187 3107 5243 Julii
3138 5219 3165 5247 ο
3196 5182 3459 5244 inventio
3491 5182 3623 5246 cor;

209 5269 367 5316 poris
397 5269 443 5310 8.
483 5256 621 5310 Cun.
657 5270 837 5316 ODISC.
864 5261 920 5311 et
947 5271 1019 5311 m.
1046 5256 1116 5311 ad
1142 5273 1341 5316 runem
1378 5259 1471 5313 ubi
1507 5258 1834 5316 decollatus
1857 5269 1968 5316 est.
1994 5269 2027 5316 8
2054 5207 2173 5316 Κείς).
2200 5263 2344 5316 Aug.
2369 5257 2679 5316 translatio
2701 5257 2971 5316 corporis
2996 5273 3044 5314 s.
3072 5258 3330 5315 Cunonis
3352 5259 3621 5316 enisconi

208 5254 367 5327 poris
397 5269 443 5310 8.
483 5256 621 5327 cun.
657 5270 688 5311 θ

522 5270 621 5337 μη..
657 5254 920 5382 θεωρηθι
947 5271 1019 5311 m.
1046 5256 1116 5311 ad
1142 5273 1341 5328 rupem
1368 5254 1471 5313 'nbi
1507 5258 1834 5318 decollatus
1857 5254 1968 5318 est.
1994 5269 2027 5320 8
2054 5265 2130 5318 Ka

522 5341 567 5381 I8
598 5342 655 5381 in
728 5327 925 5382 asrlica
959 5327 1060 5382 (in)
1096 5328 1250 5382 beati
1280 5329 1538 5382 Mauricii
1568 5338 1626 5382 et
1661 5346 1710 5382 s.
1741 5332 1886 5382 eius.

206 5330 262 5382 et
294 5327 567 5396 martyris
598 5327 655 5381 in
689 5327 925 5382 basilica
959 5327 1060 5399 (in)
1096 5327 1250 5384 beati
1280 5329 1538 5385 Mauricii
1568 5338 1626 5386 et
1661 5346 1710 5386 8.
1741 5332 1886 5401 ejus.

2200 5257 2344 5330 Aug.
2369 5257 2679 5316 translatio
2701 5257 2971 5329 corporis
2996 5273 3044 5314 s.
3072 5258 3330 5315 Cunonis
3352 5259 3556 5330 cpisco
3568 5259 3621 5332 pi

1787 5401 2016 5457 NOT/E.

276 5466 506 5538 (562)73.
540 5468 708 5533 1073;
739 5481 790 5521 ν.
825 5466 1171 5525 Bernoldum
1196 5468 1496 5526 Constant.
1520 5469 1574 5526 h.
1597 5485 1647 5527 a.
1670 5472 1857 5529 Minus

211 5537 370 5597 reete
401 5537 739 5609 Sigebertus
770 5553 821 5595 a.
858 5542 995 5596 1068
1025 5538 1283 5597 indicare
1316 5539 1565 5597 videtur.

2036 5473 2183 5541 (563)
2218 5470 2306 5529 Cf.
2336 5468 2687 5529 Bernoldum
2717 5483 2769 5528 a.
2806 5468 2965 5529 1066.
