3952 6056
404 196 556 264 126⁸7

1040 202 1309 271 GESTA
1352 204 1704 274 TREVER.
1742 245 1815 257 —
1840 206 2193 275 APPEND.
2229 208 2342 275 EX
2372 209 2580 275 HIST.
2615 209 2860 276 MART.
2895 210 3139 277 TREV.
3169 203 3186 220 ’

3671 211 3824 279 1268

1756 356 2247 424 EPITAPHIUM
2282 353 2471 446 (564)

432 491 559 549 Dux
589 490 783 559 gregis
810 494 871 546 et
899 496 1102 560 portus
1133 494 1189 545 et
1222 490 1327 547 llos
1360 488 1608 546 feliciter
1640 494 1826 559 ortus,

432 580 571 637 Post
591 580 1007 636 incrementum
1036 580 1260 636 fructus
1281 579 1436 635 subit
1458 580 1565 635 hoc
1586 583 2037 647 monumentum,

434 670 555 725 Hoc
584 668 1049 739 lransplantatus
1075 668 1333 724 claustro
1357 667 1462 724 ﬂos
1488 675 1965 737 prememoratus.

428 757 626 814 Trevir
647 761 774 813 erat
797 762 953 825 natu,
980 756 1418 826 Sigebergensis
1450 753 1598 825 (565)
1630 755 2004 823 monacbatu;

433 845 647 900 Attulit
670 846 779 902 huc
803 861 998 903 secum
1024 846 1355 902 venerabile
1387 844 1668 901 fratribus
1696 858 1930 913 equum,

2069 488 2126 548 A
2192 490 2545 562 Doctrinam,
2577 506 2786 564 mores,
2813 491 3097 551 virtutum
3122 507 3387 566 quosque
3407 492 3675 554 colores.

2191 577 2368 644 Quem
2391 580 2521 650 quia
2548 596 2846 639 servorum
2875 583 3033 639 fraus
3054 584 3390 655 conspirata
3412 582 3715 642 malorum

2188 668 2479 725 Insontem
2506 670 2736 740 stravit,
2761 671 2991 741 gladius
3014 672 3247 729 Christo
3271 673 3513 731 sociavit
3540 693 3555 729 :

2187 757 2336 825 Ergo
2361 759 2512 827 quod
2537 758 2784 815 obtabas
2819 764 3039 830 martyr
3069 760 3260 832 modo,
3289 762 3384 832 qui
3412 762 3581 834 prius
3603 762 3802 833 abbas,

2185 844 2244 900 in
2271 847 2551 904 monacho
2577 847 2789 905 Christi
2812 849 3000 916 testis,
3035 850 3399 922 Cbounrade,
3436 851 3629 908 fuisti.

392 982 3801 1011 W

751 1099 907 1189 EX
1006 1094 1566 1188 HISTORIA
1663 1093 2343 1187 MARTYRUM
2437 1097 3417 1195 TREVERENSIUM.

460 1279 625 1335 Anno
658 1283 792 1334 1072
821 1279 1026 1336 tabula
1054 1280 1125 1334 de
1150 1276 1523 1345 martyribus
1542 1273 1943 1348 afﬂictiooaro
1970 1272 2142 1348 cessis
2179 1273 2421 1348 Treveri
2450 1279 2702 1348 sepultis
2729 1280 2992 1347 inventa,
3030 1280 3155 1336 tam
3179 1280 3521 1339 sanctorum
3551 1283 3799 1341 illm

385 1352 720 1417 passionem
744 1353 867 1406 tam
887 1350 1250 1427 inventionis
1275 1342 1545 1427 ordinem
1578 1342 2028 1427 tamjn‘iraeula
2056 1342 2775 1427 ᾳαωᾴφηιρῡἰᾴῥτηχᾳσιᾳ
2805 1342 3056 1427 etericus
3091 1353 3467 1427 Treverensis
3491 1358 3795 1423 narravit,

384 1416 624 1495 prologo
642 1425 965 1495 praemisso,
991 1437 1105 1491 quo
1123 1421 1291 1495 nihil
1309 1421 1379 1476 de
1398 1434 1459 1476 se
1481 1421 1607 1495 ipso
1628 1417 1727 1495 oet
1746 1416 1815 1471 de
1834 1416 2026 1495 operis
2056 1416 2319 1495 consilio
2334 1416 2611 1495 tradidit.
2642 1422 2769 1495 Sed
2790 1423 3082 1495 pleraque
3108 1423 3308 1492 ipsum
3335 1425 3561 1483 cidisse
3582 1440 3663 1482 ex
3683 1416 3798 1484 toto

384 1479 734 1549 narratione
764 1479 1204 1561 abande‘patet.
1236 1505 1435 1565 neque
1456 1479 1564 1565 (tia
1590 1479 2391 1565 postscrtjigissepnlandus
2421 1492 2526 1558 est,
2558 1479 2904 1565 quippe'qni
2925 1479 3355 1565 nitracnlm'am
3384 1479 3793 1554 animation-eiii

385 1575 500 1615 mm
521 1566 687 1619 ultra
707 1579 760 1620 (ι.
786 1568 924 1619 1072
937 1556 1353 1633 prosequatur.
1384 1556 1771 1633 Eidem—etei}
1890 1556 2351 1633 Fejicisdeberi,
2370 1556 2776 1633 mpm—monui
2790 1556 2938 1632 feed
2956 1565 3138 1621 etiam
3158 1565 3281 1623 hac
3299 1568 3566 1626 arietaria
3590 1583 3793 1624 nomen

381 1633 539 1689 silet.
579 1636 851 1691 Historia
882 1628 1221 1699 morti/ram
1241 1648 1334 1692 an.
1367 1632 1687 1705 Hont/ieim
1708 1628 1919 1705 Prodr.
1946 1628 2076 1705 [μμ.
2108 1630 2209 1681 109
2230 1642 2306 1705 ea;
2326 1628 2456 1686 cod.’
2491 1628 2853 1705 Treverensi,
2877 1637 3083 1705 postea
3113 1637 3329 1693 collato
3351 1638 3474 1695 eod.
3499 1640 3571 1697 ις’.
3598 1638 3794 1696 Mazi-

326 1714 332 1720 ·
378 1706 532 1782 "gini
556 1706 820 1782 ᾼρζκᾷνιξζ.
852 1697 1151 1782 Οσίοὸέζι,
1175 1721 1229 1772 p.
1246 1709 1359 1782 373
1376 1704 1537 1759 edita
1557 1702 1660 1782 est.
1678 1700 1958 1782 getiam
1980 1697 2507 1782 generat/{ianuas
2520 1704 2829 1782 Hitlarias
2843 1697 3114 1782 o'iditfp.
3140 1711 3229 1775 27,
3256 1711 3380 1782 671
3409 1710 3571 1768 alios
3587 1711 3795 1782 procul

384 1773 559 1831 daiio
583 1776 932 1833 bibliotheca
954 1766 1212 1833 continet
1240 1775 1632 1832 Trecerensis.
1665 1774 1805 1829 Hae
1821 1766 2323 1839 oerofragmenta
2346 1786 2420 1829 ea:
2440 1775 2917 1834 Hontlteimiana
2938 1766 3198 1836 editione
3215 1766 3430 1851 repeto.

454 1915 567 1965 1...
590 1952 633 1966 ..
671 1910 818 1967 illud
848 1926 989 1967 vero
1022 1911 1431 1982 qualicumque
1464 1912 1758 1971 scribendi
1796 1914 2026 1972 modulo
2056 1879 2112 1940 Β
2142 1903 2501 1975 dignaretur.
2539 1923 2641 1980 per
2674 1910 2826 1981 quod
2855 1910 3223 1968 benedictum
3256 1926 3461 1968 nomen
3485 1913 3615 1983 eius
3638 1928 3667 1972 a
3693 1929 3789 1973 sae-

379 1999 712 2069 posteritati
745 2000 1143 2057 transmittere
1170 2000 1449 2057 debemus
1478 2002 1834 2072 necessario,
1869 2004 2025 2073 quali

377 2084 589 2143 divinie
610 2089 1153 2159 przedestinationis‘
1168 2090 1536 2147 ordinatione
1559 2090 1665 2148 bac
1688 2096 2024 2150 sanctorum

376 2174 657 2232 lictiﬁcati
693 2178 877 2235 simus
912 2178 1397 2235 mani”estatione.

446 2271 496 2322 2.
526 2268 703 2323 Erant
728 2283 930 2339 nempe
955 2269 1008 2322 in
1036 2268 1129 2324 illa
1157 2269 1341 2324 sancti
1366 2268 1590 2325 Paulini
1614 2271 2021 2328 canonicornm

373 2356 825 2424 congregatione
843 2358 1056 2411 fratres
1076 2356 1251 2425 aliqui
1273 2362 1491 2413 sanctae
1507 2358 1806 2428 religionis
1824 2360 2022 2416 studio

372 2444 788 2499 venerabiliter
810 2446 1055 2500 accensi.
1092 2446 1157 2500 lii
1184 2460 1346 2515 ergo,
1371 2445 1503 2502 dum
1530 2446 1682 2503 inter
1706 2447 1814 2504 alia
1844 2448 2023 2519 pieta-

372 2532 448 2587 tis
476 2546 655 2602 opera
687 2548 869 2591 sacrae
901 2534 1218 2604 Scripturae
1242 2533 1469 2601 legendi
1496 2536 1757 2605 paginam
1782 2551 2017 2608 operam

372 2636 484 2676 non
510 2622 799 2677 minimam
830 2624 1179 2690 praeberent,
1215 2623 1483 2679 solebant
1509 2624 1870 2694 frequentius
1892 2641 2021 2683 eor-

372 2709 532 2779 poris
562 2714 620 2764 et
655 2710 863 2765 mentis
906 2710 1244 2779 aspectibus
1277 2710 1373 2767 illa
1406 2716 1852 2783 repraesentare,
1891 2729 2019 2784 quae

367 2798 719 2853 videbantur
743 2798 811 2853 ad
837 2798 1110 2856 honorem
1143 2799 1408 2857 ecclesiae
1439 2802 1780 2872 Trevericze,
1816 2803 2020 2859 matris

368 2886 594 2943 scilicet
615 2902 755 2955 suze,
777 2892 1075 2957 spectare;
1102 2887 1262 2945 illius
1285 2889 1550 2947 forsitan.
1574 2890 1708 2959 quin
1735 2891 1907 2948 immo
1929 2906 2017 2949 re-

366 2989 524 3045 vera,
562 2991 671 3032 non
708 2977 1071 3033 immemores
1106 2977 1384 3049 praecepti
1426 2978 1580 3049 quod
1610 2978 1688 3035 ait
1726 2998 1738 3034 :
1769 2981 2019 3040 Honora

361 3065 595 3133 patrem
627 3065 791 3120 tuum
813 3065 869 3121 et
886 3066 1139 3122 matrem
1169 3066 1361 3133 (Deut.
1390 3081 1444 3128 ν,
1472 3068 1558 3137 16)
1590 3071 1645 3123 et
1672 3067 1919 3124 aliorum
1942 3069 2013 3126 ad

364 3151 517 3209 hunc
556 3151 788 3208 modum
823 3152 1038 3222 justam
1082 3155 1587 3212 conversationem
1619 3156 2007 3213 suadentium.

2139 1994 2270 2050 culo
2304 1995 2357 2051 in
2397 1996 2671 2054 saeculum
2718 1999 3166 2058 henediceretur
3205 2016 3271 2058 ac
3313 2001 3679 2060 laudaretur.
3723 2004 3788 2060 Ut

2137 2097 2278 2152 ergo
2304 2085 2611 2155 promissio
2633 2088 2729 2143 Dei
2758 2088 2989 2144 immota
3022 2095 3413 2160 permaneret,
3448 2106 3579 2161 qua
3611 2092 3784 2149 dicit:

2140 2171 2249 2227 Ubi.
2274 2172 2387 2228 dno
2408 2175 2519 2230 aut
2535 2174 2652 2233 tres
2673 2177 3020 2247 congregati
3035 2178 3287 2249 fuerint
3302 2181 3370 2236 in
3385 2182 3626 2237 nomine
3650 2194 3782 2247 meo,

2134 2259 2200 2315 in
2216 2262 2407 2318 medio
2425 2277 2621 2319 eorum
2636 2278 2765 2321 sum
2789 2264 3031 2333 (Matth.
3056 2281 3210 2336 xvm,
3232 2269 3322 2339 20)
3346 2298 3415 2308 -
3434 2272 3558 2324 tres
3577 2269 3782 2340 quippe

2134 2347 2474 2406 intentionis
2504 2351 2673 2423 hujus
2706 2353 2918 2410 fratres
2944 2386 3004 2393 —
3031 2355 3264 2411 fuerunt
3284 2388 3355 2397 —
3376 2356 3660 2413 auxilium
3690 2359 3781 2414 Dei

2134 2437 2241 2492 sibi
2277 2438 2346 2494 ad
2379 2439 2523 2495 hanc
2557 2441 2936 2497 intentionem
2974 2445 3244 2514 praeberi,
3295 2445 3415 2501 cito
3448 2450 3777 2502 senserunt.

2132 2526 2463 2582 Priusenim
2482 2543 2648 2599 quam
2667 2530 3291 2602 triduanumjejunium
3306 2533 3481 2589 tertia
3498 2533 3629 2590 vice
3643 2549 3781 2591 com-

2133 2615 2639 2685 plevissent,misit
2658 2618 2975 2676 eisDeusin
2990 2620 3340 2689 adjutorium
3358 2622 3650 2692 quendam
3666 2637 3781 2680 san-

2131 2706 2241 2759 ctae
2272 2704 2743 2761 conversationis
2776 2707 2983 2764 laicum
3013 2709 3241 2766 nomine
3274 2710 3637 2781 Folbertum,
3673 2712 3782 2783 pri-

2130 2796 2324 2846 vatum
2348 2794 2594 2849 eundem
2620 2795 2746 2851 visu
2771 2794 3093 2866 oculorum,
3124 2812 3290 2868 quem
3320 2814 3468 2856 unus
3490 2813 3564 2855 ex
3590 2801 3781 2858 tribus

2132 2880 2390 2950 praefatis
2418 2880 2717 2945 fratribus.
2736 2884 2934 2939 Cuono
2954 2884 3464 2953 videlicet,custos
3492 2894 3780 2946 monaste-

2128 2966 2195 3021 rii
2219 2968 2407 3024 sancti
2426 2968 2671 3040 Paulini,
2690 2970 2887 3028 studio
2909 2978 3125 3029 sanctaa
3150 2973 3575 3046 hospitalitatis
3600 2977 3657 3033 in
3685 2977 3779 3034 do-

2127 3068 2278 3111 mum
2299 3071 2459 3113 suam
2486 3058 2795 3130 recipiens,
2816 3060 3120 3116 sufficienti
3141 3076 3205 3118 ac
3226 3061 3437 3132 placita
3459 3062 3541 3118 illi
3565 3064 3778 3121 officio-

2126 3143 2299 3199 sital.)
2335 3147 2722 3203 sustentabat.
2766 3148 2946 3217 Ilujus
2977 3153 3171 3205 autem
3202 3151 3369 3207 cibus
3398 3153 3775 3222 vespertinus

363 3243 522 3296 Inter
553 3240 892 3297 multimoda
923 3242 1119 3312 itaque
1146 3242 1257 3297 loci
1290 3243 1463 3313 hujus
1496 3245 1782 3313 praeconia
1815 3246 1991 3316 passii

2149 3236 2248 3287 rrat
2267 3234 2430 3304 panis
2450 3249 2772 3306 perparvus
2787 3236 3156 3293 medietatem
3179 3238 3381 3309 palmae
3401 3253 3512 3295 non
3532 3241 3773 3298 vincens

364 3332 697 3385 sanctorum
725 3332 1042 3397 martyrum
1068 3330 1330 3385 Gentiani
1356 3335 1416 3386 et
1439 3330 1715 3386 Victorici
1748 3332 2013 3403 frequen-

361 3417 479 3473 tius
510 3416 597 3472 eis
626 3419 995 3473 occurrebat.
1041 3417 1178 3483 Quae
1218 3420 1487 3488 quotiens
1526 3420 1769 3477 auribus
1808 3435 2008 3479 eorum

360 3505 665 3574 corporeis
694 3506 1171 3562 innumerabilem
1198 3507 1648 3565 Christianorum
1675 3514 1927 3580 stragem
1952 3511 2007 3567 in

361 3594 506 3648 urbe
528 3593 829 3649 Treverica
851 3608 880 3648 a
902 3594 1233 3651 Rictiovaro
1259 3596 1465 3651 factam
1492 3596 1769 3667 insonuit,
1795 3599 2007 3655 totiens

359 3695 461 3735 cor
510 3693 709 3737 eorum
762 3696 1009 3737 maerore
1059 3683 1229 3739 simul
1262 3690 1317 3740 et
1354 3684 1566 3754 gaudio
1617 3689 2002 3753 contremuit;

361 3782 605 3825 maerore
631 3768 861 3838 quidem
885 3774 1129 3841 propter
1152 3772 1479 3839 ignoratum
1513 3779 1737 3831 tantum
1768 3779 2003 3846 tamque

356 3856 685 3927 preciosum
710 3861 1045 3914 sanctorum
1066 3875 1375 3930 corporum
1399 3863 1765 3930 thesaurum;
1788 3865 2002 3933 gaudio

358 3950 548 4001 autem
584 3950 825 4017 prepter
856 3962 1048 4005 rerum
1087 3948 1412 4009 veritatem.
1448 3966 1616 4021 quam
1650 3967 1750 4022 per
1782 3956 2000 4009 tantam

357 4033 672 4104 Scriptura:
691 4049 873 4092 saera.»
894 4034 1220 4093 didicerant
1242 4038 1671 4095 auctoritatem.
1692 4040 2002 4099 Referebat

354 4119 506 4175 enim
532 4119 775 4175 istorum
799 4121 995 4191 passio
1020 4127 1378 4194 sanctorum,
1410 4124 1559 4194 quod
1584 4125 1849 4194 ingresso
1872 4128 2001 4184 Tre-

356 4207 520 4263 virim
545 4208 898 4273 Rictiovaro,
916 4214 1073 4266 tanta
1100 4211 1171 4265 ab
1193 4225 1261 4267 eo
1286 4212 1363 4266 sit
1388 4212 1535 4269 facta
1562 4212 1640 4269 ibi
1666 4219 1998 4272 sanctorum

352 4296 654 4365 sanguinis
675 4297 903 4355 effusio.
938 4304 1001 4353 ut
1029 4298 1132 4354 rivi
1158 4300 1387 4357 cruoris
1417 4315 1599 4371 aquze,
1629 4301 1796 4373 juxta
1828 4318 1997 4374 quam

352 4383 532 4439 occisi
555 4388 710 4452 sunt,
738 4385 1009 4454 permixti
1032 4391 1090 4441 et
1115 4387 1169 4442 in
1195 4388 1485 4444 Musellam
1512 4386 1767 4455 deducti,
1793 4404 1916 4446 eam
1942 4391 1995 4448 in

352 4485 518 4529 suum
534 4470 786 4526 colorem
800 4479 1241 4542 converterent;
1260 4480 1342 4545 ut,
1361 4475 1611 4533 naturali
1626 4477 1896 4534 claritate
1911 4495 1999 4535 re-

351 4564 528 4624 mota,
548 4561 853 4631 peregrino
873 4562 1054 4631 magis
1075 4578 1241 4633 quam
1265 4565 1500 4636 proprio
1518 4564 1714 4623 colore
1735 4567 1989 4623 ruberet.

352 4649 457 4705 Ubi
490 4654 546 4705 et
581 4649 850 4719 sequitur
880 4669 892 4703 :
923 4650 1268 4709 Innumatis
1295 4654 1476 4710 etiam
1506 4655 1630 4711 tum
1658 4657 1997 4713 sanctorum

348 4737 687 4811 corporibus
716 4738 879 4795 unde
896 4737 1201 4811 prabebat
1229 4742 1541 4809 tumulum,
1572 4758 1705 4815 quo,
1738 4745 1996 4805 redinte-

342 4828 528 4898 grata
542 4840 819 4898 compage
831 4826 1239 4895 membrorum,
1248 4830 1467 4902 futuro
1482 4845 1552 4890 ea
1561 4847 1835 4904 represen
1842 4834 1997 4890 taret

345 4916 595 4982 indicio.
615 4947 684 4957 —
701 4916 763 4971 In
781 4916 887 4973 hac
905 4930 1046 4986 ergo
1069 4918 1243 4990 positi
1271 4920 1479 4976 mentis
1504 4921 1820 4988 anxietate,
1849 4922 1996 4979 indi-

349 5004 461 5061 ctis
484 5005 595 5061 sibi
619 5004 932 5075 aliquando
955 5004 1241 5075 biduanis,
1273 5008 1584 5078 aliquando
1606 5009 1994 5083 triduanisje—

341 5089 637 5160 juniorum
657 5091 1001 5164 disciplinis,
1019 5108 1049 5149 a
1064 5092 1254 5150 divina
1276 5096 1653 5167 postulabant
1673 5097 1910 5169 pietate,
1929 5102 1991 5156 ut

347 5178 584 5252 aliquod
612 5185 729 5237 tam
759 5181 945 5239 sancti
977 5182 1228 5256 dopOsiti
1262 5183 1536 5241 indicium
1561 5184 1646 5242 eis
1668 5192 1992 5244 monstrare
2044 5195 2067 5213 ⁸

2124 3318 2178 3375 in
2220 3320 2552 3390 latitudine,
2596 3324 2740 3380 duas
2784 3330 2978 3395 partes
3020 3326 3238 3396 farinze,
3282 3328 3516 3384 tertiam
3548 3335 3770 3400 partem

2121 3408 2342 3466 habens
2361 3424 2431 3464 ex
2454 3411 2669 3477 cinere,
2701 3426 2830 3469 cum
2861 3413 3057 3483 aliquo
3084 3429 3297 3484 genere
3326 3416 3643 3473 herbarum
3676 3424 3769 3475 aut

2120 3498 2432 3555 crudarum
2453 3503 2548 3554 aut
2570 3514 2680 3555 non
2704 3501 2848 3556 bene
2866 3505 3164 3559 coctarum
3179 3504 3766 3571 etiusalsarum,cum

2118 3585 2333 3643 haustu
2366 3586 2540 3643 etiam
2575 3602 2738 3658 aquae
2773 3589 3019 3647 minimae
3052 3606 3357 3661 mensurae,
3393 3600 3560 3649 certe
3584 3608 3766 3666 neque

2120 3675 2413 3732 modulum
2436 3691 2603 3732 suum
2627 3691 2981 3734 excessuraa.
3006 3678 3122 3735 Tali
3140 3694 3277 3736 vero
3291 3680 3569 3751 adjutorii
3590 3682 3766 3739 divini

2117 3762 2513 3820 consolatione
2536 3780 2646 3820 non
2672 3765 2960 3822 modicum
2986 3766 3287 3839 lzetiﬁcati,
3305 3774 3363 3825 et
3383 3770 3452 3826 ad
3475 3772 3762 3841 speranda

2118 3852 2342 3924 potiora
2386 3853 2481 3908 Dei
2527 3868 2761 3910 munera
2807 3854 3075 3912 nimirum
3119 3856 3378 3927 animati,
3422 3857 3559 3915 huic
3603 3859 3762 3917 fratri

2115 3941 2444 4008 consilium,
2477 3943 2627 4012 quod
2659 3942 2728 3999 de
2760 3943 2865 4000 hac
2898 3960 2959 3999 re
2991 3950 3403 4017 conceperant,
3429 3948 3771 4006 manifesta-

2114 4029 2273 4099 bant,
2308 4030 2550 4101 ejusque
2573 4031 2904 4090 devotionis
2930 4032 3248 4105 impensius
3273 4035 3532 4093 studium
3558 4037 3672 4094 sibi
3696 4037 3760 4093 ad

2112 4117 2258 4173 hanc
2292 4131 2409 4174 rem
2443 4119 2804 4191 suppeditari
2848 4121 3240 4193 postulabant.
3280 4125 3351 4179 At
3384 4122 3504 4193 ille,
3540 4130 3608 4181 ut
3641 4129 3761 4182 erat

2113 4210 2354 4278 paratus
2384 4206 2453 4263 ad
2482 4208 2668 4264 omnia
2704 4208 2909 4265 virium
2942 4224 3177 4267 suarum
3211 4212 3619 4284 supplementa
3649 4229 3768 4271 om-

2110 4293 2283 4351 nibus
2317 4295 2647 4367 praebenda,
2676 4296 2845 4367 juxta
2868 4297 3008 4355 illud
3034 4298 3311 4357 videlicet
3340 4301 3603 4359 doctoris
3629 4316 3763 4373 gen-

2109 4382 2253 4438 tium
2276 4383 2625 4455 exemplum,
2643 4386 2875 4456 quando
2899 4386 3065 4457 dixit,
3091 4402 3155 4444 se
3178 4388 3450 4445 omnibus
3468 4390 3660 4447 omnia
3685 4391 3763 4447 fa-

2110 4474 2266 4527 ctum
2293 4472 2495 4535 fuisse,
2520 4473 2754 4529 solitum
2776 4475 3074 4545 jejunandi
3101 4476 3333 4534 modum
3359 4478 3468 4535 hac
3496 4478 3567 4535 de
3591 4493 3764 4537 causa

2111 4560 2255 4617 adeo
2281 4561 2640 4632 intendebat,
2667 4563 2820 4633 quod
2851 4579 2952 4635 per
2973 4566 3314 4623 continuum
3339 4571 3478 4624 tunc
3502 4568 3757 4627 triduum

2109 4647 2329 4706 nullum
2346 4650 2859 4723 penituscorporis
2880 4652 3216 4711 alimentum
3242 4655 3638 4729 suscipiebat;
3660 4658 3762 4715 sed

2108 4737 2363 4794 interdiu
2385 4741 2652 4797 omnibus
2676 4741 2841 4797 nrbis
2864 4741 3033 4811 hujus
3058 4745 3450 4815 monasteriis,
3475 4746 3670 4815 nudis,
3697 4751 3756 4805 ut

2107 4824 2317 4881 solitus
2351 4830 2476 4881 erat
2510 4828 2799 4899 incedere,
2847 4831 3093 4900 pedibus
3135 4831 3521 4903 perlustrans,
3559 4841 3761 4893 noctes

2105 4912 2422 4970 eorundem
2473 4914 2693 4973 dierum
2728 4917 2782 4973 in
2814 4919 3169 4975 monasterio
3216 4921 3520 4993 saepedicti
3571 4925 3755 4995 patris

2103 4998 2328 5057 Paulini
2363 5002 2605 5074 pervigil
2639 5004 2694 5060 in
2724 5005 2987 5062 oratione
3028 5006 3300 5065 ducebat.
3343 5009 3503 5079 Unde
3536 5010 3753 5069 factum

2103 5093 2213 5159 est,
2232 5094 2290 5145 ut
2316 5090 2370 5146 in
2397 5091 2569 5147 tertia
2596 5098 2765 5149 nocte
2788 5096 2915 5164 post
2940 5094 3211 5166 primum,
3242 5096 3394 5154 sicut
3422 5098 3547 5169 ipse
3584 5100 3753 5157 nobis

2103 5176 2415 5249 referebat,
2448 5178 2586 5249 galli
2611 5185 2865 5252 cantum,
2892 5181 3025 5239 dum
3053 5184 3196 5242 facie
3221 5184 3478 5243 lacrimis
3501 5186 3751 5245 ubertim

1933 5307 2156 5366 NOTAE.

415 5414 571 5495 (ξϐῥ)
600 5413 1081 5495 Legitunincod.
1117 5419 1361 5477 Vindob.
1416 5422 1480 5480 N.
1530 5420 1625 5478 791
1681 5423 1991 5495 (ιυηωιεο.

339 5485 557 5557 Ν.’8.).⁷
586 5498 634 5541 s.
670 5500 749 5544 xu
781 5486 877 5543 fol.
916 5492 1035 5543 m5.

2104 5425 3011 5575 erat;
3030 5433 3571 5566 nitatem
3598 5440 3757 5513 μοι
