3958 6046
389 333 535 400 12⁸71

1043 334 1313 400 GESTA
1339 331 1693 396 TREVER.
1732 364 1803 375 —
1836 312 2189 389 APPEND.
2230 323 2341 388 EX
2374 327 2581 389 HIST.
2617 328 2860 391 MART.
2895 328 3145 391 TREV.

3652 328 3808 393 1272

386 466 602 522 tionem
638 466 826 524 sancti
868 465 1093 521 Paulini
1132 465 1347 535 cripta.
1380 463 1499 529 Qua
1545 461 1615 518 de
1663 473 1744 528 re,
1777 470 2034 515 commu-
2067 434 2113 494 Α
2146 461 2263 515 tum
2287 464 2524 533 propter
2543 460 2780 518 eosdem
2812 457 3173 517 infidelitatis
3196 455 3496 517 ministros
3526 452 3603 515 ad
3621 456 3799 515 ﬁdem

385 556 580 611 nieato
611 570 740 612 cum
776 554 1141 624 principibus
1163 552 1423 609 civitatis
1442 550 1706 620 consilio,
1737 548 2026 604 licentiam

384 644 559 714 hujus
600 644 681 699 rei
714 659 741 699 a
784 643 992 700 domno
1041 642 1485 712 archiepiscopo
1527 640 1728 696 Udone
1772 637 2029 709 postula-

388 733 547 801 bant,
577 739 633 788 et
667 733 763 788 vix
796 718 1061 787 nimirum
1094 732 1506 800 impetrabant.
1544 731 1626 784 Ita
1668 742 1916 797 namque
1956 742 2028 782 ex

387 822 669 877 industria
703 822 901 876 eadem
936 820 1123 891 eripta
1173 820 1278 876 fu‘t
1325 818 1567 882 munita,
1604 820 1667 872 ut
1698 816 1806 872 nisi
1869 818 2026 872 moto

385 908 972 980 principaliejusdem
1026 907 1358 963 monasterii
1394 906 1562 962 altari
1626 904 1821 960 nullus
1862 903 2027 959 loeus

386 997 627 1053 daretur
654 1013 776 1052 eam
818 996 1238 1066 eonfringendi.
1268 995 1428 1051 Unde
1458 1010 1564 1049 non
1595 994 1853 1049 indebito
1899 1006 2028 1061 gra-

384 1086 552 1141 vitati
586 1101 705 1141 sua)
728 1086 973 1142 consilio
1008 1103 1116 1142 non
1154 1086 1339 1142 facilis
1368 1090 1495 1141 erat
1547 1085 1794 1141 domnus
1844 1079 2028 1137 archi-

383 1176 715 1245 episcopus,
743 1176 886 1230 tanti
923 1176 1238 1231 sanctuarii
1277 1174 1536 1245 fragendi
1578 1173 1870 1230 licentiam
1923 1168 2029 1225 dif-

387 1264 649 1319 ferenda.
680 1296 749 1303 —
772 1266 973 1320 Fracta
1006 1264 1183 1332 igitur
1208 1264 1416 1335 cripta,
1446 1263 1675 1320 inventa
1702 1263 1834 1318 sunt
1871 1258 2025 1315 circa

384 1354 749 1419 sarcofagum
801 1354 981 1409 sancti
1024 1353 1245 1410 Paulini
1278 1368 1375 1410 sex
1427 1353 1749 1421 sareofaga,
1782 1364 2026 1421 quorum

383 1441 498 1497 duo
529 1442 813 1498 lateribus
844 1443 968 1509 ejus
998 1443 1259 1513 apposita
1296 1444 1548 1511 fuerunt,
1586 1445 1838 1510 quatuor
1888 1454 2026 1495 vero

382 1532 626 1602 pedibus
649 1535 774 1604 ejus
789 1535 867 1590 ita
888 1535 1236 1591 altrinsecus
1252 1535 1640 1601 adhaeserunt,
1660 1531 1809 1601 quod
1828 1530 2029 1586 utrim-

385 1634 494 1689 que
527 1622 640 1677 duo
672 1638 743 1677 ex
773 1624 857 1679 eis
890 1625 1192 1687 steterint;
1230 1625 1363 1681 item
1416 1624 1483 1679 ad
1538 1626 1716 1694 caput
1762 1619 2025 1687 ejusdem

385 1712 572 1768 sancti
606 1714 790 1782 patris
836 1715 1019 1768 nostri
1073 1720 1294 1783 septem
1345 1714 1642 1780 sarcofaga
1690 1716 2024 1767 sanctorum

2144 552 2355 605 rectam
2390 554 2445 604 et
2480 550 2862 607 reverentiam
2887 549 3106 607 sanctis
3128 549 3227 606 Dei
3251 548 3509 605 debitam
3533 562 3799 605 commo-

2142 638 2387 707 nendos,
2422 639 2682 695 breviter
2711 644 3000 696 notamus.

2211 727 2466 793 Quorum
2516 730 2762 802 primum
2813 731 2957 787 adeo
3003 728 3276 799 notabile,
3309 728 3455 786 adeo
3506 742 3794 784 memora-

2140 816 2274 885 bile,
2318 817 2461 874 adeo
2510 819 2684 875 etiam
2739 820 2845 876 fuit
2894 819 3176 889 mirabile,
3215 824 3279 876 ut
3323 834 3436 874 non
3486 816 3715 885 solum,
3749 812 3791 872 si

2139 919 2266 973 qua:
2305 906 2539 964 fuerunt
2570 913 2795 965 mentes
2824 908 3306 979 infidelium,inde
3346 905 3624 963 nimirum
3660 919 3793 961 cou-

2142 994 2489 1066 tabuissent,
2533 997 2637 1053 sed
2667 1003 2723 1054 et
2758 997 2880 1070 ipsa
2913 998 3167 1054 fidelium
3201 996 3413 1054 Christi
3456 994 3642 1053 corda
3680 1008 3789 1048 non

2139 1082 2434 1141 minimum
2495 1086 2627 1143 inde
2685 1088 3208 1145 contremuissent.
3252 1087 3390 1143 Nam
3440 1099 3596 1154 cum,
3631 1080 3785 1140 sicut

2139 1173 2694 1245 prtediximusJacta
2725 1195 2830 1250 per
2859 1177 3318 1235 misericordiam
3348 1170 3449 1231 Dei
3494 1174 3607 1230 hac
3664 1185 3790 1228 san-

2136 1267 2361 1320 ctorum
2414 1267 2792 1336 revelatione,
2825 1267 3034 1324 domno
3081 1270 3283 1324 nostro
3334 1262 3783 1334 archiepiscopo

2136 1350 2321 1409 Udoni
2354 1353 2641 1428 hujusque
2681 1357 3042 1429 principibus
3073 1356 3449 1429 placuissent,
3486 1356 3550 1408 ut
3594 1348 3784 1418 cripta

2137 1452 2469 1504 sanctorum
2500 1464 2808 1520 corporum
2839 1447 3211 1506 collocationi
3244 1450 3651 1517 competenter
3673 1458 3785 1499 am-

2136 1536 2519 1607 plificaretur,
2563 1555 2806 1597 necesse
2856 1541 2983 1607 fuit,
3022 1546 3082 1595 ut
3128 1539 3435 1610 plurimum
3483 1540 3665 1591 terra:
3716 1548 3783 1587 ex

2139 1622 2340 1679 eodem
2368 1624 2495 1681 loco
2527 1628 2827 1697 purgando
2860 1632 3218 1699 portaretur,
3251 1628 3387 1682 Erat
3422 1628 3616 1680 autem
3649 1626 3781 1677 ante

2142 1708 2196 1764 id
2234 1712 2417 1782 ipsum
2448 1717 2749 1787 saepedicti
2787 1717 2971 1787 patris
3001 1714 3225 1771 Paulini
3260 1713 3683 1771 monasterium
3712 1725 3779 1765 ex

385 1808 722 1870 martyrum,
746 1803 983 1859 totidem
1018 1805 1367 1874 corporibus
1395 1800 1870 1868 aromatizantia,
1910 1799 2026 1855 fue-
2054 1789 2111 1852 B
2142 1804 3247 1877 parteoccidentalipalusquzedam,ita
3264 1805 3561 1860 viantibus
3577 1813 3779 1863 nocua,

387 1894 521 1944 runt
554 1890 903 1945 locata.ll:ec
938 1907 1072 1947 vero
1088 1893 1276 1946 omnia
1310 1891 1393 1947 sic
1424 1890 1803 1959 eolligaverat
1840 1887 2029 1942 locan~

386 1980 526 2036 tium
560 1981 866 2047 industria,
904 1986 965 2037 ut
1001 1980 1168 2036 factis
1202 1980 1519 2036 fornicibus
1558 1976 1801 2046 singulis
1851 1988 2028 2046 super

382 2070 699 2139 sarcofagis
722 2069 1117 2137 binis,nullus,
1151 2074 1213 2125 ut
1268 2070 1484 2124 dictum
1522 2073 1632 2137 est,
1666 2067 1832 2122 locus
1866 2065 2032 2121 dare-

380 2160 578 2216 tureis
596 2159 1034 2227 movendis,nisi
1052 2164 1207 2215 moto
1226 2158 1386 2228 prius
1401 2158 1569 2213 altari
1592 2155 1886 2227 praecipuo
1915 2168 2029 2208 mo-

379 2248 897 2304 nasterii.F‘ccerat
929 2253 1215 2318 prmterea
1250 2263 1360 2303 non
1397 2248 1567 2317 hujus
1594 2245 1798 2315 criptaa
1832 2241 2029 2299 condi-

381 2342 479 2394 tor
546 2353 850 2407 operosus,
886 2338 989 2393 sed
1049 2338 1220 2405 hujus
1252 2337 1363 2393 loci
1414 2342 1703 2391 eteorum
1772 2348 1899 2403 quas
1950 2329 2026 2385 ibi

382 2432 515 2483 sunt
545 2434 878 2483 sanctorum
910 2442 1217 2497 corporum
1247 2426 1460 2496 aliquis
1489 2424 1812 2487 studiosus,
1842 2421 2026 2476 altare

384 2518 670 2587 quoddam
697 2533 805 2572 non
834 2532 1096 2581 magnum
1124 2516 1193 2571 ad
1214 2516 1392 2585 pedes
1413 2514 1600 2570 sancti
1635 2514 1820 2585 patris
1840 2513 2025 2569 nostri

380 2607 685 2674 sarcofago
726 2607 851 2675 ejus
871 2610 1266 2675 compactum.
1307 2604 1489 2672 Hujus
1545 2604 1735 2659 denuo
1777 2602 2053 2657 remotio.

378 2698 438 2750 et
470 2694 660 2762 aliqua
696 2695 805 2747 sub
838 2694 963 2763 ipso
998 2698 1172 2748 terrze
1200 2693 1434 2750 effossio
1463 2693 1631 2763 p'ena
1669 2691 1775 2747 fuit
1806 2696 2025 2748 nostrae

381 2782 806 2851 expectationis
835 2782 1183 2838 consolatio.
1224 2781 1471 2835 Inventa
1494 2786 1585 2837 est
1618 2780 1902 2849 siquidem
1946 2780 2020 2835 ibi

381 2870 579 2926 tabula
632 2884 983 2937 marmorea;
1016 2885 1125 2938 qua
1176 2870 1423 2936 sub'ata,
1452 2870 1718 2939 apparuit
1765 2869 2021 2937 ejusdem

384 2958 713 3015 latitudinis
748 2959 942 3015 tabula
984 2958 1281 3030 plumbea.
1333 2959 1464 3015 Haec
1487 2959 1623 3014 item
1659 2958 1844 3015 levata
1883 2958 2019 3014 mul-

357 3051 554 3116 .taque
615 3063 778 3116 aquae
845 3048 1132 3104 infnsione
1198 3048 1496 3117 multaque
1563 3052 1705 3103 seta:
1771 3049 2023 3118 porcina;

2141 1895 2204 1947 ut
2234 1895 2647 1951 monasterium
2682 1895 2825 1951 illud
2874 1896 3210 1967 petentibus
3234 1902 3330 1952 aut
3353 1897 3486 1953 inde
3514 1897 3784 1969 perhanc

2140 1982 2290 2038 viam
2319 1984 2602 2054 repedare
2634 1985 2965 2042 volentibus
2995 1986 3093 2041 vix
3123 1986 3542 2055 angustissima
3578 1987 3780 2043 relicta

2142 2072 2348 2129 fuisset
2383 2087 2483 2141 per
2516 2072 2669 2129 illam
2702 2074 2925 2130 semita.
2959 2075 3078 2141 Qua
3113 2074 3183 2130 de
3215 2089 3276 2129 re
3324 2073 3621 2145 plerisque
3672 2073 3778 2130 loci

2140 2159 2298 2215 illius
2355 2160 2638 2217 fratribus
2687 2160 3063 2232 complacuit,
3098 2164 3162 2219 ut
3191 2161 3391 2217 eadem
3436 2164 3618 2229 terra,
3654 2177 3780 2231 qua:

2139 2247 2213 2303 ob
2242 2249 2579 2319 praedictam
2613 2249 2885 2320 parandae
2907 2249 3113 2319 criptaa
3145 2250 3556 2305 necessitatem
3573 2250 3645 2306 de
3668 2266 3782 2306 mo-

2139 2338 2398 2392 nasterio
2430 2342 2787 2408 portaretur,
2814 2338 2883 2393 ad
2909 2338 3358 2393 exsiccationem
3393 2337 3782 2408 paludisejus-

2138 2424 2265 2479 dem
2301 2426 2610 2482 locaretur.
2648 2426 2811 2491 Quod
2844 2442 2974 2481 eum
3022 2425 3186 2481 fieret
3216 2430 3271 2481 et
3324 2431 3480 2482 terra
3534 2442 3638 2498 per
3682 2442 3781 2483 sex

2131 2512 2246 2581 jam
2279 2514 2404 2569 dies
2438 2515 2512 2569 ibi
2546 2515 2812 2584 deposita
2846 2515 3071 2580 fuisset,
3106 2515 3338 2579 accidit,
3369 2519 3432 2571 ut
3466 2515 3519 2569 in
3553 2516 3648 2571 die
3697 2531 3783 2571 se-

2136 2602 2318 2672 ptimo
2348 2618 2497 2659 unus
2537 2603 2750 2673 aliquis
2800 2618 2869 2659 ex
2931 2604 3043 2660 loci
3104 2603 3260 2659 illius
3306 2605 3781 2663 canonicis.ante

2135 2690 2304 2760 cujus
2328 2698 2551 2761 portam
2584 2691 2751 2761 palus
2781 2693 2980 2748 eadem
3016 2693 3318 2747 maximam
3343 2692 3780 2748 inundationem

2137 2780 2614 2849 faciebat,studio
2636 2781 3073 2851 complanandze
3108 2785 3279 2837 terrze
3313 2780 3523 2837 ibidem
3548 2782 3777 2852 positae,

2135 2867 2205 2923 de
2234 2868 2403 2923 domo
2455 2882 2560 2925 sua
2608 2869 3020 2937 egrederetur;
3056 2884 3302 2939 cumque
3333 2874 3548 2925 terram
3590 2868 3783 2925 discu-

2136 2954 2335 3010 tiendo
2374 2955 2557 3011 frusta
2594 2955 2856 3025 quaedam
2889 2957 3108 3012 ossium
3145 2955 3284 3011 inibi
3312 2956 3509 3023 jacere
3527 2956 3779 3019 videret,

2136 3058 2308 3099 unum
2340 3059 2409 3099 ex
2445 3044 2561 3098 illis
2594 3045 2944 3115 suscipiens,
2977 3044 3032 3100 in
3075 3060 3242 3100 manu
3284 3059 3384 3101 sua
3437 3045 3493 3100 in
3543 3046 3779 3101 domum

377 3136 796 3192 confricatione
830 3137 1058 3192 tandem
1084 3142 1349 3208 purgata,
1386 3135 1585 3192 retulit
1609 3136 1779 3191 nobis
1802 3140 1856 3191 et
1885 3135 2023 3191 isto-
2055 3144 2103 3206 α
2135 3130 2277 3187 illud
2315 3132 2567 3203 portavit
2625 3135 2875 3203 Accepta
2911 3132 3083 3189 etiam
3118 3148 3263 3201 aqua
3297 3131 3613 3202 diligenter
3638 3133 3779 3190 illud

376 3238 500 3279 rum
532 3230 846 3293 martyrum
873 3225 1153 3282 vocabula
1177 3233 1235 3280 et
1258 3230 1576 3295 martyrum
1603 3228 2023 3294 tcmpora,per-

375 3317 707 3367 secutorum
727 3329 956 3383 quoque
992 3314 1475 3381 nomina,aliaquc
1492 3312 1763 3382 perplura
1799 3327 2020 3368 summa

378 3399 717 3456 festivitatis
750 3402 1039 3471 praeconia
1091 3401 1265 3471 hujus
1318 3400 1534 3470 plumbi
1586 3400 1800 3457 cecinit
1853 3401 2021 3455 nobis

376 3488 709 3559 sculptura.
750 3492 934 3559 Hujus
961 3503 1101 3557 ergo
1142 3494 1362 3545 textum
1419 3488 1737 3558 sculpturze
1784 3489 1876 3545 hic
1924 3504 2021 3544 vo-

375 3572 590 3631 luimus
633 3577 883 3646 pleniter
916 3577 1205 3632 inserere.
1243 3578 1321 3634 In
1364 3588 1436 3632 ac
1489 3576 1686 3645 cripta
1740 3576 2016 3645 (568)....

446 3752 499 3803 3.
534 3750 702 3807 Lecta
732 3757 823 3810 est
857 3754 1037 3823 igitur
1075 3754 1197 3811 haec
1237 3755 1484 3827 epistola
1543 3759 1601 3812 et
1634 3755 1688 3811 in
1739 3754 2017 3825 plurimas

377 3850 505 3892 mox
530 3844 725 3897 cartas
750 3857 879 3897 cum
914 3857 1116 3912 magno
1155 3844 1407 3901 omnium
1441 3844 1537 3901 Dei
1582 3845 1836 3902 ﬁdelium
1871 3845 2017 3899 hanc

373 3925 730 3983 audientium
761 3930 1021 4001 tripudio
1045 3933 1431 4003 transcripta,
1464 3947 1569 3990 nec
1599 3936 1789 3989 tamen
1832 3931 2018 3987 defuit

371 4014 425 4069 in
459 4016 585 4086 ipso
619 4016 873 4074 fidelium
898 4019 993 4073 Dei
1039 4020 1289 4089 collegio
1336 4022 1604 4079 ecclesiae
1645 4021 2015 4081 malignantis

338 4103 812 4175 -dissensio,qu:e
854 4108 975 4163 hzec
1025 4109 1233 4166 divina
1292 4111 1688 4167 miserationis
1736 4108 2012 4165 beneﬁcia

370 4206 479 4247 non
529 4201 740 4262 quanta
786 4196 1034 4253 debebat
1089 4198 1415 4255 reverentia
1484 4198 1839 4268 suscipiebat
1902 4197 2008 4252 Sed

368 4280 580 4350 spiritu
615 4281 887 4352 instigata
918 4284 1472 4353 maligno,dentibus
1488 4300 1553 4342 ea
1580 4285 1771 4340 lividis
1791 4285 2010 4341 laniare

370 4370 786 4436 praesumebat.
828 4372 1095 4427 Ceterum
1140 4374 1347 4430 dentes
1387 4388 1586 4430 eorum
1647 4378 1851 4443 utpote
1883 4386 2011 4437 pec—

2135 3221 2425 3289 purgavit.
2461 3226 2520 3275 et
2551 3225 2857 3291 purgatum
2888 3222 3115 3277 cuidam
3166 3221 3390 3277 mulieri
3434 3222 3505 3277 ad
3543 3237 3782 3279 conser-

2133 3309 2594 3377 vandum,(lonec
2631 3311 2683 3365 in
2715 3311 3131 3366 monasterium
3154 3309 3439 3366 referendi
3462 3310 3658 3366 locum
3684 3314 3782 3365 ha-

2135 3396 2320 3457 beret.
2365 3398 2812 3454 commendavit.
2849 3397 3010 3463 Quod
3061 3397 3157 3453 illa
3217 3398 3555 3468 despective
3595 3399 3782 3453 susci-

2135 3486 2384 3556 piens.et
2423 3500 2529 3541 cur
2554 3485 2692 3541 illud
2720 3487 3044 3542 reverentia
3071 3486 3305 3555 dignum
3333 3500 3461 3542 esse
3486 3486 3779 3555 iudicaret

2132 3573 2431 3643 inquirens
2448 3574 2642 3644 posuit
2661 3583 2849 3630 tamen
2869 3575 3008 3631 illud
3035 3575 3086 3630 in
3113 3575 3329 3631 scrinio
3343 3590 3449 3632 suo
3471 3576 3628 3630 inter
3648 3590 3783 3646 pan-

2131 3660 2431 3718 niculosos
2445 3661 2710 3733 aliosque
2729 3662 3029 3719 muliebris
3043 3662 3427 3735 supellectilis
3445 3679 3582 3720 usus
3598 3662 3783 3718 diver-

2131 3764 2257 3815 sos;
2295 3750 2720 3821 pigmentorum
2738 3766 2968 3820 quoque
2992 3750 3218 3822 species
3241 3751 3450 3822 aliquae
3481 3751 3538 3807 in
3571 3751 3773 3807 eodem

2131 3837 2363 3893 fuerunt
2400 3838 2616 3893 scrinio
2641 3837 2931 3910 repositae.
2969 3841 3103 3895 Cum
3152 3843 3343 3895 autem
3394 3839 3771 3909 vespertinali

2127 3924 2495 3991 officio,sicut
2518 3926 3035 3997 quadragesimalis
3066 3928 3343 3998 temporis
3394 3927 3543 3983 ratio
3574 3943 3771 3998 posce—

2129 4013 2247 4082 bat,
2283 4016 2462 4071 frater
2491 4015 2586 4071 illc
2620 4030 2748 4071 eum
2783 4014 2906 4070 suis
2949 4016 3001 4071 in
3049 4014 3249 4071 eadem
3302 4015 3474 4071 domo
3526 4016 3764 4072 reﬁcere

2125 4101 2513 4173 vellet,ccepit
2540 4102 2659 4171 illa,
2690 4104 2783 4159 cui
2813 4118 2879 4158 os
2916 4104 3285 4159 commissum
3339 4105 3547 4173 fuerat,
3576 4104 3760 4174 puella

2125 4189 2301 4245 nimio
2337 4190 2535 4246 cordis
2588 4190 2792 4247 dolore
2853 4191 3126 4260 cruciari,
3160 4191 3341 4263 coepit
3389 4192 3661 4261 corporis
3708 4198 3763 4247 et

2124 4277 2420 4347 sanguinis
2470 4278 2741 4334 dominici
2790 4278 3274 4348 communionem,
3311 4285 3370 4335 ut
3424 4278 3514 4311 ⁸⁰²¹
3573 4280 3764 4335 exitus

2120 4364 2293 4420 vicini
2327 4366 2827 4437 przeparationcm,
2854 4367 3067 4437 quibus
3098 4371 3326 4437 poterat
3362 4367 3671 4423 verborum
3694 4368 3763 4424 si-

365 4460 652 4523 catorum,
686 4458 958 4515 Dominus
1022 4467 1331 4519 conterere
1370 4461 1762 4528 curavit,dum
1817 4461 2001 4530 signa,
2034 4498 2090 4561 D
2118 4448 2266 4522 guis,
2303 4454 2434 4524 quia
2468 4455 2607 4524 ipsis
2656 4454 2912 4525 nequivit
2939 4454 3536 4523 verbis,humiliterac
3558 4456 3763 4512 devote

363 4556 492 4613 quae
518 4542 682 4611 juxta
717 4545 877 4601 Pauli
911 4549 1087 4603 verba
1119 4564 1227 4604 non
1256 4549 2008 4617 ﬁdelibus,sedinfldelihus

2121 4540 2478 4614 precari.Cui
2512 4543 2692 4598 frater
2725 4542 2854 4598 ille:
2888 4542 3008 4600 Fac
3038 4543 3149 4601 tibi
3176 4546 3256 4600 ait
3286 4543 3580 4601 scrinium
3598 4544 3765 4601 tuum

360 4627 418 4699 (Ι
452 4631 716 4701 00mm,
748 4636 837 4703 2‘2)
871 4635 1005 4690 data
1032 4641 1189 4706 sunt,
1227 4637 1281 4692 in
1303 4644 1619 4709 conspectu
1668 4651 1869 4694 eorum
1904 4650 2008 4707 per
2116 4630 2429 4700 ἀργεννῇσι
2452 4631 2508 4688 si
2534 4646 2657 4701 qua
2685 4631 2771 4688 sit
2786 4630 2873 4689 ibi
2899 4633 3119 4703 species
3135 4633 3766 4705 pigmentaria,dolori

358 4718 564 4775 merita
593 4726 908 4790 martyrum
937 4723 1357 4793 pretiosorum,
1393 4740 1638 4795 quorum
1684 4723 2002 4780 inventioni

357 4821 470 4864 non
500 4808 967 4878 congaudebant,
1003 4810 1440 4883 multiplieavit.
1465 4815 1544 4868 Ex
1575 4813 1665 4869 his
1690 4812 1868 4883 igitur
1906 4809 2007 4867 ali-

356 4909 487 4967 qua,
515 4901 579 4954 ut
613 4896 787 4955 dictis
811 4897 1158 4969 apostolicis
1198 4899 1251 4957 in
1285 4900 1393 4957 hoc
1425 4900 2003 4968 consentiamus,non

354 4984 580 5039 tantum
629 4988 871 5055 propter
922 4984 1124 5042 ﬁdeles
1154 4987 1369 5043 Christi
1404 4978 1801 5055 ins’truendos,
1831 5000 2006 5055 quan-

2116 4719 2313 4777 cordis
2334 4719 2661 4790 profatu/ra
2686 4722 2945 4790 require.
2982 4723 3097 4777 lloe
3146 4720 3293 4776 dixit
3323 4765 3337 4787 ,
3375 4728 3434 4777 et
3482 4721 3761 4778 scrinium

2117 4806 2222 4862 hac
2256 4806 2325 4862 de
2355 4821 2524 4862 causa
2586 4807 2998 4864 recludendum
3052 4808 3134 4864 illi
3167 4810 3609 4866 accomomdare
3651 4826 3765 4867 non

2117 4893 2364 4952 distulit.
2401 4895 2518 4951 Hoc
2547 4895 2743 4966 itaque
2773 4896 3007 4953 vixdum
3040 4897 3271 4955 recluso
3303 4901 3363 4953 et
3405 4899 3767 4969 cooperculo

2120 4982 2374 5039 tenuiter
2403 4980 2761 5053 levato,mira
2797 4988 3098 5041 resitanta
3141 4985 3440 5056 sanguinis
3466 4986 3769 5042 exundan-

1721 5108 1957 5166 VAPJ/E
1990 5105 2390 5164 LECTIONES.

422 5203 514 5237 ‘°“
542 5208 642 5264 aut
677 5211 737 5264 ut
770 5206 866 5267 ad.

1943 5302 2165 5358 ΝΟΤΛΕ.

427 5418 575 5502 (568)
601 5423 754 5480 Hanc
784 5426 1051 5502 tabulam
1069 5427 1205 5502 vide
1236 5444 1411 5502 supra
1440 5432 1551 5487 col.
1600 5434 1756 5501 1161,
1781 5443 1843 5502 n.
1874 5430 1896 5454 "
1930 5441 2003 5502 ex

359 5492 665 5549 Gestorum
697 5494 998 5571 codicibus
1032 5498 1069 5571 Β
1100 5492 1335 5571 editam,
1372 5504 1550 5565 Quam
1605 5492 1753 5571 post'
1796 5497 2004 5559 North-

360 5576 698 5620 mannorum
730 5568 992 5638 tempora
1026 5569 1220 5627 fictam
1262 5568 1409 5642 esse,
1442 5568 1746 5630 Hontheim
1794 5571 2004 5645 (Nolle-

2116 5423 2272 5494 rus?)
2304 5422 2360 5479 L.
2398 5423 2446 5480 1.
2484 5440 2537 5496 p.
2578 5429 2695 5495 100,
2746 5427 2996 5497 probare
3026 5426 3244 5497 voluit;
3292 5428 3347 5483 in
3402 5431 3766 5487 contrariam

2113 5523 2253 5569 vero
2286 5512 2632 5590 sententiam
2685 5513 2739 5570 1.
2779 5516 2969 5573 Bueus
3001 5517 3124 5572 Act.
3162 5517 3255 5572 SS.
3292 5516 3419 5574 Oct.
3456 5518 3523 5589 11,
3557 5535 3620 5590 p.
3662 5518 3767 5576 336

2114 5595 2241 5653 sqq.
2275 5582 2616 5657 disputavit.
