3958 6046
198 230 359 298 12⁸78

880 236 1145 303 GESTA
1174 235 1530 302 TREVER.
1567 192 1640 282 -ὲ-
1672 233 2032 298 APPEND.
2069 234 2180 297 ex
2208 235 2411 299 HIST.
2446 234 2670 300 MART
2701 232 2944 298 TREV.

3449 228 3601 293 1274

195 364 283 424 tia
307 367 380 425 ab
402 381 539 426 osse
561 365 663 428 illo
684 366 852 428 valde
885 384 1062 440 parvo
1094 370 1184 424 est
1212 364 1415 435 effusa,
1442 368 1506 422 ut
1531 363 1707 420 facies
1732 378 1852 420 mu-
1879 343 1934 404 Α
1967 362 2110 419 libet
2142 361 2362 420 ordinis
2394 368 2453 420 et
2506 362 2700 421 astatis
2729 361 2838 418 viri
2887 376 2953 418 ac
2987 357 3232 429 feminae,
3263 356 3506 429 juvenes
3546 358 3605 411 et

197 455 367 513 lieris
389 458 651 528 ejusdem
677 464 795 517 tota
829 463 1004 529 atque
1039 457 1280 529 pellicea
1312 457 1438 527 ejus
1473 454 1691 510 manica
1719 453 1853 509 dex-

197 548 294 601 tra
344 547 694 604 mirabiliter
751 549 827 605 sit
862 548 992 604 inde
1056 547 1304 617 perfusa.
1345 548 1467 616 Ipsa
1530 558 1762 614 quoque
1796 543 1853 597 in

196 634 403 691 eadem
435 636 575 693 hora
611 652 639 691 a
696 637 895 693 cordis
928 636 1135 692 dolore
1158 640 1248 691 est
1307 633 1591 690 absoluta.
1628 633 1750 699 Qua
1783 630 1853 687 de

199 737 266 778 re
298 724 474 780 nimio
525 725 788 797 percussi
847 729 1096 789 terrore,
1131 722 1458 779 lacrimosis
1518 721 1791 793 precibus
1822 735 1852 774 a

198 811 397 867 divina
427 813 822 870 misericordia
847 811 1222 884 postulabant
1243 810 1539 879 continuo,
1565 814 1854 880 quatenus

198 905 319 956 tam
355 901 632 959 immenso
690 902 1013 958 divinitatis
1066 916 1186 957 suae
1235 900 1528 971 przeconio
1563 898 1720 954 nullo
1752 912 1853 953 eos

195 989 470 1059 corporis
502 994 600 1045 aut
660 990 863 1046 animas
893 990 1191 1047 damnaret
1240 988 1478 1058 judicio.
1518 988 1642 1053 Quo
1675 988 1849 1055 facto,

202 1076 387 1132 frater
417 1077 564 1132 idem
598 1093 844 1165 curreys
871 1078 1170 1135 curriculo
1202 1077 1269 1131 ad
1310 1076 1559 1146 aliquem
1587 1076 1851 1142 fratrum,

201 1178 375 1233 quem
409 1167 519 1221 sibi
552 1161 832 1237 expertus
885 1171 1011 1222 erat
1043 1181 1173 1221 esse
1206 1164 1547 1232 fideliorem,
1581 1161 1652 1219 ad
1683 1161 1852 1230 hujus

200 1253 287 1309 rei
320 1268 449 1309 eum
488 1256 758 1324 perduxit
811 1255 1388 1311 demonstrationem.
1452 1253 1559 1320 Qui
1594 1250 1850 1318 veniens,

202 1342 340 1398 dum
358 1343 556 1398 SCl‘lilll
580 1343 839 1411 ejusdem
855 1344 1193 1415 operculum
1212 1344 1682 1414 introspecturus
1704 1340 1855 1397 leva-

204 1436 318 1498 ret,
345 1430 540 1487 nullus
588 1431 740 1487 sicut
770 1432 891 1502 ipse
923 1434 1024 1497 ait,
1051 1434 1147 1503 qui
1182 1433 1287 1489 hoc
1323 1448 1432 1487 non
1459 1431 1704 1497 videret,
1732 1443 1856 1484 cre-

202 1517 345 1575 dere
371 1534 481 1574 non
507 1520 752 1589 valeret,
780 1522 1028 1591 qualiter
1074 1522 1263 1578 adhuc
1293 1521 1530 1589 sanguis
1551 1535 1619 1575 ex
1653 1518 1855 1574 eodem

202 1620 341 1663 osse
370 1607 558 1677 ipsum
594 1608 794 1664 scrinii
827 1609 1163 1679 operculum
1197 1613 1500 1678 totumque
1534 1605 1687 1677 quod
1730 1605 1857 1675 ipso

155 1745 161 1749 .
204 1674 423 1751 scrinio
446 1702 571 1752 erat
598 1674 898 1753 muliebris
934 1697 1258 1769 disciplinae
1299 1674 1858 1753 inst-rumentumre-
1886 1674 1939 1733 Β

203 1785 537 1855 spergcndo
572 1784 828 1840 bulliret.
877 1785 1035 1841 Unde
1092 1789 1152 1841 et
1185 1786 1307 1856 ipse
1341 1800 1449 1840 non
1503 1782 1738 1837 minimo
1768 1796 1858 1835 re-

205 1872 404 1943 pletus
458 1878 721 1943 stupore,
753 1889 881 1930 cum
942 1874 1206 1931 omnibus
1236 1889 1364 1944 qua;
1398 1873 1450 1927 iu
1507 1886 1633 1943 ipso
1664 1872 1854 1937 erant,

206 1976 320 2017 non
351 1962 465 2030 jam
500 1962 777 2033 deinceps
802 1962 1184 2019 muliebribus
1208 1962 1602 2023 armamentis,
1635 1960 1735 2014 sed
1759 1972 1857 2028 po-

202 2048 326 2105 tius
352 2049 644 2119 aliquibus
668 2055 781 2105 tam
818 2051 1054 2121 pretiosi
1090 2050 1388 2120 sanguinis
1411 2063 1748 2119 aspersuoue
1780 2048 1856 2100 fa-

204 2137 803 2207 ctissacramentis,in
838 2144 1250 2194 monasterium
1287 2138 1631 2192 festinanter
1668 2139 1858 2205 porta-

205 2225 311 2287 vit,
334 2225 1114 2296 illudqueconvocatisillico
1130 2226 1425 2297 prioribus
1442 2226 1551 2281 loci
1573 2224 1857 2280 illiusom-

208 2314 381 2371 nibus
403 2314 847 2371 demonstravit.
876 2317 989 2386 Ipsi
1013 2331 1174 2380 vero,
1201 2316 1537 2372 missismox
1556 2312 1855 2384 peremnia

207 2403 393 2459 totius
424 2403 681 2461 civitatis
711 2406 1063 2462 monasteria
1090 2406 1260 2475 hujus
1284 2405 1363 2459 rei
1394 2403 1629 2470 nuntiis,
1656 2416 1855 2456 omnes

209 2491 455 2547 abbates
504 2492 984 2564 et-prazpositos,
1045 2493 1459 2564 corepiscopos
1490 2495 1547 2547 et
1606 2491 1856 2545 decanos

207 2583 564 2648 ceterosque
597 2579 728 2637 boni
782 2581 1100 2637 testimonii
1137 2582 1349 2636 fratres
1380 2595 1486 2635 non
1538 2593 1753 2649 paucos
1786 2578 1853 2631 ad

208 2682 271 2724 se
308 2668 360 2722 in
394 2669 595 2724 eadem
650 2670 792 2726 hora
844 2671 1059 2727 faciunt
1090 2671 1308 2727 venire.
1361 2670 1637 2726 Dominus
1667 2674 1858 2724 autem

209 2756 688 2828 archiepiscopus
719 2774 831 2814 non
889 2764 1014 2816 erat
1066 2764 1206 2816 tunc
1241 2760 1291 2814 in
1328 2759 1421 2814 illa
1452 2758 1711 2814 civitate.
1748 2755 1857 2811 Alii

210 2847 403 2899 autem
430 2860 631 2901 omnes
655 2845 764 2901 loci
788 2846 961 2916 hujus
988 2848 1211 2917 priores
1247 2848 1298 2901 in
1327 2846 1646 2903 claustrum
1674 2843 1858 2900 sancti

211 2932 434 2987 Paulini
458 2932 731 2989 celeriter
751 2936 1109 3005 congregati,
1138 2936 1439 3002 magnifico
1474 2932 1735 2990 miraculi
1762 2933 1862 2987 hu-

1965 453 2239 522 virgines,
2296 469 2463 510 senes
2505 470 2636 511 cum
2664 453 3017 524 junioribus,
3070 449 3338 505 hilariter
3394 458 3607 503 conve-

1966 542 2216 609 nientes,
2244 543 2399 597 finita
2426 543 2615 612 laude,
2645 543 2696 597 in
2721 558 2824 599 sua
2857 540 3175 609 redierunt,
3203 536 3503 594 Dominum
3534 534 3605 589 de

1962 631 2079 685 tam
2112 630 2355 687 inauditi
2392 632 2650 687 miraculi
2697 636 2941 702 stupore
2994 627 3427 684 benedicentes.
3466 623 3607 678 Con-

1964 719 2095 788 tigit
2129 723 2320 775 autem
2354 720 2506 775 istud
2551 719 2893 776 miraculum
2927 717 3129 788 quinta
3172 716 3362 772 Nonas
3396 709 3601 777 Martii,

1963 812 2019 862 et
2046 808 2351 865 sabbatum
2376 813 2502 864 erat
2524 808 2853 879 (569).Hora
2876 821 3016 862 vero
3047 819 3191 860 nona
3215 816 3390 860 cruor
3422 799 3518 854 ille
3535 812 3607 853 ex

1965 911 2099 952 osse
2128 897 2303 968 coepit
2338 912 2587 967 manare,
2622 898 2716 967 qui
2751 911 2863 953 non
2898 901 3031 952 ante
3064 893 3296 948 tertiam
3330 886 3603 945 secunda:

1967 987 2125 1041 feria}
2155 988 2353 1042 horam
2413 986 2573 1043 visus
2612 990 2703 1042 est
2753 999 3005 1042 cessare.
3062 985 3225 1037 Fama
3260 994 3400 1049 ergo
3434 975 3606 1045 hujus

1965 1074 2225 1130 miraculi
2254 1075 2433 1143 longe"
2453 1074 2686 1144 lateque
2718 1074 2966 1130 volando
2995 1071 3371 1143 plurimorum
3398 1063 3607 1121 salutis

1966 1163 2114 1218 facta
2149 1167 2241 1220 est
2272 1164 2519 1233 occasio,
2573 1164 2707 1220 dum
2768 1162 3052 1218 innumeri
3089 1158 3338 1214 diversis
3371 1155 3608 1221 languo-

1966 1266 2089 1307 rum
2118 1252 2556 1321 fatigationihus
2576 1253 2863 1323 oppressi,
2892 1252 2962 1307 ad
2988 1250 3158 1319 hujus
3184 1249 3387 1302 famam
3437 1243 3607 1297 mira-

1965 1340 2081 1396 culi
2120 1342 2520 1412 undecumque
2578 1342 2775 1410 exciti,
2811 1341 3077 1396 venirent
3107 1340 3177 1394 ad
3233 1337 3384 1394 hunc
3416 1334 3603 1389 locum

1966 1429 2213 1486 humiles
2241 1435 2299 1486 et
2332 1431 2546 1488 devoti.
2582 1434 2836 1501 Cumque
2868 1444 3059 1484 coram
3086 1428 3193 1483 hoc
3218 1424 3395 1497 positi
3420 1437 3610 1478 sacra-

1969 1524 2163 1572 mento
2192 1525 2427 1589 propter
2458 1525 2717 1590 peccata,
2745 1519 2956 1587 quibus
2980 1517 3351 1585 aliquatenus
3377 1509 3604 1566 multati

1968 1607 2573 1677 erant,plauxisscnt,
2622 1622 2945 1676 aquamque
3001 1605 3152 1661 ossis
3211 1602 3383 1669 hujus
3443 1598 3612 1653 intin-

1968 1694 2160 1749 ctione
2179 1700 2465 1750 sacratam
2501 1696 2610 1749 sibi
2637 1695 2827 1750 datam
2863 1694 3232 1762 aliquatenus
3254 1690 3608 1759 gustassent,

1967 1797 2077 1836 non
2102 1787 2189 1839 est
2216 1783 2324 1837 nisi
2360 1785 2575 1838 Christi
2608 1784 2876 1839 fidelibus
2906 1781 3208 1845 credibile,
3234 1793 3402 1848 quam
3451 1775 3612 1832 citis-

1966 1871 2131 1941 sime,
2150 1887 2175 1926 a
2194 1887 2556 1942 quacumque
2580 1878 2742 1943 peste
2777 1872 3193 1941 gravabantur,
3216 1866 3449 1923 liberati
3476 1864 3612 1920 fuis-

1966 1964 2115 2016 sent.
2162 1962 2216 2015 Si
2253 1962 2382 2031 quis
2416 1968 2607 2017 autem
2643 1975 2942 2017 numerum
2974 1947 3031 2015 et
3065 1958 3324 2015 ordinem
3358 1956 3606 2013 istorum

1966 2062 1996 2103 a
2030 2050 2198 2105 nobis
2227 2050 2457 2105 curiose
2482 2050 2802 2119 quaesierit,
2827 2064 2931 2120 per
2953 2050 3076 2104 haac
3099 2048 3275 2103 verba
3302 2042 3607 2115 Porphyrii

1966 2137 2075 2192 sibi
2105 2137 2307 2193 credat
2338 2137 2611 2194 satisﬁeri
2640 2156 2651 2190 :
2712 2138 2784 2193 In
2818 2150 3054 2194 rtrmzero
3078 2136 3236 2193 sunt.
3271 2134 3376 2193 sed
3398 2147 3516 2188 non
3545 2133 3613 2188 in

1953 2226 2150 2298 ﬁnito.

2037 2316 2087 2368 4.
2126 2315 2293 2371 Facta
2355 2320 2491 2371 sunt
2523 2318 2802 2385 przeterea
2863 2312 3140 2369 miracula
3172 2327 3281 2369 non
3344 2325 3523 2385 pauca
3556 2309 3606 2362 in

1969 2402 2063 2458 illa
2086 2403 2310 2459 scilicet
2333 2405 2522 2474 cripta
2549 2405 2643 2461 ubi
2670 2408 3000 2459 sanctorum
3026 2402 3329 2457 martirum
3352 2399 3607 2470 reposita

1967 2497 2099 2546 sunt
2133 2507 2398 2563 Corpora.
2436 2495 2477 2547 E
2510 2493 2719 2562 quibus
2745 2492 2932 2562 aliqua
2970 2497 3183 2546 nostrze
3216 2504 3367 2545 nunc
3401 2502 3611 2542 memo-

1969 2580 2069 2636 rize
2094 2582 2498 2638 succurrentia
2532 2582 2789 2637 breviter
2833 2584 2964 2636 sunt
2999 2577 3373 2649 designanda.
3410 2578 3491 2632 Ex
3521 2576 3611 2630 his

1968 2674 2094 2723 erat
2122 2669 2225 2725 hoc
2251 2671 2516 2741 primum,
2536 2672 2688 2741 quod
2716 2670 2851 2726 licet
2876 2670 2944 2725 ad
2975 2668 3257 2740 plurimas
3277 2671 3610 2723 sanctorum

1968 2755 2266 2825 contingat
2312 2758 2640 2827 memorias,
2677 2758 2944 2814 nolumus
2971 2762 3162 2813 tamen
3188 2755 3240 2809 in
3265 2754 3354 2808 his
3385 2766 3614 2823 quoque

1973 2843 2269 2899 miraculis
2325 2846 2511 2901 locum
2547 2847 2597 2901 ei
2632 2860 2865 2915 negare,
2920 2860 3085 2914 quem
3136 2843 3346 2897 divina:
3380 2838 3615 2913 pietatis

1971 2932 2264 2987 ordinatio
2296 2934 2344 2988 ei
2411 2934 2643 3003 dignata
2678 2938 2763 2990 est
2799 2932 3251 2990 accommodare.
3312 2931 3450 2985 Nam
3482 2941 3610 2984 cum

204 3020 546 3090 jusostento
564 3036 673 3077 non
692 3022 918 3078 modico
934 3029 1064 3078 sunt
1083 3022 1859 3088 lmtiﬁcatiDelatonamque
1893 3033 1938 3088 (ξ
1973 3022 2708 3092 deumusarchicpisco;ius
2737 3022 3136 3093 postauditam
3163 3021 3232 3076 de
3261 3017 3416 3073 ossis
3446 3015 3615 3071 mira-

216 3109 267 3163 in
303 3109 668 3180 prresentiam
702 3125 903 3165 eorum
936 3110 1175 3180 scrinio,
1202 3126 1331 3167 cum
1365 3125 1498 3165 osse
1522 3110 1857 3179 sanguinem

212 3197 335 3252 sine
368 3197 696 3253 cessatione
753 3198 1047 3263 fundente,
1085 3198 1301 3268 accepit
1346 3197 1556 3268 aliquis
1613 3213 1684 3252 ex
1717 3198 1859 3267 ipsis

214 3285 494 3341 fratribus
514 3301 577 3341 os
600 3286 1106 3355 sanguinolentum
1142 3286 1196 3342 in
1215 3302 1436 3355 manus,
1453 3286 1855 3357 cumqueillud

209 3373 489 3442 sanguine
524 3373 579 3429 in
610 3374 887 3430 scrinium
917 3376 1209 3431 transfuso
1239 3375 1453 3446 saepius
1486 3379 1852 3445 evacuasset,

208 3461 366 3517 dicto
396 3475 627 3532 semper
666 3461 843 3518 citius
894 3462 1095 3531 majori
1131 3464 1428 3533 sanguinis
1476 3463 1855 3521 inundatione

208 3549 563 3620 replebatur.
617 3552 790 3607 Pacta
842 3551 1023 3620 igitur
1052 3551 1206 3606 inter
1265 3553 1677 3622 prudentiores
1704 3568 1857 3622 quae-

208 3639 416 3706 stione,
450 3654 521 3694 ex
552 3653 662 3708 qua
719 3638 989 3695 videlicet
1048 3640 1354 3696 occasione
1384 3641 1530 3695 tanti
1568 3641 1851 3709 miraculi,

209 3726 304 3795 qui
336 3726 410 3780 ibi
433 3731 847 3795 convenerant,
874 3727 1044 3796 hujus
1070 3726 1332 3783 miraculi
1367 3727 1588 3798 spiculo
1610 3743 1637 3783 a
1659 3728 1853 3783 divino

212 3815 458 3870 fuissent
492 3815 756 3884 percussi
782 3816 1052 3884 consilio,
1078 3816 1199 3871 h:ec
1227 3830 1332 3871 una
1359 3816 1628 3871 omnibus
1651 3831 1721 3870 ex
1750 3817 1855 3871 hac

211 3917 271 3957 re
296 3901 553 3957 surrexit
587 3901 899 3973 sententia,
934 3903 1004 3958 de
1038 3904 1362 3960 adhibenda
1397 3902 1620 3959 scilicet
1655 3904 1853 3972 majori

212 3994 452 4062 propter
485 3990 594 4045 hoc
646 3990 870 4061 signum
922 3992 1247 4048 reverentia
1281 3997 1340 4047 et
1393 3992 1533 4062 ipsis
1564 3992 1851 4048 sociorum

210 4079 445 4134 ossibus
474 4083 528 4133 ct
564 4094 767 4135 eorum
818 4079 1133 4135 cineribus.
1172 4081 1252 4135 Ad
1287 4082 1453 4151 cujus
1484 4085 1852 4150 augmentum

212 4166 555 4222 reverentiae
586 4167 859 4223 dicebant
890 4167 1206 4238 pertinere,
1236 4173 1297 4223 ut
1322 4174 1498 4237 terra,
1538 4184 1665 4238 qum
1697 4170 1849 4224 circa

210 4256 508 4324 sarcofaga
560 4270 758 4311 eorum
812 4256 1002 4325 posita
1038 4256 1089 4310 in
1127 4257 1336 4326 locum,
1374 4262 1437 4311 ut
1492 4256 1707 4312 dictum
1742 4262 1849 4328 est,

209 4359 502 4399 C(enosum
537 4350 705 4400 antea
756 4344 1174 4416 proiciebatur,
1210 4343 1484 4415 deinceps
1516 4345 1572 4398 in
1604 4344 1850 4414 aliquem
1884 4385 1936 4445 D

211 4432 477 4489 mundum
514 4433 705 4489 locum
750 4433 1167 4490 venerabiliter
1222 4434 1657 4498 collocaretur;
1691 4433 1855 4501 cujus

212 4535 451 4577 acervus
484 4523 617 4577 dum
663 4521 926 4589 Galaatb,
965 4522 1070 4577 hoc
1102 4526 1192 4577 est
1227 4537 1473 4577 acervus
1504 4521 1848 4589 testimonii,

211 4623 318 4663 non
351 4608 642 4664 immerito
665 4614 997 4677 vocaretur,
1048 4610 1261 4665 factum
1288 4611 1339 4663 in
1374 4610 1695 4680 osse,quod
1722 4609 1853 4664 huic

211 4684 572 4767 suppositum
607 4698 795 4753 fuerat
830 4704 1021 4765 terra),
1057 4698 1393 4754 miraculum
1423 4700 1572 4754 omni
1610 4698 1856 4769 posteri-

213 4785 312 4839 tati
348 4784 708 4853 loqueretur.
726 4786 854 4841 Hoc
889 4785 1081 4854 itaque
1110 4786 1356 4842 consilio
1386 4786 1521 4843 dato
1551 4792 1609 4842 et
1641 4786 1855 4842 collau-

211 4872 367 4938 dato,
396 4871 537 4927 illud
560 4871 734 4928 etiam
750 4871 936 4927 eidem
954 4874 1196 4928 fratrum
1213 4873 1462 4944 collegio
1476 4890 1599 4929 com
1612 4875 1848 4944 placuit,

214 4967 272 5016 ut
304 4960 520 5016 scrinio
552 4960 608 5015 in
649 4959 1065 5016 monasterium
1128 4961 1402 5021 relatoct
1433 4977 1610 5033 super
1667 4963 1851 5018 altare

209 5047 414 5118 locato,
441 5048 728 5105 communi
753 5047 952 5104 cordis
984 5054 1042 5103 et
1066 5049 1184 5104 oris
1208 5064 1425 5105 necnon
1442 5065 1850 5120 campanarum

210 5137 581 5192 consonantia
627 5136 816 5193 divina
877 5140 948 5191 ab
1003 5136 1089 5192 eis
1121 5137 1461 5193 laudaretur
1519 5139 1847 5209 prudentia,

211 5241 334 5295 qua:
365 5224 504 5279 nihil
528 5226 666 5280 facit
691 5225 798 5281 nisi
847 5226 899 5280 in
927 5240 1150 5294 magna,
1182 5232 1244 5281 ut
1271 5242 1372 5297 par
1393 5232 1501 5295 est,
1528 5228 1839 5297 sapientia.

213 5312 291 5367 Ad
324 5313 466 5367 hanc
497 5328 637 5382 ergo
695 5314 918 5369 laudem
953 5315 1049 5369 Dei
1108 5328 1175 5369 cx
1212 5320 1329 5370 tota
1391 5315 1631 5372 civitate
1661 5317 1851 5386 cujus-

283 5541 427 5614 (569)
464 5544 577 5599 Hoc
609 5542 686 5597 ita
720 5557 769 5599 a.
806 5547 942 5599 71072
973 5543 1096 5599 fuit.

1969 3109 2084 3164 culi
2123 3111 2326 3166 famam
2373 3112 2622 3182 primum
2659 3112 2710 3165 in
2744 3110 2884 3166 illud
2919 3110 3102 3165 sancti
3163 3106 3387 3163 Paulini
3424 3119 3614 3160 mona-

1969 3199 2211 3255 sterium
2237 3200 2519 3255 orationis
2561 3215 2734 3256 causa
2759 3200 3035 3267 venisset,
3075 3198 3376 3252 venitcum
3398 3209 3466 3250 eo
3490 3192 3611 3263 qui-

1971 3286 2096 3341 dam
2128 3289 2198 3343 de
2232 3287 2498 3358 partibus
2556 3287 2877 3357 Aquitanize
2938 3286 3248 3358 paenitens,
3284 3284 3452 3354 cujus
3484 3283 3612 3336 bra-

1968 3377 2158 3433 chium
2206 3377 2473 3432 dextrum
2516 3378 2669 3432 ferro
2694 3377 2800 3432 fuit
2824 3376 3083 3445 ligatum.
3120 3375 3221 3428 Hic
3256 3373 3451 3442 itaque
3481 3387 3609 3427 cum

1968 3465 2177 3522 domno
2209 3466 2472 3520 antistite
2536 3467 2742 3521 fossam
2787 3464 2963 3531 illam,
2998 3480 3066 3518 ne
3121 3463 3305 3519 dicam
3338 3460 3608 3531 criptam,

1968 3569 2093 3625 qua:
2128 3554 2375 3609 nondum
2412 3553 2487 3608 ibi
2524 3555 2733 3623 fuerat,
2762 3553 3025 3607 intravit.
3073 3593 3086 3606 .
3136 3594 3148 3606 .
3198 3592 3211 3605 .
3257 3592 3269 3604 .
3319 3592 3331 3603 .
3378 3591 3391 3604 .

2036 3645 2175 3697 Post
2204 3642 2326 3698 base
2378 3643 2430 3697 in
2465 3642 2556 3697 die
2611 3641 2948 3712 palmarum,
2988 3656 3116 3710 qua:
3150 3644 3289 3696 tunc
3321 3642 3450 3695 erat
3487 3652 3618 3708 pro-

1966 3730 2134 3798 xima,
2194 3731 2454 3800 quaedam
2514 3730 2718 3785 femina
2761 3772 2773 3783 .
2836 3772 2848 3783 .
2895 3771 2907 3783 .
2955 3770 2966 3782 .
3019 3730 3171 3784 .Est
3233 3732 3423 3781 autem
3479 3740 3614 3780 con-

1964 3819 2215 3874 suetudo
2244 3819 2355 3873 loci
2389 3818 2546 3874 illius
2603 3817 3144 3887 congregationum,
3180 3821 3244 3871 ut
3278 3816 3330 3869 in
3364 3814 3456 3871 die
3489 3813 3613 3868 Pal-

1967 3922 2186 3963 marum
2218 3907 2274 3959 in
2302 3906 2353 3960 id
2381 3906 2567 3975 ipsum
2602 3906 2789 3960 sancti
2823 3904 3043 3959 Paulini
3094 3903 3505 3958 monasterium
3542 3901 3610 3956 ad

1966 3996 2192 4051 laudem
2219 3996 2532 4050 Deiomnes
2577 4005 2938 4060 cummagna
2990 3992 3334 4062 populorum
3360 3989 3617 4044 multitu-

1966 4083 2098 4138 dine
2124 4083 2275 4137 omni
2319 4097 2467 4137 anno
2490 4080 2856 4137 conveniant.
2913 4083 3047 4135 Cum
3097 4094 3237 4148 ergo
3265 4080 3429 4149 juxta
3461 4077 3613 4132 hunc

1967 4172 2141 4226 ritum
2163 4168 2361 4226 eadem
2395 4168 2486 4224 die
2511 4168 2795 4223 maximus
2816 4172 2873 4223 ct
2901 4167 3098 4223 clerus
3120 4171 3179 4223 et
3204 4166 3450 4238 populus
3475 4164 3612 4221 illuc

1966 4260 2377 4314 convenissent
2408 4262 2467 4312 et
2508 4255 3056 4312 consuctudinarias
3088 4255 3165 4310 ibi
3194 4255 3396 4310 laudes
3426 4253 3614 4309 Domi-

1967 4361 2040 4401 no
2074 4346 2389 4402 dixissent.
2441 4387 2453 4397 .
2503 4389 2512 4399 .
2565 4387 2576 4398 .
2627 4387 2638 4398 .
2691 4387 2701 4399 .
2750 4388 2760 4400 .
2810 4387 2821 4398 .

2038 4436 2246 4490 Postea
2281 4439 2310 4488 5
2344 4433 2631 4489 Kalendas
2663 4433 2810 4503 Maii,
2852 4448 2963 4503 qua
2996 4432 3087 4488 die
3113 4431 3276 4500 juxta
3315 4431 3609 4486 inductum

1967 4523 2200 4579 Ekberti
2238 4522 2660 4593 archiepiscopi
2689 4521 2952 4592 plurima)
2975 4520 3489 4577 circamanentium
3514 4518 3612 4573 vil-

1966 4612 2150 4665 larum
2185 4611 2374 4664 turbae
2403 4626 2533 4664 cum
2578 4609 2854 4665 crucibus
2884 4609 3152 4665 Treviros
3185 4608 3375 4663 solent
3410 4607 3608 4661 venire

1964 4706 2024 4755 et
2048 4699 2397 4755 mormsteria
2413 4698 2673 4754 civitatis
2699 4698 2856 4754 illius
2880 4698 3066 4754 omnia
3090 4696 3361 4759 circuire,
3382 4696 3613 4751 delatus

1964 4792 2051 4843 est
2086 4802 2116 4841 a
2150 4786 2492 4858 parentibus
2545 4803 2686 4858 puer
2725 4788 2958 4857 quidam
2991 4802 3206 4858 parvus
3234 4787 3288 4841 in
3323 4789 3611 4841 monaste-

1964 4877 2111 4932 rium
2148 4890 2303 4946 szepe
2363 4875 2629 4946 przedicti
2682 4875 2869 4945 patris
2906 4874 3151 4943 Paulini,
3214 4872 3368 4944 quod
3401 4871 3610 4928 amodo

1962 4968 2300 5020 sanctorum
2334 4978 2564 5033 quoque
2600 4967 2912 5032 martyrum
2948 4977 3056 5018 non
3092 4961 3380 5017 immerito
3414 4964 3610 5032 potest

1962 5053 2155 5108 vocari
2198 5076 2224 5107 τ
2260 5094 2272 5107 .
2317 5092 2331 5107 .
2374 5053 2512 5107 Erat
2567 5067 2705 5108 vero
2737 5051 2939 5108 eadem
2973 5052 3113 5106 hora
3144 5051 3392 5107 domnus
3426 5050 3609 5107 archi-

1962 5142 2274 5213 CpiSCdllUS
2314 5157 2440 5195 cum
2495 5139 2763 5193 onrtibus
2810 5139 2916 5193 loci
2982 5139 3137 5193 illius
3194 5139 3602 5195 canonicorum

1959 5228 2510 5298 congregationibus
2562 5228 2614 5280 in
2663 5227 2864 5282 eodcn
2921 5229 3268 5282 monasterio
3324 5227 3603 5283 orationis

1963 5319 2197 5374 deditus
2228 5316 2413 5371 otlicio
2456 5359 2465 5368 .
2518 5360 2529 5372 .
2584 5358 2595 5370 .

1794 5442 1834 5494 Ν
1843 5441 1992 5495 ΟΥίΕ
2007 5483 2022 5499 .
