3958 6046
171 271 322 339 ιετι

789 272 1057 340 GESTA
1085 271 1442 336 THEVER.
1477 307 1557 318 -
1584 265 1917 333 APPEND
1952 267 2062 332 EX
2105 266 2380 332 MIRAC.
2417 269 2484 332 S.
2517 265 2964 334 MODOAIDI.

3429 266 3584 333 i218

169 399 228 458 in
260 399 580 474 planctum,
618 400 780 459 chori
818 399 1194 474 psallentium
1227 399 1285 456 in
1318 398 1560 468 luctum,
1593 397 1821 456 choreae
1852 375 1906 438 Α
1933 401 2302 460 Trevirorum
2334 400 2758 474 participarent
2796 397 3236 458 beneficio.......
3274 401 3476 470 Itaque
3509 398 3584 457 si-

169 488 497 562 puellarum
519 489 572 546 in
595 489 1044 546 lamentationes
1064 488 1331 558 migrare.
1349 487 1548 544 Totius
1564 487 1824 544 civitatis

171 577 373 637 faciem
424 579 784 636 immutatam
831 578 1085 644 videres,
1137 577 1349 634 divinae
1397 575 1700 646 religionis
1727 576 1826 632 vix

168 665 394 738 aliquas
436 673 642 725 tenues
683 667 963 738 reliquias
993 680 1314 724 remanere.
1359 667 1544 722 Porro
1586 667 1702 722 Deo
1743 664 1828 720 di-

169 760 315 814 catae
343 757 620 826 virgines,
655 772 798 828 quas
830 757 886 813 in
917 757 1178 814 oratorio
1223 755 1376 812 beati
1421 748 1826 827 Symphoriani

170 846 442 915 martyris
463 846 775 903 cmnobiali
797 846 1244 903 conversatione
1265 845 1381 900 Deo
1401 844 1622 901 servire
1646 859 1822 914 supra

167 935 544 1004 exposuimus
573 934 746 1008 (574),
777 935 931 991 inter
971 940 1057 992 tot
1101 935 1306 990 mortis
1347 948 1558 1006 genera
1593 933 1663 988 ad
1693 947 1826 988 con-

169 1027 336 1079 sueta
369 1023 698 1080 orationum
741 1039 898 1080 arma
941 1023 1368 1094 confugientes,
1405 1039 1512 1096 pro
1548 1021 1825 1104 castitate

169 1112 473 1182 servanda,
509 1127 678 1184 quam
711 1114 1092 1184 devoverant,
1129 1129 1240 1170 non
1277 1129 1380 1186 pro
1405 1114 1521 1170 vita
1547 1110 1824 1184 praesentl

171 1201 404 1266 tuenda,
433 1216 602 1272 quam
627 1202 1040 1274 despexerant,
1068 1217 1384 1274 supernum
1407 1215 1640 1273 coepere
1665 1199 1826 1257 auxi-

167 1289 309 1346 lium
340 1290 750 1348 ardentissima
774 1291 1022 1362 spiritus
1043 1292 1400 1349 contritione
1424 1292 1728 1356 invocare;
1759 1302 1826 1344 ac

167 1377 324 1434 beati
361 1379 644 1436 Modoaldi
692 1381 966 1452 sepulcro
1004 1395 1206 1438 omnes
1249 1379 1562 1449 advolutze,
1603 1383 1666 1434 ut
1697 1377 1824 1448 ejus

165 1467 495 1538 patrocinio
519 1471 591 1525 ab
616 1469 936 1526 imminenti
967 1469 1337 1541 eriperentur
1368 1469 1656 1541 periculo,
1693 1467 1826 1523 tali-

168 1557 279 1614 bus
315 1557 407 1613 vel
437 1557 642 1614 talium
682 1558 971 1615 similibus
1000 1559 1209 1615 coelum
1246 1559 1518 1630 precibus
1552 1559 1823 1614 feruntur

161 1649 510 1719 penetrasse
546 1665 558 1701 :
592 1646 844 1704 Domine
879 1648 1029 1704 οἶσθα
1070 1635 1312 1704 Christe
1349 1689 1360 1702 .
1398 1688 1410 1700 .
1449 1689 1461 1702 .
1497 1688 1511 1700 .
1551 1689 1562 1702 .
1600 1689 1611 1700 .
1650 1689 1662 1702 .
1701 1689 1712 1702 .
1753 1689 1764 1702 .
1805 1688 1818 1702 .

1936 493 2153 550 mulata
2207 492 2517 550 devotione
2569 491 2876 550 ecclesiam
2937 489 3127 548 sancti
3180 489 3577 562 Symphoriani

1937 582 2340 640 subintrantes
2369 582 2614 653 ejusque
2642 581 2833 638 omnia
2864 595 2991 652 quae
3025 581 3140 638 sibi
3174 595 3308 636 mox
3341 579 3469 636 usui
3507 581 3584 635 fo-

1937 680 2065 728 rent
2097 671 2494 743 explorantes,
2536 671 2736 728 vident
2763 671 2993 726 domum
3023 669 3321 734 incultam,
3353 667 3581 738 injurias

1934 764 2343 831 opportunam,
2385 759 2666 816 ministris
2706 759 3050 830 civibusque
3083 757 3428 827 neglectam,
3463 772 3580 814 me-

1937 848 2049 905 rito
2078 849 2310 918 quidem
2341 849 2433 906 sui
2463 849 2661 904 Croesi
2699 847 2922 904 divitiis
2962 847 3328 915 nobiliorem,
3360 845 3462 902 sed
3499 860 3561 900 re

1935 936 2234 994 familiaris
2257 937 2449 1010 inopia
2473 937 2642 1006 longe
2663 937 2880 994 ceteris
2905 936 3418 992 obscuriorem.....
3449 949 3578 990 cum

1937 1025 2218 1080 matutina
2248 1024 2414 1096 plebs
2437 1025 2504 1082 ad
2531 1024 2810 1081 orandum
2840 1023 3119 1094 coepisset
3151 1037 3224 1078 ex
3256 1035 3416 1077 more
3445 1035 3583 1077 con-

1935 1125 2288 1170 currere.....
2345 1114 2493 1185 (575)
2543 1115 2812 1170 Ceterum
2863 1113 3034 1184 hujus
3085 1110 3360 1168 facinoris
3408 1109 3582 1166 casti-

1933 1201 2108 1270 gandi
2155 1201 2364 1272 gratia,
2406 1217 2476 1258 ne
2517 1203 2654 1272 quid
2695 1202 2881 1259 simile
2928 1202 3206 1272 deinceps
3255 1199 3577 1272 perniciosa

1937 1295 2164 1348 crearet
2213 1291 2469 1361 licentia,
2518 1291 2842 1348 decernunt
2887 1292 2942 1346 in
2989 1305 3308 1359 commune,
3363 1303 3581 1360 corpus

1937 1379 2120 1437 sancti
2145 1395 2200 1436 in
2228 1381 2535 1452 propatulo
2562 1381 2832 1451 positum,
2866 1379 2937 1437 ab
2959 1379 3207 1437 ecclesia
3236 1378 3579 1447 transferre,

1934 1468 2350 1540 caelestemque
2397 1469 2737 1526 thesaurum
2773 1465 3137 1525 firmioribus
3177 1467 3480 1538 apothecis
3519 1468 3576 1521 et

1934 1559 2138 1614 tutiori
2161 1559 2369 1615 aerario
2391 1557 2811 1615 commendare.
2847 1560 3048 1628 Itaque
3081 1571 3272 1613 aream
3306 1555 3576 1625 ligneam,

1935 1647 2283 1704 firmissimis
2325 1647 2543 1703 tabulis
2581 1651 2942 1718 compactam
2979 1645 3300 1714 ferreisque
3332 1643 3580 1700 nexibus

162 1733 509 1804 Huiusmodi
559 1735 834 1807 precibus
881 1749 1010 1792 cum
1061 1749 1263 1805 magna
1313 1735 1557 1807 spiritus
1600 1735 1902 1798 contri-B
1933 1735 2386 1806 circumquaque
2405 1735 2680 1791 munitam
2701 1735 3272 1803 accelerant;eoque
3295 1731 3578 1788 translata

165 1819 344 1884 tione.
379 1837 508 1879 cum
543 1838 748 1894 magno
781 1824 1151 1880 lacrimarum
1180 1824 1363 1880 imbre
1395 1823 1670 1894 profusis,
1704 1837 1816 1877 non

163 1911 352 1967 defuit
399 1912 666 1983 operatio
715 1927 988 1984 supernae
1037 1912 1449 1982 exauditiouis,
1485 1927 1598 1968 non
1632 1912 1819 1968 defuit

163 1999 448 2056 exhibitio
481 2000 892 2058 miraculorum
943 2001 1098 2057 beati
1149 2000 1524 2058 confessoris.
1561 2001 1639 2056 Ne
1677 2015 1818 2068 ergo

161 2088 280 2144 Deo
311 2093 556 2146 sacratas
587 2089 846 2159 virgines
868 2088 1016 2145 mala
1042 2089 1330 2153 viderent,
1361 2105 1488 2160 quae
1513 2105 1618 2160 pro
1643 2103 1820 2145 sexus

163 2175 484 2245 fragilitate
517 2178 874 2246 metuebant,
915 2192 1060 2234 neve
1103 2179 1248 2234 bona
1295 2179 1656 2244 amitterent,
1693 2193 1820 2248 quae

165 2277 271 2334 pro
299 2264 598 2321 castitatis
638 2265 1012 2321 observantia
1048 2272 1516 2336 promeruerant,
1554 2264 1821 2321 mirabile

164 2351 390 2417 auditu,
430 2352 756 2410 mirabilius
783 2354 951 2410 visu!
987 2354 1040 2408 in
1075 2369 1216 2426 pace
1248 2354 1400 2410 lecto
1436 2354 1817 2410 decubantes.

165 2439 317 2496 intra
372 2441 501 2496 dies
553 2441 794 2512 triginta
854 2457 1055 2498 omnes
1114 2443 1393 2514 praesenti
1442 2443 1824 2498 decesserunt

165 2527 316 2594 vita;
343 2532 625 2599 tantoque
651 2529 922 2600 feliciter,
951 2535 1169 2600 quanto
1193 2531 1531 2602 perenniter
1555 2530 1819 2597 victurae,

161 2632 291 2672 cum
325 2617 552 2673 ornatis
583 2617 950 2690 lampadibus
991 2633 1206 2688 sponso
1249 2619 1477 2676 caelesti
1515 2632 1824 2681 oecurren-

167 2710 272 2774 tes,
319 2705 690 2776 sempiternze
731 2705 1124 2777 jucunditatis
1175 2707 1490 2764 thalamum
1541 2721 1671 2764 cum
1723 2706 1822 2761 illo

164 2793 445 2864 ingressae
474 2798 628 2850 sunt.
662 2795 917 2862 Quarum
949 2810 1196 2866 corpora
1221 2796 1276 2852 in
1299 2797 1501 2852 eodem
1531 2801 1668 2852 sunt
1696 2807 1825 2852 ora-

161 2883 320 2939 torio
357 2883 680 2954 recondita,
713 2883 768 2940 in
799 2899 914 2954 quo
943 2885 1096 2940 beati
1131 2884 1416 2941 Modealdi
1447 2884 1688 2956 pignora
1709 2926 1726 2950 ,
1759 2890 1823 2940 ut

163 2971 334 3040 cujus
354 2970 865 3041 patrocinantibus
886 2972 1113 3028 meritis
1133 2972 1336 3028 animae
1358 2971 1586 3028 illarum
1610 2971 1818 3028 coelum

160 3074 292 3115 cum
327 3072 433 3114 suo
467 3057 843 3130 possidebant
896 3065 1166 3131 patrono,
1218 3061 1402 3133 ipsius
1450 3061 1820 3132 exigentibus
1857 3094 1900 3133 ιτ

164 3146 433 3218 reliquiis
471 3129 734 3220 corpora
769 3148 824 3203 in
857 3129 1062 3204 eodem
1111 3129 1491 3205 hum'arentur
1533 3129 1690 3214 loco;
1724 3147 1820 3206 ubi
1859 3129 1901 3150 “”

167 3237 380 3292 ﬂorent
408 3236 705 3292 orationes
733 3250 955 3306 earum,
987 3241 1048 3292 et
1073 3239 1397 3292 exuberant
1421 3236 1518 3293 Dei
1544 3235 1820 3293 beneﬁcia

168 3323 237 3379 ad
285 3324 622 3380 memoriam
662 3323 952 3394 virginum
983 3336 1056 3379 ex
1086 3327 1227 3382 tunc
1258 3329 1314 3381 et
1349 3325 1518 3382 modo
1547 3327 1606 3380 et
1639 3339 1823 3394 usque

165 3412 220 3467 in
255 3412 536 3468 secutum.

230 3505 282 3556 2.
322 3499 460 3557 Cum
512 3500 693 3573 igitur
738 3502 998 3573 ejusdem
1051 3502 1420 3574 tempestatis
1458 3501 1648 3559 adhuc
1683 3502 1825 3558 resi-

161 3588 370 3646 derant
398 3589 647 3660 vestigia
680 3590 966 3661 longaque
995 3590 1254 3647 solitudo
1288 3591 1565 3661 pleraque
1596 3595 1824 3648 sancto-

163 3693 290 3734 rum
326 3678 628 3734 cohiberet
665 3678 812 3749 loca,
861 3679 1034 3735 ﬁebat
1070 3679 1359 3748 nimirum,
1394 3683 1456 3736 ut
1491 3679 1608 3736 illa
1637 3677 1822 3736 sancti

165 3765 472 3822 familiaris
506 3765 752 3836 angulus
781 3782 888 3837 pro
913 3765 1002 3823 sui
1037 3766 1266 3838 quidem
1299 3767 1585 3837 dignitate
1615 3781 1820 3838 parum

163 3853 460 3911 obtineret
515 3855 880 3924 reverentiae,
935 3853 1205 3923 neglectu
1239 3869 1375 3911 vero
1405 3854 1618 3912 civium
1668 3859 1819 3912 omni

163 3943 428 4000 custodia
481 3941 807 4000 destitutus
835 3943 1012 3999 etiam
1044 3947 1274 4014 pateret
1315 3942 1560 4013 injuriae.
1611 3943 1718 4000 Sed
1753 3957 1818 3998 ea

167 4029 497 4088 mortalium
527 4031 749 4088 incuria
783 4037 986 4089 nostro
1021 4031 1274 4102 pontifici
1305 4031 1586 4088 auctioris
1614 4031 1818 4102 gloria)

167 4123 314 4176 facta
339 4124 430 4176 est
451 4119 712 4176 materia.
747 4119 990 4186 Quidam
1015 4121 1168 4176 enim
1189 4120 1320 4190 viri,
1352 4133 1568 4190 genere
1593 4120 1817 4191 Franci,

165 4225 286 4265 sum
317 4207 510 4278 gentis
545 4209 698 4264 haud
731 4208 1039 4279 ignobiles,
1075 4209 1266 4264 animo
1287 4214 1346 4264 et
1369 4223 1616 4280 corpore
1649 4223 1819 4280 quam

165 4295 412 4352 maxime
453 4295 737 4364 valentes,
779 4300 996 4354 sanctae
1035 4297 1366 4353 devotionis
1395 4297 1582 4368 gratia
1619 4299 1818 4353 urbem

163 4385 424 4442 Treveris
448 4389 859 4450 accesserant;
889 4399 1059 4456 quam
1091 4399 1326 4442 suorum
1359 4389 1692 4442 sanctorum
1718 4400 1820 4441 nu-

1931 1823 2286 1880 confessoris
2333 1824 2596 1896 pignora,
2646 1825 2701 1880 in
2751 1823 3071 1880 oratorium
3117 1823 3303 1879 sancti
3352 1820 3576 1877 Paulini

1933 1927 2110 1982 super
2132 1911 2315 1968 altare
2341 1916 2559 1974 sanctae
2582 1913 2783 1970 Crucis
2807 1927 3024 1968 summa
3049 1927 3180 1968 cum
3202 1909 3580 1966 veneratione

1933 1999 2282 2070 deportant;
2309 2002 2580 2057 consulte
2612 2001 2858 2070 scilicet,
2897 2006 2955 2056 ut
2991 2015 3094 2071 par
3121 1999 3269 2071 pari,
3301 1998 3578 2055 sacerdos

1934 2089 2227 2146 sacerdoti
2261 2091 2628 2161 jungeretur,
2674 2089 2890 2160 illoque
2933 2090 3314 2146 adventantes
3359 2085 3580 2158 duplici

1935 2177 2261 2250 patrocinio
2293 2179 2731 2236 solatiarentur.
2762 2179 2862 2236 His
2891 2179 3127 2235 additur
3147 2193 3220 2234 ex
3243 2177 3410 2232 Pario
3435 2190 3581 2231 mar-

1935 2282 2094 2324 more
2137 2267 2352 2336 tabula,
2397 2269 2464 2323 ad
2508 2273 2826 2324 extremam
2877 2283 3104 2324 manum
3155 2265 3387 2322 decoris
3437 2265 3580 2320 mira

1935 2354 2254 2426 sculptoris
2295 2361 2421 2410 arte
2463 2355 2763 2426 perducta,
2809 2371 2936 2422 quae
2978 2359 3218 2426 propter
3248 2353 3578 2424 sepulcrum

1934 2443 2061 2512 ejus
2083 2448 2336 2514 reperta,
2365 2443 2576 2514 sepulti
2603 2459 2804 2499 nomen
2829 2449 2889 2501 et
2913 2443 3180 2498 meritum
3207 2441 3577 2513 praeferebat,

1936 2533 2043 2587 hac
2067 2531 2217 2587 serie
2241 2536 2478 2588 exarata
2509 2552 2520 2586 :
2549 2535 2674 2589 Hoc
2695 2531 3216 2589 estsanctuarium
3238 2531 3356 2586 Deo
3377 2529 3581 2588 dilecti

1941 2619 2321 2677 Treverorum
2343 2619 2772 2693 archiepiscopi
2793 2619 3118 2688 Modoaldi,
3143 2619 3315 2690 cujus
3333 2633 3445 2676 rea:
3465 2620 3582 2673 lfu-

1929 2707 2206 2780 goberlus
2251 2709 2645 2779 sanctititem,
2693 2709 2878 2767 sicuti
2913 2711 2980 2766 in
3009 2711 3140 2782 ejus
3177 2709 3468 2781 praecepto
3513 2704 3584 2764 de

1941 2796 2180 2854 Trereri
2210 2797 2557 2867 continetur,
2588 2799 2758 2856 intra
2788 2799 3052 2868 Ligerim
3079 2799 3137 2854 et
3159 2797 3432 2854 Rhenum
3457 2809 3584 2852 ma-

1927 2887 2151 2957 gniﬁce
2196 2888 2420 2944 extulit
2464 2889 2524 2944 et
2566 2888 2858 2945 dilatavit
2886 2887 3053 2958 (576).
3091 2886 3255 2953 Quod
3301 2886 3477 2950 etiam
3524 2883 3576 2939 in

1934 2974 2342 3044 superioribus
2371 2980 2750 3032 memoratum
2792 2979 2901 3033 est.

2005 3067 2056 3119 3.
2091 3063 2276 3133 igitur
2317 3065 2503 3120 sancti
2543 3065 2764 3120 Paulini
2805 3064 3050 3122 ecclesia
3093 3079 3242 3121 novo
3284 3063 3577 3120 illustrata

1934 3150 2188 3222 hospite,
2219 3152 2274 3206 in
2301 3157 2579 3223 quantum
2607 3153 2764 3209 brevi
2789 3153 3196 3209 claritudinem
3223 3151 3577 3224 pervenerit,

1935 3242 2153 3308 quanto
2184 3238 2438 3295 fidelium
2465 3239 2662 3296 studio
2687 3241 2934 3310 priorem
2957 3240 3284 3310 neglectum
3315 3251 3582 3296 correxe-

1935 3326 2032 3396 rit,
2063 3326 2196 3382 dum
2230 3343 2449 3400 pauper
2481 3345 2608 3384 cum
2641 3328 2821 3384 divite
2851 3343 2919 3384 eo
2951 3343 3086 3386 suas
3117 3327 3581 3386 necessitudines

1937 3419 2192 3472 maturat
2223 3416 2552 3487 deplorare,
2600 3424 2917 3474 memoratu
2949 3422 3035 3474 est
3070 3415 3430 3473 incredibile.
3469 3415 3578 3473 Sed

1937 3508 2245 3575 postquam
2275 3503 2551 3562 diuturna
2572 3505 2737 3576 quies
2757 3505 2958 3576 otium,
2988 3506 3094 3562 otii
3123 3520 3260 3562 vero
3291 3504 3580 3562 securitas

1934 3598 2248 3663 corruptos
2277 3609 2468 3651 mores
2503 3599 2828 3666 pepererat,
2854 3600 3154 3667 totamque
3183 3595 3345 3652 urbis
3374 3595 3577 3652 faciem

1935 3680 2295 3738 immutatam
2323 3699 2426 3753 pro
2451 3684 2730 3754 religione
2755 3684 3081 3742 divinorum
3104 3688 3478 3756 contemptus
3501 3683 3581 3738 in-

1933 3774 2196 3826 cesserat
2225 3790 2236 3824 :
2261 3772 2602 3828 sustinenda
2637 3777 2764 3830 erat
2796 3775 3128 3831 necessario
3159 3786 3426 3846 supernae
3456 3789 3582 3830 cor-

1935 3858 2214 3915 rectionis
2237 3861 2548 3929 sententia,
2572 3877 2699 3931 qua:
2727 3847 3006 3932 p'ollutam
3026 3861 3320 3917 licentiam
3341 3863 3449 3919 sub
3471 3852 3600 3918 fre;

1932 3961 2006 4002 no
2037 3946 2422 4002 districtionis
2451 3953 2770 4004 coerceret.
2805 3951 3007 4020 Itaque
3032 3949 3196 4018 juxta
3231 3950 3578 4006 sententiam

1935 4033 2234 4106 prophetae
2262 4053 2272 4088 :
2296 4036 2344 4091 Α
2367 4036 2714 4092 sanctuario
2735 4051 2857 4092 meo
2877 4037 3125 4110 incipite
3147 4035 3376 4106 (Ezeck.
3405 4051 3478 4106 ιιι,
3501 4039 3576 4107 6),

1933 4122 2300 4193 intempestae
2340 4123 2532 4180 noctis
2571 4124 2806 4181 silentio
2847 4125 2996 4181 idem
3029 4125 3348 4181 oratorium
3383 4124 3580 4181 subito

1932 4211 2310 4282 conﬂagravit
2339 4213 2606 4270 incendio
2630 4213 2800 4286 (577),
2827 4215 2880 4271 id
2905 4213 3130 4271 scilicet
3154 4217 3364 4283 agente
3386 4212 3579 4269 divina

1933 4314 2202 4370 censura,
2221 4315 2334 4370 quo
2353 4316 2424 4357 ne
2447 4316 2547 4371 per
2565 4301 2715 4358 diem
2739 4318 3043 4358 accensum
3067 4301 3218 4359 facili
3238 4316 3581 4358 concurren-

1934 4387 2078 4442 tium
2105 4387 2572 4457 restiugueretur
2595 4389 2903 4447 industria.
2937 4391 3294 4446 Ferebantur
3325 4388 3580 4459 undique

165 4488 325 4530 mero
367 4474 701 4544 superbam,
737 4477 856 4528 tum
889 4453 1208 4530 vetustatis
1238 4473 1529 4542 dignitate
1559 4473 1819 4528 celebra-
1851 4453 1902 4513 D
1936 4475 2092 4546 globi
2119 4453 2332 4545 ignium
2353 4479 2544 4534 ventis
2571 4479 2933 4548 urgentibus,
2953 4480 3206 4549 totisque
3231 4453 3580 4535 habenisre-

168 4566 302 4630 tam,
336 4561 490 4616 omni
523 4561 705 4616 Gallia
745 4561 928 4632 magis
956 4561 1648 4633 clarerecompererant.
1689 4561 1824 4632 Ejus

165 4647 518 4718 aliquamdiu
564 4647 786 4704 laribus
827 4649 1146 4714 obversati,
1195 4648 1477 4720 religione
1519 4649 1818 4720 delectati,

169 4751 335 4792 sacra
387 4737 656 4791 terebant
706 4735 923 4806 limina,
958 4753 1031 4794 ex
1061 4737 1279 4807 ignotis
1320 4753 1467 4809 pene
1500 4739 1822 4808 notissimi;

165 4839 294 4881 cum
321 4824 541 4880 interea
564 4823 724 4880 viros
747 4829 953 4881 natura
978 4839 1218 4895 sagaces
1242 4826 1470 4882 flamma
1495 4827 1670 4883 subiit
1699 4827 1824 4899 pul-

163 4913 438 4970 cherrimi
482 4911 778 4982 facinoris,
817 4917 875 4967 ut
911 4927 1278 4984 quocumque
1331 4916 1500 4971 modo
1546 4917 1823 4985 precibus

165 5007 265 5058 aut
316 5001 506 5072 pretio
537 5005 624 5058 tot
655 5003 986 5058 sanctorum
1037 5001 1381 5072 pignoribus
1413 5019 1539 5059 cum
1575 5005 1821 5061 maxime

1933 4564 2147 4634 guabat
2171 4565 2531 4622 ﬂammarum
2553 4567 2835 4638 impetus;
2853 4583 2981 4624 cum
3003 4567 3224 4624 interea
3243 4567 3580 4640 expergefa-

1934 4652 2014 4707 cti
2043 4651 2321 4709 custodes
2355 4653 2548 4710 vident
2577 4669 2676 4710 res
2709 4669 2846 4712 suas
2868 4655 2924 4710 in
2945 4661 3209 4711 extremo
3241 4656 3410 4725 sitas,
3443 4667 3582 4724 opes

1937 4740 2006 4796 ad
2040 4741 2498 4798 subveniendum
2531 4743 2720 4800 ubivis
2752 4744 3086 4814 imperatas.
3122 4745 3319 4813 Itaque
3345 4743 3498 4814 quod
3526 4742 3579 4798 in

1937 4833 2100 4884 tanto
2123 4831 2463 4888 constrictis
2489 4831 2698 4888 licebat
2720 4831 2988 4902 articulo,
3018 4831 3314 4902 festinare,
3339 4845 3582 4888 concur-

1935 4932 2086 4988 rere,
2134 4918 2349 4988 ingenti
2392 4925 2548 4978 metu
2587 4921 2905 4992 trepidare,
2949 4936 3057 4979 nec
3096 4926 3304 4977 contra
3337 4921 3440 4977 uiti
3474 4935 3581 4978 nec

1935 5020 2110 5077 posse
2149 5007 2470 5078 quiescere,
2525 5017 2818 5080 postremo
2860 5014 3160 5066 manerent
3200 5022 3270 5064 au
3315 5011 3582 5088 fugerent

1756 5111 1977 5168 NOT/E.

236 5203 388 5276 (574)
431 5203 552 5258 Lib.
585 5219 670 5276 ir:
707 5207 949 5262 Interea
983 5247 994 5258 .
1032 5246 1043 5258 .
1088 5219 1300 5276 ,δίψαν
1326 5207 1528 5275 ripam
1559 5206 1818 5264 illoseflze

163 5274 494 5348 oratorium
523 5275 592 5331 in
619 5275 836 5348 honore
867 5276 1023 5333 beati
1049 5274 1488 5348 ng‘pliorioni
1530 5279 1709 5346 sicut,
1727 5281 1817 5337 ris

162 5345 458 5420 extruxit,
484 5359 657 5416 opere
678 5347 920 5420 quidem
941 5345 1224 5420 mgnum
1245 5348 1302 5402 el
1319 5347 1642 5420 artiﬁciosi
1657 5345 1818 5406 scite-

161 5417 344 5473 malis
395 5415 599 5491 decore
647 5415 868 5491 uiinus
897 5415 1276 5491 (inibitiosum
1307 5459 1318 5473 .
1357 5461 1368 5474 .
1407 5415 1555 5475 .'Ibi
1595 5421 1817 5491 quippe

162 5487 675 5558 congregationem
695 5489 1042 5546 sanctarum
1061 5489 1364 5558 virginum
1395 5531 1407 5544 .
1443 5532 1456 5546 .
1496 5532 1507 5545 .
1545 5533 1557 5546 .
1596 5487 1817 5550 rma-

157 5559 302 5670 tuit.
341 5601 353 5614 .
389 5599 400 5612 .
439 5599 452 5614 .
491 5600 502 5612 .
541 5558 766 5625 Quibus
785 5559 1069 5616 etiamad
1087 5559 1394 5630 regularis
1417 5561 1674 5633 vigorem
1694 5562 1816 5620 dis-

1925 5210 2166 5290 ciplinae
2193 5214 2551 5290 secretarium
2580 5229 2833 5290 sororem
2859 5230 3031 5272 suam,
3053 5217 3332 5290 praefecit
3349 5215 3582 5274 nomine

1921 5283 2224 5338 Severum.
2262 5283 2341 5338 Cf.
2379 5285 2570 5350 Costa,
2606 5303 2658 5342 c.
2689 5289 2775 5341 2i.

1997 5355 2145 5421 (575)
2183 5354 2468 5428 αοιῬοτὶξ
2489 5362 2712 5424 partem
2743 5355 2994 5413 alilaturi
3027 5357 3308 5428 sanguine
3335 5359 3460 5415 fuso
3485 5359 3582 5416 de-

1928 5426 2226 5498 tegantur.
2265 5425 2412 5480 llist.
2449 5426 2490 5495 l,
2528 5443 2579 5498 p.
2616 5431 2704 5483 76.
2943 5483 2948 5487 .

1998 5496 2146 5567 (576)
2183 5497 2307 5562 Quo
2341 5496 2603 5567 tempore
2637 5499 2850 5554 factum
2883 5514 2992 5556 non
3024 5503 3276 5557 constat.

1997 5565 2152 5636 (377)
2181 5568 2244 5622 V.
2285 5565 2491 5625 falsum
2525 5568 2631 5626 hoc
2663 5569 2914 5642 diploma
2949 5587 3040 5644 ap.
3075 5571 3400 5628 lionthcim.
