3958 6046
387 287 539 352 12⁸79

896 285 1163 351 GESTA
1220 283 1577 348 TREVER.
1611 320 1687 332 --
1715 280 2069 346 APPEND.
2110 279 2221 345 EX
2251 281 2415 350 INV.
2446 284 2550 349 ET
2576 285 2744 350 MIR.
2782 285 2849 354 S.
2884 286 3245 352 MATHI/E.

3653 286 3812 355 1280

385 417 617 488 incerti,
649 415 862 476 malum
895 415 1296 489 improvisum,
1324 429 1538 491 anceps
1570 415 1891 490 periculum
1917 416 2034 476 cla-
2058 395 2117 459 Α
2145 429 2531 474 aerumnarum
2573 415 2988 490 querimoniam
3028 414 3344 491 detulerat,
3391 430 3612 479 rasura
3656 417 3808 490 ejus-

387 522 545 565 more
569 507 793 563 testari.
822 507 1075 574 Quorum
1098 507 1339 565 vocibIIs
1361 507 1538 564 exciti
1563 507 1701 564 licet
1724 506 2032 566 admodum

389 596 579 667 pauci,
599 598 647 653 si
672 597 769 668 qui
795 596 984 653 tamen
1010 597 1118 653 sub
1139 597 1392 654 obscura
1415 601 1585 654 nocte
1608 597 2031 666 confluxerant,

388 700 588 741 aurum
621 690 681 740 et
711 689 1035 756 argentum,
1068 700 1195 757 quae
1241 686 1425 757 prima
1476 686 1753 744 mortales
1800 692 2029 760 putant,

389 774 724 844 variamque
775 776 924 831 sacri
974 775 1283 832 ministerii
1332 774 1760 847 supellectilem
1812 790 2032 834 summa

388 876 497 933 ope
519 864 666 919 tueri
686 866 1059 934 satagebant;
1086 863 1156 919 de
1176 868 1509 922 sanctorum
1532 879 1671 922 vero
1691 865 2034 937 pignoribus

389 952 663 1007 eruendis
688 952 1073 1023 immemores,
1111 951 1250 1009 nulli
1277 968 1469 1010 rerum
1497 955 1772 1011 minorem
1798 968 2033 1025 operam

392 1038 819 1110 impendebant.
855 1041 1014 1097 Unde
1039 1045 1094 1094 et
1122 1042 1389 1112 contigit,
1422 1048 1485 1098 ut
1517 1043 1664 1113 ignis
1695 1043 1862 1112 edax,
1900 1041 2033 1098 dum

392 1127 531 1183 nulli
568 1128 823 1185 locorum
857 1134 1146 1201 parceret,
1181 1146 1294 1187 non
1327 1130 1511 1187 solum
1554 1135 1811 1188 arentem
1855 1131 2036 1199 ligno-

393 1230 514 1270 rum
545 1218 839 1273 maleriam
866 1219 1097 1289 penitus
1120 1220 1476 1290 absumeret,
1510 1220 1613 1276 sed
1636 1220 1867 1277 tabulas
1896 1234 2036 1290 quo-

391 1318 501 1373 quc
527 1319 897 1377 marmoreas,
925 1308 1121 1379 operis
1146 1308 1431 1379 dignitate
1456 1309 1769 1380 mirandas,
1793 1308 2037 1366 circum-

391 1406 619 1463 quaque
665 1401 1092 1467 corrumperet.
1134 1398 1193 1453 In
1240 1401 1402 1453 tanta
1456 1413 1648 1453 rerum
1694 1396 2037 1453 difﬁcultate

390 1480 522 1549 quis
557 1486 708 1553 tuas,
746 1487 968 1555 sancte,
1003 1485 1284 1557 reliquias
1316 1501 1427 1542 non
1457 1487 1776 1543 aestimaret
1809 1485 1879 1541 iri
1912 1498 2041 1556 per-

390 1568 612 1625 ditum?
632 1572 857 1628 Ruebat
884 1574 1140 1645 undique
1165 1574 1348 1630 moles
1370 1574 1771 1646 aediﬁciorum,
1794 1575 2045 1633 dissilie-

394 1658 480 1712 bai
504 1660 554 1712 vi
570 1660 784 1716 caloris
806 1662 1077 1719 soliditas
1095 1678 1463 1734 marmorum,
1481 1669 1722 1735 totaque
1743 1681 2038 1722 sacrarum

2145 506 2274 563 dem
2305 506 2611 565 marmoris
2642 520 2805 579 aqua;
2838 507 3014 564 mixta
3036 510 3094 565 et
3118 507 3176 564 in
3199 511 3401 581 potum
3423 514 3694 580 sumpta,
3719 524 3805 566 ce-

2144 595 2442 653 lerrimum
2466 596 2763 666 languoris
2787 595 3105 654 remedium
3126 597 3455 656 certissima
3484 599 3800 655 curatione

2144 686 2465 743 obtinebat.
2493 684 2675 755 Hujus
2694 685 2825 757 epis
2846 685 3218 757 capessendas
3237 687 3424 757 gratia
3442 702 3581 745 cum
3604 687 3801 745 bodie-

2143 790 2253 848 que
2275 775 2610 833 innumeros
2627 790 2699 831 ex
2711 774 2964 832 diversis
2986 774 3181 833 mundi
3203 776 3470 848 partibus
3492 776 3799 833 videamus

2140 880 2493 923 concurrere
2523 865 2860 936 nullumque
2892 866 3108 939 frustra
3134 865 3211 937 pii
3234 866 3664 925 intercessoris
3691 868 3797 922 suf-

2143 953 2391 1023 fragium
2420 953 2812 1022 desiderasse,
2846 967 3018 1010 unum
3048 956 3239 1008 tamen
3273 952 3385 1009 ﬁde
3415 958 3477 1009 et
3509 953 3797 1023 religione

2145 1042 2694 1114 praestantissimum
2733 1041 2969 1099 silentio
3004 1041 3307 1112 praterire
3337 1056 3451 1099 non
3482 1046 3578 1100 est
3610 1043 3796 1099 consi~

2144 1129 2303 1187 lium.
2334 1132 2648 1201 Moguntia,
2680 1130 2889 1187 civitas
2917 1130 3100 1187 totius
3131 1130 3450 1188 Germaniae
3477 1129 3797 1188 celeberri-

2144 1233 2255 1289 ma,
2299 1220 2481 1275 Rheni
2522 1219 2780 1276 imminet
2820 1218 3142 1287 littoribus,
3185 1219 3561 1276 commerciis
3590 1225 3796 1290 patens

2145 1309 2430 1377 egestatis
2445 1308 2725 1378 insolens,
2744 1322 3015 1378 agrorum
3032 1311 3094 1364 et
3110 1307 3405 1365 vinearum
3428 1306 3670 1369 fertilis.
3690 1307 3797 1363 nul-

2148 1396 2379 1469 liusque
2402 1398 2750 1455 necessariae
2774 1397 2857 1453 rei
2882 1395 3166 1467 indigens,
3181 1395 3323 1452 viris
3343 1400 3400 1453 et
3423 1396 3700 1453 adiﬁciis
3718 1410 3797 1450 sa-

2150 1486 2227 1542 tis
2258 1491 2556 1557 exornata,
2593 1486 2693 1543 sed
2726 1485 2910 1543 multo
2952 1484 3201 1555 beatius,
3246 1482 3399 1555 quod
3438 1485 3797 1555 pretiosissi~

2150 1589 2302 1631 mum
2334 1575 2637 1645 religionis
2666 1589 2849 1644 genus
2879 1578 2988 1645 est,
3023 1571 3344 1630 reverendo
3382 1574 3795 1629 monachorum

2152 1664 2340 1719 ordini
2386 1649 2702 1720 illustrata.
2749 1665 2961 1719 Horum
2993 1663 3048 1718 in
3082 1676 3196 1718 uno
3227 1661 3608 1732 monasterio,
3646 1659 3795 1729 quod

392 1746 599 1841 mdium
629 1749 805 1804 facies
831 1764 941 1805 una
966 1750 1291 1807 favillarum
1316 1760 1443 1807 erat
1464 1754 1786 1821 congeries.
1816 1756 1883 1810 Et
1912 1755 2040 1825 quis
2066 1779 2123 1841 Β
2155 1750 2322 1821 longe
2345 1751 2560 1807 ceteris
2590 1750 2842 1807 n0bilius
2872 1749 3064 1806 sane“
3095 1747 3299 1807 Albani
3331 1749 3571 1817 άῖοιῐυτι
3598 1754 3795 1805 οοδῑη

393 1835 643 1889 omnium
671 1837 1007 1906 apothecam
1036 1839 1303 1907 ligneam,
1325 1845 1527 1895 contra
1549 1841 1659 1896 vim
1684 1842 1831 1911 ignis
1850 1847 2041 1899 tener—

395 1921 617 1989 rimam,
653 1939 780 1994 quze
814 1926 999 1981 media
1032 1927 1232 1998 templi
1263 1928 1560 1984 testudine
1584 1930 1637 1983 in
1663 1930 1823 1985 edito
1848 1932 2038 2001 posita

393 2024 618 2066 omnem
647 2014 869 2070 ruentis
895 2014 1127 2072 fabrica:
1149 2016 1480 2087 excipiebat
1506 2018 1806 2089 impetum,
1840 2019 2042 2076 crede-

397 2103 484 2153 ret
510 2100 829 2170 periculum
854 2103 1150 2160 evasisse?
1172 2105 1277 2161 Sed
1306 2105 1458 2175 quod
1480 2111 1616 2163 actu
1640 2106 2037 2165 difficillimum

396 2189 571 2257 aegris
619 2189 927 2247 videbatur
973 2193 1340 2263 mortalibus,
1392 2208 1614 2250 summo
1663 2196 2037 2252 Procuratori

395 2276 729 2333 facillimum
764 2293 953 2335 rerum
989 2282 1257 2352 probavit
1288 2283 1643 2339 exitus.......

463 2368 511 2420 4.
552 2366 659 2421 Sed
694 2369 826 2437 quia
861 2383 1140 2437 majorum
1174 2371 1420 2441 ingressi
1461 2373 1743 2442 vestigiis,
1787 2374 2041 2444 qualiter

397 2454 603 2510 beatus
660 2458 959 2513 confessor
1005 2473 1239 2515 suarum
1291 2460 1671 2530 reliquiarum
1724 2461 2038 2518 defensioni

397 2556 627 2613 semper
678 2543 929 2615 affuerit,
984 2549 1457 2617 monstravimus,
1496 2548 1635 2605 libet
1668 2555 1863 2605 cetera
1913 2551 2039 2621 ejus

394 2632 639 2700 carptim
675 2633 985 2703 attingere,
1016 2640 1197 2705 utque
1220 2650 1453 2692 suorum
1480 2636 1807 2708 supplicum
1829 2642 1961 2708 post
1984 2636 2041 2693 id

398 2717 619 2774 dierum
651 2735 960 2791 numquam
985 2723 1158 2779 saluti
1184 2722 1432 2780 defuerit
1468 2725 1669 2795 paucis
1700 2724 2032 2782 absolvere.

397 2806 746 2863 Mausoleum
792 2809 932 2866 illud
975 2810 1291 2883 lapideum,
1334 2813 1483 2883 quod
1517 2829 1546 2869 a
1582 2813 1927 2884 quibusdam
1960 2819 2043 2870 te-

398 2897 661 2952 merariis
706 2898 1029 2969 effractum,
1078 2899 1331 2957 latenter
1377 2901 1756 2972 expoliatum,
1789 2904 1946 2960 sicut
1972 2918 2041 2959 ex

401 2986 720 3055 prmiiiissis
768 2988 1000 3058 claruit,
1048 2994 1313 3046 veterum
1362 2992 1636 3047 memoria
1690 2993 2039 3063 testabatur,

397 3078 701 3143 postquam
736 3077 971 3147 majoris
998 3077 1246 3134 cautelae
1275 3078 1482 3148 gratia,
1519 3079 1788 3136 omnibus
1819 3080 1877 3135 id
1909 3095 2047 3137 con-

396 3162 748 3233 sulentibus,
774 3165 1031 3235 pretioso
1050 3166 1330 3223 thesauro
1349 3172 1658 3224 vacuatum
1678 3172 1789 3240 est,
1819 3168 1942 3241 pari
1962 3168 2045 3224 ni-
2076 3132 2125 3196 Ο

396 3250 710 3308 hilominus
728 3257 904 3323 atque
924 3253 1139 3311 dudum
1159 3255 1485 3311 reverentia
1506 3255 1559 3310 in
1579 3255 1780 3313 eadem
1793 3255 2040 3314 ecclesia

394 3341 798 3412 compositum,
835 3347 1036 3399 sancte
1060 3344 1368 3400 admodum
1394 3346 1825 3401 i-cservabatur.
1862 3347 2044 3417 Hujus

395 3430 765 3502 superficiem
808 3431 979 3487 docta
1024 3446 1227 3488 manus
1258 3433 1504 3487 artiﬁcis
1539 3427 1754 3490 tabull's
1789 3434 2042 3506 undique

394 3520 737 3576 marmoreis
770 3536 798 3575 a
834 3521 1023 3576 fronte
1058 3521 1465 3592 praecinxerat,
1500 3521 1700 3591 eisque
1742 3522 1928 3580 solide
1969 3524 2038 3580 ad

394 3606 638 3663 invicem
688 3609 1030 3681 compactis,
1076 3608 1346 3665 decorem
1396 3610 1580 3680 operi,
1627 3626 1791 3668 usum
1843 3612 2043 3669 decori

393 3695 717 3751 addiderat.
740 3699 780 3751 Il
790 3698 837 3752 is
853 3710 991 3752 vero
1010 3711 1082 3752 ex
1101 3696 1403 3754 vicinitate
1425 3699 1613 3755 sancti
1632 3701 1901 3772 corporis
1921 3706 2046 3757 tan-

391 3785 513 3839 tum
547 3784 787 3842 virtutis
815 3789 1161 3857 tantumque
1196 3786 1402 3861 gratiae
1443 3787 1722 3846 salutaris
1760 3789 2043 3847 divinitus

392 3876 747 3944 accesserat,
780 3878 842 3930 ut
875 3874 1037 3932 credi
1068 3876 1167 3932 vix
1199 3876 1409 3948 possit,
1444 3877 1680 3949 quantis
1709 3876 2042 3937 mortalium

394 3959 795 4034 incommodis,
850 3964 1255 4037 patrocinante
1306 3966 1493 4023 sancti
1545 3967 1849 4037 beneflcio,
1883 3966 2043 4025 salus

391 4048 602 4106 exinde
627 4056 939 4122 procurata
961 4053 1056 4110 sit.
1090 4054 1451 4126 Quicumque
1481 4054 1633 4111 enim
1661 4054 1850 4126 longis
1871 4056 2044 4112 febri-

392 4132 500 4194 bus
534 4154 716 4211 usque
750 4141 818 4197 ad
854 4156 991 4198 ossa
1020 4141 1319 4215 depastus,
1364 4142 1633 4215 quisquis
1672 4144 1875 4201 morbo
1917 4144 2044 4202 diu-

388 4229 562 4284 turno
591 4229 913 4301 confectus,
948 4231 1060 4288 huc
1086 4246 1217 4289 cum
1251 4231 1386 4289 fidei
1418 4232 1762 4304 integritate
1806 4246 2041 4290 suarum

2154 1839 2427 1895 memoria
2463 1838 2695 1908 quidam
2728 1838 3101 1909 prmpositus,
3146 1836 3511 1893 Severendus
3544 1837 3794 1905 nomine,

2152 1928 2381 2005 coelesti
2399 1926 2764 1999 philosophia
2784 1928 3188 1998 exercebatur,
3210 1926 3299 1982 vir
3315 1926 3557 1997 optimis
3574 1926 3797 1982 artibus

2153 2032 2181 2074 a
2224 2023 2425 2074 tenero
2466 2030 2659 2088 ungue
2700 2017 2959 2073 imbutus
2999 2017 3232 2087 Deoque
3261 2018 3319 2072 et
3352 2014 3690 2077 hominibus
3730 2014 3798 2070 ob

2155 2106 2333 2162 multa
2366 2106 2581 2175 ingenii
2616 2107 2760 2161 bona
2792 2118 2966 2162 carus
2998 2110 3058 2161 et
3088 2106 3387 2177 acceptus.
3421 2103 3533 2159 Sed
3560 2103 3668 2159 bos
3691 2109 3797 2158 tam

2153 2194 2323 2251 laetos
2372 2208 2684 2252 successus
2719 2193 3116 2265 praepediebat
3164 2192 3455 2262 aegritudo
3500 2193 3795 2257 continua,

2154 2282 2446 2354 lentisque
2476 2282 2721 2338 febrium
2751 2282 3070 2354 vaporibus
3097 2294 3210 2336 non
3238 2279 3396 2336 lente
3417 2279 3527 2336 viri
3551 2280 3801 2337 eminen-

2102 2426 2112 2437 ,
2154 2373 2230 2428 tis
2261 2372 2639 2442 premebatur
2679 2369 2986 2427 industria.
3024 2369 3145 2437 Qua
3178 2374 3340 2441 peste
3371 2368 3661 2425 acerrima
3690 2368 3799 2440 jam

2156 2475 2258 2531 per
2278 2459 2591 2516 triennium
2613 2458 2920 2515 exhaustis
2935 2457 3179 2529 viribus,
3197 2456 3342 2513 nihil
3363 2462 3668 2528 postremo
3686 2470 3802 2512 cre-

2153 2548 2298 2604 didit
2324 2548 2641 2617 salubrius,
2670 2562 2860 2618 quam,
2888 2546 3078 2605 inutili
3104 2546 3459 2603 medicorum
3483 2560 3664 2617 opera
3688 2558 3802 2601 ces-

2156 2641 2343 2708 sante,
2374 2636 2639 2694 caelestis
2664 2650 2868 2692 manus
2898 2634 3235 2704 suffragium
3264 2633 3638 2722 quaeritasse.
3670 2636 3799 2689 Nam

2154 2726 2402 2784 edoctus
2432 2726 2842 2783 claritudinem
2870 2724 3245 2780 Treverensis
3268 2722 3558 2793 ecclesias,
3585 2738 3658 2779 eo
3683 2738 3803 2795 pro-

2156 2815 2343 2871 fectus
2369 2813 2651 2880 intendit;
2682 2826 2934 2887 parsque
2957 2813 3147 2869 factus
3170 2811 3562 2884 supplicantis
3587 2812 3800 2883 pepuli,

2155 2903 2391 2961 humilis
2439 2906 2732 2975 precator,
2776 2901 2882 2958 sed
2920 2900 3342 2957 celeberrimus
3393 2899 3803 2957 beneﬁciorum

2156 2993 2523 3065 impetrator,
2561 2990 2844 3048 tumulum
2869 2988 3056 3047 sancti
3079 2988 3347 3058 accessit,
3383 2992 3591 3061 potum
3617 2989 3804 3045 abrasi

2156 3080 2462 3137 marmoris
2493 3080 2721 3137 sincere
2750 3077 3151 3151 participavit;
3184 3091 3289 3134 nec
3324 3075 3481 3134 ﬁdeli
3510 3076 3807 3133 desiderio

2158 3170 2495 3240 frustratus,
2511 3167 2673 3225 brevi
2690 3181 2763 3224 ex
2780 3166 3009 3224 inﬁrmo
3032 3165 3395 3237 sanissimus,
3412 3164 3701 3238 pallorem
3726 3180 3806 3222 re-

2155 3258 2350 3315 divivo
2363 3256 2565 3315 colore
2577 3255 2841 3313 mutavit.
2859 3256 2913 3312 Is
2928 3270 3040 3312 non
3056 3255 3354 3312 immemor
3367 3253 3804 3324 beneﬂcii,cum

2156 3346 2375 3404 sanctis
2403 3344 2670 3403 omnibus
2706 3358 2847 3417 pure
2877 3343 3223 3415 deserviret,
3254 3348 3376 3400 tum
3406 3357 3516 3400 suo
3544 3342 3805 3400 curatori

2156 3434 2499 3491 familiarius
2522 3432 2866 3503 inhaerebat,
2897 3446 3081 3503 eoque
3104 3431 3437 3488 devotionis
3458 3430 3624 3488 circa
3649 3430 3804 3487 illum

2158 3524 2506 3595 profecerat,
2542 3526 2606 3577 ut
2639 3522 2833 3576 locum
2865 3524 3127 3577 nostrum
3160 3519 3331 3591 (578),
3364 3534 3481 3591 quo
3512 3519 3647 3589 ejus
3678 3517 3806 3576 reli-

2155 3612 2322 3682 quias
2336 3623 2519 3682 nuper
2533 3608 2850 3665 translatas
2864 3606 3659 3679 didicerat,specialiaﬂ’ectu
3672 3606 3809 3665 mul-

2153 3705 2251 3757 tus
2267 3703 2324 3755 et
2347 3699 2621 3770 frequens
2640 3701 2967 3770 expeteret,
2984 3700 3040 3753 et
3056 3699 3189 3753 ante
3205 3695 3564 3753 fraternitati
3587 3699 3807 3755 nostra

2154 3792 2452 3860 acceptus.
2472 3793 2592 3843 tum
2613 3799 2753 3843 vero
2766 3798 2837 3843 ex
2850 3785 3202 3843 assiduitate
3220 3785 3624 3843 commanendi
3647 3799 3806 3843 acce-

2153 3877 2272 3952 ptis
2286 3876 2468 3935 simus
2483 3875 2668 3932 ﬁeret.
2688 3873 2872 3945 Hujus
2890 3873 3081 3933 relatu
3100 3874 3405 3944 virtutem,
3422 3888 3594 3945 quam
3608 3887 3805 3947 exper-

2158 3971 2251 4024 tus
2276 3966 2485 4036 fuerat,
2513 3963 2797 4022 fratribus
2820 3962 2911 4020 sui
2934 3962 3217 4020 studiosis
3237 3965 3620 4036 compertam,
3656 3961 3801 4020 haud

2154 4053 2363 4126 injuria
2383 4057 2602 4111 nostra:
2620 4051 2944 4110 narrationi
2962 4050 3320 4110 credidimus
3339 4049 3709 4109 inserendam
3725 4050 3802 4107 ni-

2154 4143 2235 4200 hil
2260 4146 2534 4201 verentes
2564 4140 2743 4200 debili
2772 4140 3049 4198 falsitatis
3078 4139 3369 4198 calumnia
3400 4139 3647 4212 pullari,
3679 4151 3799 4211 qua

2153 4236 2271 4289 tam
2294 4231 2523 4289 veracis
2541 4229 2651 4287 viri
2673 4229 3004 4303 patrocinio
3027 4228 3199 4286 facile
3219 4226 3443 4302 poterit
3462 4227 3800 4287 enervari...

278 4416 300 4438 ’
405 4418 616 4549 EX
670 4420 1675 4556 INVENTIONE
1737 4424 1931 4554 ET
2002 4419 2900 4557 MIRACULIS
2949 4420 3077 4555 S.
3121 4417 3807 4552 MATHUE

459 4589 835 4666 {amba-tum
855 4607 893 4649 ιι
910 4593 1095 4666 Legio
1122 4593 1265 4666 (579)
1299 4593 1479 4653 libros
1500 4594 1571 4652 de
1601 4596 1739 4654 Vita
1758 4596 1816 4653 et
1832 4596 2150 4653 miraculis
2173 4595 2242 4666 ις.
2267 4592 2519 4666 Μαιλὶιε
2538 4592 2795 4666 apostoli
2813 4592 3133 4666 scripsisse
3152 4593 3291 4666 jam
3324 4590 3693 4666 Trabantur
3713 4605 3808 4647 re-

390 4661 531 4720 tulit
546 4661 730 4735 (580);
750 4663 817 4720 id
829 4661 1001 4735 quoar
1001 4661 1186 4724 etiam
1197 4661 1517 4725 B’romrus
1535 4667 1703 4739 (581),
1729 4665 2208 4793 Hillo-riu:
2233 4666 2470 4739 aliique
2492 4661 2699 4722 testati
2718 4664 2877 4723 sunt.
2903 4661 3045 4722 Ideo
3062 4661 3477 4720 Hense/lenias
3498 4677 3631 4719 cum
3654 4663 3810 4719 duas

461 4824 608 4897 (578)
634 4822 902 4897 S.Jacobi
928 4824 1341 4897 monasterium
1356 4824 1795 4897 vixintelligere
1814 4828 2035 4897 potest.

390 4895 529 4951 Num
557 4894 678 4950 haec
703 4895 1249 4951 Ilelmwardicensis
1268 4897 1585 4953 monachus
1603 4894 1862 4952 addidit?

460 4965 813 5039 (579)_Que_m
863 4979 1006 5039 cave
1051 4980 1119 5020 ne
1166 4967 1431 5039 eumdem
1483 4973 1654 5039 putes
1703 4966 1815 5039 qui
1849 4966 2039 5023 Vitam

388 5036 441 5091 S.
477 5035 767 5122 Heriberti
802 5036 1038 5107 scripsit
1064 5054 1106 5094 s.
1134 5052 1211 5117 xl,
1240 5035 1685 5124 v.‘llist.'litter.
1721 5035 1865 5108 VIII,
1984 5041 2036 5108 6,

390 5107 534 5163 Μοη.
572 5107 664 5162 Sb.
700 5108 788 5162 IV.
830 5124 879 5164 τ).
914 5110 1048 5164 739;
1089 5109 1234 5164 Hist.
1270 5108 1322 5163 s.
1359 5110 1525 5164 Laur.
1564 5107 1734 5164 Leod.
1772 5122 1864 5164 an.
1954 5123 2036 5164 ar.

390 5107 534 5163 Men.
558 5107 664 5181 ἓξ.
700 5108 788 5162 IV.
830 5124 879 5178 p.
914 5110 1048 5175 739;
1089 5109 1234 5165 Hist.
1270 5108 1322 5163 S.
1359 5110 1525 5165 Laur.
1564 5107 1734 5164 Leod.
1772 5122 1864 5181 ap.
1898 5107 2041 5164 Mar;

391 5182 525 5249 tene
557 5178 646 5248 IV,
680 5194 733 5249 p.
770 5181 922 5233 1067.

463 5247 609 5320 (580)
645 5247 787 5303 Ann.
823 5250 1090 5320 Hirsaug.
1128 5264 1180 5320 p.
1210 5251 1328 5305 174.
1358 5249 1432 5305 De
1457 5249 1637 5307 illust.
1671 5249 1816 5305 viris
1848 5248 2036 5304 Germ.

390 5318 495 5388 0p.
522 5318 565 5387 I,
592 5332 647 5391 p.
678 5323 797 5388 133,
826 5319 920 5391 ubi
949 5320 1026 5375 ita
1049 5318 1330 5391 loquitur.
1356 5322 1704 5391 Lampertus
1734 5320 1804 5377 de
1834 5319 2037 5391 Legio,

386 5387 710 5444 monachus
730 5389 976 5447 canobii
1005 5387 1345 5447 sanctorum
1371 5387 1671 5449 Eucherii
1690 5392 1750 5448 et
1766 5387 2043 5448 Mati/tice

391 5458 735 5534 egestae”,
776 5462 873 5517 τὶν
911 5462 1320 5534 undecunque
1344 5463 1741 5534 declissimus,
1786 5462 2044 5534 philoso-

387 5530 564 5616 phus.
587 5530 810 5601 rhetor,
832 5533 1097 5590 musicus
1118 5530 1358 5617 etjioeta
1379 5530 2044 5617 clarissimus,'ingenio

392 5599 638 5662 subtili:
648 5602 975 5677 eteomptus
986 5604 1237 5677 alogum.
1253 5605 1527 5677 Smpszl
1533 5606 1655 5662 tam
1666 5605 1849 5677 metro
1862 5616 2046 5677 quam

390 5686 572 5743 prosa
580 5672 1158 5745 guadaoﬁpmelai-a
1167 5672 1468 5747 opuscula,
1488 5675 1789 5749 deguz‘bus
1799 5672 1902 5747 eg?)
1917 5676 2047 5734 tau-

2151 4824 2275 4883 tum
2292 4823 2528 4908 eum
2548 4822 2813 4894 εαωεοιιι
2834 4840 2853 4878 ο·
2877 4824 2962 4908 βε
2980 4820 3815 4908 ωξνφρςιιίεεανςέμαεςριε

2150 4891 2414 4978 speciali
2441 4891 2727 4978 τηαθηιέηε
2762 4906 2907 4978 ora:
2947 4893 3204 4978 ηκοηςξ,
3223 4891 3813 4978 meracam.“

2154 4962 2316 5035 (Ann.
2345 4962 2613 5036 Hirsaug.
2641 4964 2676 5020 ι.
2705 4963 2741 5020 1.
2768 4962 3211 5047 {demiramur
3230 4962 3570 5022 sanctorum
3592 4962 3703 5021 lib.
3723 4966 3812 5105 εξ

2152 5035 2456 5116 άσ-εμησιο
2486 5048 2717 5116 quoque
2745 5037 2994 5116 21,9?“th
3019 5034 3121 5116 lio.
3159 5041 3181 5092 1
3220 5035 3315 5105 (cf.
3347 5047 3525 5116 supra
3553 5048 3608 5105 p.
3646 5037 3812 5116 11L:

2151 5104 2636 5179 adALampeftuﬁt
2664 5104 2816 5179 (lege
2841 5124 2853 5160 :
2880 5104 3267 5179 Ludovieum’;
3295 5121 3349 5162 v.
3384 5104 3594 5179 Hillar.
3624 5119 3695 5179 p._
3710 5104 3812 5179 ἐξ)

2153 5174 2423 5238 abbatem
2437 5191 2612 5237 suum
2626 5174 2815 5237 eitum
2829 5177 3027 5236 sancti
3041 5175 3320 5248 ΜαιιΙιὶω
3337 5175 3596 5248 apostoli
3616 5174 3819 5235 saw

2153 5249 2254 5307 lib.
2278 5254 2298 5305 1
2315 5265 2342 5318 ;
2359 5262 2655 5308 sermone:
2671 5250 2855 5306 etiam
2869 5248 3071 5307 varios
3087 5248 3155 5306 in
3172 5247 3449 5305 honorent
3463 5248 3816 5305 sanctorum

2154 5320 2254 5393 lib.
2280 5325 2338 5389 1,-
2359 5318 3212 5393 epistolasquoguemultasad
3225 5318 3815 5393 diuersam-comm

2154 5389 2632 5464 άίυενεὶζᾳιηᾳνὶε
2649 5389 3106 5464 elegantissima
3123 5391 3183 5464 et
3192 5389 3388 5464 multo
3402 5389 3462 5448 at
3474 5390 3660 5447 varia
3676 5403 3819 5446 oon-

2148 5463 2370 5534 posuil.
2388 5460 2447 5521 et
2459 5463 2592 5522 alia
2610 5460 2917 5534 complura
2935 5460 3104 5521 nobis
3123 5461 3446 5533 incanae.

2228 5533 2377 5677 E338
2410 5535 2479 5662 l3:
2506 5536 2690 5661 te.”
