3952 6056
102 284 255 362 1289

608 294 875 360 GESTA
933 297 1289 362 TREVER.
1323 334 1402 345 ——
1429 292 1784 361 APPEND.
1821 289 1934 353 EX
1968 290 2130 359 INV.
2162 293 2268 357 ET
2291 295 2460 360 MIR.
2500 295 2567 363 S.
2602 295 2966 361 MATHI/E.

3350 274 3541 363 1290'

102 453 330 525 Spiritu,
364 467 495 511 cum
524 452 638 524 jam
667 449 931 508 coenandi
954 450 1153 507 horam
1179 450 1586 524 prazteriisset,
1610 459 1746 519 ope-
1772 427 1826 487 Α
1856 444 2089 518 bantur,
2110 446 2217 504 hoc
2234 447 2524 515 evenisse;
2550 448 2705 521 quod
2729 447 3073 508 incredibile
3090 450 3343 523 videtur,
3367 453 3503 523 quia

102 544 272 599 rariis
304 545 375 599 ab
403 557 579 614 opere
613 557 718 598 suo
750 541 979 597 domum
1014 540 1474 609 discedentibus,
1507 541 1744 609 arrepto

101 632 472 702 ferramento,
509 631 851 702 prmdictum
891 629 1076 686 altare
1116 630 1485 700 confringere
1515 640 1749 698 aggres-

101 736 200 777 sus
219 725 330 776 est.
358 721 574 777 Etcum
600 719 788 789 aliqua
800 708 959 774 n'tum
981 718 1033 772 in
1058 718 1372 787 frangendo
1394 716 1741 781 laborasset,

100 810 320 865 invenit
355 808 632 865 scrinium
668 806 1113 876 diligentissime
1147 806 1337 874 sigillo
1370 803 1746 877 superposito

100 897 498 963 reconditum;
533 896 685 967 quod
719 895 993 965 sigillum,
1026 896 1157 966 quia
1184 896 1414 951 litteras
1438 909 1550 949 non
1575 908 1746 949 nove-

100 993 214 1059 rat,
237 986 404 1055 cujus
426 988 602 1056 esset,
630 985 780 1041 seire
803 999 913 1040 non
941 990 1192 1055 poterat,
1229 985 1331 1039 sed
1357 984 1598 1055 primam
1624 986 1747 1039 tan-

98 1082 220 1132 tum
247 1075 500 1131 litteram
527 1089 588 1129 se
611 1073 960 1143 cognovisse
984 1072 1149 1128 nobis
1173 1071 1394 1143 retulit,
1423 1087 1551 1142 quae
1574 1076 1662 1127 est
1689 1071 1745 1126 in

94 1166 289 1236 capite
339 1162 658 1235 supradicti
711 1162 939 1217 abbatis
986 1160 1250 1231 Bertulﬁ,
1291 1166 1349 1217 et
1382 1161 1511 1216 ideo
1562 1160 1746 1232 ipsius

95 1250 612 1321 fuissejudicatur,
641 1249 737 1320 qui
757 1249 1040 1304 :edificata
1062 1249 1185 1320 ipsa
1209 1252 1373 1304 turre
1395 1247 1577 1303 altare
1598 1248 1749 1319 pari-

91 1344 186 1397 ter
206 1342 515 1397 statuerat.
534 1340 712 1394 Foras
730 1352 869 1407 ergo
889 1336 1182 1409 prolatum
1204 1336 1504 1408 scrinium,
1524 1336 1744 1406 reject'o

90 1429 310 1499 sigillo,
331 1427 640 1483 temeraria
666 1442 775 1482 non
802 1427 1115 1482 verebatur
1139 1426 1367 1498 aperire
1392 1440 1591 1492 manu;
1617 1426 1746 1481 bre-

90 1532 336 1588 vemque
370 1515 604 1573 titulum
638 1515 909 1571 marmori
955 1515 1301 1587 inscriptum
1336 1514 1477 1586 ipsis
1510 1514 1747 1571 ossibus

90 1605 530 1678 superpositum
573 1604 860 1671 auferens,
909 1604 1038 1674 quia
1073 1608 1275 1675 aperte
1304 1609 1428 1658 erat
1463 1603 1741 1674 scriptus,

96 1703 417 1765 utcumque
452 1694 647 1765 potuit
676 1692 921 1763 legendo
959 1693 1234 1763 cognovit
1272 1694 1440 1765 (610),
1482 1692 1747 1750 Sanctus

1855 540 1989 592 ante
2020 538 2277 593 triduum
2310 539 2457 609 ignis
2487 554 2557 596 ex
2590 544 2715 596 toto
2748 540 2827 596 ibi
2861 541 3184 605 defecerat;
3219 555 3280 596 re
3309 548 3502 598 autem

1853 639 1989 681 vera
2012 625 2205 683 divina
2231 626 2528 684 voluntate
2551 628 2658 684 hoc
2682 629 2982 685 decretum
3009 630 3217 685 fuerat.
3251 631 3385 698 Igne
3410 644 3505 687 au-

1854 717 1969 770 tem
2004 715 2263 772 ﬂammas
2287 716 2343 770 in
2367 715 2547 772 altum
2575 717 2847 787 jaciente,
2884 716 2982 773 ille
3014 718 3377 774 miserrimus
3409 732 3506 773 an-

1853 802 1988 859 xius
2012 803 2081 860 de
2106 804 2390 875 reliquiis,
2419 805 2665 862 festinus
2688 821 3024 875 accurrens,
3050 806 3278 862 domum
3304 820 3506 862 ascen-

1857 892 1961 964 dit,
1997 906 2245 964 pannum
2275 910 2403 951 eum
2439 895 2702 965 reliquiis
2731 895 2847 965 jam
2881 895 3147 950 incendio
3181 896 3503 966 proximum

1855 982 2257 1053 apprehendit,
2294 997 2463 1053 quem
2493 997 2690 1039 secum
2722 984 2955 1039 trahere
2984 984 3243 1055 cupiens,
3274 984 3504 1040 omnino

1854 1085 1966 1126 non
2009 1071 2231 1142 potuit;
2281 1086 2387 1127 nec
2427 1072 2581 1128 ultra
2624 1072 2838 1142 iniquis
2880 1072 3146 1128 manibus
3192 1072 3501 1128 tractanda

1853 1159 2058 1230 cessit,
2080 1159 2181 1215 sed
2199 1160 2399 1231 potius
2422 1160 2633 1215 ibidem
2656 1161 3048 1217 comburenda
3068 1161 3367 1217 remansit.
3396 1161 3501 1227 Qui

1855 1263 1984 1304 cum
2018 1248 2071 1303 in
2107 1249 2390 1305 trahendo
2422 1250 2636 1305 frustra
2668 1250 2765 1305 diu
2798 1249 3148 1320 laborasset,
3184 1249 3506 1321 desperans

1856 1336 2134 1391 scrinium
2164 1336 2416 1408 aperuit,
2447 1344 2510 1393 ut
2536 1337 2744 1393 saltem
2769 1337 3002 1408 aliquod
3027 1339 3346 1393 membrum
3370 1338 3504 1395 inde

1858 1424 2170 1496 acciperet,
2199 1426 2351 1496 quod
2372 1441 2492 1483 suae
2510 1424 2797 1482 voluntati
2822 1426 3247 1482 incombustum
3268 1440 3504 1482 servare

1857 1518 2076 1584 posset.
2113 1515 2182 1570 At
2213 1530 2340 1571 cum
2374 1515 2843 1586 introspexisset,
2889 1515 3085 1571 subito
3127 1515 3298 1585 ignis,
3339 1516 3502 1586 quasi

1858 1602 2049 1672 fulgor
2080 1602 2151 1658 de
2182 1604 2368 1660 sacris
2398 1604 2631 1661 ossibus
2656 1604 2995 1674 jaeulatum,
3030 1604 3111 1658 ita
3144 1604 3346 1660 faciem
3377 1604 3504 1674 ejus

1858 1691 2253 1761 inflammavit,
2289 1696 2352 1748 ut
2385 1693 2697 1763 resupinus
2727 1706 3009 1748 corruens
3041 1707 3188 1763 pene
3216 1693 3505 1749 exanima-

85 1785 378 1854 Agricius
402 1782 882 1853 archiepiscOpus
903 1782 1185 1853 scriptum
1210 1796 1358 1837 esse.
1395 1783 1584 1838 Laetus
1608 1796 1744 1851 ergo
1774 1788 1827 1847 Β
1857 1782 1954 1836 tus
1976 1783 2155 1836 esset.
2189 1779 2297 1835 Sed
2322 1794 2426 1835 nec
2449 1784 2586 1836 tunc
2610 1780 2841 1850 Quidem
2866 1796 2931 1836 os
2954 1781 3202 1852 aperuit,
3238 1785 3302 1837 ut
3331 1782 3503 1839 alicui

85 1876 358 1944 effectus,
375 1873 651 1930 scrinium
672 1871 1033 1929 descendens
1052 1887 1245 1929 secum
1266 1871 1510 1937 detulit;
1532 1875 1587 1926 et
1610 1871 1745 1941 quia

83 1958 237 2021 illud
262 1979 467 2020 secure
493 1962 763 2018 servandi
789 1961 975 2017 locum
1001 1976 1111 2017 non
1136 1961 1357 2031 habuit,
1380 1961 1434 2016 in
1456 1960 1748 2017 cimiterio

82 2055 245 2110 inter
267 2068 394 2110 ossa
421 2055 784 2108 mortuorum
809 2050 863 2105 in
887 2050 1076 2122 cripta
1101 2050 1386 2122 reposuit,
1412 2050 1599 2105 donec
1624 2054 1749 2106 tan-

82 2142 222 2198 dem
251 2144 447 2213 aptum
468 2139 576 2196 sibi
601 2138 791 2195 locum
827 2138 1179 2211 provideret,
1216 2153 1329 2209 quo
1353 2137 1495 2195 illud
1521 2138 1646 2193 sine
1674 2137 1747 2192 ti-

80 2244 271 2301 more,
289 2229 449 2285 nullo
468 2228 577 2284 sibi
596 2227 853 2297 conscio,
877 2242 1112 2283 servare
1132 2231 1348 2298 posset.
1378 2226 1539 2292 Quod
1564 2228 1620 2282 et
1642 2226 1745 2282 tri-

82 2320 210 2378 duo
234 2318 313 2375 ibi
338 2316 744 2375 absconditum
764 2315 956 2386 latuit,
982 2315 1361 2387 quoadusque
1384 2315 1440 2370 in
1463 2315 1739 2387 sacrario,

86 2410 249 2482 quia,
287 2411 351 2465 ut
382 2406 650 2476 diximus,
687 2405 951 2462 custodis
980 2404 1213 2474 adjutor
1241 2410 1388 2476 erat,
1420 2404 1614 2461 locum
1647 2417 1745 2476 ap-

88 2504 218 2556 tum
250 2496 664 2554 servandarum
699 2493 1075 2564 reliquiarum
1108 2494 1450 2550 cautissime
1482 2492 1746 2565 provide-

86 2592 203 2645 ret.
231 2587 331 2643 Est
357 2584 815 2641 autem‘saerarii
842 2584 1048 2639 domus
1071 2583 1313 2639 inferior
1335 2582 1627 2654 lapidibus
1651 2597 1743 2638 ca-

86 2678 334 2745 merata,
357 2672 625 2746 superior
647 2677 839 2728 autem
863 2672 1035 2742 lignis
1059 2673 1358 2744 adoperta,
1383 2672 1452 2727 ad
1478 2686 1647 2742 quam
1671 2671 1742 2728 de

85 2762 351 2819 inferiori
386 2778 491 2833 per
523 2760 820 2818 cochleam
853 2759 1212 2817 ascenditur.
1249 2761 1309 2815 In
1339 2759 1447 2815 hac
1478 2775 1617 2829 ergo
1649 2774 1744 2815 su-

84 2851 307 2925 periori
351 2850 540 2908 locum
582 2850 736 2906 inter
777 2851 974 2905 trabes
1017 2853 1072 2904 ct
1116 2854 1333 2905 tectum
1368 2848 1738 2921 praeparavit,

82 2941 289 3011 ibique
323 2955 489 2997 sacra
523 2954 655 2996 ossa
689 2940 760 2994 de
787 2938 977 3010 cripta
1009 2941 1310 3009 reportata
1345 2937 1582 3009 locavit,
1627 2951 1744 2993 ma-

78 3043 379 3100 gnamque
410 3034 631 3085 struem
663 3028 951 3098 lignorum
983 3027 1201 3083 veteris
1235 3026 1463 3082 {BdlﬁCli
1497 3027 1744 3083 circum-

77 3118 307 3191 posuit,
355 3118 686 3189 saepiusque
728 3116 846 3172 illic
883 3116 1094 3187 eundo,
1134 3115 1425 3172 interdum
1454 3115 1629 3171 etiam
1663 3116 1742 3171 ibi

80 3206 453 3277 dormiendo,
479 3206 672 3262 locum
698 3207 1071 3276 frequentare
1091 3220 1205 3261 non
1229 3205 1478 3261 destitit.
1516 3207 1744 3261 Interea

83 3297 208 3352 iter
227 3310 396 3352 suum
412 3295 648 3374 licentia
669 3295 950 3365 acquisita
974 3298 1161 3366 parat,
1179 3294 1567 3364 nunciumque
1588 3293 1743 3351 ﬁdeli

81 3399 199 3443 suo
229 3385 459 3441 cuidam
492 3384 679 3439 amico
718 3383 952 3453 direxit,
998 3397 1210 3454 rogans
1249 3397 1378 3440 eum
1419 3382 1630 3438 obnixe
1670 3383 1743 3439 ad

86 3489 157 3530 se
202 3474 423 3543 venire,
466 3472 725 3529 adiciens
764 3472 915 3543 quod
946 3472 1030 3528 rei
1064 3487 1233 3543 quam
1267 3472 1446 3528 vellet
1473 3487 1601 3528 cum
1641 3471 1743 3526 illo

74 3566 347 3620 tractare
378 3561 599 3619 nullum
631 3560 859 3617 omnino
888 3560 1062 3618 alium
1092 3561 1270 3617 vellet
1299 3561 1605 3617 interesse.
1640 3562 1746 3616 Re-

83 3650 404 3721 liquiarum
438 3651 619 3721 igitur
651 3654 817 3722 parte
846 3651 917 3706 de
949 3650 1165 3706 scrinio
1196 3649 1401 3721 pannis
1428 3664 1573 3721 quos
1600 3664 1746 3720 prae-

84 3742 402 3814 paraverat
434 3739 724 3811 imposita,
753 3739 1184 3796 studiosissime
1214 3739 1515 3808 satagebat
1547 3743 1748 3808 quate-

77 3843 201 3887 nus
246 3828 323 3883 nil
368 3843 487 3885 suae
530 3829 793 3885 obstaret
837 3828 1207 3899 profectioni,
1242 3832 1305 3883 ut
1335 3826 1602 3883 omnibus
1634 3828 1745 3882 rite

87 3917 465 3991 praeparatis,
492 3931 856 3988 quacumque
879 3917 972 3972 die
997 3916 1107 3972 sibi
1133 3916 1412 3988 placeret,
1439 3915 1589 3971 liber
1609 3930 1749 3988 pos-

88 4013 186 4064 set
221 4004 544 4063 discedere.
577 4005 731 4061 Talia
760 4006 953 4075 miser,
988 4005 1237 4062 divinam
1270 4020 1382 4060 non
1415 4005 1748 4074 recogitans

97 4094 687 4165 animadversionem,
738 4098 1127 4163 tractaverat;
1166 4092 1268 4150 sed
1307 4095 1457 4150 Deus
1491 4094 1751 4166 omnipo-

93 4193 260 4256 tens,
297 4184 392 4256 qui
426 4188 689 4241 sanctum
719 4183 1011 4252 Agricium
1044 4181 1228 4239 noluit
1259 4196 1533 4254 separare
1564 4198 1595 4239 a
1627 4198 1752 4240 san-

90 4275 369 4335 ctissimo
418 4289 521 4330 suo
570 4272 857 4345 apostolo,
907 4272 1075 4342 cujus
1115 4271 1401 4343 quondam
1445 4286 1547 4344 per
1589 4276 1750 4328 tanta

86 4374 389 4423 terrarum
420 4362 608 4435 spatia
640 4367 843 4421 vector
863 4361 1197 4431 exstiterat,
1233 4361 1465 4432 impiam
1488 4360 1615 4431 ejus
1636 4361 1752 4418 dis-

80 4452 448 4529 positionem
471 4451 865 4509 manifestavit
885 4456 945 4507 et
968 4450 1239 4508 cassavit.
1266 4451 1405 4507 Cum
1427 4449 1662 4521 etenim,
1685 4455 1746 4507 ut

1856 1884 1929 1927 ex
1960 1869 2402 1926 accurrentibus
2430 1884 2558 1925 cum
2589 1870 2767 1925 armis
2789 1874 2848 1925 et
2872 1884 3018 1940 aqua
3045 1885 3163 1925 rem
3190 1870 3503 1942 panderet;

1858 1957 2011 2030 quod
2043 1958 2092 2014 si
2126 1957 2380 2030 fecisset,
2406 1958 2522 2029 jam
2556 1958 2755 2015 illaesze
2785 1958 3051 2015 incendio
3082 1958 3346 2029 reliquiae
3376 1976 3506 2017 ere-

1855 2051 1970 2120 ptze
2010 2048 2274 2105 fuissent.
2319 2050 2402 2103 Ita
2442 2046 2559 2105 Deo
2602 2048 2969 2120 disponente,
3013 2048 3228 2119 Agricii
3270 2064 3406 2106 ossa
3445 2057 3502 2107 et

1852 2136 2047 2208 pulvis
2078 2137 2134 2192 in
2167 2136 2295 2193 loco
2338 2141 2805 2208 permanserunt,
2852 2151 2979 2207 quae
3023 2137 3218 2208 inique
3261 2138 3533 2213 furanda\

1853 2226 1924 2282 de
1964 2226 2093 2281 loco
2135 2226 2519 2297 requietionis
2556 2225 2786 2283 sublata
2830 2227 3077 2282 fuerant.
3125 2226 3262 2291 Quae
3301 2233 3504 2298 postea

1852 2314 2181 2371 minutatim
2216 2315 2369 2371 inter
2399 2315 2687 2371 carbones
2717 2314 3164 2385 diligentissime
3197 2316 3502 2387 requisita,

1852 2418 2054 2473 magna
2097 2419 2169 2459 ex
2210 2408 2376 2475 parte
2413 2404 2643 2461 inventa
2687 2408 2841 2467 sunt.
2887 2406 2952 2459 ut
2990 2403 3267 2472 majorem
3318 2404 3506 2475 ipsius

1851 2492 2119 2564 corporis
2149 2496 2372 2564 partem
2398 2508 2501 2548 nos
2525 2508 2635 2549 non
2668 2492 3005 2549 dubitemus
3037 2494 3274 2548 habere.
3308 2493 3507 2551 Pulvis

1850 2597 1990 2640 vero
2013 2598 2143 2640 cum
2167 2583 2465 2646 cineribus
2485 2583 2826 2639 cautissime
2849 2582 3047 2639 cribro
3073 2588 3378 2655 purgatus,
3400 2583 3509 2639 ibi-

1853 2671 1979 2728 dem
2014 2672 2072 2727 in
2106 2687 2279 2729 unum
2321 2670 2508 2728 locum
2551 2672 2872 2729 servandus
2909 2671 3207 2743 repositus
3239 2676 3351 2744 est,
3385 2672 3508 2742 qui-

1852 2760 2098 2817 busdam
2131 2759 2517 2817 suadentibus
2540 2765 2604 2816 ut
2632 2760 2687 2815 in
2713 2761 2988 2816 honorem
3020 2759 3281 2830 ejusdem
3316 2760 3505 2817 sancti

1853 2849 2069 2919 Agricii
2099 2849 2283 2905 altare
2306 2848 2383 2905 ibi
2409 2853 2792 2919 statueretur,
2824 2853 2882 2904 et
2913 2849 3290 2906 dedicaretur
3319 2849 3507 2907 eccle-

1853 2939 1958 2995 sia.
1990 2939 2101 2994 Per
2122 2938 2310 2994 omnia
2336 2937 2680 2994 benedictus
2704 2939 2872 3007 Deus,
2906 2937 3155 3010 quinos,
3192 2938 3329 2995 licet
3358 2938 3505 2995 indi-

1852 3043 2017 3098 gnos,
2052 3027 2239 3084 noluit
2263 3028 2495 3099 privare
2520 3030 2766 3099 patrono
2792 3026 2914 3097 tali,
2947 3027 3116 3098 cujus
3147 3042 3253 3084 nos
3288 3028 3504 3084 auxilio

1853 3117 2068 3189 ubique
2084 3118 2404 3187 gaudemus
2427 3116 2644 3188 perfrui
2664 3118 2675 3171 !
2694 3118 3004 3186 Postquam
3022 3121 3214 3173 autem
3236 3116 3357 3172 haec
3378 3122 3506 3173 acta

1853 3211 2011 3278 sunt,
2046 3207 2254 3262 videns
2285 3212 2490 3262 auctor
2522 3204 2695 3275 hujus
2726 3204 2966 3261 sceleris
2992 3220 3100 3261 non
3128 3222 3300 3276 posse
3324 3206 3501 3261 celari

1855 3296 2010 3368 quod
2039 3300 2190 3352 Deus
2220 3295 2399 3351 voluit
2432 3295 2809 3364 manifestari,
2845 3300 3053 3350 cuncta
3085 3309 3213 3364 qum
3241 3301 3504 3364 gesserat

1852 3386 1945 3443 vel
1966 3386 2331 3455 cogitaverat
2352 3382 2593 3455 protulit
2618 3383 2671 3437 in
2694 3383 2975 3449 medium;
3004 3384 3345 3439 monstravit
3369 3400 3511 3454 quo-

1857 3490 1967 3546 que
1992 3475 2180 3531 locum
2206 3474 2305 3530 ubi
2329 3473 2606 3543 reliquias
2630 3471 3043 3529 collocaverat.
3082 3472 3260 3538 Quem
3293 3474 3503 3529 fratres

1857 3564 2168 3634 diligenter
2202 3565 2663 3633 perscrutantes,
2698 3561 2846 3617 sicut
2874 3562 2990 3632 jam
3023 3561 3292 3631 diximus,
3329 3576 3506 3633 quan-

1856 3658 1978 3710 tum
2030 3656 2370 3725 potuerunt,
2423 3651 2700 3706 semiusta
2742 3664 2873 3706 ossa
2915 3650 3404 3721 coadunaverunl,
3449 3658 3509 3706 et

1855 3741 2176 3798 honoriﬁce
2196 3740 2252 3795 in
2273 3740 2558 3811 reliquum
2580 3739 2840 3796 habenda
2860 3745 3377 3797 conservaverunt.
3408 3741 3510 3797 ille

1858 3834 2051 3889 autem
2072 3830 2265 3898 miser,
2288 3828 2545 3884 dictante
2569 3828 2821 3884 omnium
2845 3828 3154 3895 sententia,
3178 3844 3306 3884 eum
3335 3828 3509 3885 licen-

1859 3921 1941 3976 tia
1961 3918 2255 3987 discessit,
2279 3917 2409 3987 quia
2435 3930 2638 3985 nempe
2662 3916 2771 3971 sibi
2798 3931 2901 3971 nec
2927 3916 3054 3971 loco
3080 3916 3211 3973 huic
3238 3917 3504 3973 habitare

1860 4008 2111 4065 ulterius
2143 4005 2508 4063 commodum
2542 4004 2708 4059 nobis
2739 4004 2928 4059 visum
2963 4004 3183 4059 fuit.....

1930 4121 1984 4171 7.
2030 4156 2044 4169 .
2090 4157 2103 4171 .
2148 4156 2162 4169 .
2208 4155 2221 4168 .
2271 4156 2284 4169 .
2328 4156 2342 4169 .
2388 4154 2400 4167 .
2450 4154 2462 4166 .
2509 4110 2641 4166 Mihi
2684 4110 2793 4165 hoc
2834 4110 2980 4166 satis
3024 4110 3231 4165 mirum
3277 4109 3511 4166 videtur

1863 4205 2017 4277 quod
2059 4204 2114 4259 in
2158 4206 2321 4258 tanto
2366 4199 2629 4271 periculo
2672 4198 2822 4268 ignis
2861 4204 2917 4256 et
2952 4198 3223 4270 incendii,
3259 4199 3315 4254 in
3348 4204 3514 4255 tanto

1857 4307 2146 4352 concursu
2198 4296 2257 4346 et
2303 4288 2674 4345 multitudine
2722 4287 3033 4358 utriusque
3084 4302 3259 4344 sexus
3310 4287 3514 4360 pepuli

1860 4397 2029 4439 nemo
2062 4394 2303 4453 prorsus
2335 4379 2468 4434 vita)
2502 4377 2592 4432 vel
2626 4376 2832 4433 salutis
2871 4391 2992 4433 suae
3032 4376 3397 4434 debilitatem
3431 4378 3514 4433 in-

1860 4472 2069 4540 currit,
2105 4469 2300 4527 nullus
2330 4467 2563 4524 omnino
2604 4471 2870 4523 nostrum
2907 4480 3103 4523 rerum
3145 4481 3381 4524 suarum
3415 4466 3517 4524 ali-

85 4520 495 4633 praediximus,
530 4540 722 4599 locum
749 4540 996 4633 eundem
1025 4538 1747 4633 aliquandiu‘jugisollici-
1778 4520 1829 4582 D

89 4629 303 4689 tudine
325 4630 781 4701 frequentasset,
797 4629 888 4685 die
903 4633 1035 4685 ante
1055 4628 1337 4701 praedicta
1356 4627 1489 4684 inde
1509 4626 1750 4686 descen-

96 4719 254 4778 dens
291 4732 449 4774 more
480 4716 590 4773 sibi
623 4716 823 4787 solito,
858 4716 1001 4774 alias
1024 4717 1219 4774 nescio
1243 4732 1356 4789 quo
1379 4716 1464 4773 ire
1485 4719 1746 4789 paravit;

88 4822 234 4867 cum
256 4805 453 4863 subito
471 4804 596 4876 ipsa
617 4805 844 4875 domus,
862 4806 1147 4861 incertum
1165 4805 1317 4862 unde
1335 4812 1542 4863 exorto
1559 4807 1749 4865 incen-

89 4898 218 4967 dio,
253 4910 384 4952 cum
416 4893 683 4965 reliquiis
712 4898 769 4950 et
805 4894 1159 4951 monasterio
1194 4896 1500 4951 combusta
1530 4902 1652 4965 est;
1686 4898 1753 4954 li-

89 4991 198 5045 cet
233 4983 412 5055 aliqui
443 4981 517 5039 ad
544 4982 819 5039 honorem
852 4982 1230 5054 reliquiarum
1267 4998 1397 5040 eum
1436 4986 1629 5042 lumen
1671 4987 1751 5043 ibi

88 5074 378 5135 habuisse
422 5072 725 5146 aﬂlrment,
761 5073 917 5144 quod
949 5073 1072 5144 ipse
1102 5088 1175 5129 ex
1207 5077 1332 5130 toto
1364 5075 1629 5145 negavit;
1660 5075 1753 5132 vel

90 5177 339 5225 rursum
370 5163 468 5221 alii
501 5164 716 5237 dicant,
751 5164 823 5221 ab
854 5163 1007 5238 igne,
1042 5179 1156 5237 quo
1187 5164 1444 5222 candelae
1478 5165 1557 5221 ibi
1589 5179 1756 5239 para-
1852 5156 1855 5165 ’

1932 4670 2066 4724 Ηωο
2099 4671 2413 4735 utcumque
2454 4663 2609 4720 dicta
2649 4662 2967 4730 sufﬁciant;
3002 4678 3153 4721 nunc
3185 4663 3377 4735 aliqua
3410 4664 3515 4720 mi-

1863 4758 2192 4815 raculorum
2228 4754 2377 4810 beati
2415 4752 2640 4809 Mathiaa
2672 4752 2953 4822 dicamus,
2990 4768 3118 4823 quae
3151 4758 3282 4808 ante
3318 4754 3517 4809 inven-

1861 4828 2079 4904 tionem
2113 4845 2240 4914 ejus
2270 4842 2587 4911 contigisse
2618 4841 2783 4897 multi
2811 4840 2997 4897 adhuc
3030 4841 3085 4896 in
3115 4856 3364 4912 corpore
3398 4856 3515 4898 ma-

1862 4942 2070 4993 nentes
2102 4932 2362 5002 religiosi
2401 4929 2739 5002 przedicant,
2764 4943 2794 4985 a
2818 4929 3029 5001 quibus
3052 4945 3159 4988 nos
3185 4931 3308 4987 haec
3332 4930 3517 4987 conti-

1861 5025 1949 5097 git
1982 5023 2237 5081 audisse.
2275 5063 2289 5076 .
2327 5064 2339 5076 .
2377 5063 2388 5076 .
2427 5061 2439 5074 .
2478 5062 2490 5075 .
2527 5061 2540 5077 .
2578 5062 2591 5077 .
2628 5060 2641 5074 .

2136 5163 2280 5221 Haec
2305 5161 2606 5220 miracula
2631 5158 2700 5217 in
2727 5159 2987 5220 editione
3013 5158 3241 5220 desunt.

1693 5293 1915 5351 ΝΟΤᾸΞ.

179 5386 332 5463 (610)
366 5388 501 5463 Haec
527 5388 870 5463 Lambertus
896 5389 1189 5462 explicare
1219 5390 1422 5448 volens
1451 5389 1531 5447 ita
1564 5391 1708 5450 dicit
1738 5413 1751 5449 :

98 5464 255 5520 Cum
270 5532 279 5536 _
292 5461 411 5536 non
446 5461 811 5536 intelligeret
831 5461 1090 5536 genitus
1136 5464 1347 5536 ipsam
1364 5463 1759 5536 scripturam,

97 5532 381 5598 scrutari
424 5532 600 5605 capit
636 5530 693 5591 εἰ
734 5530 888 5605 quia
932 5530 1177 5607 περίαῃῐ
1209 5534 1407 5594 simile
1450 5530 1758 5612 ripariret;

432 5631 694 5703 PATROL.
752 5631 961 5697 CLIV.

1877 5388 2129 5466 Qucdct
2140 5384 2319 5466 fecit.
2352 5383 2509 5465 Nam
2527 5382 2730 5466 singile
2750 5382 3201 5466 guidiii‘codice
3224 5381 3377 5466 γὶιςξ
3393 5384 3527 5466 ejus

1871 5453 2161 5533 scriptum
2180 5455 2499 5533 inveniens,
2522 5453 2728 5533 crebra
2743 5453 3143 5532 inquisitione
3160 5454 3325 5516 adeo
3333 5453 3534 5513 titiam

1875 5525 2058 5608 Mica
2084 5528 2342 5593 nominis
2370 5525 2633 5589 accessit.

3147 5625 3223 5694 ιι
