3958 6046
410 236 557 308 1291

940 236 1207 308 GESTA
1235 234 1593 309 TREVER.
1625 278 1705 293 -—
1732 236 2089 307 APPEND.
2124 234 2241 308 EX
2270 234 2438 309 INV.
2474 238 2578 307 ET
2607 238 2773 308 MIR.
2808 238 2873 308 S.
2921 236 3280 312 MATHUE.

3692 239 3833 308 1292

1588 424 1754 533 EX
1873 422 2611 537 MIRACULIS

1635 602 1681 658 l.
1715 605 1773 660 Ε
1799 603 1996 661 codice
2022 603 2390 675 Erlanqensi
2421 603 2589 676 (611).

479 750 528 801 1.
568 746 789 800 Interea
823 744 969 816 (612)
1002 743 1135 799 dum
1175 744 1370 815 opinio
1413 744 1568 800 beati
1613 745 1822 801 Mathie
1855 745 2055 801 multis
2084 728 2408 814 Ajuvenili
2457 748 2644 816 actus,
2692 746 2850 818 cepit
2889 746 3072 817 jocari
3127 750 3347 804 temere
3392 752 3454 803 et
3503 763 3629 819 pro
3682 747 3834 805 laude

406 834 589 903 signis
616 836 934 902 creet-cret,
967 830 1200 903 plurimi
1221 846 1293 887 ex
1315 831 1565 889 diversis
1597 833 1757 889 orbis
1789 833 2056 905 partibus

410 923 556 977 fama
579 921 859 978 virtutum
890 920 1016 989 ejus
1044 920 1222 976 exciti
1243 919 1336 953 ⁴⁰²⁶
1360 921 1665 976 veniebant
1690 927 1749 978 et
1772 922 2060 978 curaban-

411 1017 506 1067 tur
540 1012 609 1065 ab
642 1010 1080 1064 inﬁrmitatibus
1117 1008 1256 1065 suis.
1293 1009 1549 1075 Quadam
1592 1010 1772 1081 igitur
1804 1010 1896 1066 die
1928 1025 2058 1067 eum

407 1099 665 1169 religiosi
691 1098 799 1154 viri
825 1102 957 1153 vota
985 1099 1240 1153 ferentes
1264 1097 1334 1152 ad
1361 1098 1548 1169 ipsum
1573 1099 1762 1155 locum
1786 1114 2061 1171 propera-

406 1192 556 1257 rent,
577 1188 726 1244 alius
750 1202 971 1243 cuneus
992 1186 1123 1242 inde
1142 1186 1441 1257 digressus
1459 1188 1572 1243 illis
1591 1189 1870 1245 occurrit.
1901 1190 2063 1245 Cum-

406 1291 518 1348 que
548 1276 863 1345 curiosius,
897 1281 960 1331 ut
993 1275 1232 1345 assolet,
1259 1275 1329 1331 de
1354 1275 1650 1333 miraculis
1681 1276 1956 1347 apostoli,
1990 1291 2060 1332 an

405 1380 543 1422 vere
568 1366 648 1420 ita
673 1379 736 1420 se
759 1364 1040 1420 haberent
1070 1370 1131 1420 ut
1157 1363 1357 1420 auditu
1386 1370 1787 1437 perceperant,
1811 1365 2064 1435 inquire-

406 1459 560 1524 rent,
585 1453 817 1525 quidam
842 1452 1090 1522 maligne
1116 1453 1345 1522 mentis,
1369 1453 1604 1509 diabolo
1630 1458 1693 1510 ut
1716 1459 1845 1525 post
1871 1454 2062 1524 patuit

406 1544 723 1612 instigante
750 1561 763 1596 :
794 1541 1111 1610 Quidnam,
1139 1540 1347 1611 inquit,
1373 1541 1642 1599 anilibus
1657 1542 1916 1615 fabubis
1944 1557 2064 1599 cre-

404 1632 586 1690 ditis?
615 1630 874 1689 Nescitis
903 1631 1149 1687 clericos
1176 1631 1610 1701 monachosque
1625 1632 1706 1687 ad
1708 1631 2064 1703 ﬁngendum

407 1721 562 1778 talia
573 1718 906 1791 plurimum
925 1718 1162 1787 callere,
1178 1720 1421 1789 questus
1429 1719 1661 1790 gratia,
1676 1722 1922 1792 suisque
1927 1734 2063 1791 pre-

404 1808 609 1879 stiqiis
635 1808 965 1877 marsupiis
984 1806 1209 1863 nostris
1231 1807 1288 1861 et
1305 1808 1607 1877 apothecis
1630 1809 1874 1878 laqueos
1890 1822 2063 1879 pone-

403 1896 824 1954 re?Nimirum
838 1894 908 1950 ut
922 1894 1114 1965 epulis
1129 1896 1342 1951 vacent
1352 1895 1882 1967 itli,jejunandum
1893 1896 2062 1954 nobis

405 1985 555 2051 erit;
571 1984 641 2039 ut
652 1982 753 2039 illi
767 1981 1311 2053 superhabundent,
1327 1996 1433 2041 nos
1453 1984 1765 2053 egebimus.
1787 1984 1952 2050 Quod
1965 2000 2064 2041 no-

2172 831 2464 888 simillima
2505 833 2662 890 laudi
2703 833 3035 905 decantare,
3069 838 3133 890 ut
3172 835 3349 892 risum
3391 835 3486 892 sui
3533 835 3827 893 similibus

2174 921 2481 977 excitaret.
2519 964 2531 978 .
2568 965 2581 978 .
2623 964 2635 978 .
3097 973 3110 986 .
3816 922 3831 929 ’

2248 1009 2522 1080 Sequenti
2550 1024 2695 1067 anno
2718 1026 2848 1067 cum
2873 1010 3104 1082 quidam
3128 1012 3390 1069 rusticus
3410 1012 3738 1068 Mosellam
3759 1012 3832 1044 ⁸³³⁵

2175 1097 2234 1153 in
2271 1098 2469 1168 vigilia
2510 1100 2697 1155 sancti
2734 1100 3013 1156 Johannis
3053 1101 3327 1172 baptista:
3369 1101 3727 1157 naviculam
3768 1102 3834 1156 in-

2175 1200 2420 1255 gressus
2448 1202 2579 1243 cum
2611 1203 2790 1244 uxore
2821 1193 2881 1244 et
2914 1188 3031 1244 ﬁlio
3060 1188 3130 1243 ad
3160 1188 3353 1245 limina
3386 1189 3548 1246 beati
3582 1188 3833 1260 apostoli

2180 1288 2281 1345 per
2330 1275 2539 1332 flumen
2586 1276 2878 1334 Mosellam
2928 1276 3127 1333 venire
3175 1276 3561 1353 decrevisset,
3613 1278 3681 1334 in
3723 1278 3834 1348 ipso

2177 1363 2388 1420 itinere
2420 1380 2450 1419 δ
2484 1365 2732 1435 quodam
2774 1366 3005 1422 tiranno
3042 1372 3266 1437 captus,
3300 1370 3358 1421 et
3387 1367 3761 1423 catbenatus
3789 1368 3831 1420 in
3922 1414 3923 1437 ἢ

2177 1467 2478 1509 carcerem
2512 1454 2786 1524 mittitur,
2821 1453 3035 1510 ceteris
3061 1455 3192 1523 fuga
3213 1454 3445 1524 elapsis.
3484 1497 3499 1510 .
3536 1498 3550 1509 .
3587 1496 3602 1509 .
3649 1497 3667 1511 .

2251 1542 2309 1595 In
2340 1542 2578 1598 civitate
2610 1541 2925 1612 Argentina
2960 1542 3273 1614 provinciae
3316 1541 3565 1600 Alsaciae
3597 1543 3832 1614 quidam

2177 1627 2449 1685 clericus.
2486 1673 2499 1686 .
2536 1671 2549 1683 .
2586 1673 2600 1685 .

2251 1717 2412 1774 Alius
2456 1720 2564 1790 vir,
2613 1734 2743 1775 cum
2791 1723 2952 1775 esset
3000 1724 3202 1791 pastor
3247 1720 3456 1787 ovium,
3512 1720 3703 1776 beato
3750 1720 3834 1791 Sy-

2177 1807 2386 1877 meoni,
2432 1808 2529 1878 qui
2569 1808 2800 1863 Treveri
2842 1808 2899 1864 in
2941 1815 3111 1879 porta
3153 1809 3378 1877 Marcia,
3416 1823 3531 1878 que
3563 1815 3630 1865 et
3666 1810 3831 1880 Nigra

2176 1900 2439 1966 vocatur,
2498 1896 2837 1966 requiescit,
2897 1911 3062 1953 ovem
3110 1890 3488 1969 de'paupere
3539 1897 3694 1955 ovili
3746 1912 3831 1952 vo-

2175 1985 2473 2042 vit.....

408 2071 499 2128 bis
518 2071 607 2127 bis
621 2069 1633 2142 ydolaproponunt,nuncMartini,
1650 2073 2064 2130 nuncNicolai
2091 2090 2144 2148 Β
2246 2076 2368 2130 Duo
2417 2074 2527 2129 viri
2576 2074 2647 2130 de
2694 2074 2825 2131 vico
2874 2074 3183 2144 Logostein
3214 2075 3361 2146 (6M)
3393 2075 3703 2131 nominato
3738 2076 3833 2130 Re-

403 2160 912 2231 reliquorumque,
946 2172 1064 2214 non
1093 2158 1286 2216 saluti
1313 2160 1532 2216 nostris
1563 2161 1930 2218 consulentes
1960 2162 2066 2219 sed

402 2246 732 2305 substantia
770 2246 1075 2303 inhiantes
1096 2246 1367 2319 faciunt.
1419 2247 1605 2312 Quasi
1632 2263 1766 2304 vero
1798 2249 1919 2306 [nec
1946 2264 2064 2307 non

409 2336 733 2408 suﬁciant,
756 2348 967 2390 novum
985 2334 1077 2392 bis
1092 2336 1516 2407 quodammodo
1536 2337 1607 2393 de
1622 2337 1865 2394 Mathia
1885 2339 2067 2395 deun-

406 2426 606 2483 culum
620 2423 893 2497 faciunt,
924 2424 994 2480 ut
1013 2424 1287 2495 patrium
1302 2425 1574 2496 fundum
1600 2427 1839 2498 penitus
1869 2440 2065 2483 emun-

399 2514 570 2587 qant.
613 2512 822 2569 Redite
858 2513 1068 2583 itaque
1096 2513 1179 2569 ad
1206 2526 1302 2569 cor
1332 2514 1390 2569 et
1416 2514 1625 2584 videte,
1661 2517 1812 2585 quia
1842 2515 2066 2571 delira-

404 2603 603 2660 menta
624 2601 768 2658 sunt
785 2601 907 2658 hac
928 2600 1129 2657 anilia
1151 2603 1344 2671 magis
1375 2616 1558 2673 quam
1575 2616 1719 2659 cera
1737 2605 2060 2660 miracula.

408 2693 525 2746 Hec
556 2694 615 2745 et
647 2688 756 2744 alia
790 2688 993 2763 multa,
1029 2703 1139 2759 que
1171 2689 1484 2744 brevitatis
1521 2703 1695 2746 causa
1727 2691 1955 2761 obmisi,
1992 2706 2062 2747 eo

406 2778 658 2847 dicente,
685 2791 829 2833 uxor
848 2776 973 2846 ejus
991 2791 1055 2833 ac
1076 2776 1174 2831 ﬁlii
1197 2776 1413 2846 aliique
1436 2778 1687 2834 sanioris
1704 2779 1931 2835 consilii
1954 2780 2062 2841 viri

411 2868 699 2936 rogabant
723 2879 852 2921 eum
878 2880 948 2921 ne
973 2868 1176 2921 sancto
1199 2866 1464 2937 apostolo
1487 2866 1847 2938 detraheret,
1872 2867 2064 2923 dicen-

403 2959 497 3031 tes
526 2956 647 3010 haec
679 2954 873 3009 divina
907 2968 1084 3024 Opera
1117 2967 1269 3023 esse,
1314 2968 1426 3009 non
1470 2962 1715 3010 humana
1744 2954 2053 3025 ﬁgmenta.

407 3043 514 3098 Sed
539 3058 666 3098 cum
695 3041 895 3097 infelix
920 3041 1017 3097 ille
1041 3057 1151 3098 non
1184 3041 1368 3098 solum
1406 3048 1598 3098 tacere
1632 3048 1925 3113 renueret,
1959 3043 2062 3100 sed

407 3130 589 3187 multo
619 3131 913 3185 deteriora
938 3132 1254 3201 proferret,
1288 3130 1483 3186 subito
1507 3131 1761 3187 traditus
1783 3130 1938 3187 hosti
1966 3146 2064 3186 an-

407 3220 591 3290 tiquo,
629 3219 797 3289 cujus
840 3218 960 3273 hinc
1000 3218 1280 3274 instinctu
1333 3218 1702 3289 loquebatur,
1756 3219 2059 3274 clamidem

406 3323 568 3364 suam
604 3322 669 3363 ac
704 3308 958 3363 tunicam
992 3307 1062 3361 ad
1098 3307 1276 3377 pedes
1304 3322 1483 3376 usque
1515 3307 1711 3376 scidit,
1743 3312 1800 3362 et
1833 3307 2059 3363 caballo

405 3411 513 3452 suo
546 3396 811 3451 insiliens
848 3409 948 3466 per
981 3400 1205 3449 montes
1236 3400 1294 3448 et
1324 3394 1508 3450 valles
1541 3410 1606 3450 ac
1639 3395 1803 3451 devia
1829 3410 2057 3465 queque

406 3499 469 3540 se
487 3500 614 3540 cum
635 3484 890 3539 clamore
908 3482 1101 3538 valido
1120 3483 1428 3553 proripuit.
1459 3482 1736 3548 Quesitus
1756 3483 1936 3552 igitur
1957 3498 2059 3554 per

408 3573 643 3629 biduum
670 3586 774 3628 nec
800 3572 1072 3627 inventus
1095 3576 1219 3635 est;
1254 3575 1383 3641 post
1407 3571 1558 3625 diem
1582 3575 1775 3626 autem
1811 3572 2056 3628 tercium

405 3656 461 3714 in
497 3659 706 3730 palude
744 3659 991 3729 quadam
1028 3657 1293 3714 caballus
1333 3658 1563 3728 quidem
1597 3658 1724 3727 ejus
1759 3661 2052 3730 apparuit,

405 3762 605 3803 verum
631 3747 727 3803 ille
753 3747 986 3817 penitus
1008 3746 1253 3801 inveniri
1280 3761 1391 3801 non
1416 3746 1628 3817 potuit.
1666 3747 1842 3816 Cujus
1866 3763 2060 3804 exem-

410 3836 503 3908 plo
527 3835 689 3892 multi
715 3835 969 3891 correcti
992 3841 1049 3890 et
1077 3834 1420 3891 devociores
1441 3834 1633 3890 eﬂ‘eeti
1658 3841 1810 3891 sunt.

477 3924 686 3980 Eodem
722 3924 870 3994 (613)
906 3927 1169 3994 tempore
1203 3923 1433 3994 quidam
1473 3914 1819 3994 paraliticus
1849 3925 1921 3981 de
1956 3925 2058 3979 Ar-

404 4014 631 4071 duenna
674 4013 818 4068 silva
862 4027 972 4082 que
1014 4012 1259 4068 maxima
1299 4017 1388 4067 est
1425 4012 1618 4068 tocius
1648 4013 1848 4077 Gallic.
1887 4055 1900 4069 .
1936 4056 1949 4069 .
1988 4054 2000 4068 .
2038 4052 2052 4065 .

474 4105 573 4159 Est
598 4107 791 4159 autem
818 4103 1026 4171 quarto
1051 4100 1171 4156 Kal.
1193 4100 1328 4157 Julii
1355 4100 1670 4171 solempnis
1689 4101 2057 4157 consuetudo

403 4191 720 4259 Gallorum,
754 4195 837 4259 ut,
873 4190 926 4244 in
962 4204 1137 4245 unum
1169 4188 1389 4245 diocesi
1411 4188 1670 4258 qualibet
1692 4188 2040 4260 coadunata,
2110 4228 2123 4243 .

402 4293 531 4336 cum
565 4278 830 4349 reliquiis
850 4282 910 4333 et
934 4277 1166 4333 letaniis
1197 4277 1269 4332 ad
1305 4278 1503 4333 urbem
1535 4277 1896 4333 Trevericam
1932 4293 2063 4349 pro-

404 4373 633 4442 perent,
669 4372 727 4423 ut
763 4366 1052 4422 communi
1087 4365 1282 4421 leticia
1320 4366 1620 4421 beatorum
1662 4365 2059 4437 apostolorum

403 4457 557 4513 Petri
583 4463 642 4512 et
666 4455 826 4511 Pauli
851 4454 1126 4510 natalicia
1146 4453 1467 4510 celebrent.
1503 4455 1588 4509 Ab
1613 4453 1951 4511 inventione
1975 4459 2061 4510 ta-

403 4558 531 4601 men
560 4545 745 4599 sancti
776 4543 999 4599 Mathiae
1032 4542 1276 4598 maxime
1309 4542 1402 4598 hic
1434 4557 1558 4598 mos
1589 4541 1863 4610 inolevit;
1898 4543 2050 4599 unde

405 4640 462 4691 et
490 4635 611 4705 ipse
636 4632 834 4704 sepius
858 4631 915 4685 in
937 4635 1112 4687 cantu
1145 4630 1369 4699 vulgari
1399 4629 1741 4701 replicatur.
1776 4629 1896 4695 Qua
1929 4645 2060 4701 spe-

401 4725 491 4781 cie
523 4724 658 4778 dum
701 4721 932 4791 quidam
975 4719 1182 4775 laudes
1218 4718 1406 4775 sancti
1444 4718 1675 4789 Mathie,
1709 4733 1852 4790 quas
1884 4718 2055 4789 vulgo

401 4813 595 4884 lcysos
639 4815 869 4881 vocant,
912 4813 1212 4879 canerent,
1258 4822 1407 4865 unus
1444 4806 1536 4841 ⁴⁰²⁷
1576 4822 1779 4864 eorum
1814 4806 2053 4863 levitate

2089 3438 2139 3501 C

2174 2178 2308 2220 num
2378 2163 2684 2220 transituri
2742 2163 3071 2220 naviculam
3137 2163 3509 2234 piscatoriam
3578 2164 3829 2234 ingressi

2251 2269 2535 2308 ιιι.....

2251 2269 2263 2306 ι
2318 2294 2329 2307 .
2370 2295 2381 2308 .
2417 2295 2429 2307 .
2470 2294 2483 2308 .
2523 2295 2535 2306 .

2174 2257 2311 2379 su)?
2353 2367 2366 2379 .
2411 2366 2423 2379 .
2460 2367 2473 2379 .
2504 2324 2820 2380 Judeorum
2862 2337 3093 2395 quoque
3131 2323 3347 2380 auxilia
3386 2338 3455 2379 ac
3491 2322 3827 2381 vetularum

2171 2412 2427 2468 carmina
2453 2411 2768 2469 consuluit.
2805 2453 2818 2466 .
2856 2454 2867 2467 .
2903 2453 2916 2467 .
2952 2455 2964 2468 .

2242 2501 2383 2557 Item
2424 2500 2704 2573 puerulus
2738 2505 2979 2557 matrem
3012 2507 3324 2558 secuturus
3357 2506 3731 2573 preeuntem,
3766 2502 3829 2557 de

2172 2594 2351 2660 ponte
2397 2590 2576 2646 Attile
2608 2590 2668 2645 in
2696 2605 2878 2660 aquas
2910 2589 3209 2659 subjectas
3242 2590 3474 2645 cecidit.
3514 2632 3528 2644 .
3568 2632 3581 2644 .
3620 2631 3634 2644 .
3675 2633 3691 2645 .

2241 2680 2411 2735 Juxta
2439 2679 2715 2734 fornicem
2740 2677 2919 2733 Attile
2944 2678 3550 2749 triumphalem‘(615),
3588 2679 3693 2749 qui
3722 2678 3829 2737 duo

2173 2767 2352 2823 millia
2385 2781 2659 2838 passuum
2691 2781 2720 2821 a
2753 2766 3094 2823 Treverensi
3125 2766 3365 2822 civitate
3395 2765 3581 2822 distat
3615 2767 3693 2822 ad
3730 2782 3834 2823 me-

2174 2855 2399 2925 ridiem,
2436 2855 2668 2926 quidam
2702 2855 3068 2925 adolescens,
3103 2853 3236 2910 dum
3272 2853 3458 2910 media
3490 2858 3698 2912 estate
3730 2856 3835 2911 κο·

2172 2944 2375 3001 sellam
2411 2943 2787 3000 transvadere
2819 2943 3016 2999 vellet.
3055 2985 3067 2997 .
3105 2985 3117 2998 .
3152 2984 3164 2996 .
3204 2984 3216 2996 .

2242 3033 2403 3088 Miles
2446 3033 2677 3103 quidam
2716 3032 3058 3087 Treverensi
3104 3031 3405 3087 territorio
3443 3032 3694 3101 genitus
3728 3047 3831 3089 non

2170 3121 2349 3177 inﬁmi
2391 3121 2624 3191 generis
2665 3120 2768 3177 sed
2811 3120 3085 3192 pauperis
3124 3123 3251 3175 erat
3291 3120 3647 3177 substantie.
3688 3120 3833 3188 Qua-

2171 3215 2414 3282 propter
2453 3207 2677 3281 pudore
2710 3212 2878 3265 actus
2909 3206 3101 3263 natale
3132 3207 3319 3264 solum
3350 3206 3628 3279 reliquid,
3668 3224 3831 3281 pere-

2168 3299 2511 3370 grinaturus
2556 3297 2906 3367 ubicumque
2954 3311 3015 3352 se
3060 3297 3378 3353 obtulisset
3423 3298 3824 3368 oportunitas.

2169 3387 2408 3443 Devenit
2460 3400 2600 3455 ergo
2651 3385 2948 3441 Coloniam
2989 3385 3385 3456 Agrippinam,
3429 3385 3549 3454 ubi,
3594 3401 3734 3444 eum
3774 3393 3830 3442 et

2169 3478 2361 3532 status
2392 3478 2448 3529 et
2482 3473 2641 3543 leges
2674 3471 2836 3529 urbis
2870 3471 3189 3544 placerent,
3225 3471 3551 3529 subsistere
3582 3472 3824 3543 delegit.

2168 3562 2431 3619 Adscivit
2454 3562 2650 3632 itaque
2673 3561 2784 3616 sibi
2811 3560 3252 3632 potentissimos
3277 3574 3541 3631 quosque
3566 3561 3627 3616 in
3649 3560 3830 3618 domi-

2166 3666 2294 3721 nos,
2334 3656 2415 3721 ut,
2448 3665 2579 3708 cum
2614 3648 2732 3705 illis
2763 3648 3104 3705 ﬁdelitatem
3129 3662 3195 3704 ac
3220 3648 3534 3705 servieium
3560 3648 3825 3718 fecisset,

2165 3754 2368 3797 eorum
2400 3738 2618 3795 auxilio
2648 3741 2705 3793 et
2740 3737 2983 3794 consilio
3024 3737 3217 3793 tucior
3257 3736 3517 3807 degeret.
3563 3738 3826 3808 Cumque

2165 3828 2349 3884 multo
2374 3832 2637 3900 tempore
2660 3840 2940 3897 prospere
2964 3829 3167 3895 ageret
3188 3823 3463 3895 nullaque
3493 3824 3827 3895 agitaretur

2167 3916 2451 3988 molestia,
2484 3930 2664 3973 causa
2695 3914 2942 3985 quadam
2979 3913 3329 3970 obveniente
3371 3928 3522 3970 unus
3561 3914 3826 3971 domino-

2166 4021 2292 4063 rum
2325 4006 2450 4077 ejus
2481 4003 2851 4061 dissimulato
2882 4003 3017 4060 odio
3049 4002 3242 4060 domui
3276 4017 3383 4060 sue
3412 4000 3578 4059 illum
3614 4003 3820 4062 ascivit

2163 4097 2617 4166 correptumque
2648 4093 2704 4148 in
2742 4092 2970 4150 vincula
3004 4091 3276 4162 conjecit.
3321 4092 3536 4148 Novem
3569 4090 3816 4163 denique

2166 4184 2292 4240 dies
2321 4183 2376 4239 in
2406 4181 2653 4254 quadam
2683 4195 2815 4238 arce
2841 4180 3045 4251 jacuit.
3086 4223 3100 4237 .
3134 4223 3145 4237 .
3183 4222 3195 4234 .
3236 4224 3248 4236 .

2237 4269 2551 4340 Purgensis
2597 4268 2829 4340 quidam
2858 4267 3120 4338 ejusdem
3153 4266 3434 4324 civitatis.
3471 4308 3484 4321 .
3524 4310 3537 4323 .
3572 4308 3589 4321 .
3627 4311 3641 4323 .

2237 4361 2389 4415 Puer
2408 4357 2639 4430 quidam
2658 4356 2753 4414 vid
2765 4371 2831 4412 ue
2852 4355 3007 4413 ﬁlius
3027 4357 3230 4412 morbo
3252 4359 3445 4412 tactus
3463 4356 3538 4413 ad
3555 4363 3819 4413 extrema

2167 4448 2486 4521 perductus
2505 4450 2616 4504 est.
2646 4448 2899 4516 Cumque
2919 4444 3043 4502 dies
3062 4449 3125 4500 15
3144 4448 3496 4516 egrotasset,
3518 4446 3822 4503 extinctus

2165 4541 2276 4594 est.
2301 4535 2674 4609 Compositus
2697 4534 2874 4605 igitur
2898 4534 3142 4601 feretro,
3160 4533 3343 4589 media
3368 4532 3605 4591 locatur
3627 4534 3821 4601 domo,

2166 4626 2264 4683 ubi
2312 4640 2471 4681 more
2522 4622 2816 4679 Gallorum
2867 4621 3084 4692 vigiliis
3125 4636 3191 4678 ac
3228 4620 3384 4678 ludis
3434 4620 3828 4695 solempniter

2166 4717 2590 4785 frequentatur.
2627 4711 2925 4770 Ludebant
2957 4710 3076 4783 alii,
3109 4711 3213 4768 sed
3236 4716 3424 4768 mater
3446 4710 3634 4769 ﬂebat
3657 4712 3833 4770 uber-
3922 4734 3923 4765 ξ

2164 4805 2329 4861 rime.
2362 4843 2378 4859 .
2416 4844 2431 4860 .
2470 4842 2483 4857 .
2516 4842 2529 4856 .

1744 4928 1981 4985 VARUE
2037 4925 2421 4986 LECTIONES
2433 4967 2447 4981 .

467 5034 558 5069 ‘0’“
587 5034 763 5093 exciti
795 5048 953 5093 corr.
991 5030 1234 5089 excitati
1265 5043 1321 5087 c.
1404 5027 1495 5062 ⁴⁰²⁷
1538 5041 1680 5085 usus
1708 5040 1763 5084 c.
1848 5025 1941 5061 ’⁰²⁸
1974 5025 2218 5084 ωοεθιιιῑ
2249 5039 2304 5084 c.

1992 5124 2204 5183 NOT/E

472 5250 620 5323 (6H)
670 5250 942 5316 Quaedam
993 5260 1121 5303 cum
1171 5250 1260 5301 his
1308 5250 1660 5299 conveniunt
1713 5256 1841 5312 quae
1890 5250 2043 5312 apud

398 5322 766 5379 Lambertum
803 5323 963 5391 (Acta
1006 5320 1059 5373 S.
1105 5316 1157 5370 S.
1200 5314 1237 5370 l.
1281 5315 1345 5391 1.)
1372 5315 1672 5391 leguntur.
1728 5312 1837 5368 Sed
1888 5312 2044 5367 Lam-

399 5394 603 5450 bertus
635 5392 739 5446 hoc
774 5385 927 5446 fonte
963 5401 1100 5445 usus
1129 5402 1263 5442 esse
1292 5385 1542 5441 videtur.

469 5462 617 5536 (612)
652 5462 893 5536 C_f._Act.
928 5462 1020 5536 _SS.
1048 5460 1084 5514 1.
1112 5458 1147 5513 l.
1178 5461 1354 5536 [ιε-16...
1380 5461 1561 5536 antea
1591 5455 1766 5536 etiam
1799 5452 1855 5536 in
1887 5452 2044 5536 cedi:

670 5248 942 5316 Quaedam
993 5260 1121 5303 cum
1170 5243 1660 5316 hisconveniunt
1713 5256 1841 5316 quae
1888 5239 2043 5316 apud
2148 5236 2961 5316 pertuscieis_Treeeg-ensi_s,
2994 5238 3108 5316 etc.

2226 5309 2375 5451 (613)
2409 5308 2489 5363 Cf.
2526 5305 2792 5388 Acta.SS.
2829 5305 2866 5361 l.
2903 5306 2964 5378 l.,
3000 5320 3055 5360 n.
3096 5309 3180 5361 12.

2226 5383 2353 5451 (614
2416 5378 2747 5435 Labnstem.

2225 5378 2375 5451 (614)
2416 5378 2747 5435 Labnstein.

2225 5468 2372 5549 (615)
2394 5469 2481 5549 ‘De
2514 5469 2883 5524 monumento
2914 5464 2969 5522 iu
2997 5464 3129 5522 vico
3156 5462 3276 5535 lgel
3302 5465 3583 5521 exstante
3618 5478 3826 5524 sermo

396 5523 795 5592 ce‘hist’oriola
827 5530 1061 5602 legitur,
1097 5527 1481 5602 qualis‘ibide,
1506 5543 1562 5583 n.
1590 5529 1837 5602 Qexstat
1863 5523 2048 5602 :_Fuit
2152 5523 2569 5598 csgé‘sidem,

396 5622 459 5668 eo
491 5612 742 5680 (conpare
785 5596 1056 5675 quidam
1077 5596 1553 5658 niotendinarius
1595 5597 1829 5655 nomine
1871 5596 2041 5654 Lam-
