3948 6070
153 241 320 315 1293

706 240 974 312 GESTA
1003 241 1360 313 TREVER.
1397 283 1475 294 —-
1503 243 1835 309 APPEND
1880 245 2195 314 EXJNV.
2235 239 2340 308 ET
2364 245 2526 309 ΜΙΗ.
2563 247 2630 310 S.
2665 243 3029 312 MATHL/E.

3411 247 3565 316 1294

227 400 1808 475 QuinquagenariushomoquidamPulcri~montis(6l6)
1837 385 1894 444 Α
1923 403 2105 457 retur.
2140 400 2262 457 Hoc
2289 405 2592 471 tyrannus,
2624 399 2773 458 sicut
2807 407 2930 458 erat
2965 403 3262 473 sanguinis
3295 406 3564 465 avidissi-

153 493 384 564 accola,
420 492 574 564 quod
605 497 694 548 est
725 492 1034 549 Arduenne
1066 492 1236 549 silve.
1279 533 1291 546 .
1338 533 1351 545 .
1398 533 1409 545 .
1457 533 1469 547 .
1520 533 1533 546 .
1583 532 1596 546 .
1642 490 1812 561 .qui-

153 581 290 638 dam
324 581 607 650 ingenuus
638 581 725 636 vir
748 581 1009 650 ejusdem
1031 579 1260 637 castelli
1285 579 1607 651 municeps.
1654 620 1666 633 .
1695 621 1706 633 .
1744 620 1756 634 .
1793 619 1807 634 .

231 671 580 728 Suburbano
630 685 765 727 rure
817 672 972 741 quod
1030 670 1262 726 Treveri
1322 669 1546 739 adjacet
1605 683 1813 726 versus

154 759 493 831 aquilonem
530 760 684 816 circa
723 764 949 832 portam
981 759 1270 814 Marciam.
1305 800 1317 813 .
1355 799 1368 813 .
1408 799 1420 813 .
1457 799 1470 812 .

232 848 400 920 Apud
433 848 691 918 Fuldam,
715 863 824 918 que
849 852 938 904 est
963 848 1200 903 Francie
1231 847 1578 918 Teutonicas,
1601 845 1811 902 mulier

156 937 412 1008 quedam
446 943 681 1008 pontem
712 936 966 993 ﬂuminis
994 937 1338 992 transitura.
1376 979 1388 991 .
1426 979 1439 992 .
1477 978 1489 991 .
1526 977 1538 989 .

229 1044 370 1099 Erat
404 1043 636 1114 quidam
699 1043 944 1113 maligne
977 1044 1208 1113 mentis,
1267 1043 1422 1099 sicut
1455 1042 1688 1098 diviciis
1728 1043 1809 1099 .ic

153 1132 508 1190 habundans
557 1132 730 1188 etiam
764 1132 963 1199 viciis;
997 1133 1092 1203 qui
1128 1133 1372 1188 cedibus
1403 1135 1463 1187 et
1495 1131 1717 1202 rapinis
1749 1130 1806 1186 in

153 1220 386 1278 vicinos
399 1235 538 1277 suos
550 1225 879 1290 grassatus,
901 1221 1190 1277 violenter
1211 1219 1399 1277 omnia
1415 1218 1809 1291 depopulaba-

153 1315 273 1367 tur.
311 1309 555 1377 Quidam
590 1315 782 1366 autem
813 1309 1044 1366 illorum
1074 1324 1224 1380 quos
1253 1307 1468 1378 injuste
1497 1307 1803 1379 amixerat,

153 1397 392 1454 domum
416 1397 575 1454 illius
604 1397 720 1466 igni
771 1397 1068 1454 succendit
1093 1402 1151 1452 et
1171 1397 1413 1467 aufugit.
1441 1399 1514 1451 At
1536 1395 1631 1451 ille
1653 1395 1806 1452 sicut

151 1487 510 1543 eratmentis
544 1500 840 1558 perverse,
857 1485 913 1541 in
946 1485 1231 1556 quendam
1252 1498 1564 1556 pauperem
1583 1483 1804 1540 crimen

151 1575 357 1646 injecit
389 1579 450 1632 et
483 1589 586 1647 pro
638 1573 913 1630 tribunali
943 1573 1126 1644 judici
1175 1572 1336 1629 illum
1369 1573 1603 1630 detulit.
1639 1572 1804 1638 Quod

150 1678 286 1720 cum
306 1677 412 1736 per
427 1664 774 1720 advocatum
797 1677 964 1720 suum
988 1677 1210 1734 pauper
1231 1677 1294 1718 se
1318 1662 1523 1718 fecisse
1538 1666 1800 1732 negaret,

152 1752 226 1808 ad
252 1751 363 1809 hoc
382 1751 613 1809 tandem
662 1764 840 1809 causa
863 1750 1115 1821 devenit,
1142 1755 1206 1807 ut
1229 1750 1425 1808 duello
1455 1749 1805 1806 determina-

1923 504 2072 560 mus,
2109 488 2226 546 leto
2253 490 2514 561 suscepit
2545 491 2766 558 animo;
2800 507 3021 564 pauper
3043 498 3235 550 autem
3259 509 3321 550 se
3345 511 3564 568 suaque

1924 575 2178 634 dominio
2203 577 2360 635 illius
2381 579 2728 636 submittere
2752 581 2982 636 volebat
3012 585 3069 636 ut
3087 581 3433 652 quiesceret.
3453 584 3564 642 Sed

1922 665 2021 722 ille
2044 666 2296 723 rennuit.
2317 667 2414 723 Die
2443 667 2624 737 igitur
2647 668 2802 725 dicta
2835 673 3118 726 venerunt
3150 671 3316 726 ambo
3350 671 3566 730 locum-

1923 770 2034 826 que
2065 755 2242 812 duelli
2278 756 2566 812 intrantes
2585 757 2886 826 congressi
2915 763 3070 828 sunt,
3099 759 3221 829 pari
3247 761 3565 819 certamine

1920 843 2146 900 viribus
2178 844 2449 915 impares.
2486 844 2731 901 Attrivit
2752 844 2843 878 ‘0"
2864 847 3012 902 enim
3048 852 3329 917 tyrannus
3355 864 3568 922 paupe-

1921 947 2040 987 rem
2076 946 2220 1004 pene
2268 947 2451 1004 usque
2483 933 2552 988 ad
2599 933 2980 1003 dedicionem,
3017 934 3199 992 donec
3231 941 3567 1010 compulsus

1919 1035 1950 1075 a
1983 1021 2106 1076 suis
2132 1035 2338 1076 nomen
2363 1021 2548 1077 sancti
2581 1022 2788 1077 Mathie
2815 1022 3110 1079 invocaret
3144 1039 3386 1096 pauper,
3424 1027 3568 1084 divi-

1917 1113 2035 1165 tem
2067 1124 2182 1166 uno
2205 1110 2321 1166 ictu
2347 1109 2630 1180 deiceret,
2654 1111 3046 1168 etoccideret.
3079 1114 3146 1168 Et
3179 1113 3442 1172 salvatus
3473 1121 3564 1174 est

1918 1199 2156 1268 sanguis
2187 1199 2457 1256 innoxius
2491 1199 2715 1256 meritis
2744 1200 2900 1257 beati
2933 1201 3178 1260 Mathiae.

1985 1395 2159 1451 Juxta
2192 1399 2423 1467 pontem
2459 1394 2694 1452 Moselle
2723 1397 2956 1467 quidam
2985 1399 3268 1469 puerulus
3299 1403 3565 1461 navicula

1916 1482 2196 1539 excidens
2221 1484 2562 1542 submersus
2581 1491 2689 1541 est.
2730 1485 2894 1550 Quod
2920 1486 3124 1543 videns
3143 1490 3374 1559 quidam
3401 1492 3565 1562 juve-

1916 1571 2007 1628 nis
2037 1573 2303 1628 vestibus
2335 1572 2582 1642 abjectis
2603 1587 2768 1644 aqua:
2791 1575 3036 1646 insiluit,
3066 1581 3127 1632 et
3151 1579 3442 1635 inventum
3467 1596 3565 1637 ex-

1913 1659 2149 1717 trahere
2177 1661 2396 1733 volens,
2431 1662 2681 1733 maligno
2731 1664 2946 1735 spiritu
3004 1668 3363 1739 retrahente,
3396 1685 3563 1741 quem

1913 1749 2243 1820 Neptunum
2276 1754 2508 1821 vocant,
2543 1751 2724 1808 semel
2755 1756 2812 1808 et
2847 1753 3104 1810 secundo
3133 1748 3428 1826 perdidit.
3477 1801 3490 1814 .
3540 1801 3555 1815 .

1446 1877 1498 1929 2.
1543 1875 1642 1931 Ra:
1672 1873 1868 1932 codice
1901 1875 2263 1932 Trevercnsi.

227 2005 277 2058 1.
301 2003 464 2058 Anno
488 1999 649 2058 verbi
672 1999 960 2057 incarnati
984 2001 1140 2070 1226,
1182 1999 1370 2071 primo
1413 2014 1562 2056 anno
1586 1999 1799 2056 domini
1832 2003 1886 2063 B
1917 1998 2174 2070 Austrie,
2209 2013 2314 2056 nec
2370 2003 2572 2071 posset
2605 1999 2657 2058 ei
2692 2000 2988 2074 resistere,
3023 2004 3153 2076 quia
3188 2022 3390 2080 magna
3422 2026 3562 2083 pars

156 2089 422 2160 Gregorii
454 2104 601 2161 pape
632 2088 787 2160 noni,
847 2093 1130 2159 regnante
1158 2089 1414 2159 glorioso
1446 2089 1802 2161 imperatore

151 2177 472 2248 Friderico,
499 2178 726 2236 favente
749 2179 886 2249 Deo,
920 2177 1016 2249 qui
1051 2177 1240 2234 omnia
1283 2193 1394 2250 que
1425 2177 1549 2235 vult
1577 2178 1714 2235 facit
1745 2177 1802 2234 in

149 2266 284 2324 celo
315 2271 376 2324 et
406 2267 463 2322 in
499 2271 682 2337 terra,
713 2266 770 2323 in
803 2266 945 2323 mari
976 2271 1033 2323 et
1067 2267 1122 2322 in
1151 2267 1421 2324 omnibus
1439 2267 1801 2340 abyssis,qui

151 2354 428 2427 producit
449 2356 634 2413 nubes
663 2355 734 2411 ab
764 2354 1045 2411 extremis
1074 2359 1235 2411 terre
1259 2354 1692 2425 (Psal.cxxxrv,
1721 2356 1800 2428 7,)

152 2442 559 2517 predicatores
579 2442 853 2500 videlicet
868 2447 1070 2501 sancte
1093 2444 1316 2514 Crucis,
1336 2443 1430 2515 qui
1455 2445 1671 2516 ubique
1686 2448 1805 2501 ter-

153 2545 352 2590 rarum
367 2532 766 2590 discurrentes
779 2542 840 2588 et
858 2533 1053 2590 crucis
1074 2533 1316 2604 gloriam
1335 2533 1706 2606 predicantes
1728 2549 1802 2592 ex

151 2621 424 2679 omnibus
453 2622 728 2692 gentibus
759 2626 820 2678 et
864 2622 1098 2694 populis
1126 2626 1184 2678 et
1209 2623 1482 2680 tribubus
1505 2627 1561 2679 et
1587 2623 1802 2694 linguis

150 2709 530 2781 signaverunt
564 2724 763 2768 servos
794 2710 894 2766 Dei
923 2716 982 2767 et
1012 2711 1227 2768 milites
1260 2713 1474 2768 Christi
1510 2713 1566 2768 in
1600 2711 1800 2769 fronti-

153 2798 264 2857 bus
278 2811 500 2857 eorum.
518 2800 734 2856 Sensus
763 2800 986 2857 enimet
1019 2800 1308 2872 cogitacio
1324 2801 1558 2858 humani
1576 2801 1794 2872 cordis,

151 2902 267 2959 que
300 2887 368 2944 ad
402 2887 614 2946 malum
645 2903 825 2960 prona
858 2893 949 2946 est
979 2890 1134 2945 omni
1169 2894 1449 2962 tempore,
1503 2893 1574 2947 ah
1607 2891 1800 2948 adole-

151 2977 376 3034 scentia
406 2991 509 3034 sua
569 2977 1004 3050 promptissima
1054 2978 1282 3034 reddita
1315 2983 1404 3036 est
1439 2980 1495 3035 in
1551 2979 1797 3050 gloriam

151 3065 441 3122 Christiet
465 3063 536 3121 ad
569 3067 957 3122 reverentiam
990 3072 1188 3124 sancte
1207 3068 1430 3138 Crucis,
1457 3068 1591 3125 dum
1620 3068 1676 3124 in
1710 3083 1799 3125 re-

151 3153 490 3213 missionem
519 3153 773 3211 omnium
813 3159 1189 3226 peccatorum
1223 3156 1570 3227 populorum
1606 3157 1798 3215 multi-

151 3242 391 3300 tudines
444 3243 819 3312 signarentur
846 3249 906 3300 et
939 3244 994 3300 in
1028 3244 1240 3301 milicia
1274 3244 1384 3302 celi
1412 3247 1545 3302 boni
1580 3247 1795 3304 milites

1915 2087 2165 2146 militum
2193 2103 2434 2146 suorum
2466 2105 2494 2146 a
2528 2089 2795 2162 predicto
2827 2092 3135 2152 Cuonrado
3159 2097 3384 2167 signata
3409 2105 3557 2174 erat,

1913 2191 2022 2234 nec
2069 2177 2226 2234 vires
2275 2191 2410 2235 suas
2470 2176 2640 2235 bellis
2698 2179 2969 2237 inanibus
3028 2184 3182 2254 regis
3231 2189 3562 2258 expendere

1913 2265 2122 2333 vellet;
2175 2265 2372 2323 furore
2422 2265 2598 2322 nimio
2655 2273 2983 2325 commotus
3014 2277 3074 2326 et
3128 2273 3340 2343 spiritu
3400 2277 3562 2333 mali-

1912 2368 2026 2424 gno
2058 2355 2410 2426 exagitatus,
2439 2359 2622 2413 totam
2679 2356 2822 2413 iram
2853 2372 3016 2415 suam
3050 2359 3106 2415 in
3156 2361 3346 2433 ipsum
3381 2364 3563 2424 Cuon-

1912 2444 2118 2500 radum
2168 2443 2465 2500 effundere
2514 2444 2724 2516 voluit,
2779 2451 2982 2518 utpote
3025 2449 3121 2520 qui
3171 2465 3348 2508 causa
3379 2454 3559 2511 fuerit

1913 2537 2076 2588 tante
2100 2532 2479 2591 discessionis
2497 2534 2586 2590 sui
2609 2534 2930 2605 exercitus,
2955 2541 3011 2592 et
3041 2536 3324 2596 inminuta
3345 2542 3558 2602 milicia

1912 2623 2070 2692 regis
2101 2622 2404 2679 minuisset
2431 2617 2434 2621 λ
2464 2623 2762 2680 honorem.
2800 2625 2984 2693 Igitur
3033 2629 3294 2686 accensis
3326 2632 3555 2704 animis,

1911 2712 2204 2768 notarium
2247 2726 2414 2769 suum
2466 2712 2676 2769 ascivit
2705 2727 2940 2770 munera
2970 2715 3231 2786 ingencia
3263 2721 3553 2794 promisit,

1909 2804 1967 2855 et
1987 2813 2118 2856 eum
2151 2800 2206 2856 in
2257 2815 2455 2857 necem
2485 2801 2777 2858 Cuonradi
2810 2805 3076 2860 armavit.
3125 2806 3268 2872 Quia
3291 2823 3431 2879 ergo
3464 2824 3560 2882 pe-

1909 2888 2081 2946 cunie
2113 2888 2394 2946 obediunt
2445 2890 2637 2946 omnia
2685 2895 2741 2947 et
2772 2907 3008 2949 munera
3062 2902 3345 2952 excecant
3374 2899 3557 2956 eciam

1908 2977 2112 3034 oculos
2161 2977 2488 3050 sapientum
2550 2977 2743 3049 (Deut.
2779 2996 2892 3052 xvr,
2931 2981 3038 3054 19),
3086 2989 3401 3043 excecatus
3429 3003 3557 3059 pro-

1909 3067 2127 3137 missis,
2159 3067 2374 3124 obtulit
2397 3083 2457 3124 se
2482 3069 2537 3123 in
2567 3067 3019 3127 decollacionem
3043 3071 3390 3131 innocentis.
3419 3077 3557 3133 Mul-

1907 3154 2161 3212 titudine
2186 3171 2325 3227 ergo
2347 3155 2530 3212 instar
2551 3173 2765 3214 corone
2786 3159 3224 3232 circumstante,
3252 3166 3442 3219 stabat
3459 3166 3556 3223 ille

1909 3245 2064 3314 regis
2082 3245 2346 3302 notarius
2363 3246 2670 3316 evaginato
2691 3246 2907 3319 gladio,
2927 3254 2985 3304 et
3003 3250 3338 3320 predicator
3357 3257 3552 3312 crucis

152 3330 1088 3391 Christiconscriberentur.Unde
1102 3334 1795 3408 etgloriosusimperator
1828 3366 1876 3429 Ο
1908 3337 2149 3405 propter
2166 3334 2407 3390 verbum
2437 3335 2629 3391 crucis
2659 3335 2711 3389 in
2739 3337 2968 3392 modum
2990 3339 3187 3394 cruois
3217 3343 3556 3414 totusjace-

151 3420 482 3478 Fridericus
525 3422 749 3492 signum
801 3422 1010 3479 salutis
1065 3424 1412 3496 suscipiens,
1474 3427 1705 3482 nonnisi
1737 3429 1795 3484 in

143 3523 322 3566 cruce
344 3510 559 3567 domini
594 3512 778 3570 nostri
804 3513 981 3570 Jhesu
1013 3513 1226 3569 Christi
1275 3513 1516 3584 gloriari
1550 3515 1738 3572 voluit
1777 3533 1791 3582 ;

143 3611 252 3668 pro
265 3597 431 3668 cujus
463 3598 573 3656 fide
587 3604 643 3656 et
661 3601 978 3657 devocione
993 3601 1250 3657 universi
1269 3617 1443 3658 cruce
1459 3602 1673 3672 signati
1698 3619 1795 3673 ga-

144 3685 256 3742 visi
291 3692 426 3742 sunt
451 3687 662 3756 gaudio
685 3703 892 3759 magno
929 3687 1119 3744 valde.
1145 3691 1254 3745 Cor
1276 3704 1516 3755 pravum
1542 3691 1793 3750 hominis

142 3778 203 3829 et
225 3773 608 3832 incrustabile
642 3774 713 3831 de
732 3777 945 3846 abysso
991 3775 1150 3832 dedit
1175 3793 1375 3834 vocem
1403 3794 1587 3849 suam,
1622 3785 1680 3835 et
1714 3781 1793 3835 al-

145 3862 338 3919 titudo
361 3869 593 3920 terrene
617 3863 921 3934 dignitatis
943 3880 1147 3922 manus
1175 3882 1312 3923 suas
1334 3869 1404 3924 ad
1433 3868 1620 3925 celum
1640 3869 1793 3926 leva-

145 3951 248 4007 vit.
276 3953 357 4006 Ex
380 3950 623 4008 istorum
659 3953 839 4022 igitur
872 3967 1112 4010 numero
1144 3953 1578 4026 predicatorum
1599 3958 1792 4029 predi-

146 4055 210 4098 ca
225 4045 312 4098 tor
345 4056 494 4098 unus
533 4041 835 4097 Cunradus
867 4042 1096 4099 nomine
1125 4044 1369 4101 nacione
1401 4045 1692 4103 Ilallensis
1721 4078 1793 4089 —

145 4145 258 4201 que
294 4129 503 4188 civitas
549 4129 919 4202 imperatoris
948 4136 1036 4187 est
1081 4132 1138 4188 in
1196 4132 1404 4189 Suevia
1433 4165 1499 4175 —
1529 4135 1688 4192 venit
1717 4137 1790 4194 ad

147 4219 416 4276 abbatem
442 4219 724 4290 Cystercii
744 4219 968 4276 ordinis
983 4219 1038 4276 in
1058 4221 1402 4278 Walrebach
1431 4222 1661 4296 (617)-
1677 4239 1788 4295 que

147 4308 385 4365 abbacia
411 4308 522 4364 sita
543 4313 633 4364 est
660 4308 715 4364 in
747 4309 1090 4382 episcopatu
1105 4311 1543 4368 Radesbonensi
1567 4312 1623 4368 in
1655 4327 1789 4369 con-

146 4397 279 4455 tlnio
305 4399 466 4469 regni
490 4398 722 4456 Boemie
737 4415 752 4466 ;
768 4430 834 4439 —
850 4399 945 4470 qui
970 4398 1130 4456 vices
1154 4415 1292 4456 suas
1311 4407 1370 4456 et
1393 4401 1787 4459 auctenticum

147 4487 359 4544 domini
391 4502 539 4563 pape
573 4487 838 4560 predicto
878 4488 1158 4559 magistro
1212 4488 1476 4546 Cunrado
1508 4490 1564 4546 in
1597 4491 1788 4563 predi-

147 4577 326 4634 canda
349 4591 523 4634 cruce
547 4577 835 4633 commisit
857 4581 916 4634 et
939 4576 1157 4634 litteris
1179 4578 1300 4634 suis
1329 4582 1389 4634 et
1413 4579 1622 4650 sygillo
1652 4595 1788 4639 con-

148 4665 412 4722 ﬁrmavit.
448 4665 730 4724 Veniente
758 4674 951 4722 autem
977 4666 1094 4736 jam
1127 4668 1284 4724 dicto
1318 4669 1586 4727 Cunrado
1625 4671 1681 4728 in
1708 4672 1787 4730 ci-

1908 3420 2004 3476 bat
2037 3427 2351 3493 porrectus
2399 3422 2454 3478 in
2507 3427 2684 3480 terra.
2719 3424 2762 3479 Ο
2793 3427 3192 3496 spectaculum
3227 3430 3507 3488 nefarium
3536 3436 3548 3489 Ξ

1905 3509 2236 3581 oiniquitas
2257 3526 2367 3582 que
2405 3511 2708 3581 egreditur
2738 3527 2768 3568 a
2792 3515 2938 3570 facie
2975 3519 3160 3571 terre!
3184 3518 3332 3574 Fons
3359 3521 3554 3576 turba-

1903 3603 2003 3655 tus
2025 3600 2190 3670 pede,
2211 3600 2408 3670 justus
2433 3600 2648 3658 cadens
2671 3607 2803 3658 ante
2827 3603 3030 3660 faciem
3049 3607 3396 3676 peccatoris.
3427 3611 3550 3666 Stat

1905 3686 2116 3759 inpius,
2137 3689 2539 3760 jacetjustus;
2563 3695 2622 3746 et
2648 3696 2710 3748 ut
2741 3693 3070 3764 caputjusti
3095 3702 3377 3768 amputet,
3399 3699 3554 3756 ferus

1903 3774 2197 3845 gladiator
2209 3778 2875 3852 adest.Prostratusitaq
2887 3797 2954 3838 ue
2968 3787 3025 3837 et
3041 3787 3210 3840 morti
3228 3787 3546 3856 proximus.

1904 3868 2030 3920 orat
2061 3870 2118 3920 et
2154 3873 2450 3936 precatur,
2488 3873 2548 3922 ut
2579 3869 2872 3924 tantillum
2905 3871 2958 3924 ei
2992 3871 3234 3929 daretur
3263 3877 3545 3948 Spacium,

1906 3968 2020 4025 quo
2041 3955 2466 4011 confessionem
2500 3955 2689 4012 facere
2713 3962 2773 4011 et
2822 3973 3035 4028 corpus
3064 3961 3284 4016 Domini
3319 3977 3550 4020 sumere

1904 4047 2129 4114 posset.
2155 4044 2296 4100 Dum
2319 4043 2417 4098 ille
2451 4058 2658 4116 preces
2683 4045 2972 4116 funderet,
2997 4052 3056 4102 et
3079 4049 3288 4105 timore
3307 4052 3461 4120 regis
3480 4083 3549 4094 —-

1903 4148 2093 4191 sermo
2123 4133 2274 4189 enim
2320 4133 2478 4202 regis
2529 4133 2774 4203 urgebat
2803 4166 2872 4174 —
2904 4149 3071 4192 nemo
3100 4136 3182 4192 illi
3237 4141 3550 4198 subvenire

1902 4227 2271 4294 presumeret
2297 4241 2308 4277 :
2334 4237 2470 4279 ecce
2494 4222 2609 4278 ﬁlia
2635 4223 2818 4294 ipsius
2837 4225 3009 4294 regis,
3037 4226 3263 4298 irrupta
3294 4229 3549 4300 undique

1903 4312 2413 4369 circumstancium
2448 4311 2842 4384 multitudine,
2883 4313 3103 4371 nudato
3152 4317 3345 4388 capite
3377 4318 3548 4374 adve-

1902 4401 2010 4472 nit,
2045 4399 2246 4456 dolens
2273 4405 2333 4456 et
2365 4401 2508 4456 llens
2539 4415 2713 4471 super
2741 4402 3020 4473 inpietate
3045 4405 3249 4475 patris.
3284 4407 3551 4464 Prostra-

1902 4492 2026 4544 tum
2042 4486 2276 4558 levavit,
2298 4487 2425 4544 etin
2439 4488 2742 4558 capellam,
2765 4502 2876 4559 que
2890 4491 3151 4561 proxima
3183 4498 3329 4563 erat,
3349 4509 3546 4551 secum

1903 4576 2168 4646 adduxit,
2203 4582 2262 4634 et
2292 4578 2663 4634 confessores
2694 4577 2745 4634 ei
2780 4579 2872 4648 pie
2903 4581 3190 4650 providit.
3229 4583 3548 4654 RCSpirans

1904 4665 2325 4738 aliquantulum
2350 4667 2712 4738 Cuonradus,
2731 4670 3302 4726 anteconl‘essionem
3320 4675 3546 4742 rogavit

143 4753 381 4812 vitatem
405 4768 516 4826 que
540 4755 787 4812 Cubitus
812 4755 960 4828 (618)
977 4724 1208 4813 ’ἀίοὶιιιι-
1229 4724 1539 4828 Progensis
1561 4724 1788 4832 episc'o-
1816 4724 1873 4789 Β
1903 4724 2244 4813 sacerdotes
2269 4761 2556 4825 quatenus
2580 4724 2807 4812 nomina
2823 4724 3544 4831 duodecim

150 4847 318 4917 patus
347 4847 712 4916 spectantem
744 4844 817 4900 ad
847 4858 1134 4901 cameram
1153 4847 1312 4916 regis
1345 4849 1575 4906 Boemie
1603 4850 1698 4884 ⁴⁰³⁰
1725 4857 1788 4910 et

149 4956 377 5000 crucem
401 4942 766 5015 predicante,
803 4945 888 4999 tot
921 4941 1076 4999 milia
1110 4943 1358 5000 militum
1381 4951 1441 5002 et
1463 4946 1787 5006 multitudi-

152 5047 249 5090 nes
281 5032 625 5106 populorum
657 5033 883 5103 signum
914 5033 1110 5090 crucis
1141 5041 1516 5107 acceperunt,
1543 5039 1605 5094 ut
1635 5037 1787 5094 idem

153 5136 252 5181 rex
268 5125 517 5198 Boemie,
542 5138 673 5186 cum
697 5128 1052 5199 praponeret
1077 5123 1294 5183 bellum
1318 5123 1464 5183 inire
1485 5141 1618 5185 cum
1640 5127 1790 5189 duce

1902 4862 2253 4934 scriberent,
2302 4867 2358 4919 et
2384 4863 2630 4933 singulis
2651 4865 2840 4921 cereis
2863 4864 3087 4935 singula
3112 4867 3341 4923 nomina
3372 4869 3549 4941 adpo-

1902 4957 2130 5024 nerent,
2152 4956 2212 5010 ut
2227 4953 2394 5023 cujus
2412 4967 2618 5009 nomen
2631 4953 2864 5011 volente
2875 4956 2994 5012 Deo
3008 4961 3350 5027 assumeret,
3363 4958 3545 5029 ipsum

1901 5046 2212 5113 patronum
2242 5047 2300 5098 et
2331 5042 2677 5100 advocatum
2704 5044 2760 5100 in
2786 5050 2900 5101 tam
2930 5047 3218 5104 horrende
3240 5047 3448 5104 mortis
3467 5047 3550 5105 di-

1901 5131 2174 5214 scrimine
2187 5135 2244 5189 et
2261 5131 2318 5189 in
2331 5132 2528 5191 futuro
2541 5133 2806 5194 examine
2830 5136 3153 5209 prepicium
3167 5139 3428 5199 haberet.
3447 5141 3547 5198 Fa-

1483 5228 1723 5287 VARIE
1752 5230 2136 5291 LECTIONES
2149 5275 2163 5291 .

254 5321 460 5394 Atrivi,
492 5335 541 5380 θ.
581 5320 677 5358 ⁴⁰³⁰
706 5322 906 5382 boecie
938 5337 986 5383 c.

1749 5417 1955 5480 NOTAE

241 5503 361 5562 6l6)
391 5503 727 5562 Beaumont.

241 5506 339 5559 6l6
391 5503 727 5562 Beaumont.

218 5503 361 5648 E617;
389 5573 771 5635 Valderbach.

1973 5516 2124 5588 (618)
2156 5514 2432 5588 Elbogen.
