3958 6046
374 274 524 341 1295

896 270 1161 337 GESTA
1190 266 1545 335 TREVER.
1581 304 1657 316 ——
1686 262 2013 331 APPEND

2217 258 2381 328 INV.
2416 260 2521 325 ET
2559 259 2846 353 mne.
2899 257 3258 325 MATHUE.

3636 264 3798 327 1296

371 439 465 491 cta
488 428 855 490 confessione
886 424 1168 496 surrexit,
1201 402 1473 493 accessit,
1507 421 1647 479 tulit
1674 425 1733 477 et
1764 403 1927 491 legit,
1954 422 2012 476 et
2044 400 2099 461 Α
2128 421 2302 489 aptus
2320 420 2377 472 et
2411 420 2725 472 strennuus
2745 419 2873 472 erat
2895 421 2952 471 et
2985 416 3056 473 ad
3078 415 3360 475 collectas
3382 417 3703 474 faciendas
3735 424 3791 474 et

370 537 573 580 nomen
609 519 818 575 Matliie
877 515 1127 589 apostoli
1157 513 1406 585 gloriosi
1440 512 1725 583 scriptum
1758 510 2006 566 invenit.

373 592 543 669 Stans
566 617 759 666 autem
778 607 1087 674 attonitus,
1114 608 1170 659 et
1196 607 1444 672 utraque
1469 615 1637 656 manu
1662 605 1865 656 tenens
1888 600 2017 655 bre-

370 698 644 768 viculam,
671 698 724 752 in
756 694 971 767 qua‘ou
994 707 1200 749 nomen
1246 696 1509 747 sanctum
1544 689 1729 746 sancti
1763 687 2015 761 apostoli

372 788 656 860 scriptum
687 790 834 855 erat,
860 788 989 840 toto
1020 781 1197 838 corde
1227 784 1283 837 et
1318 781 1507 835 animo
1532 794 1595 835 se
1624 783 1809 835 totum
1844 778 2019 834 devo-

371 890 515 935 vens
534 874 817 947 apostolo,
854 876 1017 941 rogat
1042 876 1101 927 et
1126 868 1391 942 deposcit
1414 868 1525 923 sibi
1546 867 1815 924 auxiliari
1838 871 1896 922 et
1921 866 2018 923 ad-

369 969 623 1039 jutorem
653 961 901 1020 celerem
934 961 987 1016 in
1037 963 1198 1015 tanta
1228 957 1615 1014 tribulaeione
1648 955 1800 1013 fieri.
1840 956 2015 1013 Adest

376 1054 572 1112 subito
587 1049 987 1121 benignissnni
1009 1047 1338 1116 benignitas
1364 1045 1633 1117 apostoli,
1668 1049 1724 1101 et
1747 1046 1897 1101 facta
1925 1047 2018 1100 est

376 1144 618 1214 repente
637 1143 888 1195 mutacio
903 1137 1143 1193 dextere
1166 1133 1411 1190 Excelsi.
1433 1135 1519 1188 ira
1543 1134 1692 1189 enim
1715 1133 1889 1201 regis,
1908 1145 2019 1203 que

375 1231 562 1287 fuerat
584 1228 832 1285 nuncius
847 1225 1068 1293 mortis,
1087 1222 1356 1295 apostolo
1369 1236 1428 1278 sa
1439 1225 1574 1277 ncto
1594 1221 2019 1277 interveniente

375 1324 437 1376 et
467 1320 812 1390 protegente
843 1327 1119 1370 conversa
1150 1316 1241 1368 est
1263 1311 1317 1366 in
1348 1310 1741 1373 clemenciam,
1777 1310 1938 1366 furor
1960 1310 2033 1365 in~

375 1403 858 1473 misericordiam,
878 1404 1199 1473 tempestas
1223 1413 1426 1469 magna
1452 1398 1505 1453 in
1530 1396 2017 1468 tranquillitatem

376 1493 702 1552 maximam.
739 1490 1054 1548 Confestim
1103 1503 1241 1559 ergo
1284 1488 1648 1544 immutatum
1679 1490 1767 1542 est
1799 1500 1901 1543 eor
1932 1500 2020 1543 re-

374 1583 482 1654 gis,
516 1586 573 1639 et
604 1595 735 1639 eum
765 1579 856 1636 sui
913 1578 1167 1651 penituit
1203 1575 1466 1633 sceleris.
1520 1575 1790 1632 Festinus
1822 1575 2017 1645 itaque

375 1677 578 1729 etcum
593 1668 812 1740 ingenti
827 1666 1081 1723 tumultu
1096 1666 1343 1721 militum
1358 1679 1420 1721 se
1442 1663 2017 1735 circumstipancium

2128 504 2464 562 oblaciones
2492 503 2856 575 colligendas
2879 505 3127 575 diligens
3146 510 3205 563 et
3227 506 3554 577 sollicitus,
3582 508 3695 565 sed
3722 507 3792 563 ad

2127 594 2463 663 dirigendas
2491 597 2552 650 et
2576 594 3416 653 transmittendasoblaciones
3445 597 3631 653 beato
3654 611 3795 667 apo-

2126 680 2277 738 stolo
2308 681 2609 751 negligens
2638 686 2698 737 et
2730 683 3036 739 remissus.
3086 725 3098 738 .
3148 725 3162 739 .
3209 726 3221 739 .
3271 727 3284 739 .

2198 792 2247 844 3.
2285 790 2488 845 Comes
2529 788 2821 860 palatinus
2876 790 3161 847 Henricus
3220 792 3452 848 nomine
3486 804 3519 846 a
3547 791 3789 848 duobus

2128 878 2254 935 suis
2279 877 2511 934 clericis
2543 878 2751 950 spiritu
2776 879 3026 949 maligno
3056 879 3295 951 repletis
3313 880 3784 951 circumventus,

2128 965 2199 1022 ad
2232 966 2338 1025 hoc
2373 966 2648 1024 inductus
2681 973 2769 1023 est
2797 972 2859 1023 ut
2898 968 3093 1024 villam
3124 969 3407 1039 quandam
3442 969 3681 1026 Vilmar
3712 970 3794 1025 di-

2128 1059 2280 1113 ctam
2311 1071 2489 1127 super
2521 1058 2806 1127 Logenam
2835 1057 3069 1114 fluvium
3104 1058 3296 1125 sitam,
3332 1072 3507 1129 quam
3540 1059 3651 1131 pie
3680 1073 3788 1115 me-

2129 1145 2314 1201 morie
2338 1144 2620 1202 Henricus
2634 1145 2951 1218 imperator
2969 1162 3099 1203 cum
3115 1147 3384 1204 omnibus
3406 1148 3787 1219 appendiciis

2130 1233 2252 1291 suis
2283 1248 2387 1306 pro
2418 1234 2676 1290 remedio
2708 1235 2896 1290 anime
2925 1250 3026 1292 sue
3059 1237 3229 1292 beato
3269 1236 3480 1292 Matbie
3508 1236 3787 1308 apostolo

2128 1328 2187 1380 et
2210 1327 2412 1381 sancto
2433 1323 2718 1381 Euchario
2751 1323 3156 1396 sollempniter
3176 1328 3499 1382 donaverat
3524 1326 3711 1397 (620),
3737 1326 3788 1381 in

2129 1412 2551 1485 proprietatem
2585 1412 2672 1469 sui
2709 1412 2861 1483 juris
2904 1418 3220 1470 conaretur
3249 1413 3590 1470 adtrahere.
3632 1415 3788 1472 Idem

2129 1501 2280 1557 enim
2313 1500 2426 1557 duo
2459 1501 2681 1571 clerici,
2716 1505 2778 1557 ut
2814 1502 3066 1558 favorem
3100 1502 3284 1574 ipsius
3327 1502 3570 1560 comitis
3605 1504 3788 1574 magis

2131 1590 2428 1661 magisque
2452 1590 2559 1646 sibi
2589 1590 2991 1661 conciliarent,
3018 1591 3437 1661 promittebant
3456 1592 3513 1648 ei
3544 1592 3790 1664 privile-

2129 1678 2221 1748 gia
2252 1683 2309 1733 et
2340 1678 2532 1747 sigilla
2562 1678 2663 1734 tali
2696 1683 2823 1736 arte
2855 1679 3133 1749 facturos,
3180 1680 3390 1750 quibus
3418 1680 3784 1739 intuentium

377 1759 656 1828 3000"“,
701 1761 766 1814 ιιι
790 1756 942 1812 idem
972 1754 1311 1812 Cuom‘adus
1340 1758 1569 1809 ῐθντοτθ
1598 1752 1774 1809 nimio
1804 1751 2019 1809 tumlﬂ‘
2046 1760 2101 1821 Η
2133 1765 2286 1823 oculi
2317 1765 2739 1823 deluderentur
2778 1772 2838 1823 et
2893 1767 3055 1838 quasi
3087 1772 3222 1823 ante
3253 1768 3573 1825 multorum
3610 1784 3789 1827 anno-

377 1847 600 1905 tuantis
616 1846 788 1904 turbe
802 1845 1075 1901 turbatus
1091 1843 1303 1899 iterum
1320 1856 1381 1897 se
1398 1842 1466 1896 ad
1486 1845 1731 1897 mortem
1756 1842 2017 1913 pertrahi

377 1939 693 1994 metueret.
730 1932 980 1989 Veniens
1031 1936 1225 1988 autem
1258 1944 1378 2005 rex,
1414 1930 1485 1985 ad
1519 1929 1696 2001 pedes
1754 1929 2017 2000 magistri

379 2021 667 2082 Cuonradi
699 2021 934 2091 cecidit,
968 2025 1026 2076 et
1059 2023 1188 2076 toto
1221 2033 1465 2091 corpore
1490 2018 1544 2073 in
1569 2018 1799 2075 modum
1821 2018 2019 2075 crucis

378 2114 435 2170 in
468 2116 684 2169 terram
709 2113 1064 2184 prostratus,
1081 2107 1506 2178 indulgenciam
1530 2106 1642 2164 sibi
1667 2106 1790 2162 dari
1816 2106 2023 2164 humil-

377 2201 513 2261 lime
542 2205 598 2257 et
633 2198 1012 2257 devotissime
1055 2196 1336 2269 expeciit.
1386 2195 1727 2253 Cuonradus
1756 2210 1896 2253 vero
1925 2195 2022 2252 ad-

378 2290 598 2346 mirans
616 2288 864 2360 gratiam
892 2286 989 2342 Dei
1013 2293 1070 2342 et
1092 2284 1370 2343 auxilium
1395 2285 1839 2341 celeberrimum
1865 2285 2019 2341 beati

376 2377 586 2436 Mathie
633 2376 907 2449 apostoli,
959 2376 1149 2431 factus
1180 2380 1273 2431 est
1310 2374 1475 2446 quasi
1512 2374 1566 2429 in
1599 2374 1830 2430 exthasi
1863 2374 1920 2430 in
1951 2387 2021 2431 eo

377 2467 530 2539 quod
546 2466 875 2535 contigerat
889 2464 1022 2520 sibi.
1056 2465 1266 2534 Regem
1283 2468 1642 2535 prostratum
1669 2462 1739 2519 de
1759 2467 1919 2520 terra
1944 2462 2022 2520 le-

375 2560 493 2626 vat,
526 2560 586 2611 et
618 2552 926 2622 indulgens
959 2551 1072 2608 sibi
1100 2551 1299 2623 vitam,
1327 2556 1550 2607 reatum
1582 2550 1843 2608 criminis
1866 2551 2020 2608 letus

378 2644 622 2700 relaxat.
658 2641 828 2697 Venit
849 2645 907 2696 et
928 2639 1026 2695 ille
1054 2639 1366 2710 gladiator,
1392 2638 1659 2695 notarius
1682 2638 1907 2695 scilicet
1933 2654 2022 2696 re-

377 2732 485 2803 gis,
506 2729 729 2802 pallens
746 2736 805 2785 et
830 2734 1103 2799 tremens,
1125 2733 1181 2784 et
1209 2728 1346 2785 facti
1366 2727 1452 2784 sui
1485 2726 1770 2799 penitens,
1794 2728 2020 2784 veniam

373 2820 556 2893 peciit
581 2824 640 2877 et
676 2819 928 2890 accepit.
969 2816 1315 2876 Cuonradus
1341 2817 1620 2874 continuo
1641 2830 1671 2872 a
1704 2831 1842 2887 rege
1864 2831 2024 2874 assu-

374 2909 571 2979 mitur,
590 2912 863 2981 presente
878 2921 1015 2979 rege
1038 2910 1098 2964 et
1112 2906 1266 2963 omni
1302 2904 1746 2963 multitudinein
1761 2904 1881 2963 alto
1905 2911 2023 2963 sta-

372 2998 580 3068 tuitur,
602 3001 659 3053 et
685 3001 749 3053 ut
781 2996 1021 3053 verbum
1056 2995 1155 3051 Dei
1189 2994 1521 3067 predicaret
1542 3007 1571 3051 a
1592 3008 1727 3065 rege
1754 2995 2013 3064 jubetur.

2132 1870 2257 1913 rum
2282 1856 2576 1912 curricula
2601 1857 2749 1913 facta
2764 1860 2993 1913 vetusta
3013 1860 3066 1913 et
3089 1855 3787 1928 antiquissimavideren.

2130 1948 2248 2000 tur.
2284 1943 2384 2001 llis
2416 1943 2567 2000 dolis
2597 1949 2654 2000 et
2706 1944 2991 2003 versuciis
3041 1944 3389 2002 clericorum
3420 1945 3664 2003 animus
3696 1962 3786 2004 co-

2132 2032 2290 2089 mitis
2321 2032 2651 2090 abstractus
2679 2037 2735 2090 et
2772 2032 3023 2103 illectus,
3060 2033 3193 2104 quia
3225 2032 3314 2090 vir
3343 2033 3564 2090 nobilis
3591 2040 3658 2091 et
3692 2050 3788 2107 po-

2134 2124 2262 2176 tens
2284 2126 2410 2176 erat
2434 2135 2535 2177 nec
2549 2121 2600 2177 ei
2617 2120 2866 2177 ecclesia
2889 2120 3115 2177 resistet
3131 2135 3163 2176 e
3178 2125 3431 2193 poterat,
3450 2121 3784 2193 predictam

2132 2208 2324 2264 villam
2359 2224 2520 2265 suam
2552 2224 2684 2266 esse
2731 2209 2990 2266 dicebat.
3028 2210 3197 2265 Fama
3244 2210 3350 2266 hee
3377 2211 3449 2267 ad
3483 2224 3668 2267 aures
3699 2226 3785 2268 ec-

2132 2296 2309 2354 clesie
2338 2298 2602 2369 pervenit
2633 2304 2692 2354 et
2738 2303 3030 2370 tamquam
3080 2298 3273 2356 sonitu
3306 2299 3496 2369 magni
3527 2300 3779 2356 tonitrui

2132 2401 2334 2443 omnes
2357 2385 2514 2443 illius
2534 2387 2785 2444 ecclesie
2809 2389 3022 2444 fratres
3047 2387 3222 2445 nimio
3246 2393 3474 2444 terrore
3498 2388 3779 2460 perculit.

2133 2473 2324 2532 Abbas
2369 2480 2717 2532 conventum
2770 2476 3067 2547 ingressus
3096 2481 3153 2533 et
3201 2476 3508 2533 universos
3541 2477 3782 2533 intuens

2132 2564 2322 2621 animo
2363 2563 2529 2621 valde
2579 2570 3004 2635 consternatos,
3064 2564 3406 2622 consolatus
3462 2570 3559 2621 est
3591 2580 3701 2623 eos
3728 2568 3778 2623 in

2130 2655 2371 2713 Domino
2395 2656 2619 2712 dicens:
2653 2656 2807 2723 Quia
2816 2656 3253 2729 prepositormn
3277 2655 3779 2729 dominuspoms

2131 2743 2557 2801 estetcomitem
2578 2744 2910 2802 adtrectare
2922 2745 3151 2803 etcobis
3170 2745 3423 2816 propria
3433 2745 3775 2803 restituere.

2130 2831 2361 2889 Fidelis
2376 2832 2481 2902 est,
2508 2834 2714 2904 inquit,
2740 2835 2917 2905 Deus,
2949 2835 3057 2904 qui
3084 2847 3199 2891 non
3214 2833 3484 2905 patietur
3510 2847 3618 2892 vos
3642 2835 3780 2891 tem-

2120 2920 2293 2990 ptari
2320 2933 2503 2991 supra
2523 2921 2591 2977 id
2610 2921 2766 2994 Quod
2764 2922 3037 2994 potestis,
3054 2922 3506 2996 sedfacietcum
3529 2923 3778 2995 tempta-

2132 3008 2288 3065 tione
2304 3011 2658 3080 proventum
2696 3012 2771 3067 ut
2777 3012 3032 3083 possitis
3070 3012 3382 3068 sustinere.
3418 3011 3537 3067 Hec
3570 3009 3776 3068 dicens

370 3088 549 3144 Ενειηῐ
580 3085 680 3142 i“0
718 3085 812 3141 die
853 3083 1109 3141 ιιυηάίηο
1148 3089 1203 3139 et
1240 3084 1423 3173 fol‘llm
1478 3097 1673 3173 rerum
1702 3082 2014 3173 νθηέδιίιιωι
2050 3111 2098 3173 C
2129 3098 2394 3154 comitem
2423 3099 2586 3169 adiit,
2619 3107 2680 3155 et
2712 3082 2923 3155 accidit
2958 3104 3021 3155 ut
3055 3098 3521 3172 apprehenderet
3551 3113 3691 3156 eum
3723 3102 3775 3157 in

372 3190 486 3247 quo
518 3189 550 3231 e
582 3174 832 3231 diversis
864 3173 1012 3229 locis
1045 3171 1340 3229 mercandi
1373 3172 1561 3242 gratia
1590 3171 1902 3228 convenire
1929 3186 2021 3229 so-

372 3263 489 3321 lent
525 3263 871 3335 populorum
917 3260 1209 3317 examina.
1246 3261 1375 3332 Ipsa
1408 3261 1500 3316 die
1547 3261 1664 3316 Deo
1699 3260 1927 3343 favente
1958 3263 2017 3316 et

371 3366 507 3422 rege
528 3350 821 3421 gaudente
840 3349 1085 3405 maxima
1109 3349 1435 3421 principum
1463 3352 1519 3404 et
1563 3347 1812 3404 militum
1844 3353 1901 3405 et
1936 3349 2019 3405 di-

368 3454 538 3497 verse
556 3438 731 3495 etatis
744 3443 991 3495 etsexus
1016 3436 1308 3492 hominum
1330 3437 1558 3506 signata
1573 3439 1661 3493 est
1676 3434 2012 3508 multitudo,

367 3532 428 3585 et
460 3529 609 3584 facta
638 3531 731 3582 est
762 3524 961 3581 leticia
1011 3538 1216 3594 magna
1251 3524 1306 3579 in
1341 3523 1559 3595 populo
1601 3565 1612 3579 .
1663 3566 1676 3579 .
1725 3564 1738 3579 .
1787 3565 1799 3579 .
1846 3567 1858 3581 .
1897 3526 2016 3582 Iste

367 3615 519 3672 idem
553 3611 893 3671 Cuonradus
942 3612 1278 3683 predicator
1313 3612 1615 3668 Treverim‘
1657 3613 1837 3683 venit,
1870 3617 1929 3669 et
1957 3614 2013 3670 in

367 3692 617 3750 ecclesia
643 3691 831 3747 sancti
852 3690 1119 3747 Eucharii
1147 3690 1275 3761 fuit,
1291 3695 1350 3747 et
1370 3692 1425 3745 in
1450 3691 2012 3762 eimiterioejusdem

366 3779 614 3837 ecclesie
632 3776 953 3851 predicavit
978 3792 1174 3834 coram
1189 3779 1390 3834 tumba
1407 3778 1560 3834 beati
1589 3779 1845 3850 apostoli
1863 3798 1878 3849 ;
1896 3782 2013 3838 Deo

365 3873 426 3925 et
456 3870 631 3925 beato
682 3866 951 3939 apostolo
993 3864 1296 3922 liberatori
1330 3880 1438 3923 suo
1471 3867 1762 3924 inmensas
1790 3868 2013 3939 gratias

365 3956 640 4026 reddidit,
676 3960 732 4012 et
783 3956 887 4011 hec
919 3956 1108 4012 omnia
1152 3970 1263 4026 que
1315 3956 1371 4011 in
1401 3969 1469 4012 eo
1504 3956 1654 4013 facta
1683 3961 1818 4014 sunt
1849 3972 1990 4013 enar

364 4060 521 4116 rans,
557 4046 625 4102 ad
658 4043 904 4115 gloriam
949 4044 1048 4101 Dei
1079 4046 1138 4101 et
1197 4044 1355 4100 beati
1389 4044 1639 4115 apostoli
1695 4059 1763 4101 ea
1795 4045 2014 4102 litteris

365 4134 624 4191 mandari
657 4132 903 4203 rogavit.
940 4134 1085 4189 Acta
1118 4135 1253 4188 sunt
1277 4130 1380 4188 bee
1410 4133 1466 4187 in
1499 4133 1742 4189 civitate
1766 4147 1878 4203 que
1910 4134 2016 4189 Cu-

364 4223 524 4281 bitus
544 4220 877 4293 appellatur
901 4220 1015 4276 sita
1047 4220 1104 4275 in
1135 4219 1480 4291 episcopatu
1511 4221 1794 4290 Pragensi
1835 4221 2015 4279 adbo-

362 4326 560 4369 norem
613 4308 853 4378 gloriosi
902 4307 1151 4380 apostoli
1183 4312 1244 4364 et
1272 4307 1518 4377 gloriam
1577 4306 1797 4364 domini
1827 4315 2014 4377 nostri

361 4400 538 4457 Jhesu
562 4396 801 4456 Christi.

430 4528 482 4580 2.
516 4524 574 4579 In
605 4521 946 4594 episcopatu
982 4519 1237 4592 Spirensi
1271 4524 1363 4577 est
1394 4518 1607 4576 civitas
1639 4520 1885 4591 quedam
1918 4521 2016 4580 do-

360 4612 500 4671 mini
534 4609 709 4681 regis,
745 4623 855 4681 que
888 4612 1138 4666 vocatur
1169 4607 1503 4677 Gruoninge
1536 4607 1704 4679 (619),
1739 4614 2015 4681 spectans

361 4699 433 4758 ad
478 4698 796 4772 inperium;
822 4698 877 4752 in
904 4712 1013 4767 qua
1043 4695 1305 4753 civitatis
1336 4694 1871 4754 babitatores‘min
1902 4700 2015 4756 fra-

361 4788 639 4845 ternitate
673 4786 825 4843 beati
868 4783 1079 4841 Mathie
1130 4782 1378 4855 apostoli
1411 4797 1483 4840 ex
1532 4784 1771 4856 antiquo
1801 4786 2013 4846 fratres

357 4876 677 4949 conscripti
703 4880 758 4931 et
791 4874 1062 4931 associati
1105 4876 1243 4929 sunt
1282 4912 1296 4927 .
1342 4913 1356 4928 .
1401 4914 1415 4929 .
1465 4914 1477 4927 .
1528 4872 1837 4931 .Universi
1869 4888 2011 4946 ergo

357 4966 662 5038 elegerunt
696 4963 1040 5035 magistrum
1068 4960 1457 5019 fraternitatis
1485 4959 1798 5018 scultetum
1826 4962 2011 5035 ipsius

357 5054 637 5125 civitatis,
664 5050 1041 5110 Godefridum
1064 5050 1319 5119 nomine,
1358 5049 1546 5106 virum
1571 5054 1913 5108 strennuum
1948 5058 2005 5109 et

356 5141 739 5225 industrium,
773 5140 873 5213 qui
903 5137 1137 5212 quidem
1166 5136 1240 5195 ad
1270 5150 1448 5210 opera
1481 5142 1536 5195 et
1584 5139 1823 5210 negocia
1854 5140 2010 5210 regis

2128 3202 2278 3258 equo
2309 3187 2609 3245 sedentem
2640 3193 2700 3244 et
2740 3202 2871 3245 cum
2905 3202 3109 3258 magno
3139 3189 3422 3245 comitatu
3453 3188 3574 3245 iter
3602 3203 3776 3259 agen-

2126 3280 2265 3333 tem.
2316 3277 2510 3333 Abbas
2540 3275 2735 3333 comiti
2770 3276 3263 3349 appropinquans,
3322 3288 3558 3333 causam
3587 3282 3647 3334 et
3683 3292 3775 3333 ne-

2126 3366 2459 3423 cessitatem
2489 3365 2735 3423 ecclesie
2786 3364 3075 3438 apperuit,
3107 3381 3215 3438 pro
3258 3365 3509 3423 ecclesia
3567 3380 3772 3438 preces

2127 3453 2701 3527 supplicationesque
2734 3453 2971 3524 obtulit,
3005 3469 3179 3512 orans
3207 3459 3266 3511 et
3282 3456 3605 3512 obsecrans
3638 3471 3773 3528 qua-

2127 3544 2283 3600 tinus
2311 3543 2526 3599 intuitu
2557 3542 2655 3599 Dei
2689 3547 2748 3599 et
2781 3543 2935 3599 beati
2968 3539 3175 3600 Mathie
3199 3542 3456 3615 apostoli
3487 3547 3546 3599 et
3581 3545 3772 3601 sancti

2124 3632 2414 3703 Eucharii,
2450 3644 2695 3703 quorum
2730 3630 2997 3702 reliquiis
3025 3635 3085 3687 et
3117 3631 3415 3689 miraculis
3445 3631 3648 3689 eadem
3679 3631 3776 3667 ⁸⁵³³

2124 3721 2374 3779 ecclesia
2391 3720 2637 3791 insignis
2649 3720 2988 3791 haberetur,
3008 3736 3105 3779 res
3117 3720 3469 3778 eeclesie‘m
3482 3736 3778 3795 usurpare

2128 3826 2239 3869 non
2275 3814 2660 3882 presumeret,
2698 3810 2832 3881 quia
2862 3809 3004 3865 iram
3032 3810 3133 3867 Dei
3163 3814 3220 3866 et
3254 3815 3592 3868 sanctorum
3622 3810 3775 3883 ejus,

2127 3899 2223 3972 qui
2249 3898 2405 3956 illius
2428 3898 2542 3956 loci
2564 3903 2698 3956 sunt
2723 3898 2936 3955 domini
2959 3902 3018 3954 et
3033 3902 3400 3969 protectores
3422 3898 3774 3985 fidelissimi,

2125 3989 2380 4059 effugere
2401 3987 2736 4045 nullatenus
2759 3989 2976 4058 posset.
3005 3987 3210 4045 Comes
3233 3986 3433 4059 itaque
3450 3987 3609 4044 fastu
3631 3993 3779 4045 tem-

2127 4077 2346 4150 poralis
2376 4076 2561 4147 glorie
2590 4075 2799 4147 elatus,
2836 4090 3040 4148 preces
3073 4076 3305 4132 abbatis
3324 4076 3546 4148 sprevit
3580 4084 3645 4134 et
3674 4078 3773 4134 ab-

2126 4166 2274 4236 nuit,
2297 4165 2615 4223 secundum
2640 4163 3210 4236 illud:Sz'mplicitas
3232 4165 3588 4237 ἐκειίᾳωί
3623 4166 3770 4223 lam-

2111 4268 2234 4326 pas
2246 4255 2572 4325 contempta
2584 4254 2724 4311 ante
2719 4253 2947 4326 fatim
2946 4253 3271 4326 peccatoris
3281 4254 3514 4324 parata
3525 4255 3619 4309 est
3628 4255 3769 4311 tem-

2115 4341 2679 4414 pusstatutumUOb
2694 4357 2791 4413 χιι,
2809 4344 2884 4414 4).
2917 4343 2983 4398 Et
3000 4342 3180 4398 abbas
3195 4342 3426 4412 quidem
3458 4356 3567 4413 pro
3580 4341 3770 4398 eccle-

2129 4430 2518 4503 sialegatione
2532 4431 2882 4501 fungebatur
2903 4434 2961 4486 et
2994 4430 3548 4502 contempnebatur;
3582 4430 3777 4488 oratio

2128 4523 2322 4577 autem
2335 4518 2426 4554 ⁴⁰³³
2439 4520 2615 4577 fiebat
2630 4534 2733 4592 pro
2745 4533 2813 4577 eo
2827 4518 2951 4576 sine
2983 4517 3413 4575 intermissione
3430 4518 3502 4574 ab
3514 4517 3775 4576 ecclesia

2129 4609 2200 4665 ad
2230 4611 2428 4666 Deum.
2461 4611 2527 4665 Et
2556 4609 2728 4678 Deus,
2760 4608 2856 4680 qui
2889 4606 3160 4680 superbis
3182 4607 3426 4678 resistit,
3450 4607 3777 4665 humilibus

2126 4702 2317 4754 autem
2348 4696 2446 4753 dat
2478 4696 2747 4768 gratiam,
2781 4696 2853 4753 de
2881 4695 3117 4753 excelso
3148 4701 3353 4753 sancto
3375 4710 3481 4753 suo
3504 4695 3774 4768 reSpexit

2126 4782 2181 4841 in
2213 4785 2533 4841 orationem
2566 4783 2887 4856 humilium,
2949 4789 3011 4840 et
3039 4798 3153 4841 non
3184 4784 3404 4857 sprevit
3437 4797 3650 4856 preces
3675 4782 3781 4818 ⁸⁸⁸⁸

2124 4888 2352 4930 eorum.
2390 4874 2527 4928 Nam
2573 4887 2703 4929 cum
2734 4873 2804 4929 ad
2859 4873 3074 4944 primas
3103 4886 3308 4944 preces
3363 4885 3560 4930 comes
3590 4872 3780 4929 abba-

2123 4967 2239 5019 tem
2272 4966 2598 5034 sperneret,
2632 4976 2860 5019 manum
2906 4963 3005 5020 Dei
3034 4976 3213 5034 super
3244 4975 3308 5018 se
3336 4959 3639 5033 paululum
3671 4961 3782 5019 ad-

2118 5057 2418 5122 gravatam
2448 5066 2647 5109 comes
2677 5051 2892 5119 sensit;
2924 5065 3111 5123 equus
3138 5048 3232 5085 ⁴⁰⁸⁷
3260 5050 3413 5108 enim
3441 5049 3570 5121 ejus
3598 5055 3780 5110 totus

2118 5140 2468 5198 contremuit
2492 5143 2553 5197 et
2574 5154 2774 5197 casum
2797 5139 3053 5198 minatus
3074 5138 3498 5212 aliquantulum
3527 5138 3778 5199 timoris

1741 5238 1977 5295 VARIE
2026 5238 2423 5296 LECTIONES.

424 5358 515 5435 “'3
533 5375 663 5435 quo
690 5373 740 5418 ο.
773 5366 799 5435 ξ
848 5359 942 5435 ιῩέξ
994 5359 1362 5435 habitatores
1390 5359 1514 5418 cod.
1588 5357 1681 5395 ⁴⁰⁸⁸
1708 5357 1799 5420 bis
1826 5362 2118 5435 scriptam
2144 5377 2195 5422 ο.
2254 5361 2346 5397 ⁴⁰³⁴
2374 5361 2463 5420 bis
2493 5362 2783 5434 scriptum
2811 5374 2857 5420 ο.
2939 5360 3031 5397 ⁴⁶³⁸
3059 5363 3199 5419 atizz:
3234 5374 3285 5419 c.
3371 5359 3465 5397 ⁴ο⁶⁶
3494 5359 3670 5421 deest

352 5445 403 5491 ο.
438 5431 544 5491 ubi
565 5429 737 5507 'spete
767 5432 833 5490 in
862 5432 1071 5491 litura.
1114 5429 1207 5466 ⁶⁰³⁷
1230 5444 1377 5504 equs
1404 5444 1449 5489 ο.

1950 5520 2172 5586 NOTAE.

426 5610 571 5685 (619)
612 5605 972 5679 Gruningen.

2196 5611 2347 5689 (620)
2376 5610 2441 5674 V.
2477 5625 2653 5688 supra
2688 5612 2878 5672 Gesta.
2911 5627 2962 5671 c.
2998 5614 3084 5671 32.
