3958 6046
200 233 395 303 1291

197 393 399 454 comiti
422 394 667 456 incussit
685 395 808 464 ;sed
825 394 1009 470 ipsam
1028 393 1214 454 lenem
1237 396 1843 473 eastigationem,quia
1869 373 1928 439 Α

198 502 227 544 a
260 487 377 545 Deo
416 487 625 559 ﬁeret,
675 502 841 545 nemo
869 502 1070 546 eorum
1096 487 1193 561 qui
1240 489 1482 546 aderant
1536 493 1844 551 advertere

197 576 410 650 potuit.
460 578 681 634 Comite
714 578 910 649 itaque
950 579 1386 651 progrediente,
1422 580 1632 638 iterum
1662 583 1844 641 abbas

194 666 395 726 comiti
424 666 799 739 adjungitnr,
830 673 890 725 et
916 683 1125 740 preces
1169 670 1443 741 precibus
1484 671 1728 743 addens,
1780 677 1841 730 ut

195 761 333 816 ante
362 757 804 842 c'ontempnitur
827 800 840 814 .
874 761 942 814 Et
982 774 1167 830 equus
1196 758 1288 794 ⁴⁰³⁷
1320 761 1552 819 comitis
1586 762 1841 819 secunda

194 845 324 902 vice
356 846 560 917 majori
592 850 819 903 terrore
857 862 1182 906 concussus
1211 849 1282 905 ad
1309 864 1499 919 genua
1528 850 1755 909 corruit
1784 855 1842 907 et

199 947 494 992 sessorem
518 950 685 993 suum
707 936 868 1006 gravi
895 937 1101 993 timore
1126 939 1473 996 conterruit.
1497 941 1651 997 Tunc
1675 941 1841 996 amici

194 1023 448 1080 comitis.
486 1066 498 1079 .
537 1067 548 1080 .
584 1064 597 1080 .
634 1066 647 1080 .
685 1067 697 1081 .
735 1066 747 1081 .
784 1031 870 1083 tes
888 1024 981 1059 ⁴⁰³⁸
1023 1030 1082 1083 et
1133 1027 1405 1084 timentes
1452 1042 1522 1085 ne
1555 1028 1705 1087 forte
1734 1029 1845 1089 hec

194 1111 459 1169 visitatio
503 1113 603 1170 Dei
631 1118 689 1169 et
741 1119 1071 1173 sanctorum
1121 1116 1248 1187 ejus
1293 1122 1449 1174 esset
1496 1118 1838 1189 indignatio,

193 1205 477 1273 ceperunt
510 1202 862 1259 unanimiter
888 1204 1160 1261 comitem
1200 1220 1465 1271 exorare,
1500 1212 1564 1263 ut
1596 1208 1666 1263 ab
1697 1208 1839 1279 inju-

190 1288 366 1347 sticia
389 1305 491 1347 sua
522 1290 865 1360 dignaretur
887 1293 1197 1365 desistere,
1227 1295 1359 1365 quia
1382 1295 1465 1351 ire
1494 1297 1594 1353 Dei
1624 1302 1685 1353 et
1713 1311 1844 1355 san-

188 1388 423 1437 ctorum
443 1380 570 1452 ejus
592 1396 705 1437 non
730 1390 932 1453 posset
955 1384 1251 1440 resistere.
1276 1386 1480 1442 Comes
1501 1400 1640 1456 ergo
1664 1385 1841 1445 corde

195 1469 492 1527 obdurato
524 1484 730 1542 preces
754 1472 1009 1528 omnium
1031 1476 1087 1528 et
1136 1472 1380 1529 consilia
1412 1475 1656 1545 sprevit,
1690 1480 1750 1530 et
1782 1475 1841 1531 id

194 1555 355 1613 circo
380 1558 574 1615 aerius
599 1559 875 1629 castigari
912 1561 1143 1618 meruit.
1178 1562 1841 1620 correctionemhabens

191 1659 296 1702 suc
330 1646 587 1717 vesanie,
625 1648 757 1718 quia
800 1649 1207 1705 tantummodo
1249 1649 1369 1706 sola
1412 1650 1645 1707 vexatio
1675 1650 1842 1707 intel-

733 234 997 303 GESTA
1039 237 1392 307 TREVER.
1427 270 1505 288 --
1533 237 1886 304 APPEND.
1923 236 2191 305 GESTA
2229 234 2704 318 ALBERONIS
2746 232 2994 302 ARCH.

3450 230 3609 303 1298

1956 406 2090 453 num
2119 396 2221 452 aut
2260 390 2490 465 mitigat
2507 396 2607 450 aut
2632 396 2963 466 exasperat.
2988 393 3191 464 itaque
3216 403 3412 451 eomes
3433 387 3610 453 casti-

1954 487 2126 552 gatus
2154 487 2214 538 et
2243 481 2605 552 humiliatus,
2628 496 2797 539 versa
2816 481 2944 540 vice
2967 481 3235 539 abbatem
3262 482 3408 554 petit
3428 486 3486 540 et
3509 484 3610 543 ob-

1956 574 2149 628 secrat
2168 576 2227 627 ut
2252 570 2441 628 errori
2465 585 2572 627 suo
2591 571 2910 647 clemente;
2934 571 3252 642 indulgeat,
3274 570 3605 629 libertatem

1954 658 2094 715 villo
2127 673 2297 730 quam
2326 659 2548 730 injuste
2585 673 2791 731 rapere
2837 661 3306 732 adtemptavcrat
3332 659 3516 717 libere
3547 665 3605 718 et

1954 746 2224 804 absolute
2258 762 2388 804 cum
2420 749 2689 804 omnibus
2723 748 3084 821 appendiciis
3129 748 3221 803 ‘9"
3262 748 3386 806 suis
3425 749 3606 821 possi-

1953 833 2112 905 deat,
2143 839 2357 893 etcum
2391 836 2678 894 fratribus
2710 835 2957 894 ecclesie
2986 841 3048 893 ut
3074 852 3177 908 pro
3217 851 3286 893 eo
3312 842 3480 894 orent
3502 836 3605 895 bu-

1955 921 2172 980 militer
2207 929 2430 981 exorat.
2466 926 2670 981 Grates
2703 939 2933 995 quoque
2960 929 3019 980 et
3058 925 3280 994 gratias
3326 924 3606 996 plurimas

1952 1009 2069 1066 Deo
2101 1014 2160 1067 et
2189 1012 2409 1070 sanctis
2430 1012 2556 1084 ejus
2588 1012 2728 1083 egit,
2756 1012 2909 1084 quod
2932 1012 3015 1069 sic
3055 1012 3148 1085 pie
3174 1012 3450 1082 castigari
3488 1026 3603 1070 me-

1952 1108 2093 1178 ruit,
2119 1123 2225 1167 nec
2249 1122 2381 1165 eum
2415 1114 2750 1169 sanctorum
2783 1111 2968 1184 pietas
2990 1110 3161 1167 morti
3185 1110 3444 1180 presenti
3486 1113 3602 1166 tra-

1954 1194 2190 1253 diderit.
2226 1199 2505 1255 Preterea
2538 1198 2651 1256 duo
2678 1198 2762 1255 illi
2792 1214 2899 1256 nec
2929 1198 3261 1256 nominandi
3294 1198 3495 1256 clerici
3526 1198 3602 1256 fa-

1952 1292 2699 1368 bricatoresmendatii,qui
2725 1297 3008 1353 adversus
3028 1295 3396 1353 innocentem
3418 1295 3602 1355 eccle-

1952 1382 2097 1439 siam
2118 1383 2284 1441 dolos
2300 1389 2415 1441 tam
2435 1384 2718 1441 nefandos
2742 1385 3226 1442 continuaverant
3251 1389 3311 1441 et
3326 1384 3598 1442 comitem

1951 1472 2021 1527 ad
2053 1472 2201 1528 hanc
2231 1473 2598 1544 iniquitatem
2634 1473 3000 1530 adduxerant
3029 1473 3141 1543 ‘0”,
3177 1476 3598 1531 tesaurizantes

1953 1558 2118 1630 iram,
2162 1560 2217 1616 in
2266 1561 2359 1617 die
2392 1561 2474 1618 ire
2507 1562 2648 1618 iram
2690 1561 2791 1618 Dei
2839 1565 2896 1618 et
2926 1566 3258 1619 sanctorum
3306 1560 3596 1623 horrende

1952 1648 2179 1720 experti
2203 1654 2361 1721 sunt,
2385 1653 2444 1707 et
2466 1651 2632 1707 ambo
2654 1650 2825 1708 simul
2845 1649 3149 1707 subitanea
3173 1653 3358 1708 morte
3382 1649 3594 1706 mortui

191 1731 408 1790 lectum
450 1735 588 1792 dare
628 1736 782 1792 solet
833 1737 1077 1794 auditui.
1110 1737 1300 1794 Tertia
1337 1738 1463 1795 vice
1512 1754 1643 1796 cum
1687 1738 1839 1796 idem
1869 1743 1924 1803 Β
1955 1742 2092 1793 sunt
2124 1779 2136 1793 .
2170 1779 2181 1794 .
2221 1780 2233 1794 .
2272 1780 2325 1795 ..
2361 1780 2373 1795 .

187 1824 391 1893 abbas,
421 1838 590 1895 quem
615 1818 954 1882 sollicitudo
976 1826 1158 1895 major
1179 1826 1521 1884 stimulabat
1542 1832 1598 1884 et
1623 1827 1846 1885 sollici-

2021 1825 2074 1882 4.
2110 1826 2384 1884 Dominus
2408 1827 2592 1886 castri
2623 1827 2694 1885 de
2717 1826 3109 1895 Merenberch,
3135 1825 3472 1884 Hardradus
3497 1841 3597 1885 no-

187 1911 649 1978 tabat,comitem
668 1913 1071 1985 interpellaret
1086 1918 1143 1969 et
1160 1914 1397 1971 multam
1416 1916 1642 1987 patiens
1656 1917 1861 1990 repul;
1955 1914 2124 1985 mine,
2143 1915 2389 1987 quodam
2411 1918 2678 1987 tempore
2692 1916 2763 1971 ab
2779 1915 3133 1972 adversariis
3153 1914 3276 1972 suis
3298 1915 3596 1986 impugna-

180 2015 303 2056 sam
327 1998 420 2033 ‘0”
441 2000 617 2057 nichil
646 2002 987 2073 proﬁceret:
1013 2018 1151 2061 ecce
1177 2009 1419 2076 repente
1441 2005 1495 2059 in
1516 2013 1840 2079 conspectu

166 2088 435 2145 omnium
459 2090 763 2147 manifeste
805 2091 1037 2163 dignam
1070 2107 1175 2164 pro
1220 2091 1447 2149 meritis
1488 2093 1630 2150 iram
1656 2096 1757 2152 Dei
1781 2103 1842 2153 et

179 2183 513 2234 sanctorum
538 2179 664 2249 ejus
684 2194 878 2236 comes
901 2185 1183 2252 expertus
1208 2187 1315 2251 est,
1343 2186 1404 2237 et
1426 2182 1578 2239 sicut
1615 2183 1839 2242 locusta

183 2265 475 2322 violenter
519 2280 593 2323 ex
633 2282 784 2339 equo
811 2284 1115 2340 excussus,
1167 2284 1298 2326 eum
1330 2285 1479 2340 equo
1509 2272 1743 2342 cecidit,
1780 2278 1837 2330 et

180 2354 346 2423 gravi
378 2353 644 2412 allisione
674 2357 940 2429 corporis
982 2357 1254 2429 adtritus,
1284 2364 1658 2431 premortuns
1684 2366 1742 2418 et
1766 2377 1836 2418 ex

183 2457 358 2500 sensu
385 2442 577 2502 factus
610 2446 775 2515 quasi
800 2460 996 2503 amens
1021 2446 1077 2502 in
1105 2451 1265 2502 terra
1301 2449 1831 2520 porreetusjacuit.

182 2532 429 2588 Tandem
464 2546 495 2588 a
548 2538 703 2590 terra
740 2533 963 2591 levatus
993 2528 1063 2591 et'
1100 2534 1246 2591 alias
1279 2534 1531 2599 delatus.
1584 2551 1713 2593 cum
1763 2539 1835 2594 ad

90 2676 93 2677 ν
185 2634 248 2675 se
283 2619 554 2691 redisset,
588 2621 922 2692 intelligens
945 2622 1150 2695 plagas
1176 2637 1319 2693 quas
1343 2623 1495 2681 circa
1526 2638 1655 2680 eum
1687 2626 1835 2683 Deus

182 2712 238 2765 et
274 2709 460 2765 sancti
489 2709 616 2779 ejus
653 2725 790 2767 ecce
826 2710 942 2780 jam
976 2711 1160 2767 tercio
1198 2713 1475 2783 fecerant,
1518 2712 1730 2769 timens
1763 2729 1832 2773 ne

188 2798 384 2870 pejora
433 2799 732 2869 prioribus
780 2803 1105 2871 pateretur,
1156 2799 1471 2857 amicorum
1512 2816 1745 2875 quoque
1773 2808 1833 2859 et

186 2884 469 2943 nobilium
494 2885 702 2943 blanda
723 2887 1132 2943 ammonitione
1157 2888 1525 2959 ammonitus,
1547 2894 1833 2961 protesta-

186 2982 284 3029 tus
305 2978 394 3030 est
425 2973 661 3045 publi3e
711 2988 905 3032 coram
937 2975 1148 3032 abbate
1198 2980 1254 3031 et
1288 2974 1420 3033 aliis
1451 2991 1619 3046 quam
1655 2976 1832 3050 pluri-

1953 2003 2210 2073 batur,et
2234 2003 2554 2060 adversarii
2577 2005 2705 2076 ejus
2719 2004 3175 2076 circumquaque
3191 2003 3593 2060 discurrentes
3682 2008 3686 2013 ’

1949 2096 2163 2148 cuncta
2194 2107 2303 2163 que
2336 2091 2594 2162 suijuris
2615 2097 2780 2148 erant
2807 2095 2978 2164 prout
3003 2096 3275 2164 poterant
3296 2092 3513 2163 rapinis
3533 2096 3596 2148 et

1950 2187 2236 2244 incendiis
2264 2187 2667 2245 devastabant.
2702 2190 3001 2245 Venerunt
3029 2201 3168 2259 ergo
3202 2187 3269 2243 ad
3304 2187 3590 2258 quandam

1948 2283 2143 2342 villam
2177 2298 2288 2356 que
2308 2284 2556 2342 Duorlar
2578 2284 2794 2341 dicitur
2825 2298 2936 2341 non
2960 2283 3128 2354 longe
3152 2298 3182 2340 a
3210 2282 3476 2355 predicto
3499 2298 3592 2341 ca-

1948 2376 2073 2430 stro
2125 2374 2395 2445 positam,
2431 2374 2578 2430 etad
2613 2373 2858 2431 eundem
2908 2372 3271 2429 Hardradum
3295 2371 3589 2430 dominum

1946 2461 2124 2518 castri
2154 2461 2559 2533 pertinentem,
2596 2461 2797 2518 eadem
2822 2459 3033 2517 facturi
3072 2475 3182 2532 que
3206 2460 3262 2515 in
3280 2460 3410 2518 aliis
3442 2461 3588 2518 locis

1947 2550 2253 2607 faciebant.
2282 2552 2417 2608 Erat
2446 2555 2637 2608 autem
2664 2552 2720 2607 in
2743 2549 2945 2606 eadem
2968 2549 3105 2605 villa
3128 2550 3312 2606 curtis
3343 2550 3586 2621 quedam

1943 2645 2002 2693 et
2020 2638 2288 2696 horreum
2315 2641 2603 2696 frumento
2625 2640 2879 2711 plenum,
2897 2638 3209 2695 collectum
3237 2644 3294 2694 et
3315 2652 3590 2709 aggrega‘

1941 2738 2065 2790 tum
2093 2735 2165 2792 de
2186 2734 2431 2808 quadam
2473 2736 2677 2794 arabili
2709 2741 2890 2809 terra,
2927 2751 3096 2809 quam
3129 2736 3326 2793 senior
3348 2736 3587 2792 llardra-

1944 2823 2072 2895 dus,
2105 2840 2249 2884 avus
2278 2826 2554 2884 videlicet
2586 2827 3027 2898 istiusjunioris
3082 2825 3387 2896 Hardradi,
3416 2826 3585 2882 beato

1941 2911 2151 2970 Mathie
2182 2915 2452 2986 apostolo
2485 2916 2539 2971 in
2578 2916 2951 2972 elemosinam
2977 2930 3081 2986 pro
3117 2915 3373 2971 remedio
3398 2914 3585 2969 anime

1943 3014 2047 3057 sue
2078 2999 2396 3072 legaverat,
2424 3017 2592 3074 quam
2618 3003 2673 3058 in
2705 3003 2908 3060 eadem
2930 3002 3068 3059 villa
3091 3001 3332 3059 colonus
3353 3000 3582 3072 quidam

186 3060 661 3133 mis‘°‘°,injuste
678 3062 1036 3121 rcsecclesie
1060 3078 1346 3136 usurpare
1366 3063 1475 3120 sibi
1490 3064 1746 3123 voluisse
1773 3079 1831 3123 et
1863 3101 1910 3163 Ο
1942 3060 2287 3148 ιυάονςῖίοηε
2320 3060 2549 3147 ηάηίίίηθ
2580 3098 2859 3149 “renum,
2907 3090 3216 3148 excolebat
3247 3093 3301 3145 οι
3347 3060 3583 3147 έθηεωη

185 3149 361 3206 nichil
384 3150 535 3222 juris
564 3152 621 3208 in
660 3153 836 3209 rebus
869 3150 1118 3210 ecclesie
1149 3166 1211 3209 se
1257 3152 1472 3210 habere
1501 3154 1824 3225 confessus,

183 3236 251 3293 sd
283 3238 651 3310 iniquitatem
677 3241 1143 3312 prosequendam
1166 3241 1498 3312 periculose
1527 3241 1827 3301 inductum

184 3326 385 3384 fuisse.
412 3328 529 3384 Hec
553 3328 802 3385 mutacio
827 3328 1069 3385 dextere
1096 3329 1347 3400 Excelsi,
1375 3330 1471 3402 qui
1495 3330 1829 3387 dominatur

182 3415 460 3485 potestati
481 3414 786 3488 ‘°“maris,
806 3422 1020 3475 motum
1036 3422 1229 3475 autem
1249 3418 1528 3476 ﬂuctuum
1549 3419 1674 3490 ejus
1699 3419 1823 3489 (Ps.

180 3515 450 3576 Lxxxvm,
506 3508 592 3578 10)
622 3520 727 3579 pro
758 3507 1064 3564 voluntate
1096 3520 1200 3565 sua
1250 3512 1307 3562 et
1333 3506 1616 3580 qualitate
1645 3508 1828 3565 homi-

1940 3192 2191 3236 annuum
2225 3179 2295 3236 de
2317 3178 2515 3236 eadem
2549 3179 2868 3253 elemosina
2899 3178 3149 3237 ecclesie
3187 3179 3341 3235 beati
3373 3176 3584 3234 Mathie

1937 3276 2222 3333 solvebat.
2255 3277 2439 3348 Igitur
2467 3276 2666 3335 hostes
2694 3280 2754 3333 et
2775 3276 3096 3334 adversarii
3124 3276 3366 3333 eandem
3388 3274 3582 3333 villam

1938 3374 2212 3446 ingressi,
2247 3379 2530 3448 ceperunt
2560 3374 2770 3445 predas
2801 3388 2993 3445 agere,
3038 3373 3228 3444 ignem
3265 3373 3478 3433 inicere
3524 3377 3581 3431 et

1940 3463 2131 3520 villam
2165 3477 2431 3522 exurere.
2469 3503 2522 3518 ..
2562 3504 2573 3516 .
2607 3504 2619 3517 .

1540 3606 1776 3663 VARLE
1817 3605 2110 3661 LECTION
2115 3605 2215 3661 ES.

248 3697 378 3774 ξοδδ-ε
404 3718 416 3754 :
447 3718 458 3753 :
488 3718 499 3754 :
525 3720 537 3755 :
561 3707 730 3770 gntes
760 3717 806 3759 c.
912 3702 1005 3736 ⁴⁰³⁹
1033 3701 1212 3758 multa
1255 3719 1289 3774 p
1346 3716 1611 3774 repusam
1645 3716 1698 3759 ο.

174 3768 267 3802 ⁴⁰⁶³
288 3768 611 3828 aduxerant
642 3787 689 3830 c.

1808 3702 1901 3735 ⁴⁰⁶⁰
1925 3703 2110 3776 pluris
2139 3722 2149 3757 :
2178 3718 2191 3757 :
2217 3723 2229 3758 :
2259 3718 2270 3755 :
2296 3722 2309 3759 :
2331 3717 2377 3761 ο.
2462 3701 2551 3735 ⁴⁰⁴¹
2586 3700 2897 3773 pote-Stans
2925 3714 2972 3760 ο·

3087 3700 3180 3734 ⁴⁰⁴²
3203 3700 3500 3774 appeneiis
3532 3716 3579 3760 c.

779 3968 1153 4060 GESTA
1273 3940 1942 4058 ALBERONIS
2074 3966 2986 4058 ARCHIEPISCOPI

248 4125 395 4200 Cum
426 4127 1007 4200 archiepiscoporum
1042 4128 1489 4186 Treoerensium
1513 4126 1782 4200 ΔΙιὶειονὶα
1821 4127 2130 4200 Gestorum
2159 4125 2607 4200 continuatione
2633 4139 2822 4200 usque
2849 4126 2932 4200 ad
2956 4124 3331 4200 Meyinlierri
3359 4125 3584 4184 obitum

177 4197 474 4271 descripta
495 4197 662 4270 esset,
692 4197 1006 4257 Alberonis
1024 4202 1146 4258 viri
1168 4200 1454 4267 illustris,
1472 4198 1668 4271 fortis
1699 4200 1878 4270 atque
1906 4198 2202 4271 ingeniosi
2235 4197 2497 4270 tempora
2514 4197 2896 4271 secuta—sunt,
2922 4211 3055 4271 qua
3077 4198 3381 4271 ecclesiam
3403 4211 3583 4271 penus

171 4269 275 4325 ria
316 4268 655 4340 depressam
686 4285 840 4328 uoca
868 4271 1073 4341 gloria
1110 4268 1485 4339 extulerunt,
1508 4271 1568 4326 et
1594 4268 2045 4326 Treoerensibus
2077 4268 2428 4341 magnas'in
2454 4270 2630 4327 rebus
2657 4269 2923 4341 publicis
2955 4269 3198 4341 imperii
3233 4268 3584 4341 Germanici

165 4338 449 4410 gerendis
475 4342 684 4412 partes
721 4338 1115 4399 contulerunt.
1156 4343 1296 4400 Ideo
1333 4342 1555 4397 mirum
1582 4354 1706 4398 esse
1733 4341 1961 4412 nequit,
2005 4340 2163 4409 quod
2177 4338 2389 4412 plures
2417 4356 2484 4397 in
2515 4343 2645 4411 ejus
2658 4338 3159 4412 ﬁlaude‘canenda
3183 4339 3241 4395 et
3266 4338 3583 4396 scribenda

172 4409 396 4496 cer-sati
416 4409 579 4496 sunt,
604 4414 761 4496 alter
779 4414 1197 4496 episcopo'nisi
1211 4412 1415 4486 fallor
1433 4412 1582 4496 sieo,
1609 4413 1767 4496 alter
1785 4409 2159 4496 illinc
2174 4409 2485 4496 Alberonis
2505 4409 2835 4496 successore
2854 4409 3022 4496 (621).
3049 4411 3296 4496 erimus
3317 4412 3582 4496 carmine

176 4483 520 4557 beaametro
557 4481 1015 4557 archiepiscopi,
1042 4481 1235 4541 Vitam
1274 4497 1474 4557 usque
1489 4482 1571 4557 ad
1601 4484 1664 4536 A.
1700 4485 1755 4538 C.
1799 4486 1928 4537 1145
1969 4482 2306 4557 descripsit,
2341 4495 2479 4557 mpm
2508 4483 2812 4557 strictius,
2852 4495 2991 4537 mea:
3022 4481 3264 4557 uberius
3305 4481 3373 4557 de
3405 4481 3581 4557 rebus

172 4552 432 4624 publicis
463 4555 521 4610 et
542 4552 964 4613 ecclesiasticis
994 4556 1243 4624 locutus,
1276 4552 1382 4611 sed
1408 4552 1628 4624 ubique
1654 4567 1848 4608 eorum

178 4623 614 4698 be__2bjee_erensi
652 4628 873 4684 risisse
899 4628 957 4682 et
995 4623 1284 4698 pleraque
1312 4625 1443 4682 suis
1463 4623 1658 4698 oculis
1707 4626 1848 4698 auri

1854 4570 1908 4677 ἦ

1913 4566 2004 4609 ua
2028 4552 2344 4609 narranda
2368 4553 2545 4626 duxit
2577 4553 2715 4610 bene
2737 4566 2993 4626 gnarus,
3019 4553 3238 4626 quippe
3262 4553 3369 4623 qui
3392 4552 3581 4626 inur-

1928 4637 2028 4681 sce
2066 4625 2403 4693 percepisse
2429 4622 2753 4681 eideatur.’
2778 4625 2985 4681 Etiam
3010 4622 3581 4693 chartas’quasdam

176 4693 461 4779 adbibuit
486 4697 639 4779 $62.2)
673 4697 971 4778 totamque
995 4693 1407 4779 narra—tionem
1436 4695 1931 4779 Gestisantiq‘uis
1952 4696 2132 4779 quasi
2163 4693 2332 4778 breve
2359 4696 2826 4779 supplementum
2854 4693 3102 4779 addidit
3129 4695 3277 4779 (6273),

246 4767 450 4823 Altius
468 4763 560 4823 Ba
569 4763 825 4826 ldericus
840 4763 965 4824 rem
986 4781 1300 4840 aggressus
1320 4767 1423 4835 est,
1448 4779 1577 4823 cum
1598 4763 1837 4836 aliquot
1847 4763 1979 4836 post
1998 4764 2305 4823 Alberonis
2324 4763 2568 4824 mortem
2587 4767 2765 4823 annis
2777 4767 2962 4837 hujus
2999 4763 3189 4822 Vitam
3208 4763 3582 4821 narrandam

176 4839 682 4920 susciperetzlpse
699 4838 838 4920 tunc
856 4842 1144 4920 magister
1166 4838 1300 4916 erat
1309 4837 1666 4920 scholarum,
1682 4837 1756 4920 ab
1776 4838 1961 4920 ipso}
1973 4835 2203 4917 lberone
2218 4849 2273 4893 a.
2297 4840 2435 4920 114]
2456 4839 2522 4895 in
2534 4839 2646 4920 bac
2672 4850 2888 4920 manus
2904 4837 3194 4894 avocatus.
3206 4834 3580 4920 VNatyus'enim

178 4908 247 5005 Ξίι.
254 4904 1155 5005 ἔέἒξίδὶἒῖίῖίίέῗπξιίλέἔέζίιὲἔθΐ
1162 4909 1375 5005 Ῡέίῖἒὶίλ
1392 4904 2259 5005 ﬂiifl’ffl’fQ—Ziﬁi335?wa
2267 4908 2661 5005 ειέξξείίῗίἶφῖ·
2684 4910 2864 5005 9ΫὲῩὲ
2872 4921 3182 5005 9%..1399
3187 4904 3578 5005 ἔξζλέἔίίὲίξῖῖλ

171 4979 457 5050 profecto,
480 4979 547 5036 in
576 4978 720 5037 urbe
747 4975 1090 5038 Parisiensi
1115 5000 1138 5032 ο
1158 4975 1373 5037 causas
1395 4975 1682 5034 dicentem
1705 4975 1918 5056 elscepe
1937 4979 2205 5050 apposite
2219 4975 2657 5049 perorantem»,
2680 4981 2753 5036 ut
2768 4981 2896 5050 ipse
2913 4975 3157 5046 narrat,
3174 4975 3386 5034 Albero
3404 4975 3579 5057 audi-

174 5051 375 5120 visset,
398 5064 594 5108 secum
620 5050 919 5107 Treeerim
939 5050 1219 5119 adduxit,
1245 5049 1304 5106 et
1317 5049 1530 5121 scitote:
1549 5050 1805 5107 ecclesia
1822 5054 1889 5107 δ’.
1914 5051 2086 5107 Petri
2101 5051 2375 5121 prafecit
2403 5052 2576 5119 (624).
2597 5050 2748 5106 Inde
2768 5050 2842 5107 ab
2864 5050 2987 5121 hoc
3001 5050 3254 5121 tempore
3281 5046 3578 5121 archiepi-

174 5063 375 5120 cisset,
398 5064 594 5108 sec-um
620 5063 919 5107 1'reoerim
939 5063 1219 5119 uadum,
1245 5063 1304 5106 er
1317 5063 1530 5107 scaeua
1549 5063 1805 5107 ecclesiae
1822 5063 1889 5107 δ’.
1914 5063 2086 5107 rem
2101 5063 2375 5121 profecit
2403 5063 2576 5119 (624).
2597 5063 2748 5106 mae
2768 5063 2842 5107 ac
2864 5063 2970 5106 acc
3001 5063 3254 5118 tempore
3281 5063 3576 5117 arcazepz-

174 5133 341 5202 scopo
344 5121 486 5193 fam
494 5121 839 5202 iliarisfuit
856 5136 1103 5202 eumque
1122 5125 1189 5180 in
1206 5119 2304 5202 itineribus.nonnunquapi'comitatus
2324 5121 2411 5176 est
2432 5123 2603 5202 (6.25),
2617 5121 2711 5178 ita
2725 5121 2905 5202 utres
2922 5119 2996 5177 ab
3025 5119 3133 5176 illo
3158 5118 3364 5201 postea
3371 5118 3576 5190 gestas

176 5190 314 5276 bene
326 5190 667 5276 perspectas
688 5190 950 5276 haberet,
963 5190 1028 5276 sit
1038 5195 1161 5276 tam
1172 5192 1317 5276 peri
1324 5193 1468 5276 latis
1482 5191 1681 5276 studio
1693 5190 1875 5276 qualn
1884 5190 2205 5276 galberoni's.
2215 5205 2415 5276 arnore
2423 5193 2495 5248 ut
2504 5206 2604 5276 eas
2620 5190 3290 5276 posterorumgnegnoria
3299 5202 3575 5276 commcn-

180 5260 351 5321 darei
368 5260 576 5321 induci
576 5266 797 5334 posset.
837 5260 1005 5325 Viuit
1018 5263 1295 5340 pluribus
1314 5264 1496 5324 annis
1508 5260 1763 5336 postsub
1781 5263 2021 5320 Hillino
2034 5261 2494 5335 archiepiscopo,
2520 5264 2593 5333 et,
2608 5260 2701 5320 cel
2715 5264 2911 5335 ipsius
2923 5261 3018 5319 vel
3037 5262 3298 5320 aliorum
3317 5260 3568 5329 chartis,

1748 5350 1949 5408 NOTIE
1964 5392 1977 5406 .

247 5451 398 5523 (621)
433 5453 495 5511 ν.
530 5450 692 5510 Bald.
723 5465 773 5509 c.
811 5454 873 5510 H

247 5522 401 5594 (622)
434 5540 486 5582 v.
527 5522 645 5595 12o,
680 5524 804 5595 ise,
839 5526 961 5582 158.

254 5592 403 5665 (623)
434 5595 573 5663 Quae
596 5592 746 5653 enim
771 5607 946 5667 supra
971 5592 1125 5651 dicta
1150 5605 1281 5651 esse
1303 5595 1495 5676 monet
1530 5605 1583 5649 v.
1626 5592 1710 5660 19.
1734 5594 1821 5660 82,
1898 5656 1905 5660 ,

1925 5449 1981 5506 in
2006 5446 2201 5526 gestis
2223 5448 2605 5526 continuatis,
2630 5463 2741 5507 non
2767 5448 2823 5506 in
2846 5447 2972 5526 ipso
2994 5449 3249 5505 carmine
3270 5445 3548 5518 leguntur

1997 5518 2147 5661 ξσριζ
2173 5533 2226 5577 c.
2258 5522 2359 5578 22.

2021 5594 2124 5646 625
2180 5603 2229 5646 c.
2262 5592 2350 5647 26.

2021 5592 2147 5661 626)
2180 5603 2229 5646 c.
2262 5592 2350 5647 26.
2369 5676 2373 5681 _
