3958 6046
198 229 351 294 1301

198 366 377 427 Ortus
404 367 530 424 erat
563 362 781 423 celebri
815 364 905 420 vir
936 364 1005 421 de
1038 363 1275 435 regione
1312 359 1596 430 Metensi;

197 459 341 516 Post
366 460 425 514 et
458 456 515 513 in
547 453 795 513 ecclesia
826 468 973 527 puer
993 458 1084 511 est
1113 453 1376 511 nutritus
1401 453 1456 508 in
1492 451 1591 508 illa

200 549 381 619 Inque
411 546 713 603 iuventute
735 558 839 617 per
867 545 1029 615 regni
1062 543 1295 600 climata
1329 542 1448 599 late

199 635 442 693 Claruit.
475 636 543 691 Et
574 635 771 690 Romze
797 634 913 706 jam
946 638 1086 690 tunc
1114 632 1361 689 diffusus
1387 631 1601 702 ubique

202 726 383 781 Error
415 738 658 794 magnus
685 727 832 793 erat,
867 721 999 794 quia
1024 736 1229 793 papam
1263 736 1427 777 cesar
1457 720 1706 776 habebat

203 813 430 871 Fraude
459 812 595 868 dolo
626 811 981 884 captum,sic
1006 811 1335 882 juramenta
1363 813 1654 879 eoactum,

204 904 279 957 Ut
310 915 621 972 numquam
642 915 773 956 sese
807 898 1095 967 banniret,
1116 898 1312 969 iniqua
1344 897 1600 955 dedisse.

202 989 315 1049 Sed
348 989 514 1047 fedus
544 994 797 1061 ruptum,
834 988 1182 1059 cogentibus
1219 986 1602 1045 ecclesiarum

204 1077 825 1151 Principibus,grande
854 1077 992 1135 belli
1025 1076 1410 1134 succenderat
1442 1076 1652 1145 ignem.

204 1169 441 1240 Paxque
471 1171 679 1237 negata
714 1166 880 1223 bonis
910 1166 1015 1223 fuit
1047 1166 1315 1222 omnibus
1341 1164 1708 1234 ecclesianis,

204 1257 485 1315 Ecclesiae
512 1257 632 1313 nati
666 1257 895 1313 fuerant
927 1255 1024 1326 qui
1049 1255 1131 1311 sic
1162 1255 1438 1321 vocitati;

206 1347 460 1404 Cedibus
490 1360 556 1402 ac
590 1345 787 1417 prodis
819 1344 1059 1401 intentis
1090 1343 1496 1415 Heinr-iciadis,

207 1436 301 1494 Sic
334 1432 646 1508 appellatis
684 1434 935 1492 lleinriei
966 1433 1194 1489 nomine
1224 1432 1403 1502 regis.

207 1526 323 1581 Hec
342 1524 458 1594 jam
483 1523 553 1580 de
577 1528 742 1596 parte
767 1522 1012 1594 quadam
1039 1522 1492 1594 perstrinximus
1516 1524 1651 1576 ante
1673 1518 1850 1591 (640).

207 1614 402 1681 Quare
434 1628 545 1669 non
579 1626 707 1670 esse
740 1612 924 1683 liquet
953 1612 1061 1667 hec
1091 1611 1377 1682 replicare
1407 1622 1674 1669 necesse.

205 1703 362 1759 Tunc
395 1702 463 1758 de
498 1717 614 1773 quo
645 1700 944 1771 loquimur
970 1700 1134 1757 velut
1164 1699 1561 1771 insuperabile
1593 1698 1776 1754 robur

210 1792 481 1847 Creverat
508 1789 744 1860 Albero,
778 1789 1052 1861 cepitque
1084 1792 1387 1860 patescere
1414 1788 1606 1853 clero;

212 1878 466 1935 Primum
507 1878 843 1948 cesariams,
870 1882 1002 1948 post
1034 1876 1403 1946 magnatibus
1433 1876 1575 1947 ipsis

209 1967 488 2038 innotuit,
524 1968 734 2023 crebro
761 1966 1054 2023 contraria
1089 1965 1266 2021 multa
1295 1965 1572 2035 gerendo.

208 2059 323 2113 Nec
354 2071 468 2112 non
500 2055 833 2127 pontificem
864 2054 1100 2127 propria
1132 2054 1203 2111 de
1227 2053 1366 2111 sede
1389 2055 1697 2111 Metensem

209 2145 658 2215 Adelberonem,
694 2159 805 2200 non
837 2158 984 2215 equa
1015 2143 1126 2199 sibi
1156 2143 1500 2215 sapientem,

212 2233 529 2304 Ofﬁcioque
555 2248 658 2289 suo
690 2233 941 2304 fecitque
969 2247 1171 2289 carere
1213 2231 1544 2303 sepulchro.

211 2323 314 2379 Cui
350 2336 754 2379 successorem
788 2325 1055 2377 sanctum
1087 2321 1273 2393 primo
1306 2321 1688 2389 Theogerum,

213 2413 355 2469 llinc
388 2412 741 2483 Stephanum
769 2411 914 2480 fieri,
947 2414 1144 2482 Spreto
1186 2410 1332 2466 satis
1363 2407 1648 2481 imperiali
1696 2436 1709 2447 -

211 2500 477 2558 Obtinuit
508 2500 658 2570 jure.
695 2500 816 2566 Qua
844 2514 1016 2556 causa
1052 2512 1188 2569 rege
1222 2500 1472 2567 furente,

211 2588 542 2646 Mandatum
575 2588 775 2645 multis
801 2588 928 2659 ejus
957 2588 1026 2644 de
1053 2589 1252 2644 funere
1282 2586 1514 2652 mortis;

213 2678 379 2745 Quod
414 2676 616 2734 multis
642 2680 873 2747 gratum
907 2677 1035 2747 fuit,
1071 2680 1130 2731 et
1163 2675 1308 2732 satis
1332 2674 1669 2731 insidiatum

217 2770 456 2824 Romam
488 2766 761 2839 pergenti
792 2781 893 2822 seu
920 2780 1022 2838 per
1055 2778 1294 2835 regnum
1324 2764 1641 2835 gradienti.

214 2856 411 2913 Evasit
449 2870 592 2911 vero
625 2855 831 2911 mortis
860 2855 1049 2911 vicina
1086 2854 1316 2911 crebro.

214 2946 363 3016 Sepe
397 2958 501 3015 per
533 2943 777 3000 infestos
799 2942 983 3000 veluti
1007 2942 1351 3015 paraliticus
1378 2942 1603 3011 hostes,

218 3033 536 3105 [inpositus
570 3047 761 3102 carro,
789 3031 992 3102 juneto
1024 3035 1362 3103 protractus
1393 3029 1595 3099 asello,

212 3121 469 3178 Transiit
501 3121 771 3191 inmunis,
809 3121 920 3176 sibi
950 3121 1203 3191 preduce
1233 3133 1486 3191 paupere
1525 3117 1749 3189 quovis.

212 3209 351 3266 Nam
382 3214 775 3266 commentato
818 3208 996 3265 facies
1027 3207 1390 3280 superoblita
1424 3208 1554 3263 fuco

221 3300 382 3356 Hunc
411 3298 840 3364 abscondebat;
866 3311 1081 3368 agapes
1113 3310 1344 3367 quoque
1377 3294 1735 3367 suscipiebat

212 3387 450 3444 illorum
476 3387 574 3458 qui
608 3402 670 3443 se
704 3384 1456 3456 meditabanturjugulare.

209 3477 305 3533 Sic
336 3478 595 3547 Romam,
633 3476 713 3533 sic
746 3477 866 3531 ibat
901 3491 971 3532 eo
1002 3489 1369 3546 quocumque
1400 3473 1659 3530 volebat.

209 3566 275 3622 Et
306 3570 792 3638 contempnentes
818 3579 981 3637 papae
1011 3564 1250 3620 decreta
1282 3564 1567 3619 Metenses

207 3654 425 3710 Taliter
456 3655 725 3724 angebat,
764 3654 926 3724 quod
962 3652 1156 3707 nullus
1187 3665 1290 3707 eos
1328 3651 1612 3729 sepelibat

215 3743 548 3805 Defunctos.
585 3742 771 3798 donec
805 3756 866 3796 se
890 3740 1058 3811 plebs
1089 3753 1297 3795 vesana
1340 3739 1599 3796 novisset

213 3832 484 3887 Romana;
513 3829 634 3886 sedi
669 3844 979 3899 numquam
1013 3827 1234 3884 debere
1258 3827 1453 3882 reniti.

288 3918 392 3974 Hic
426 3917 605 3989 igitur
633 3918 826 3974 nactis
855 3915 1226 3973 Trevirorum
1256 3915 1636 3987 pontificatus

217 4006 422 4065 Sedem
471 4008 641 4077 (641),
672 4006 787 4077 jam
840 4005 1059 4061 dictum
1111 4004 1466 4076 Stephanum
1519 4018 1670 4061 nunc
1730 4007 1864 4060 ante

1453 4092 1807 4164 [Metensem,

218 4184 511 4240 Hactenus
539 4183 848 4239 adversum
876 4181 1070 4238 tribus
1099 4180 1189 4237 bis
1235 4180 1705 4252 metropolitanis

217 4272 463 4341 Nostris,
500 4271 774 4340 Br"noni,
812 4269 1125 4325 Godefridu
1156 4268 1248 4325 vel
1297 4269 1648 4340 Meginhero,

218 4363 387 4416 Forte
419 4360 815 4428 resistentem,
851 4358 964 4413 sibi
999 4373 1106 4413 nec
1138 4371 1347 4429 parere
1378 4357 1690 4427 volentem,

216 4449 285 4503 L’t
320 4447 504 4504 voluit
536 4446 768 4503 tandem
800 4461 1004 4517 parere
1036 4445 1229 4515 coegit
1259 4446 1533 4501 eundem.

118 4607 125 4613 ι
217 4538 465 4608 Ceperat
495 4536 627 4592 inde
660 4535 744 4591 rei
780 4535 1031 4606 preprize
1058 4535 1142 4591 sic
1166 4534 1491 4604 consiliari,

222 4626 416 4680 Banno
448 4625 753 4679 refrenans
784 4639 814 4679 a
851 4623 1047 4695 predis
1066 4623 1519 4695 eompatriotas;

218 4713 288 4769 Et
319 4727 421 4783 per
444 4711 804 4783 episcopium
838 4713 1084 4767 tendens
1115 4712 1270 4767 acies
1300 4712 1625 4780 oculorum,

221 4798 765 4926 Un‘diquesgorrasit
795 4798 906 4854 sibi
950 4799 1104 4869 quod
1133 4814 1293 4855 mens
1321 4799 1463 4856 utile
1500 4800 1707 4857 suasit.

337 4884 434 4926 crs
546 4911 559 4925 .

337 4884 434 4927 6P8
464 4884 559 4926 55.

775 228 1041 294 GESTA
1064 226 1418 291 TREVER.
1454 261 1531 274 -
1557 225 1917 291 APPEND.
1963 224 2234 291 GESTA
2262 228 2732 295 ALBERONIS
2782 230 3026 296 ARCH.

1877 360 1933 422 A
1962 365 2029 420 Et
2062 378 2169 420 nec
2200 365 2461 422 cenobiis
2492 366 2747 438 propriis
2776 368 2885 425 hac
2926 372 3095 441 parte
3127 327 3420 443 pepercit;

3455 232 3607 297 1302

1961 454 2029 509 Et
2064 454 2252 519 minus
2280 455 2551 511 Eucherii
2584 455 2741 514 dicto
2774 456 2845 515 de
2876 458 3103 515 nomine
3137 458 3374 529 Christi,

1961 541 2124 608 Quod
2156 543 2327 599 nimis
2357 544 2585 600 attrivit
2617 545 2854 602 nimium
2904 547 3259 618 nimiumque
3306 549 3598 618 gravavit.

1960 631 2100 687 Hinc
2134 631 2203 687 ad
2236 632 2544 688 cenobium
2576 633 2864 690 Maximini
2889 636 3270 708 repetendum

1960 719 2275 777 lntcndens
2304 721 2576 793 animum,
2611 737 2947 793 magnarum
2981 725 3235 796 pondera
3272 739 3463 781 rerum

1964 809 2334 881 Aggreditur,
2367 815 2426 866 et
2454 811 2608 881 regis
2639 811 2709 867 ad
2743 813 2965 868 Italiam
3002 814 3369 886 properantis

1965 898 2176 953 Lotarii
2210 898 2531 957 comitatur
2563 899 2695 970 iter,
2735 905 3036 973 totumque
3071 918 3173 974 per
3195 918 3403 960 annum

1962 985 2133 1043 Illius
2166 987 2515 1059 obsequium
2550 1003 2862 1060 numquam
2896 991 3163 1048 defessus
3195 992 3399 1061 agebat
3436 992 3603 1065 (642).

1961 1076 2093 1131 Tam
2128 1090 2291 1147 papae
2326 1091 2497 1147 quam
2526 1078 2782 1148 regisibi
2806 1078 2869 1134 fit
2900 1094 3074 1136 carus
3104 1080 3333 1147 honori,

1966 1163 2390 1237 Cisalpinarum
2425 1166 2656 1235 legatus
2687 1171 2744 1223 et
2775 1167 3157 1225 ecclesiarum

1965 1253 2244 1324 Effleitur,
2278 1254 2592 1325 redituque
2622 1270 2731 1312 suo
2762 1271 2977 1328 corpus
3006 1257 3328 1327 Megenheri

1966 1340 2262 1407 Quondam
2296 1343 2592 1415 pontificis
2614 1349 2671 1400 et
2699 1344 3031 1402 decessoris
3062 1347 3271 1402 abinde

1964 1431 2306 1502 Transtulit,
2343 1431 2515 1504 inque
2549 1434 2718 1491 domo
2751 1434 2937 1490 sancti
2971 1436 3131 1491 Petri
3161 1435 3489 1493 tumulavit.

2038 1521 2162 1575 Mox
2202 1520 2440 1577 nimium
2474 1522 2635 1578 durze
2675 1524 2926 1581 subeunt
2959 1522 3292 1579 discrimina
3323 1538 3499 1582 cura).

1969 1608 2191 1681 Quippe
2224 1624 2392 1667 suum
2422 1615 2682 1668 castrum
2717 1612 2872 1683 quod
2924 1613 3152 1668 nomine
3204 1613 3421 1669 dicitur
3475 1616 3612 1669 Ara-

3222 1699 3350 1740 rum
3385 1685 3555 1757 (643),

1968 1770 2109 1826 Dum
2142 1770 2330 1825 fuerat
2364 1784 2625 1842 peregre,
2670 1785 2979 1843 pervasum
3031 1771 3233 1828 fraude
3278 1770 3610 1838 latronum;

1968 1859 2120 1914 Mors
2152 1873 2381 1929 quoque
2412 1859 2624 1915 Lotarii
2656 1859 2801 1930 (644)
2837 1859 2994 1929 regis
3023 1860 3233 1917 diffusa
3269 1875 3371 1931 per
3400 1861 3602 1917 urbes.

1968 1947 2068 2002 His
2098 1951 2531 2017 consternatus,
2561 1947 2775 2004 tacitus
2804 1948 3106 2019 paulisper
3124 1949 3364 2017 agebat;

1969 2035 2079 2090 Sed
2111 2036 2477 2092 confortatus
2505 2035 2756 2093 animum
2782 2035 3040 2107 virisque
3071 2036 3365 2106 trahebat,

1969 2123 2355 2194 Milieiamque
2387 2137 2547 2180 suam
2581 2125 2859 2196 populum
2892 2125 3052 2180 cives
3070 2125 3436 2182 Trevirorum

1973 2213 2261 2281 Aggregat
2292 2211 2346 2267 in
2378 2216 2661 2282 castrum,
2693 2212 3085 2269 circumdedit
3114 2213 3443 2283 obsidione,

1973 2302 2112 2356 Post
2135 2315 2470 2371 paucosque
2499 2300 2642 2371 dies,
2669 2302 2770 2358 sed
2796 2316 2910 2358 non
2935 2303 3062 2357 sine
3094 2302 3394 2373 sanguine,
3416 2306 3613 2374 cepit;

1972 2390 2038 2444 Et
2072 2388 2180 2446 sibi
2221 2389 2474 2445 vicinum
2506 2391 2824 2446 Nanterum
2858 2390 3006 2460 (645)
3040 2390 3269 2446 nomine
3300 2390 3542 2447 clarum.

1972 2478 2248 2533 Preterea
2281 2477 2475 2534 missis
2503 2478 2594 2533 hic
2622 2478 3080 2549 circumquaque
3112 2478 3423 2548 ministris,

1973 2565 2286 2622 Pontifices
2316 2570 2375 2620 et
2407 2566 2691 2637 primores
2721 2565 2960 2636 collegit
2992 2567 3048 2622 in
3083 2581 3256 2623 unum
3298 2566 3449 2639 (646)

1974 2654 2099 2719 Quo
2133 2653 2256 2710 fluit
2281 2653 2336 2708 in
2360 2655 2577 2710 Renum
2608 2654 2840 2711 Mosella
2875 2655 3055 2712 decus
3075 2655 3402 2726 fluviorum,

1973 2746 2043 2799 Et
2075 2757 2243 2813 quem
2275 2742 2501 2813 predixi
2534 2741 2682 2814 (647)
2708 2743 3076 2800 Counradum
3103 2743 3331 2799 nomine
3355 2758 3548 2813 regem

1974 2830 2408 2901 Constituitque
2432 2832 2555 2887 suis
2587 2831 2740 2888 hunc
2764 2832 2943 2888 rebus
2976 2830 3384 2887 bonorificavit

1974 2922 2043 2976 Et
2072 2923 2342 2992 sumptu;
2376 2934 2508 2976 mox
2533 2920 2686 2977 hunc
2717 2920 2787 2976 ad
2807 2921 2989 2991 Aquis
3008 2924 3269 2977 castrum
3305 2933 3621 2992 properan-

3405 3009 3564 3081 [tem,

1894 3079 1942 3139 Ο
1972 3099 2065 3167 Ut,
2089 3110 2195 3153 ceu
2228 3111 2350 3153 mos
2398 3100 2664 3153 veterum
2713 3101 2965 3169 constat,
3004 3097 3377 3154 benediceret
3407 3079 3616 3168 “illum,

1973 3186 2387 3257 Prosequitur;
2421 3187 2524 3241 sed
2555 3201 2668 3241 non
2694 3187 2981 3257 quondam
3015 3188 3334 3257 procedere
3364 3185 3550 3257 quivit

1971 3277 2086 3332 llac
2117 3290 2181 3330 re
2207 3274 2355 3330 velle
2387 3289 2577 3345 suum,
2614 3275 2746 3345 quia
2781 3275 2978 3346 presul
3014 3274 3377 3332 Coloniensis

1973 3366 2090 3421 lloc
2124 3364 2458 3435 interrupit,
2492 3364 2717 3435 proprii
2740 3364 2942 3421 dicens
2984 3365 3107 3421 fore
3130 3364 3282 3434 juris

1976 3454 2226 3523 Ungcret
2260 3456 2318 3509 ut
2354 3452 2769 3524 regem.Cujus
2798 3452 2844 3510 si
2877 3452 3010 3524 quis
3054 3453 3337 3509 rationem

1975 3541 2355 3597 Considerare
2383 3540 2528 3597 velit
2558 3541 2736 3597 citius
2766 3555 3125 3611 cognoscere
3160 3541 3369 3611 quibit,

1975 3630 2136 3696 Quod
2156 3629 2397 3685 rationis
2422 3629 2711 3700 ‘°“,inops
2733 3645 3044 3700 numquam
3068 3630 3393 3686 subsistere
3408 3628 3615 3700 possit.

1976 3720 2168 3775 Claret
2200 3718 2351 3774 enim
2396 3718 2645 3788 cunctis,
2682 3718 2952 3789 quoniam
3011 3717 3103 3752 ⁴⁰⁶⁵
3152 3718 3371 3790 primas
3414 3718 3623 3774 Trebe-

3361 3805 3573 3879 [rensis

1975 3894 2255 3951 Omnibus
2286 3894 2554 3951 ecclesiis
2587 3894 2878 3950 Gallorum
2899 3895 3337 3965 Germaniaeque

1972 3983 2277 4039 Presideat
2305 3982 2456 4053 jure,
2493 3997 2606 4053 quo
2638 3998 2859 4039 summa
2894 3982 3128 4052 negotia
3152 3995 3397 4053 quaeque

1974 4072 2273 4143 Disponat,
2310 4070 2467 4127 Sicut
2494 4070 2759 4140 legimus,
2793 4085 2923 4127 cum
2958 4074 3224 4127 mortuus
3254 4073 3411 4125 esset

1976 4160 2303 4231 Lotbarius,
2341 4161 2628 4231 quondam
2658 4174 2760 4216 rex
2802 4159 2970 4230 falso,
3014 4159 3117 4215 sed
3168 4172 3343 4215 verus
3390 4157 3623 4215 adulter

1974 4249 2264 4319 Existens,
2295 4249 2559 4305 Treberis
2591 4264 2720 4305 cum
2753 4247 2947 4305 nullus
2975 4247 3289 4319 episcopus
3331 4250 3512 4315 esset,

1973 4338 2368 4408 Thietgaudus
2396 4338 2664 4407 quoniam
2690 4336 2890 4408 presul
2923 4336 3270 4407 peregrinus
3292 4334 3547 4392 obisaet:

1894 4437 1946 4497 Ι)
1977 4426 2083 4491 Qui
2112 4432 2251 4482 tunc
2280 4425 2477 4497 presul
2510 4431 2636 4481 erat
2667 4425 2987 4481 Adventius
3008 4425 3108 4480 ille
3141 4424 3414 4481 Metensis

1978 4515 2036 4569 In
2072 4515 2199 4569 vice
2231 4514 2501 4585 primatis
2530 4513 2800 4570 Karolum
2829 4545 2899 4554 —
2928 4514 3092 4584 quasi
3121 4513 3346 4570 tercius
3368 4511 3468 4569 illo

1979 4602 2216 4658 Nomine
2249 4600 3109 4673 pollebat—statuitregemque
3143 4602 3399 4659 sacravit
3449 4600 3620 4673 (648).

1982 4690 2090 4746 Sed
2124 4693 2316 4748 forsan
2351 4691 2567 4759 dicent,
2603 4692 2757 4763 quod
2788 4706 2986 4749 eorum
3021 4690 3220 4763 presul
3252 4690 3495 4746 obisset.

1979 4782 2153 4850 Tunc,
2187 4781 2362 4836 etiam
2394 4782 2544 4852 quod
2581 4796 2898 4838 nosvcrum
2931 4782 3055 4837 fore
3077 4795 3191 4836 nou
3222 4780 3619 4851 reprobamus.

2050 4870 2210 4926 Vers.
2249 4873 2377 4926 103.

1575 4966 1811 5024 νΛΒΙᾸΞ
1854 4968 2254 5025 LECTIONES.

288 5092 378 5126 ‘°“
407 5090 497 5149 vel
527 5089 796 5148 veritatis
824 5102 1113 5163 superscr.
1140 5102 1186 5147 ο.
1220 5089 1313 5123 ⁴⁰⁴⁸
1339 5091 1427 5149 ita
1453 5092 1883 5151 emendandum
1913 5093 2006 5150 est
2026 5092 2097 5149 P.
2132 5123 2202 5134 —
2230 5107 2401 5164 quam
2432 5105 2480 5150 c.

1815 5191 2038 5248 NOTIE.

318 5291 446 5362 640)
474 5290 540 5344 V.
578 5289 751 5345 Gesta
784 5286 963 5344 addit.
999 5301 1051 5344 c.
1077 5291 1161 5359 10,
1197 5291 1283 5344 19.

320 5362 786 5416 641)An.1132.

322 5433 448 5487 642)
484 5433 587 5486 An.
624 5433 943 5486 1136-1137.

321 5499 449 5573 543)
482 5503 663 5557 Arraz
693 5514 783 5571 ap.
822 5499 1186 5559 Baldericum
1214 5514 1274 5558 c.
1315 5504 1400 5558 15.

323 5576 449 5645 644)
481 5574 768 5628 Αη.1137.

2053 5290 2201 5429 (645)
2241 5288 2679 5346 Nantersburch
2714 5302 2811 5360 ap.
2847 5286 3205 5346 Baldericum
3231 5286 3267 5344 l.
3306 5286 3342 5344 l.

2074 5362 2201 5429 646)
2235 5362 2340 5416 An.
2374 5362 2528 5415 1188.

2074 5362 2201 5432 646)
2235 5362 2340 5416 An.
2374 5362 2528 5415 1188.

2052 5429 2371 5501 64Ἳ)Ἠιιηο
2404 5434 2613 5488 auctor
2659 5430 2996 5501 neutiquam
3048 5430 3398 5499 nominavit;
3428 5429 3530 5488 sed
3572 5429 3627 5485 in

1984 5504 2178 5560 Gestis
2210 5504 2373 5559 Cont.
2398 5517 2447 5559 c.
2475 5506 2563 5572 27,
2596 5505 2664 5559 28
2691 5502 3039 5573 appellatur.

2060 5578 2210 5647 (648)
2243 5577 2308 5632 V.
2345 5573 2701 5643 Reginonem
2736 5587 2785 5629 a.
2818 5577 2951 5630 869.
