3960 6044
383 160 536 227 1803

378 322 448 376 At
482 319 591 378 sibi
622 315 908 391 subjectis
937 317 1080 379 vicis
1109 318 1234 392 ejus
1259 316 1389 391 jura
1418 316 1634 374 licebat

380 410 555 468 Ocius
578 408 839 483 implere,
873 407 983 467 sibi
1013 409 1109 466 lex
1141 409 1189 466 si
1224 410 1415 481 prisca
1452 408 1710 478 favisset,

364 499 559 573 ,Quam
593 499 762 557 modo
793 499 1015 555 divitiis
1043 498 1269 555 caleant
1300 499 1569 568 fastuque
1592 495 1877 566 moderni,

376 590 470 659 Ut,
504 588 636 660 quia
664 589 972 661 pauperior
1001 591 1095 644 est
1120 588 1227 644 hec
1258 588 1429 643 sedes
1450 585 1850 655 Treberensis,

375 680 695 751 Propterea
727 679 799 735 sit
831 682 891 733 et
922 677 1159 735 inferior
1193 675 1586 746 locupletibus
1615 674 1753 731 illis.

376 769 491 824 Hec
520 766 690 824 modo
721 765 1247 824 suﬂiciant.Albero
1278 768 1471 819 tamen
1504 765 1806 832 satagebat

375 856 551 926 Regis
582 856 652 912 ad
682 853 1023 926 obsequium
1058 868 1159 925 pre
1194 852 1423 909 cunctis
1454 866 1589 908 esse
1625 856 1866 924 paratus

377 946 501 1003 Rex
528 958 758 1017 quoque
789 957 892 1016 pre
934 941 1181 1014 reliquis
1210 942 1364 998 hunc
1405 955 1638 1012 semper
1688 941 1906 997 honore
1929 954 2024 996 co-

1767 1028 1968 1102 [lebat,

376 1124 512 1195 Ejus
542 1120 805 1179 consiliis
836 1120 1045 1177 crebro
1070 1118 1321 1176 feliciter
1353 1134 1512 1187 usus,

376 1212 660 1284 Precipue
693 1211 923 1283 quando
954 1211 1210 1266 Saxones
1241 1222 1398 1263 arma
1431 1206 1712 1265 movendo

374 1301 611 1359 Viribus
637 1300 916 1357 inmensis
947 1300 1101 1356 hunc
1133 1298 1407 1355 infestare
1431 1298 1735 1369 parabant.

377 1391 501 1458 Quo
525 1395 759 1463 sumptu
788 1404 993 1459 magno
1024 1388 1266 1446 veniens
1296 1393 1352 1443 et
1385 1387 1569 1442 milite
1606 1385 1807 1455 multo,

378 1479 644 1538 Obtinuit
676 1478 866 1536 laudis
900 1478 1262 1551 palmamque
1287 1492 1407 1533 suae
1436 1475 1772 1547 probitatis.

376 1570 495 1627 Hoc
528 1568 819 1626 mediante
851 1572 1043 1623 tamen
1078 1581 1178 1638 per
1207 1566 1368 1639 pacis
1400 1565 1804 1621 condicionem

376 1658 661 1716 Omissum
695 1657 932 1727 bellum,
971 1654 1335 1727 populusque
1369 1654 1601 1710 domum
1648 1651 1954 1709 remeavit.

448 1749 560 1803 Pro
588 1746 801 1819 quibus
829 1760 893 1800 ac
928 1744 1057 1801 aliis
1102 1744 1173 1800 ab
1206 1744 1407 1801 eodem
1450 1748 1567 1797 tam
1626 1744 1771 1799 bene
1821 1742 2028 1811 gestis:

377 1836 444 1892 Et
471 1835 602 1906 quia
633 1849 745 1890 non
777 1835 934 1905 justc
956 1834 1258 1889 subtracta
1284 1832 1391 1887 fuit
1415 1832 1760 1886 Treberensi

380 1923 679 1992 Ecclesiae,
714 1921 1001 1993 quondam
1036 1920 1107 1977 de
1136 1921 1305 1991 cujus
1342 1921 1704 1991 proprietate

380 2014 449 2068 Et
491 2011 668 2069 fundo
696 2025 833 2067 vere
866 2010 1083 2079 legitur
1110 2014 1450 2066 constructa
1487 2009 1689 2079 fuisse,

379 2102 449 2157 Ut
486 2105 836 2158 testamenta
872 2099 1017 2170 (649)
1051 2099 1308 2155 referunt
1344 2099 1450 2154 sub
1483 2099 1713 2154 nomine
1758 2113 1956 2168 regum

380 2188 486 2254 Qui
520 2190 885 2260 Dagobertus
909 2188 1149 2259 Pipinus
1182 2187 1542 2257 Karolusque
1576 2188 1836 2252 fuerunt,

380 2280 536 2334 Hanc
566 2276 857 2333 abbatiam
890 2275 1176 2331 Maximini
1212 2273 1438 2330 nomine
1459 2274 1672 2330 dictam

378 2367 502 2421 Rex
527 2364 636 2422 sibi
669 2364 954 2432 restituit,
981 2365 1154 2418 Petro
1184 2378 1289 2434 per
1311 2376 1559 2433 cumque
1585 2364 1755 2419 beato
1779 2364 1952 2432 (650).

379 2455 489 2511 Sed
522 2450 804 2523 monachi,
839 2451 1008 2523 pulso
1037 2452 1239 2523 paucis
1281 2452 1491 2507 abbate
1526 2452 1822 2508 Gerhardo

379 2546 527 2600 Ante
558 2542 788 2611 diebus,
821 2541 871 2596 ei
922 2555 1053 2596 mox
1087 2540 1370 2610 quendam
1406 2539 1865 2610 substituerullt,

379 2633 643 2703 Ignotum
676 2645 920 2702 prorsus
955 2642 1224 2700 persona,
1262 2627 1573 2696 religione;

382 2722 543 2778 Hunc
575 2724 636 2775 et
662 2719 950 2776 distracto
983 2717 1185 2787 templi
1217 2717 1437 2771 duxere
1470 2716 1703 2772 metallo

382 2809 657 2866 Vestibus
690 2815 864 2877 atque
897 2806 1082 2862 sacris
1114 2805 1385 2861 Romanis
1417 2805 1625 2875 bisque
1649 2807 1953 2877 coemptis,

381 2900 543 2954 Hunc
575 2898 646 2953 ab
676 2895 1000 2968 apostolico
1025 2896 1392 2951 mercedibus
1419 2895 1803 2951 obtinuerunt

384 2987 669 3043 Abbatem
706 2985 827 3042 ﬁeri
862 2985 931 3041 de
961 2999 1118 3040 more
1150 2983 1377 3053 sibique
1409 2984 1653 3039 sacrari.

383 3078 454 3132 Et
482 3075 889 3133 confirmatum
926 3075 1113 3129 banno
1139 3072 1577 3144 metropolitani

381 3166 731 3237 Exumptum
761 3163 874 3234 juri
899 3162 1350 3232 libertatemque
1382 3163 1556 3232 tueri,

385 3255 617 3310 Acriter
648 3256 975 3325 exposcunt
1009 3251 1179 3322 (6:51),
1214 3250 1660 3321 exultantesque
1718 3252 2027 3324 reducunt,

385 3343 665 3412 Huncque
698 3356 819 3398 suae
842 3340 964 3397 sedi
996 3339 1505 3410 superimposuerc
1550 3339 1821 3394 latenter.

386 3431 489 3487 llis
521 3429 945 3487 certaminibus
978 3427 1324 3499 pertransiit
1355 3427 1583 3497 integer
1612 3442 1827 3484 annus.

458 3519 581 3585 Quo
612 3518 852 3588 grandis
887 3518 1038 3572 facto
1068 3516 1253 3571 crevit
1285 3515 1739 3585 metropolitano

387 3609 557 3676 Cura,
594 3607 749 3676 quod
783 3607 887 3661 hee
914 3608 1076 3659 tanta
1110 3604 1220 3659 sibi
1255 3604 1344 3659 vis
1368 3604 1530 3659 illata
1567 3604 1773 3660 fuisset

386 3696 887 3765 Contemptusque
919 3692 1116 3761 gravis
1148 3692 1220 3747 ab
1251 3693 1337 3747 eis
1370 3706 1516 3763 quos
1547 3707 1776 3765 semper
1816 3695 2028 3751 amavit

382 3782 678 3849 Romanis,
707 3796 949 3852 quorum
984 3795 1111 3836 sese
1142 3780 1362 3835 virtute
1399 3781 1621 3851 putavit

385 3873 598 3928 Omnes
627 3872 723 3942 qui
756 3869 977 3926 vellent
1009 3884 1069 3927 se
1100 3869 1296 3926 ledere
1326 3870 1559 3927 vincere
1583 3885 1780 3943 posse.

384 3959 495 4017 Sed
527 3959 623 4031 qui
656 3959 728 4015 ad
759 3959 866 4015 hec
900 3960 1499 4028 ageret?Necastrum
1542 3963 1838 4031 rumperet
1862 3960 2027 4033 illud,

384 4048 523 4115 Quae
548 4049 661 4105 sibi
696 4048 1034 4105 detulerant
1067 4064 1230 4121 papae
1255 4048 1523 4103 mandata
1575 4048 1886 4115 vetabant;

382 4138 783 4207 lntroitusque
816 4137 1058 4207 suisque
1090 4136 1198 4193 sibi
1232 4135 1491 4205 nonjure
1517 4142 1789 4205 negatus.

381 4218 522 4290 Ipse
553 4222 749 4274 tamen
783 4217 941 4274 cives
966 4217 1034 4273 ad
1071 4216 1209 4273 talia
1250 4216 1398 4272 bella
1434 4216 1696 4272 furentes

382 4307 602 4363 Crebro
632 4306 802 4361 minis
836 4306 1228 4377 precibusque
1261 4304 1380 4361 suis
1411 4305 1481 4359 ab
1512 4304 1599 4360 eis
1636 4305 1951 4362 revocavit.

382 4396 572 4451 Motus
601 4400 873 4465 preterea
904 4409 1008 4451 sua
1042 4393 1196 4464 quod
1233 4393 1448 4463 legatio
1474 4399 1670 4464 spreta

381 4486 551 4539 Esset
585 4484 656 4539 ab
686 4482 958 4539 ecclesiis
988 4482 1081 4538 hic
1106 4483 1553 4554 presulibusquc
1584 4481 1952 4554 quibusdam,

387 4571 670 4628 Omnibus
702 4570 981 4642 impensis
1004 4571 1241 4626 Romam
1273 4570 1517 4626 festinus
1539 4571 1740 4641 adivit,

381 4660 797 4732 Expositisque
818 4660 927 4717 viae
959 4660 1171 4725 causis,
1200 4673 1461 4730 papaque
1492 4660 1740 4729 favente,

385 4748 649 4805 Obtinuit
684 4762 813 4819 quae
845 4751 986 4804 tunc
1015 4745 1220 4817 voluit,
1251 4746 1551 4817 victorque
1583 4746 1825 4803 redivit.

448 4839 622 4895 Vers.
663 4842 790 4895 1:53.

938 161 1203 229 GESTA
1234 161 1589 228 TREVER.
1622 198 1701 212 -
1745 158 2104 229 APPEND.
2152 159 2425 228 GESTA
2456 160 2924 229 ALBERONIS
2961 158 3207 229 ARCH.

2050 306 2327 387 A.Atque
2357 315 2447 375 sui
2480 316 2598 376 voti
2628 333 2864 390 compos
2895 317 3158 390 effectus,
3190 320 3257 376 ut
3285 315 3428 376 illud

3632 160 3812 229 1304

2139 404 2451 461 Cenobium
2486 420 2717 477 semper
2748 406 2860 462 sibi
2892 408 3340 464 successoribus
3368 414 3545 478 atque

2134 495 2304 550 Esset
2338 495 2685 566 subjectum,
2716 511 2819 568 per
2847 496 3353 567 apostolicumque
3385 496 3653 567 sigillum

2136 585 2252 639 llac
2286 600 2345 639 re
2380 584 2661 641 ﬁrmatam
2686 587 2945 642 referens
2970 601 3075 657 pro
3100 601 3338 643 munere
3360 591 3585 643 cartam
3616 589 3798 657 (652).

2207 674 2313 730 Sed
2344 674 2616 743 graviora
2649 674 2813 730 malis
2840 680 2974 731 sunt
3004 680 3133 731 orta
3165 676 3461 747 prioribus
3481 676 3647 732 exin.

2135 763 2270 817 Nam
2304 764 2609 820 monachis
2638 765 2853 821 factum
2886 765 3077 821 fuerat
3106 767 3480 836 presentibus
3526 766 3727 823 istud.

2134 851 2233 907 liis
2258 856 2314 907 et
2349 853 2708 925 apostolicus
2733 852 2915 923 jussit
2957 854 3391 926 metropolitani

2135 940 2318 998 Dictis
2350 956 2574 1012 parere,
2612 942 2785 1000 simul
2814 944 3011 999 abbati
3055 959 3161 1015 per
3189 944 3425 1000 eosdem

2134 1031 2412 1089 Ecclesiae
2444 1033 2675 1090 domum
2708 1034 3067 1091 deniandans
3093 1033 3532 1106 suscipiendum

2136 1122 2288 1178 Nutu
2320 1122 2614 1193 pontificis
2646 1122 2923 1193 sedisque
2954 1137 3126 1180 manu
3152 1124 3554 1181 Treberensis.

2137 1209 2246 1265 Sed
2289 1226 2416 1266 cum
2448 1210 2685 1267 decreto
2725 1212 2981 1267 Romano
3022 1210 3255 1283 presule
3305 1216 3526 1283 spreto,

2137 1299 2387 1355 Rursum
2416 1300 2754 1370 conspirant
2792 1300 2926 1357 huic
2973 1301 3393 1372 introitumque
3449 1301 3793 1372 negabant;

2141 1387 2226 1443 Ob
2255 1389 2422 1458 cujus
2452 1390 2644 1444 meriti
2670 1403 2789 1445 rem
2820 1394 2957 1445 sunt
2988 1390 3487 1446 anathematizati.

2143 1474 2254 1533 Sed
2285 1492 2535 1547 querens
2566 1479 2789 1535 veniam
2824 1480 2895 1536 de
2925 1480 3115 1536 hanno
3148 1479 3396 1537 solvitur
3429 1480 3641 1537 abbas.

2147 1566 2215 1620 At
2251 1567 2512 1622 monachi
2546 1582 2809 1637 magnum
2832 1582 3010 1639 super
3046 1568 3152 1624 hoc
3201 1569 3391 1624 fecere
3442 1567 3791 1637 tumultum,

2059 1673 2114 1734 Β
2148 1654 2215 1708 Et
2249 1656 2517 1734 comitem
2550 1657 2728 1712 castri
2760 1657 3199 1714 Lucelenburhc
3228 1662 3397 1713 antea
3428 1657 3592 1729 dicti,

2150 1732 2616 1808 Qui'defcnsoris
2648 1759 2851 1801 nomen
2885 1750 3227 1817 susceperat
3262 1747 3465 1803 horum

2145 1831 2529 1900 Pontificique
2560 1832 2728 1889 fidem
2754 1834 3055 1904 juraverat
3088 1834 3505 1907 auxiliumque,

2146 1917 2282 1973 Cum
2315 1919 2703 1989 septingentis
2727 1926 3068 1992 corruptum
3100 1937 3245 1992 pene
3276 1922 3531 1993 talentis,

2142 2006 2366 2062 Fraude
2396 2007 2646 2078 doloque
2681 2009 2792 2065 fide
2826 2010 3008 2081 prima
3038 2010 3130 2066 vel
3163 2011 3360 2067 federe
3385 2016 3581 2084 rupto,

2141 2094 2409 2151 Efliciunt
2445 2102 2772 2168 promptum
2807 2115 2920 2169 quo
2954 2100 3104 2155 bella
3136 2105 3393 2157 moveret
3427 2105 3489 2158 et
3517 2116 3682 2159 arma

2145 2184 2249 2249 Qui
2279 2183 2460 2241 veluti
2493 2188 2681 2244 nostis
2713 2192 2771 2243 ut
2797 2188 3245 2247 crudelissimus
3276 2190 3482 2260 hostis,

2142 2273 2394 2330 Cedibus
2425 2288 2491 2330 ac
2526 2276 2721 2345 predis
2749 2278 3013 2347 capturis
3048 2278 3313 2349 pluribus
3345 2279 3510 2345 actis,

2141 2363 2311 2418 Sacra
2348 2364 2696 2434 profanavit,
2732 2365 2902 2422 villas
2927 2381 2993 2423 ac
3024 2367 3238 2438 templa
3263 2368 3565 2425 cremavit.

2142 2453 2259 2507 Heu
2296 2452 2469 2522 pudet
2505 2458 2758 2509 armatas
2789 2455 2943 2511 acies
2971 2456 3319 2528 hostemque
3347 2458 3666 2529 superbum

2141 2539 2221 2593 Ad
2257 2545 2481 2611 portam
2506 2543 2705 2597 Martis
2737 2544 3043 2615 sanctique
3072 2546 3225 2601 fores
3258 2547 3557 2618 Symeonis

2143 2628 2445 2697 Clavigero
2479 2630 2587 2686 ccli
2621 2633 2914 2688 contraria
2951 2633 3112 2703 signa
3145 2634 3391 2691 tulisse!

2140 2718 2260 2772 Non
2296 2717 2458 2775 locus
2493 2719 2583 2776 hic
2618 2735 2781 2776 muro
2816 2721 2918 2777 sed
2948 2722 3048 2777 vili
3084 2723 3263 2794 prelia
3288 2724 3462 2793 vallo,

2140 2805 2535 2876 llostilemque
2569 2823 2793 2864 manum
2831 2812 3104 2881 perpauci
3138 2813 3504 2869 sustinuere.

2140 2894 2260 2949 Non
2291 2899 2482 2950 tamen
2530 2896 2782 2953 inmunis
2813 2898 2883 2954 de
2912 2898 3077 2956 clade
3118 2901 3409 2971 superfuit
3441 2901 3655 2972 hostis,

2141 2982 2250 3038 Sed
2282 2999 2497 3053 majore
2531 2986 2620 3042 sui
2653 2987 2902 3059 dampno
2933 2988 3214 3046 multatus
3236 2990 3436 3046 adivit.

2140 3072 2404 3130 Vidimus
2435 3075 2507 3130 ad
2537 3080 2769 3142 pontem
2798 3078 2996 3133 vesani
3030 3079 3283 3150 presulis
3333 3093 3537 3148 agmen

2141 3162 2276 3230 Igne
2314 3163 2530 3234 farens,
2559 3165 2611 3219 in
2647 3170 2798 3222 tecta
2825 3181 3018 3237 ruens,
3050 3173 3105 3223 et
3142 3169 3271 3224 fana
3295 3168 3642 3240 profanans.

2142 3252 2284 3309 Aula
2313 3253 2410 3308 Dei
2444 3254 2664 3323 matris,
2703 3270 2872 3325 quam
2916 3257 3205 3327 quondam
3262 3272 3365 3313 rex
3420 3259 3785 3327 Dagobertus

2143 3342 2433 3412 Condidit,
2470 3342 2696 3413 irrupta
2724 3344 3083 3415 ﬂammisque
3115 3346 3429 3402 voracibus
3456 3351 3608 3415 usta,

2142 3429 2482 3486 Sanctorum
2504 3431 2879 3503 tllecas,quas
2903 3434 3119 3505 reperit
3143 3434 3239 3491 hic
3261 3448 3439 3505 super
3471 3433 3566 3467 ⁴⁰⁴⁶
3625 3448 3780 3503 aras,

2140 3518 2423 3574 Districto
2452 3519 2649 3588 gladio
2681 3520 2848 3579 miles
2879 3522 3094 3580 occidit
3126 3537 3353 3590 avarus,

2140 3608 2252 3662 Par
2283 3608 2601 3679 habuitque
2625 3610 2809 3667 solum
2846 3613 3125 3669 factorem
3165 3612 3579 3683 reliquiasque.

2142 3696 2403 3752 Vidimus
2432 3697 2660 3769 impleri
2692 3701 2845 3771 quod
2878 3702 2950 3757 ab
2978 3701 3279 3758 Ezechiele
3308 3702 3581 3771 refertur,

2142 3785 2307 3852 Quod
2338 3784 2662 3844 violaturus
2692 3788 2802 3845 hoc
2828 3790 3171 3847 emissarius
3202 3794 3360 3848 esset

2141 3873 2469 3931 Archanum
2524 3877 2748 3933 Domini
2807 3878 3024 3949 (Επεσή
3075 3894 3173 3950 vn,
3205 3879 3327 3949 22).
3365 3876 3474 3934 Sed
3520 3890 3635 3934 non
3686 3877 3782 3932 im-

3284 3966 3457 4037 [pune
3488 3968 3778 4036 patratum

2140 4045 2259 4099 Hoc
2291 4042 2513 4099 scelus.
2552 4040 2624 4095 Ut
2659 4037 2829 4096 villas
2859 4037 3189 4109 aliquantas
3218 4038 3618 4108 ecclesiasque

2139 4133 2336 4189 Hostis
2364 4129 2686 4188 combussit
2716 4133 2776 4183 et
2810 4126 3007 4198 plures
3042 4141 3210 4184 urere
3236 4126 3435 4197 jussit,

2138 4220 2347 4277 Presul
2376 4234 2507 4276 eum
2540 4231 2669 4274 cum
2702 4214 2912 4271 milicia
2949 4220 3077 4286 post
3110 4219 3274 4285 terga
3299 4218 3541 4271 secutus

2140 4309 2421 4380 Occupat,
2456 4310 2514 4363 et
2547 4303 2745 4361 multis
2774 4318 2848 4359 ex
2867 4302 2995 4373 ejus
3026 4302 3253 4373 agmine
3288 4301 3499 4373 captis,

2055 4384 2108 4444 D
2137 4397 2413 4454 pluribus
2444 4393 2671 4462 occisis,
2704 4392 3020 4463 aliquantis
3049 4390 3394 4461 debilitatis,

2141 4484 2485 4541 Accelerare
2518 4482 2706 4550 fugam
2735 4479 2974 4535 Domino
3003 4479 3319 4535 miserante
3368 4476 3557 4546 coegit
3608 4473 3777 4547 (653).

2135 4576 2258 4629 Jam
2292 4573 2478 4628 fuerat
2513 4570 2751 4640 quintus
2782 4568 2956 4637 hujus
2986 4566 3327 4625 certaminis
3355 4580 3565 4635 annus,

2136 4661 2492 4733 Expulsique
2521 4658 2652 4714 loco
2683 4661 2817 4714 sunt
2841 4656 2924 4713 illi
2960 4657 3189 4712 maximi
3215 4657 3397 4728 juste,

2137 4749 2490 4818 Sul’l‘ectique
2522 4746 2635 4804 sibi
2668 4746 3097 4811 mouachisunt
3137 4744 3440 4816 religiosi;

2209 4840 2376 4895 Vers.
2413 4841 2516 4895 203
2531 4879 2544 4893 .

1746 4960 1981 5019 VARI£
2011 4962 2411 5022 LECTIONES.

446 5063 541 5100 ⁴⁰⁴⁶
573 5076 747 5137 supra
777 5063 855 5120 0.?

1966 5160 2189 5218 ΝΟΤιΕ.

447 5293 712 5372 (ψλγη
730 5293 970 5372 chartas
1011 5305 1213 5372 regum
1273 5305 1370 5372 ap:
1419 5290 1734 5371 .Ilontlleim
1782 5291 1934 5349 Hist.
1976 5294 2018 5365 l,

376 5381 431 5437 p.
459 5361 810 5437 76,120,132,
846 5378 1045 5437 omnes
1079 5362 1267 5437 dubia)
1299 5361 1429 5417 fidei

447 5434 595 5507 (650)
628 5437 698 5507 γ.
735 5435 890 5504 regis
918 5433 1171 5507 diploma
1205 5434 1306 5500 ib.,
1332 5435 1540 5507 p.541.

446 5500 593 5578 (651)
619 5506 689 5562 V.
729 5500 1049 5563 Innocentii
1080 5500 1347 5563 chartani
1374 5505 1475 5575 ib.,
1509 5519 1565 5576 p.
1595 5500 1724 5559 543.

2208 5292 2357 5361 (652)
2412 5294 2476 5348 V.
2532 5290 2847 5348 Innocentii
2904 5288 3120 5347 bullam
3179 5286 3421 5345 alteram
3470 5299 3574 5359 ap.
3626 5286 3780 5344 Hon-

2134 5363 2312 5420 theim
2340 5364 2378 5433 l,
2408 5380 2459 5436 p.
2487 5363 2607 5436 547.

2206 5432 2468 5507 (653)(ἷῆ
2509 5432 2872 5520 Baldericum
2904 5446 2955 5489 c.
2989 5435 3084 5489 20.
3188 5510 3197 5517 _
