3960 6044
206 201 236 268 1
247 197 364 268 805

207 353 352 424 Quis
377 367 406 413 a
440 351 712 428 pontifice
740 353 1085 427 preponitur
1114 353 1260 412 abba
1293 354 1532 426 Sigerus
1561 354 1708 429 (654)

207 445 318 512 Qui
351 444 514 518 prius
543 443 769 501 electus
800 444 868 500 ab
899 441 1337 516 apostolicoque
1369 451 1653 517 sacratus,

205 535 350 591 Post
383 533 870 590 anatematizatus
899 536 1104 603 estque
1135 534 1570 592 reconciliatus.

205 623 331 679 Ista
360 624 470 680 sub
504 626 822 693 autumpno
851 625 986 678 sunt
1017 621 1200 693 prelia
1232 627 1393 692 gesta
1430 623 1654 692 bienni;

209 710 370 777 Quos
400 711 616 767 hiemes
648 710 822 766 validi
856 711 1014 766 venti
1048 711 1373 783 pluviaeque
1409 715 1568 770 fuere

211 800 351 858 Cum
385 815 588 870 magno
625 798 813 870 plebis
841 799 1090 872 dampno
1121 801 1456 872 gemituque
1487 803 1710 871 secuti;

206 889 452 960 Jamque
485 889 802 960 putabatur
835 903 944 960 pax
978 893 1143 960 parta
1178 890 1459 960 quiesque
1491 891 1707 950 futura.

283 977 393 1034 Sed
443 993 617 1034 secus
667 977 775 1033 hoc
823 978 1024 1045 cessit,
1077 979 1206 1050 quia
1255 985 1514 1037 castrum
1566 983 1716 1040 forte
1767 999 1855 1041 re-

1620 1073 1852 1145 [mansit

208 1153 466 1211 Predicti
493 1154 741 1224 comitis,
776 1154 927 1226 quod
959 1156 1122 1211 abest
1156 1157 1267 1213 tria
1299 1158 1454 1214 milia
1485 1159 1673 1231 nobis,

209 1243 450 1300 Nomine
481 1243 804 1300 Butolicum
835 1241 928 1276 ⁴⁰⁶⁷
960 1243 1106 1316 (655)
1142 1245 1296 1317 quod
1336 1247 1587 1318 presulis
1628 1249 1854 1320 agmine

1617 1337 1853 1410 [dudum

210 1419 523 1477 Obsessum
558 1420 766 1491 fuerat,
801 1421 902 1478 sed
938 1423 1008 1478 ab
1040 1421 1340 1481 obsidione
1373 1425 1649 1498 solutum,

211 1509 350 1566 Cum
371 1509 572 1581 prcsul
590 1509 818 1566 comitis
836 1517 1127 1581 premeret
1145 1519 1374 1584 tergum
1391 1515 1666 1586 fugientis
1683 1516 1850 1591 (656).

211 1596 324 1654 Sed
354 1597 658 1654 castellani
691 1597 974 1656 dederant
1005 1616 1066 1658 se
1098 1601 1190 1658 vel
1223 1618 1326 1660 sua
1358 1605 1516 1677 paci;

207 1685 390 1756 Inque
422 1686 554 1755 fuga
589 1685 725 1740 belli
753 1702 948 1745 comes
973 1688 1116 1746 hanc
1146 1688 1385 1748 laudare
1411 1698 1671 1752 coactus.

208 1773 284 1830 Ut
317 1787 456 1832 vero
499 1775 686 1846 patuit
721 1775 892 1846 paulo
925 1781 1056 1848 post
1088 1778 1288 1836 fraude
1319 1780 1570 1852 doloque

208 1861 409 1934 Rupit,
443 1875 686 1934 eamque
719 1864 809 1920 sui
839 1864 1136 1924 violarunt
1167 1867 1428 1939 cedibus,
1467 1871 1600 1940 igni.

211 1949 304 2007 Sic
336 1949 546 2021 vulgus
579 1951 851 2008 miserum
885 1955 1072 2026 patrio
1107 1956 1176 2011 de
1209 1957 1393 2014 limite
1421 1959 1671 2030 pulsum,

209 2039 500 2112 Profugus
532 2043 706 2111 atque
738 2055 918 2110 vagus
953 2043 1099 2114 perit
1133 2045 1187 2100 in
1221 2045 1452 2102 diversa
1487 2053 1745 2115 rotatus;

211 2127 438 2198 Quique
469 2136 876 2186 remanserunt
907 2131 1067 2202 operi
1101 2132 1260 2189 nullo
1293 2135 1673 2202 studuerunt;

209 2217 452 2273 Tantum
483 2232 624 2274 cura
659 2218 765 2276 fuit
797 2219 915 2276 illis
945 2226 1004 2275 ut
1039 2222 1109 2276 ab
1141 2221 1308 2278 hoste
1340 2225 1612 2281 laterent.

209 2305 333 2361 Jam
365 2319 546 2376 pecus
575 2307 892 2364 abductum
923 2309 1084 2378 regio
1113 2315 1456 2382 vastataque
1485 2313 1726 2385 circum,

214 2393 502 2464 Agricolae
537 2395 722 2466 raptis
754 2409 965 2452 annum
999 2397 1210 2454 ﬂevere
1235 2399 1534 2468 juvencis;

215 2481 400 2538 Cessit
437 2481 668 2538 cultura
701 2487 877 2540 terrze
911 2500 1013 2556 per
1046 2485 1273 2558 Belgica
1308 2504 1462 2546 rura.

212 2571 393 2626 Hoste
426 2570 636 2627 malum
667 2572 933 2644 faciente,
965 2575 1154 2632 minus
1186 2579 1332 2633 Deus
1357 2581 1444 2635 est
1475 2587 1784 2651 operatus;

213 2659 471 2730 Namque
493 2674 692 2732 pecus,
727 2661 882 2733 quod
905 2663 976 2719 ab
998 2663 1164 2720 hoste
1192 2671 1382 2723 metus
1415 2666 1506 2724 vel
1535 2674 1730 2726 terror
1762 2672 1859 2729 ab-

497 2807 500 2810 .
1693 2760 1830 2816 legit

212 2836 395 2894 Nocte
426 2807 598 2909 lupus
629 2836 900 2895 laniando
930 2839 1088 2896 ferus
1116 2847 1377 2899 vastator
1407 2845 1638 2903 ademit.
1693 2759 1852 2830 [θεὼ

215 2925 322 2993 Qui
366 2941 546 2999 prope
589 2941 694 2984 nos
733 2928 943 2986 ﬂuvius
981 2934 1068 2986 est
1114 2931 1269 3002 Kylia
1313 2931 1460 3006 (657)
1501 2936 1730 2994 nomine
1776 2938 1858 2994 di-

735 195 1034 292 \GESTA
1063 195 1418 264 rnnvsn.
1453 231 1531 244 -
1559 188 1916 260 APPEND.
1951 164 2219 258 essm
2247 191 2717 260 ALBERONIS
2749 191 2998 260 ARCH.

1881 329 1936 392 Α
1967 356 2240 414 Pretcrea
2275 351 2551 428 quicquid
2583 357 2723 410 tunc
2752 350 2970 425 reperit
3003 346 3060 406 in
3091 359 3268 406 cruce
3299 359 3503 419 magna

3446 189 3606 260 1306

1967 445 2144 514 Quam
2179 445 2462 518 quondam
2491 443 2625 500 felix
2646 443 2971 499 Ekebertus
3001 437 3252 496 contulit
3282 435 3404 494 illic
3433 434 3609 510 (658),

1963 537 2215 592 Rursum
2251 535 2570 592 Butolicum
2603 538 2728 589 toto
2759 530 3060 588 conamine
3101 531 3358 584 castrum

1965 623 2348 696 Aggreditur;
2381 621 2483 679 sed
2515 621 2748 677 difﬁcile
2779 619 2936 691 cepit
2966 617 3102 676 licet
3136 613 3303 685 illud,

1965 713 2127 781 Quod
2160 729 2270 770 non
2305 713 2412 769 tida
2447 711 2556 768 sibi
2587 711 2878 767 sociorum
2923 711 3154 778 pectora
3185 701 3392 772 sensit,

1965 803 2072 870 Qui
2104 803 2476 871 castellanos,
2507 801 2622 872 jam
2653 814 2798 870 quos
2825 795 3092 867 angustia
3129 793 3292 866 panis

1965 892 2186 948 Dedere
2215 891 2482 962 cogebat,
2513 888 2660 946 clam
2686 901 2834 959 pane
2862 885 2999 942 dato
3033 883 3393 946 retinebant;

1965 983 2031 1037 Et
2063 981 2157 1038 cui
2187 979 2461 1038 tormenti
2495 977 2650 1051 quod
2679 976 2852 1045 vulgo
2885 988 3084 1044 manga
3119 977 3362 1028 vocatur

1967 1071 2198 1127 Credita
2231 1085 2371 1127 cura
2403 1070 2528 1138 fuit,
2560 1066 2810 1138 jacicndi
2839 1065 3020 1122 cessit
3048 1063 3119 1119 ab
3147 1065 3294 1129 arte,

1967 1161 2128 1228 Quod
2161 1159 2442 1216 seductus
2473 1162 2601 1214 erat
2633 1154 3002 1213 mercedibus
3035 1147 3409 1222 accipiendis.

1965 1249 2212 1308 Tandem
2246 1264 2375 1306 cum
2405 1262 2564 1317 cura,
2599 1261 2729 1304 cum
2763 1241 3156 1301 sollicitudine
3186 1253 3429 1305 summa,

1965 1341 2107 1396 Post
2139 1344 2354 1395 mortes
2383 1336 2676 1394 hominum
2707 1333 2918 1390 multas
2953 1332 3227 1400 fusosque
3255 1341 3516 1396 cruores,

1966 1429 2228 1499 Undique
2259 1425 2542 1496 conclusi,
2576 1423 2742 1480 vetiti
2775 1420 2984 1478 dandis
3011 1417 3324 1487 alimentis,

1964 1519 2084 1573 Jam
2119 1516 2414 1588 desperati
2449 1513 2804 1570 meditantur
2841 1509 3216 1576 deditionem,

1969 1609 2396 1676 Egressumque
2427 1607 2633 1674 petunt
2671 1616 2802 1658 cum
2836 1600 3010 1656 rebus
3041 1595 3263 1667 sospite
3289 1592 3427 1649 vita.

1882 1691 1936 1752 Β
1969 1695 2181 1752 Annuit
2213 1694 2304 1749 his
2338 1691 2534 1764 presul
2565 1696 2624 1747 et
2651 1690 3003 1747 conductum
3031 1685 3192 1742 dedit
3223 1682 3358 1738 illis.

2037 1787 2174 1842 Tum
2207 1799 2344 1840 vero
2377 1783 2609 1854 quidam
2641 1781 2713 1838 de
2745 1777 3109 1852 principibus
3144 1770 3535 1838 Trevirorum,

1967 1876 2074 1943 Qui
2107 1874 2346 1931 modica:
2375 1873 2507 1929 fidei
2540 1870 2782 1928 multum
2814 1867 2975 1940 prius
3005 1861 3397 1936 impediebant

1968 1965 2324 2032 Pontilicem,
2356 1963 2456 2020 sed
2487 1962 2635 2019 clam
2665 1957 3136 2025 castellanosque
3163 1950 3466 2024 iuvabant,

1968 2055 2147 2112 Orant
2177 2060 2239 2112 ut
2267 2053 2486 2111 salvum
2521 2052 2770 2108 donetur
2799 2049 2909 2104 hoc
2941 2044 3052 2102 sibi
3079 2047 3357 2100 castrum.

1968 2145 2222 2216 Cumque
2254 2148 2452 2199 notum
2485 2140 2738 2196 Treviris
2763 2139 2912 2194 foret
2935 2135 3044 2190 hoc
3069 2122 3610 2192 sermonibusistis,

1967 2235 2321 2290 Intremuere
2356 2231 2546 2294 nimis,
2576 2232 2634 2285 et
2665 2223 3008 2285 vociferatio
3037 2218 3275 2292 grandis

1966 2324 2028 2378 In
2059 2321 2268 2379 castris
2300 2321 2490 2378 oritur
2521 2317 2738 2390 passim
2769 2325 3126 2384 magnusque
3159 2304 3466 2371 tumultus,

1969 2413 2256 2481 Armaque
2288 2409 2590 2480 diripiunt.
2630 2405 2758 2462 Hoc
2783 2405 2839 2462 si
2867 2402 3150 2468 castrum,
3186 2396 3354 2454 modo
3383 2395 3610 2467 dicunt,

1969 2497 2599 2566 Permaneatsatvum,
2629 2508 2734 2553 cur
2761 2506 2866 2549 nos
2891 2488 3222 2547 obsedimus
3243 2485 3434 2543 illud?

1973 2589 2095 2645 Cur
2123 2589 2300 2646 tocies
2333 2585 2596 2643 domibus
2625 2583 2847 2640 nostris
2876 2579 3158 2650 natisque
3184 2575 3417 2633 relictis

1955 2675 2148 2748 ,Nocte
2175 2673 2386 2745 dieque
2409 2675 2544 2730 vias
2575 2669 2966 2728 transivimus
2989 2668 3170 2737 atque
3199 2663 3470 2721 timores?

1977 2764 2380 2836 Esuriemque,
2421 2764 2610 2832 sitim,
2632 2760 2880 2833 pluvias
2909 2757 3172 2828 solisque
3196 2753 3442 2822 calores,

1986 2856 2264 2924 Vulnera,
2296 2853 2528 2921 livores,
2561 2851 2621 2907 et
2643 2849 2810 2906 mille
2833 2846 3128 2923 pericula,
3159 2842 3396 2912 mortes,

1971 2945 2298 3014 Impensas,
2326 2941 2611 3007 studium,
2655 2951 2832 2996 curas
2862 2935 3136 3004 estusque
3169 2929 3437 2988 laborum

1707 3027 1858 3100 [Cius
1892 3046 1940 3106 (3
1972 3035 2283 3092 Incassum
2314 3032 2579 3098 tulimus,
2612 3025 2808 3084 nichil
2843 3025 2957 3082 hac
2984 3023 3039 3080 si
3059 3020 3234 3093 parte
3273 3021 3602 3075 lucramur.

215 3105 406 3175 Teque
438 3104 671 3162 Mosella
705 3106 872 3178 petit,
905 3107 1177 3163 momenti
1213 3114 1473 3182 tempore
1505 3113 1714 3186 crevit,

219 3190 507 3250 imbribus
535 3192 739 3249 effusis
775 3195 945 3252 tectis
975 3194 1362 3269 domibusque
1393 3199 1619 3272 solutis,

217 3279 395 3336 Omne
425 3295 612 3350 genus
646 3282 873 3352 pecoris
905 3282 996 3339 vel
1029 3284 1186 3344 alitis
1229 3285 1384 3343 intro
1418 3294 1714 3360 repertum

216 3369 472 3439 Cumque
503 3369 646 3426 viris
678 3385 893 3442 pueros
925 3372 1202 3432 mulieres
1236 3379 1412 3447 atque
1441 3377 1667 3450 puellas

213 3457 482 3526 Pertulit,
518 3459 828 3530 absorptos
861 3461 1024 3520 famae
1054 3463 1292 3533 majoris
1324 3465 1379 3520 in
1413 3481 1656 3524 onmem.

208 3545 435 3600 Interea
468 3547 700 3603 Treveri
731 3563 1003 3606 curarum
1037 3552 1294 3623 pondere
1327 3555 1532 3626 pressi,

205 3631 440 3690 Talibus
473 3633 686 3691 insueti
724 3635 894 3692 bellis
923 3637 1228 3696 intendere
1256 3641 1394 3713 nisi,

211 3721 644 3791 Aggrediuntur
673 3738 820 3794 opus
851 3725 977 3781 sine
1008 3741 1195 3784 muro.
1229 3729 1486 3801 Namque
1509 3732 1748 3802 patebat

212 3808 380 3879 Urbs,
414 3807 523 3865 nisi
555 3812 849 3882 pontificis
881 3829 1052 3884 quam
1082 3816 1369 3886 quondam
1399 3833 1541 3876 cura
1571 3820 1858 3880 Brunonis

211 3895 372 3954 Fecit
403 3897 476 3954 ad
506 3899 821 3956 australem
850 3899 1022 3972 longo
1053 3904 1364 3962 munimine
1392 3905 1640 3979 plagam.

212 3985 376 4044 Vallo
407 3987 774 4046 circumdant
805 3989 894 4046 vel
927 4005 1091 4048 muro
1125 3993 1314 4050 menia
1346 3994 1596 4067 ﬁrmant,

215 4075 502 4134 Custodes
535 4075 854 4149 vigilesque
888 4076 1084 4136 locant
1111 4080 1203 4137 vel
1235 4081 1396 4154 lapsa
1421 4089 1784 4154 restaurant;

215 4167 385 4222 Arma
405 4170 632 4236 parant,
651 4166 959 4238 sociosque
977 4173 1208 4240 vocant,
1225 4170 1567 4244 hostemque
1591 4173 1852 4246 fatigant.

216 4251 320 4320 Qui
345 4252 515 4310 nimis
537 4253 730 4311 elatus
753 4254 959 4326 spoliis
987 4257 1280 4328 rebusque
1309 4261 1584 4318 secundis

210 4339 331 4396 Jam
363 4341 474 4398 sibi
503 4355 802 4399 cessuram
829 4345 1062 4414 gentem
1095 4351 1431 4416 speraverat
1465 4364 1710 4408 omnem.

215 4427 323 4484 Sed
355 4428 532 4487 facies
563 4443 756 4486 rerum
789 4445 1069 4490 conversa
1102 4433 1259 4491 vices
1289 4435 1450 4492 dedit
1482 4436 1598 4494 illis
1627 4457 1640 4504 ;

216 4514 348 4571 Cum
380 4518 610 4574 Treveri
641 4519 869 4576 crebris
900 4522 1249 4579 excursibus
1282 4523 1387 4580 hoc
1421 4530 1782 4598 repetentes,

213 4600 515 4658 Nobilibus
546 4605 751 4660 horum
783 4607 972 4678 captis
1003 4609 1319 4680 gladioque
1353 4611 1690 4684 peremptis,

215 4692 502 4762 Acceptas
533 4691 732 4748 clades
766 4694 857 4751 his
888 4695 1153 4754 cladibus
1184 4700 1630 4772 equiparabant.

284 4779 408 4836 Mox
449 4778 544 4834 ubi
589 4783 866 4854 temperie
906 4785 1219 4854 prodibant
1258 4802 1496 4857 gramen
1536 4797 1592 4848 et
1635 4791 1852 4864 herbe,

214 4867 439 4940 Presul,
483 4883 721 4926 corraso
750 4870 904 4942 quod
939 4873 996 4928 in
1027 4873 1296 4932 ecclesiis
1327 4878 1434 4932 fuit
1463 4892 1606 4935 auro

285 4957 448 5014 Vers.
490 4959 614 5014 251.

1969 3122 2098 3179 Hoc
2124 3120 2328 3178 manet
2353 3118 2640 3191 effugium
2668 3115 2860 3172 cuivis
2891 3113 2961 3170 de
2983 3111 3159 3183 gente
3190 3108 3490 3166 latronum

1968 3209 2209 3266 Exulat
2233 3210 2332 3266 hic
2359 3208 2518 3264 tutus
2547 3205 2654 3277 qui
2673 3202 2988 3276 grassator
3008 3198 3378 3270 populorum.

1968 3300 2097 3356 Hoc
2125 3297 2260 3355 urbi
2289 3297 2503 3354 nostra
2516 3295 2673 3368 fuit,
2706 3293 2812 3350 lioc
2836 3288 3111 3362 patribus
3136 3284 3467 3352 inimicum,

1967 3390 2096 3445 Hoc
2119 3387 2420 3459 vetuitque
2447 3387 2608 3441 viam
2638 3383 2760 3438 tam
2784 3380 2952 3438 uobis
2978 3391 3160 3449 quam
3184 3369 3536 3446 peregrinis.

1967 3479 2089 3536 Hic
2097 3478 2291 3550 fusus
2317 3475 2571 3546 sanguis
2599 3473 2815 3541 uoster,
2845 3468 3154 3539 nostrique
3172 3459 3505 3536 prOpiuqui

1965 3565 2051 3622 Et
2074 3567 2222 3624 socii
2247 3564 2480 3638 pariter
2507 3563 2608 3620 hic
2630 3558 2919 3618 mortibus
2949 3551 3366 3614 occubuerunt.

1964 3655 2090 3712 Sed
2111 3637 2309 3726 magis
2336 3654 2420 3711 ite
2446 3653 2588 3722 viri,
2611 3652 2748 3722 jam
2775 3647 2986 3706 solvite
3013 3643 3259 3702 vincula
3287 3637 3448 3704 colli,

1965 3745 2122 3801 Dum
2146 3743 2343 3811 vacat,
2374 3756 2412 3799 a
2438 3741 2661 3798 cervice
2679 3742 2900 3811 jugum
2926 3733 3195 3807 deponite
3223 3731 3468 3788 durum!

1972 3834 2137 3902 Quod
2181 3832 2476 3904 quantum
2516 3829 2755 3902 premat
2794 3825 3082 3897 ignotum,
3141 3825 3292 3897 quia
3335 3823 3505 3882 venit
3543 3822 3612 3881 in

3387 3914 3579 3984 [usum
3587 3926 3613 3979 ,-

1965 4013 2090 4070 Sed
2113 4026 2252 4068 mea
2279 4009 2606 4082 depositum
2634 4005 2906 4064 concedet
2923 4003 3158 4076 grande
3189 4003 3476 4060 levamen.

1967 4101 2088 4158 Nec
2107 4099 2257 4172 quid
2275 4101 2529 4171 quisque
2550 4109 2732 4154 comes
2754 4095 2920 4152 dicat
2936 4095 3032 4150 vel
3043 4092 3193 4166 quid
3204 4090 3472 4149 velitaut
3487 4089 3613 4146 dua:

1971 4189 2241 4260 Cernite;
2267 4188 2372 4246 sed
2397 4187 2606 4244 vestra
2613 4186 2848 4258 faciem
2875 4183 3196 4256 cognoscite
3225 4179 3428 4239 turba.

1966 4279 2130 4335 Sunt
2152 4278 2337 4334 multo
2354 4275 2568 4349 plures
2593 4275 2701 4347 qui
2729 4287 2834 4332 nos
2863 4274 2920 4330 et
2945 4271 3154 4332 nostra
3181 4267 3507 4342 sequentur

1968 4368 2187 4439 Signa,
2217 4367 2317 4424 vel
2341 4365 2622 4424 adversos
2649 4364 2759 4435 qui
2773 4362 3029 4436 fortiter
3058 4373 3194 4420 ense
3219 4359 3530 4432 repellent.

1887 4421 1940 4480 Β
2337 4421 2610 4513 dominus
2626 4421 2857 4526 qiresul,
2889 4451 2997 4525 qui
3022 4450 3223 4508 nostra
3241 4421 3495 4522 juvabit

1980 4546 2122 4602 Vota
2147 4558 2252 4602 suo
2281 4544 2452 4613 nutu,
2484 4545 2539 4600 si
2569 4543 2782 4614 lingua
2793 4540 2964 4614 forte
2993 4538 3226 4600 tacebit.

1968 4635 2059 4691 Sic
2089 4633 2381 4690 exhortati
2414 4632 2703 4689 scandunt
2735 4631 2961 4700 fastigia
2993 4629 3206 4688 montis

1967 4721 2206 4793 Agmine
2235 4722 2550 4790 condenso,
2581 4721 2868 4790 victisque
2899 4719 3049 4776 viam
3083 4717 3428 4786 tribuentes,

1966 4813 2274 4868 Portarum
2303 4816 2548 4867 cunctos
2579 4807 2773 4866 aditus
2802 4811 2858 4864 et
2895 4822 3092 4864 muros
3121 4817 3502 4878 occupavere.

1966 4901 2083 4958 Nec
2111 4914 2290 4970 mora,
2325 4898 2594 4970 subjecto
2624 4897 2771 4954 clam
2799 4897 2920 4954 lato
2949 4896 3212 4953 menibus
3243 4894 3394 4966 igne,

2017 5001 2182 5056 Vers.
2231 5001 2356 5055 302.

1573 5091 1808 5148 VAerE
1853 5097 2248 5156 LECTIONES.

282 5180 376 5218 ‘0"
403 5183 494 5242 ita
524 5181 705 5242 eodem
729 5199 756 5254 ,ο
767 5181 1043 5256 fortasse
1063 5181 1396 5241 Butolicum
1429 5184 1739 5256 legendum
1769 5192 1872 5250 est.

1795 5280 2026 5338 ΝΟΤᾸΞ.

287 5359 436 5500 (654)
477 5363 580 5416 An.
617 5362 782 5416 1142.

288 5434 422 5504 (655
474 5431 629 5504 Idem
679 5443 811 5488 esse
861 5429 1240 5504 debetiquod
1290 5431 1443 5504 apud
1486 5432 1856 5504 Baldericum

217 5516 266 5559 c.
291 5500 372 5578 :20
398 5501 621 5578 Redolﬂ
655 5515 844 5578 mons,
876 5500 1013 5558 alibi
1042 5500 1355 5560 Reulmont
1380 5502 1572 5578 audit,
1599 5508 1752 5578 quod
1786 5509 1857 5565 ab

215 5573 487 5646 episeopo
517 5573 608 5630 bis
633 5586 765 5630 esse
791 5574 1098 5632 obsessum
1119 5579 1179 5631 et
1202 5578 1340 5634 tunc
1363 5573 1591 5633 domum
1615 5573 1855 5652 captum

1973 5369 2071 5426 ille
2105 5367 2363 5426 breviter
2399 5373 2619 5426 narrat.

2041 5440 2192 5580 (656)
2223 5440 2286 5494 V.
2323 5438 2688 5498 Baldericum
2719 5439 2758 5497 ι.
2794 5439 2831 5496 l.

2063 5513 2190 5580 657)
2228 5508 2374 5580 Kyll.

2063 5508 2179 5567 657⁷
2228 5508 2374 5579 Kyll.

2063 5513 2190 5652 658)
2214 5579 2278 5636 ν.
2315 5579 2374 5639 ϐ(

2038 5579 2188 5652 (658)
2214 5579 2278 5636 ν.
2315 5579 2484 5640 Gesta
2517 5598 2567 5640 c.
2601 5585 2687 5638 29.
