  <div class='ocr_page' id='page_1' title='image "/cluster/home/n/w/nwhite01/storage/ocr_20150623/154/hvd.32044054760129/659.png"; bbox 0 0 3960 6044; ppageno 0'>
   <div class='ocr_carea' id='block_1_1' title="bbox 362 220 514 285">
    <p class='ocr_par' dir='ltr' id='par_1_1' title="bbox 362 220 514 285">
     <span class='ocr_line' id='line_1_1' title="bbox 362 220 514 285; baseline 0 0"><span class='ocrx_word' id='word_1_1' title='bbox 362 220 514 285; x_wconf 78' lang='grc'><strong>130⁸7</strong></span> 
     </span>
    </p>
   </div>
   <div class='ocr_carea' id='block_1_2' title="bbox 361 372 1790 448">
    <p class='ocr_par' dir='ltr' id='par_1_2' title="bbox 361 372 1790 448">
     <span class='ocr_line' id='line_1_2' title="bbox 361 372 1790 448; baseline -0.002 -13"><span class='ocrx_word' id='word_1_2' title='bbox 361 373 596 435; x_wconf 75' lang='lat' dir='ltr'><strong>Exultat</strong></span> <span class='ocrx_word' id='word_1_3' title='bbox 629 372 849 448; x_wconf 90' lang='lat' dir='ltr'><strong>presul,</strong></span> <span class='ocrx_word' id='word_1_4' title='bbox 880 374 1059 446; x_wconf 88' lang='lat' dir='ltr'><strong>gemit</strong></span> <span class='ocrx_word' id='word_1_5' title='bbox 1089 373 1295 445; x_wconf 91' lang='lat' dir='ltr'><strong>hostis,</strong></span> <span class='ocrx_word' id='word_1_6' title='bbox 1332 374 1569 446; x_wconf 87' lang='lat' dir='ltr'><strong>fumigat</strong></span> <span class='ocrx_word' id='word_1_7' title='bbox 1603 374 1790 433; x_wconf 90' lang='lat' dir='ltr'><strong>omnis</strong></span> 
     </span>
    </p>
   </div>
   <div class='ocr_carea' id='block_1_3' title="bbox 362 464 1797 538">
    <p class='ocr_par' dir='ltr' id='par_1_3' title="bbox 362 464 1797 538">
     <span class='ocr_line' id='line_1_3' title="bbox 362 464 1797 538; baseline -0.003 -15"><span class='ocrx_word' id='word_1_8' title='bbox 362 466 538 538; x_wconf 85' lang='lat' dir='ltr'><strong>Mons,</strong></span> <span class='ocrx_word' id='word_1_9' title='bbox 573 480 800 538; x_wconf 92' lang='lat' dir='ltr'><strong>unaque</strong></span> <span class='ocrx_word' id='word_1_10' title='bbox 834 464 925 521; x_wconf 92' lang='lat' dir='ltr'><strong>die</strong></span> <span class='ocrx_word' id='word_1_11' title='bbox 956 465 1113 537; x_wconf 89' lang='lat' dir='ltr'><strong>capit</strong></span> <span class='ocrx_word' id='word_1_12' title='bbox 1144 464 1250 523; x_wconf 90' lang='lat' dir='ltr'><strong>hec</strong></span> <span class='ocrx_word' id='word_1_13' title='bbox 1279 465 1575 522; x_wconf 77' lang='lat' dir='ltr'><strong>contentio</strong></span> <span class='ocrx_word' id='word_1_14' title='bbox 1608 465 1797 523; x_wconf 84' lang='lat' dir='ltr'><strong>finem.</strong></span> 
     </span>
    </p>
   </div>
   <div class='ocr_carea' id='block_1_4' title="bbox 433 554 1891 627">
    <p class='ocr_par' dir='ltr' id='par_1_4' title="bbox 433 554 1891 627">
     <span class='ocr_line' id='line_1_4' title="bbox 433 554 1891 627; baseline -0.001 -15"><span class='ocrx_word' id='word_1_15' title='bbox 433 555 671 613; x_wconf 75' lang='lat' dir='ltr'><strong>Octobri</strong></span> <span class='ocrx_word' id='word_1_16' title='bbox 706 568 904 611; x_wconf 88' lang='lat' dir='ltr'><strong>mense</strong></span> <span class='ocrx_word' id='word_1_17' title='bbox 943 554 1132 611; x_wconf 91' lang='lat' dir='ltr'><strong>medio</strong></span> <span class='ocrx_word' id='word_1_18' title='bbox 1165 554 1284 611; x_wconf 89' lang='lat' dir='ltr'><strong>fere</strong></span> <span class='ocrx_word' id='word_1_19' title='bbox 1316 557 1691 626; x_wconf 88' lang='lat' dir='ltr'><strong>pretereunte</strong></span> <span class='ocrx_word' id='word_1_20' title='bbox 1722 554 1891 627; x_wconf 75' lang='lat'><strong>(659).</strong></span> 
     </span>
    </p>
   </div>
   <div class='ocr_carea' id='block_1_5' title="bbox 360 642 1569 715">
    <p class='ocr_par' dir='ltr' id='par_1_5' title="bbox 360 642 1569 715">
     <span class='ocr_line' id='line_1_5' title="bbox 360 642 1569 715; baseline -0.002 -15"><span class='ocrx_word' id='word_1_21' title='bbox 360 644 634 701; x_wconf 83' lang='lat' dir='ltr'><strong>Autumni</strong></span> <span class='ocrx_word' id='word_1_22' title='bbox 665 658 838 700; x_wconf 89' lang='lat' dir='ltr'><strong>causa</strong></span> <span class='ocrx_word' id='word_1_23' title='bbox 873 643 1097 700; x_wconf 78' lang='lat' dir='ltr'><strong>diffusis</strong></span> <span class='ocrx_word' id='word_1_24' title='bbox 1128 642 1355 700; x_wconf 84' lang='lat' dir='ltr'><strong>civibus</strong></span> <span class='ocrx_word' id='word_1_25' title='bbox 1383 648 1569 715; x_wconf 85' lang='lat' dir='ltr'><strong>extra,</strong></span> 
     </span>
    </p>
   </div>
   <div class='ocr_carea' id='block_1_6' title="bbox 358 731 1450 803">
    <p class='ocr_par' dir='ltr' id='par_1_6' title="bbox 358 731 1450 803">
     <span class='ocr_line' id='line_1_6' title="bbox 358 731 1450 803; baseline -0.003 -14"><span class='ocrx_word' id='word_1_26' title='bbox 358 732 427 789; x_wconf 84' lang='lat' dir='ltr'><strong>Hi</strong></span> <span class='ocrx_word' id='word_1_27' title='bbox 456 731 760 789; x_wconf 74' lang='lat' dir='ltr'><strong>castellani</strong></span> <span class='ocrx_word' id='word_1_28' title='bbox 796 731 945 803; x_wconf 88' lang='lat' dir='ltr'><strong>pulsi</strong></span> <span class='ocrx_word' id='word_1_29' title='bbox 982 732 1294 788; x_wconf 88' lang='lat' dir='ltr'><strong>munimine</strong></span> <span class='ocrx_word' id='word_1_30' title='bbox 1330 732 1450 803; x_wconf 92' lang='lat' dir='ltr'><strong>tali,</strong></span> 
     </span>
    </p>
   </div>
   <div class='ocr_carea' id='block_1_7' title="bbox 361 820 1706 893">
    <p class='ocr_par' dir='ltr' id='par_1_7' title="bbox 361 820 1706 893">
     <span class='ocr_line' id='line_1_7' title="bbox 361 820 1706 893; baseline -0.001 -15"><span class='ocrx_word' id='word_1_31' title='bbox 361 822 499 878; x_wconf 91' lang='lat' dir='ltr'><strong>Cum</strong></span> <span class='ocrx_word' id='word_1_32' title='bbox 534 821 677 878; x_wconf 90' lang='lat' dir='ltr'><strong>duce</strong></span> <span class='ocrx_word' id='word_1_33' title='bbox 712 821 935 893; x_wconf 90' lang='lat' dir='ltr'><strong>prelato</strong></span> <span class='ocrx_word' id='word_1_34' title='bbox 966 825 1244 891; x_wconf 88' lang='lat' dir='ltr'><strong>spargunt</strong></span> <span class='ocrx_word' id='word_1_35' title='bbox 1280 821 1442 891; x_wconf 94' lang='lat' dir='ltr'><strong>ignes</strong></span> <span class='ocrx_word' id='word_1_36' title='bbox 1475 820 1706 890; x_wconf 88' lang='lat' dir='ltr'><strong>iterato,</strong></span> 
     </span>
    </p>
   </div>
   <div class='ocr_carea' id='block_1_8' title="bbox 362 909 1797 981">
    <p class='ocr_par' dir='ltr' id='par_1_8' title="bbox 362 909 1797 981">
     <span class='ocr_line' id='line_1_8' title="bbox 362 909 1797 981; baseline -0.001 -15"><span class='ocrx_word' id='word_1_37' title='bbox 362 910 476 966; x_wconf 87' lang='lat' dir='ltr'><strong>Nec</strong></span> <span class='ocrx_word' id='word_1_38' title='bbox 509 909 665 981; x_wconf 87' lang='lat' dir='ltr'><strong>piget</strong></span> <span class='ocrx_word' id='word_1_39' title='bbox 697 909 923 965; x_wconf 78' lang='lat' dir='ltr'><strong>infestis</strong></span> <span class='ocrx_word' id='word_1_40' title='bbox 955 909 1025 965; x_wconf 89' lang='lat' dir='ltr'><strong>ad</strong></span> <span class='ocrx_word' id='word_1_41' title='bbox 1057 916 1291 981; x_wconf 91' lang='lat' dir='ltr'><strong>pontem</strong></span> <span class='ocrx_word' id='word_1_42' title='bbox 1324 924 1563 966; x_wconf 91' lang='lat' dir='ltr'><strong>currere</strong></span> <span class='ocrx_word' id='word_1_43' title='bbox 1597 909 1797 980; x_wconf 79' lang='lat' dir='ltr'><strong>signis.</strong></span> 
     </span>
    </p>
   </div>
   <div class='ocr_carea' id='block_1_9' title="bbox 363 997 1651 1070">
    <p class='ocr_par' dir='ltr' id='par_1_9' title="bbox 363 997 1651 1070">
     <span class='ocr_line' id='line_1_9' title="bbox 363 997 1651 1070; baseline 0.001 -16"><span class='ocrx_word' id='word_1_44' title='bbox 363 998 640 1055; x_wconf 78' lang='lat' dir='ltr'><strong>Protinus</strong></span> <span class='ocrx_word' id='word_1_45' title='bbox 671 998 896 1053; x_wconf 89' lang='lat' dir='ltr'><strong>intenta</strong></span> <span class='ocrx_word' id='word_1_46' title='bbox 928 997 1098 1054; x_wconf 90' lang='lat' dir='ltr'><strong>bellis</strong></span> <span class='ocrx_word' id='word_1_47' title='bbox 1133 1000 1351 1055; x_wconf 89' lang='lat' dir='ltr'><strong>urbana</strong></span> <span class='ocrx_word' id='word_1_48' title='bbox 1376 999 1651 1070; x_wconf 89' lang='lat' dir='ltr'><strong>juventa;</strong></span> 
     </span>
    </p>
   </div>
   <div class='ocr_carea' id='block_1_10' title="bbox 367 1086 1653 1159">
    <p class='ocr_par' dir='ltr' id='par_1_10' title="bbox 367 1086 1653 1159">
     <span class='ocr_line' id='line_1_10' title="bbox 367 1086 1653 1159; baseline 0 -17"><span class='ocrx_word' id='word_1_49' title='bbox 367 1086 474 1144; x_wconf 87' lang='lat' dir='ltr'><strong>Sed</strong></span> <span class='ocrx_word' id='word_1_50' title='bbox 508 1102 617 1143; x_wconf 91' lang='lat' dir='ltr'><strong>non</strong></span> <span class='ocrx_word' id='word_1_51' title='bbox 650 1087 919 1143; x_wconf 89' lang='lat' dir='ltr'><strong>consulte</strong></span> <span class='ocrx_word' id='word_1_52' title='bbox 951 1088 1074 1143; x_wconf 91' lang='lat' dir='ltr'><strong>sine</strong></span> <span class='ocrx_word' id='word_1_53' title='bbox 1106 1087 1352 1143; x_wconf 90' lang='lat' dir='ltr'><strong>consilio</strong></span> <span class='ocrx_word' id='word_1_54' title='bbox 1390 1087 1653 1159; x_wconf 89' lang='lat' dir='ltr'><strong>sapiente</strong></span> 
     </span>
    </p>
   </div>
   <div class='ocr_carea' id='block_1_11' title="bbox 367 1175 1741 1248">
    <p class='ocr_par' dir='ltr' id='par_1_11' title="bbox 367 1175 1741 1248">
     <span class='ocr_line' id='line_1_11' title="bbox 367 1175 1741 1248; baseline -0.001 -15"><span class='ocrx_word' id='word_1_55' title='bbox 367 1175 549 1233; x_wconf 81' lang='lat' dir='ltr'><strong>Obvia</strong></span> <span class='ocrx_word' id='word_1_56' title='bbox 582 1175 816 1232; x_wconf 79' lang='lat' dir='ltr'><strong>ferratis</strong></span> <span class='ocrx_word' id='word_1_57' title='bbox 849 1175 908 1231; x_wconf 84' lang='lat' dir='ltr'><strong>fit</strong></span> <span class='ocrx_word' id='word_1_58' title='bbox 944 1175 1093 1232; x_wconf 90' lang='lat' dir='ltr'><strong>nuda</strong></span> <span class='ocrx_word' id='word_1_59' title='bbox 1128 1177 1424 1248; x_wconf 86' lang='lat' dir='ltr'><strong>pedesque</strong></span> <span class='ocrx_word' id='word_1_60' title='bbox 1460 1175 1741 1246; x_wconf 83' lang='lat' dir='ltr'><strong>tyrannis.</strong></span> 
     </span>
    </p>
   </div>
   <div class='ocr_carea' id='block_1_12' title="bbox 363 1263 1594 1336">
    <p class='ocr_par' dir='ltr' id='par_1_12' title="bbox 363 1263 1594 1336">
     <span class='ocr_line' id='line_1_12' title="bbox 363 1263 1594 1336; baseline 0.001 -17"><span class='ocrx_word' id='word_1_61' title='bbox 363 1263 639 1335; x_wconf 86' lang='lat' dir='ltr'><strong>Precipiti</strong></span> <span class='ocrx_word' id='word_1_62' title='bbox 671 1279 847 1321; x_wconf 81' lang='lat' dir='ltr'><strong>cursu</strong></span> <span class='ocrx_word' id='word_1_63' title='bbox 881 1265 1078 1321; x_wconf 87' lang='lat' dir='ltr'><strong>vesani</strong></span> <span class='ocrx_word' id='word_1_64' title='bbox 1112 1265 1362 1336; x_wconf 89' lang='lat' dir='ltr'><strong>presidis</strong></span> <span class='ocrx_word' id='word_1_65' title='bbox 1395 1279 1594 1334; x_wconf 86' lang='lat' dir='ltr'><strong>agmen</strong></span> 
     </span>
    </p>
   </div>
   <div class='ocr_carea' id='block_1_13' title="bbox 363 1353 1779 1424">
    <p class='ocr_par' dir='ltr' id='par_1_13' title="bbox 363 1353 1779 1424">
     <span class='ocr_line' id='line_1_13' title="bbox 363 1353 1779 1424; baseline -0.001 -16"><span class='ocrx_word' id='word_1_66' title='bbox 363 1354 424 1409; x_wconf 87' lang='lat' dir='ltr'><strong>In</strong></span> <span class='ocrx_word' id='word_1_67' title='bbox 458 1367 619 1409; x_wconf 88' lang='lat' dir='ltr'><strong>raros</strong></span> <span class='ocrx_word' id='word_1_68' title='bbox 651 1353 844 1423; x_wconf 89' lang='lat' dir='ltr'><strong>agitur</strong></span> <span class='ocrx_word' id='word_1_69' title='bbox 875 1368 1093 1410; x_wconf 91' lang='lat' dir='ltr'><strong>cuneos</strong></span> <span class='ocrx_word' id='word_1_70' title='bbox 1125 1354 1451 1424; x_wconf 81' lang='lat' dir='ltr'><strong>sternitque</strong></span> <span class='ocrx_word' id='word_1_71' title='bbox 1485 1354 1779 1424; x_wconf 81' lang='lat' dir='ltr'><strong>fugatque.</strong></span> 
     </span>
    </p>
   </div>
   <div class='ocr_carea' id='block_1_14' title="bbox 366 1441 1768 1513">
    <p class='ocr_par' dir='ltr' id='par_1_14' title="bbox 366 1441 1768 1513">
     <span class='ocr_line' id='line_1_14' title="bbox 366 1441 1768 1513; baseline 0.001 -17"><span class='ocrx_word' id='word_1_72' title='bbox 366 1441 469 1497; x_wconf 83' lang='lat' dir='ltr'><strong>llic</strong></span> <span class='ocrx_word' id='word_1_73' title='bbox 502 1444 731 1513; x_wconf 86' lang='lat' dir='ltr'><strong>equites</strong></span> <span class='ocrx_word' id='word_1_74' title='bbox 764 1442 929 1512; x_wconf 86' lang='lat' dir='ltr'><strong>pauci</strong></span> <span class='ocrx_word' id='word_1_75' title='bbox 967 1442 1193 1498; x_wconf 86' lang='lat' dir='ltr'><strong>fuerant</strong></span> <span class='ocrx_word' id='word_1_76' title='bbox 1229 1443 1531 1512; x_wconf 87' lang='lat' dir='ltr'><strong>primoque</strong></span> <span class='ocrx_word' id='word_1_77' title='bbox 1567 1442 1768 1511; x_wconf 78' lang='lat' dir='ltr'><strong>fugati,</strong></span> 
     </span>
    </p>
   </div>
   <div class='ocr_carea' id='block_1_15' title="bbox 368 1529 1725 1601">
    <p class='ocr_par' dir='ltr' id='par_1_15' title="bbox 368 1529 1725 1601">
     <span class='ocr_line' id='line_1_15' title="bbox 368 1529 1725 1601; baseline -0.001 -15"><span class='ocrx_word' id='word_1_78' title='bbox 368 1530 438 1586; x_wconf 90' lang='lat' dir='ltr'><strong>Et</strong></span> <span class='ocrx_word' id='word_1_79' title='bbox 470 1529 696 1601; x_wconf 79' lang='lat' dir='ltr'><strong>pedites</strong></span> <span class='ocrx_word' id='word_1_80' title='bbox 727 1530 923 1586; x_wconf 86' lang='lat' dir='ltr'><strong>miseri</strong></span> <span class='ocrx_word' id='word_1_81' title='bbox 955 1536 1174 1586; x_wconf 78' lang='lat' dir='ltr'><strong>mortes</strong></span> <span class='ocrx_word' id='word_1_82' title='bbox 1207 1536 1262 1585; x_wconf 86' lang='lat' dir='ltr'><strong>et</strong></span> <span class='ocrx_word' id='word_1_83' title='bbox 1300 1530 1538 1587; x_wconf 86' lang='lat' dir='ltr'><strong>vulnera</strong></span> <span class='ocrx_word' id='word_1_84' title='bbox 1574 1531 1725 1600; x_wconf 86' lang='lat' dir='ltr'><strong>passi</strong></span> 
     </span>
    </p>
   </div>
   <div class='ocr_carea' id='block_1_16' title="bbox 369 1618 1794 1691">
    <p class='ocr_par' dir='ltr' id='par_1_16' title="bbox 369 1618 1794 1691">
     <span class='ocr_line' id='line_1_16' title="bbox 369 1618 1794 1691; baseline 0.001 -19"><span class='ocrx_word' id='word_1_85' title='bbox 369 1619 533 1688; x_wconf 88' lang='lat' dir='ltr'><strong>Sunt,</strong></span> <span class='ocrx_word' id='word_1_86' title='bbox 571 1618 779 1689; x_wconf 90' lang='lat' dir='ltr'><strong>reliqui</strong></span> <span class='ocrx_word' id='word_1_87' title='bbox 813 1620 1001 1690; x_wconf 90' lang='lat' dir='ltr'><strong>portis</strong></span> <span class='ocrx_word' id='word_1_88' title='bbox 1034 1620 1234 1689; x_wconf 81' lang='lat' dir='ltr'><strong>fugere</strong></span> <span class='ocrx_word' id='word_1_89' title='bbox 1270 1619 1528 1691; x_wconf 89' lang='lat' dir='ltr'><strong>pericula</strong></span> <span class='ocrx_word' id='word_1_90' title='bbox 1560 1619 1794 1676; x_wconf 89' lang='lat' dir='ltr'><strong>clausis.</strong></span> 
     </span>
    </p>
   </div>
   <div class='ocr_carea' id='block_1_17' title="bbox 369 1707 1892 1779">
    <p class='ocr_par' dir='ltr' id='par_1_17' title="bbox 369 1707 1892 1779">
     <span class='ocr_line' id='line_1_17' title="bbox 369 1707 1892 1779; baseline 0.001 -17"><span class='ocrx_word' id='word_1_91' title='bbox 369 1707 529 1763; x_wconf 85' lang='lat' dir='ltr'><strong>Mane</strong></span> <span class='ocrx_word' id='word_1_92' title='bbox 562 1721 814 1779; x_wconf 89' lang='lat' dir='ltr'><strong>sequens</strong></span> <span class='ocrx_word' id='word_1_93' title='bbox 843 1712 1031 1764; x_wconf 87' lang='lat' dir='ltr'><strong>totum</strong></span> <span class='ocrx_word' id='word_1_94' title='bbox 1060 1708 1345 1778; x_wconf 84' lang='lat' dir='ltr'><strong>valdeque</strong></span> <span class='ocrx_word' id='word_1_95' title='bbox 1381 1708 1487 1763; x_wconf 84' lang='lat' dir='ltr'><strong>fuit</strong></span> <span class='ocrx_word' id='word_1_96' title='bbox 1518 1707 1892 1775; x_wconf 90' lang='lat' dir='ltr'><strong>nebulosum;</strong></span> 
     </span>
    </p>
   </div>
   <div class='ocr_carea' id='block_1_18' title="bbox 372 1795 1863 1868">
    <p class='ocr_par' dir='ltr' id='par_1_18' title="bbox 372 1795 1863 1868">
     <span class='ocr_line' id='line_1_18' title="bbox 372 1795 1863 1868; baseline -0.001 -17"><span class='ocrx_word' id='word_1_97' title='bbox 372 1796 578 1852; x_wconf 90' lang='lat' dir='ltr'><strong>Custos</strong></span> <span class='ocrx_word' id='word_1_98' title='bbox 608 1810 719 1852; x_wconf 93' lang='lat' dir='ltr'><strong>non</strong></span> <span class='ocrx_word' id='word_1_99' title='bbox 750 1795 949 1852; x_wconf 89' lang='lat' dir='ltr'><strong>aderat</strong></span> <span class='ocrx_word' id='word_1_100' title='bbox 980 1797 1199 1868; x_wconf 89' lang='lat' dir='ltr'><strong>pontis,</strong></span> <span class='ocrx_word' id='word_1_101' title='bbox 1230 1802 1534 1867; x_wconf 60' lang='lat' dir='ltr'><strong>portaeque</strong></span> <span class='ocrx_word' id='word_1_102' title='bbox 1569 1798 1863 1867; x_wconf 86' lang='lat' dir='ltr'><strong>patebant.</strong></span> 
     </span>
    </p>
   </div>
   <div class='ocr_carea' id='block_1_19' title="bbox 441 1885 770 1941">
    <p class='ocr_par' dir='ltr' id='par_1_19' title="bbox 441 1885 770 1941">
     <span class='ocr_line' id='line_1_19' title="bbox 441 1885 770 1941; baseline -0.006 0"><span class='ocrx_word' id='word_1_103' title='bbox 441 1885 607 1941; x_wconf 87' lang='lat' dir='ltr'><strong>Vers.</strong></span> <span class='ocrx_word' id='word_1_104' title='bbox 648 1887 770 1941; x_wconf 83' lang='grc'>319.</span> 
     </span>
    </p>
   </div>
   <div class='ocr_carea' id='block_1_20' title="bbox 927 172 3207 288">
    <p class='ocr_par' dir='ltr' id='par_1_20' title="bbox 927 172 3207 288">
     <span class='ocr_line' id='line_1_20' title="bbox 927 172 3207 288; baseline 0.001 -3"><span class='ocrx_word' id='word_1_105' title='bbox 927 219 1194 285; x_wconf 87' lang='lat' dir='ltr'><strong>GESTA</strong></span> <span class='ocrx_word' id='word_1_106' title='bbox 1230 220 1585 285; x_wconf 83' lang='lat' dir='ltr'><strong>TREVER.</strong></span> <span class='ocrx_word' id='word_1_107' title='bbox 1620 255 1697 267; x_wconf 91' lang='lat'>—</span> <span class='ocrx_word' id='word_1_108' title='bbox 1726 220 2085 285; x_wconf 82' lang='lat' dir='ltr'><strong>APPEND.</strong></span> <span class='ocrx_word' id='word_1_109' title='bbox 2132 172 2399 288; x_wconf 61' lang='lat' dir='ltr'><strong>GESTA</strong></span> <span class='ocrx_word' id='word_1_110' title='bbox 2439 222 2908 287; x_wconf 83' lang='lat' dir='ltr'><strong>ALBERONIS</strong></span> <span class='ocrx_word' id='word_1_111' title='bbox 2955 222 3207 287; x_wconf 80' lang='lat' dir='ltr'>ARCH.</span> 
     </span>
    </p>
   </div>
   <div class='ocr_carea' id='block_1_21' title="bbox 3614 180 3797 287">
    <p class='ocr_par' dir='ltr' id='par_1_21' title="bbox 3614 180 3797 287">
     <span class='ocr_line' id='line_1_21' title="bbox 3614 180 3797 287; baseline -0.005 0"><span class='ocrx_word' id='word_1_112' title='bbox 3614 180 3797 287; x_wconf 67' lang='lat' dir='ltr'><strong>iace</strong></span> 
     </span>
    </p>
   </div>
   <div class='ocr_carea' id='block_1_22' title="bbox 2034 360 3407 450">
    <p class='ocr_par' dir='ltr' id='par_1_22' title="bbox 2034 360 3407 450">
     <span class='ocr_line' id='line_1_22' title="bbox 2034 360 3407 450; baseline 0 -18"><span class='ocrx_word' id='word_1_113' title='bbox 2034 360 2090 418; x_wconf 87' lang='grc' dir='ltr'><strong>Α</strong></span> <span class='ocrx_word' id='word_1_114' title='bbox 2124 376 2325 436; x_wconf 86' lang='lat' dir='ltr'><strong>Hostis</strong></span> <span class='ocrx_word' id='word_1_115' title='bbox 2357 380 2475 437; x_wconf 90' lang='lat' dir='ltr'><strong>tum</strong></span> <span class='ocrx_word' id='word_1_116' title='bbox 2504 376 2658 436; x_wconf 88' lang='lat' dir='ltr'><strong>lctus</strong></span> <span class='ocrx_word' id='word_1_117' title='bbox 2688 378 2756 435; x_wconf 89' lang='lat' dir='ltr'><strong>de</strong></span> <span class='ocrx_word' id='word_1_118' title='bbox 2787 375 3177 450; x_wconf 88' lang='lat' dir='ltr'><strong>prosperitate</strong></span> <span class='ocrx_word' id='word_1_119' title='bbox 3209 374 3407 450; x_wconf 87' lang='lat' dir='ltr'><strong>priori,</strong></span> 
     </span>
    </p>
   </div>
   <div class='ocr_carea' id='block_1_23' title="bbox 2124 466 3509 539">
    <p class='ocr_par' dir='ltr' id='par_1_23' title="bbox 2124 466 3509 539">
     <span class='ocr_line' id='line_1_23' title="bbox 2124 466 3509 539; baseline 0.001 -18"><span class='ocrx_word' id='word_1_120' title='bbox 2124 466 2392 538; x_wconf 82' lang='lat' dir='ltr'><strong>Advolat,</strong></span> <span class='ocrx_word' id='word_1_121' title='bbox 2427 473 2485 524; x_wconf 91' lang='lat' dir='ltr'><strong>et</strong></span> <span class='ocrx_word' id='word_1_122' title='bbox 2521 468 2706 539; x_wconf 87' lang='lat' dir='ltr'><strong>portis</strong></span> <span class='ocrx_word' id='word_1_123' title='bbox 2743 469 2938 523; x_wconf 88' lang='lat' dir='ltr'><strong>urbem</strong></span> <span class='ocrx_word' id='word_1_124' title='bbox 2973 467 3228 538; x_wconf 88' lang='lat' dir='ltr'><strong>cepisset</strong></span> <span class='ocrx_word' id='word_1_125' title='bbox 3262 466 3509 539; x_wconf 88' lang='lat' dir='ltr'><strong>apertis,</strong></span> 
     </span>
    </p>
   </div>
   <div class='ocr_carea' id='block_1_24' title="bbox 2119 555 3447 627">
    <p class='ocr_par' dir='ltr' id='par_1_24' title="bbox 2119 555 3447 627">
     <span class='ocr_line' id='line_1_24' title="bbox 2119 555 3447 627; baseline 0 -17"><span class='ocrx_word' id='word_1_126' title='bbox 2119 555 2185 611; x_wconf 77' lang='lat' dir='ltr'><strong>Ni</strong></span> <span class='ocrx_word' id='word_1_127' title='bbox 2216 556 2284 612; x_wconf 87' lang='lat' dir='ltr'><strong>de</strong></span> <span class='ocrx_word' id='word_1_128' title='bbox 2312 556 2608 612; x_wconf 89' lang='lat' dir='ltr'><strong>canonicis</strong></span> <span class='ocrx_word' id='word_1_129' title='bbox 2643 556 2874 627; x_wconf 87' lang='lat' dir='ltr'><strong>quidam</strong></span> <span class='ocrx_word' id='word_1_130' title='bbox 2910 556 3060 611; x_wconf 91' lang='lat' dir='ltr'><strong>foret</strong></span> <span class='ocrx_word' id='word_1_131' title='bbox 3092 555 3299 612; x_wconf 88' lang='lat' dir='ltr'><strong>obvius</strong></span> <span class='ocrx_word' id='word_1_132' title='bbox 3331 555 3447 621; x_wconf 84' lang='lat' dir='ltr'><strong>illi;</strong></span> 
     </span>
    </p>
   </div>
   <div class='ocr_carea' id='block_1_25' title="bbox 2120 643 3434 716">
    <p class='ocr_par' dir='ltr' id='par_1_25' title="bbox 2120 643 3434 716">
     <span class='ocr_line' id='line_1_25' title="bbox 2120 643 3434 716; baseline 0 -16"><span class='ocrx_word' id='word_1_133' title='bbox 2120 643 2225 710; x_wconf 83' lang='lat' dir='ltr'><strong>Qui</strong></span> <span class='ocrx_word' id='word_1_134' title='bbox 2257 644 2510 701; x_wconf 72' lang='lat' dir='ltr'><strong>clamore</strong></span> <span class='ocrx_word' id='word_1_135' title='bbox 2545 660 2652 701; x_wconf 92' lang='lat' dir='ltr'><strong>suo</strong></span> <span class='ocrx_word' id='word_1_136' title='bbox 2686 644 2888 716; x_wconf 88' lang='lat' dir='ltr'><strong>paucis</strong></span> <span class='ocrx_word' id='word_1_137' title='bbox 2921 644 3032 700; x_wconf 91' lang='lat' dir='ltr'><strong>sibi</strong></span> <span class='ocrx_word' id='word_1_138' title='bbox 3065 644 3434 715; x_wconf 87' lang='lat' dir='ltr'><strong>consociatis,</strong></span> 
     </span>
    </p>
   </div>
   <div class='ocr_carea' id='block_1_26' title="bbox 2117 732 3558 804">
    <p class='ocr_par' dir='ltr' id='par_1_26' title="bbox 2117 732 3558 804">
     <span class='ocr_line' id='line_1_26' title="bbox 2117 732 3558 804; baseline 0.001 -17"><span class='ocrx_word' id='word_1_139' title='bbox 2117 733 2278 789; x_wconf 84' lang='lat' dir='ltr'><strong>Hunc</strong></span> <span class='ocrx_word' id='word_1_140' title='bbox 2309 733 2485 791; x_wconf 89' lang='lat' dir='ltr'><strong>celeri</strong></span> <span class='ocrx_word' id='word_1_141' title='bbox 2516 748 2698 789; x_wconf 88' lang='lat' dir='ltr'><strong>cursu</strong></span> <span class='ocrx_word' id='word_1_142' title='bbox 2729 733 2950 790; x_wconf 59' lang='lat' dir='ltr'><strong>faribus</strong></span> <span class='ocrx_word' id='word_1_143' title='bbox 2973 732 3192 790; x_wconf 85' lang='lat' dir='ltr'><strong>clausis</strong></span> <span class='ocrx_word' id='word_1_144' title='bbox 3214 733 3558 804; x_wconf 87' lang='lat' dir='ltr'><strong>repulisset.</strong></span> 
     </span>
    </p>
   </div>
   <div class='ocr_carea' id='block_1_27' title="bbox 2118 820 3603 893">
    <p class='ocr_par' dir='ltr' id='par_1_27' title="bbox 2118 820 3603 893">
     <span class='ocr_line' id='line_1_27' title="bbox 2118 820 3603 893; baseline 0 -16"><span class='ocrx_word' id='word_1_145' title='bbox 2118 820 2228 877; x_wconf 90' lang='lat' dir='ltr'><strong>Sed</strong></span> <span class='ocrx_word' id='word_1_146' title='bbox 2258 835 2539 893; x_wconf 81' lang='lat' dir='ltr'><strong>spargens</strong></span> <span class='ocrx_word' id='word_1_147' title='bbox 2568 822 2748 890; x_wconf 78' lang='lat' dir='ltr'><strong>ignes,</strong></span> <span class='ocrx_word' id='word_1_148' title='bbox 2781 827 3026 878; x_wconf 85' lang='lat' dir='ltr'><strong>cunctas</strong></span> <span class='ocrx_word' id='word_1_149' title='bbox 3060 821 3138 876; x_wconf 87' lang='lat' dir='ltr'><strong>ibi</strong></span> <span class='ocrx_word' id='word_1_150' title='bbox 3175 822 3403 877; x_wconf 86' lang='lat' dir='ltr'><strong>subruit</strong></span> <span class='ocrx_word' id='word_1_151' title='bbox 3430 822 3603 889; x_wconf 89' lang='lat' dir='ltr'><strong>edes,</strong></span> 
     </span>
    </p>
   </div>
   <div class='ocr_carea' id='block_1_28' title="bbox 2119 910 3682 981">
    <p class='ocr_par' dir='ltr' id='par_1_28' title="bbox 2119 910 3682 981">
     <span class='ocr_line' id='line_1_28' title="bbox 2119 910 3682 981; baseline 0.001 -16"><span class='ocrx_word' id='word_1_152' title='bbox 2119 910 2376 981; x_wconf 84' lang='lat' dir='ltr'><strong>llincque</strong></span> <span class='ocrx_word' id='word_1_153' title='bbox 2409 918 2649 967; x_wconf 87' lang='lat' dir='ltr'><strong>secutus</strong></span> <span class='ocrx_word' id='word_1_154' title='bbox 2681 926 2783 966; x_wconf 91' lang='lat' dir='ltr'><strong>eos</strong></span> <span class='ocrx_word' id='word_1_155' title='bbox 2815 924 2962 981; x_wconf 87' lang='lat' dir='ltr'><strong>quos</strong></span> <span class='ocrx_word' id='word_1_156' title='bbox 2994 910 3248 966; x_wconf 79' lang='lat' dir='ltr'><strong>diximus</strong></span> <span class='ocrx_word' id='word_1_157' title='bbox 3283 915 3448 966; x_wconf 88' lang='lat' dir='ltr'><strong>antea</strong></span> <span class='ocrx_word' id='word_1_158' title='bbox 3482 911 3682 980; x_wconf 80' lang='lat' dir='ltr'><strong>cives,</strong></span> 
     </span>
    </p>
   </div>
   <div class='ocr_carea' id='block_1_29' title="bbox 2118 998 3475 1069">
    <p class='ocr_par' dir='ltr' id='par_1_29' title="bbox 2118 998 3475 1069">
     <span class='ocr_line' id='line_1_29' title="bbox 2118 998 3475 1069; baseline -0.002 -14"><span class='ocrx_word' id='word_1_159' title='bbox 2118 1000 2234 1055; x_wconf 87' lang='lat' dir='ltr'><strong>Hos</strong></span> <span class='ocrx_word' id='word_1_160' title='bbox 2265 999 2602 1056; x_wconf 79' lang='lat' dir='ltr'><strong>confiscavit</strong></span> <span class='ocrx_word' id='word_1_161' title='bbox 2637 999 2949 1069; x_wconf 85' lang='lat' dir='ltr'><strong>villamque</strong></span> <span class='ocrx_word' id='word_1_162' title='bbox 2982 998 3279 1055; x_wconf 90' lang='lat' dir='ltr'><strong>solotenus</strong></span> <span class='ocrx_word' id='word_1_163' title='bbox 3310 1000 3475 1055; x_wconf 91' lang='lat' dir='ltr'><strong>ussit.</strong></span> 
     </span>
    </p>
   </div>
   <div class='ocr_carea' id='block_1_30' title="bbox 2120 1086 3781 1159">
    <p class='ocr_par' dir='ltr' id='par_1_30' title="bbox 2120 1086 3781 1159">
     <span class='ocr_line' id='line_1_30' title="bbox 2120 1086 3781 1159; baseline -0.002 -15"><span class='ocrx_word' id='word_1_164' title='bbox 2120 1087 2325 1144; x_wconf 88' lang='lat' dir='ltr'><strong>Presul</strong></span> <span class='ocrx_word' id='word_1_165' title='bbox 2344 1088 2493 1144; x_wconf 88' lang='lat' dir='ltr'><strong>enim</strong></span> <span class='ocrx_word' id='word_1_166' title='bbox 2517 1103 2709 1159; x_wconf 87' lang='lat' dir='ltr'><strong>regem</strong></span> <span class='ocrx_word' id='word_1_167' title='bbox 2735 1088 3014 1144; x_wconf 87' lang='lat' dir='ltr'><strong>conduxit</strong></span> <span class='ocrx_word' id='word_1_168' title='bbox 3036 1088 3090 1142; x_wconf 93' lang='lat' dir='ltr'><strong>in</strong></span> <span class='ocrx_word' id='word_1_169' title='bbox 3115 1089 3259 1144; x_wconf 89' lang='lat' dir='ltr'><strong>hanc</strong></span> <span class='ocrx_word' id='word_1_170' title='bbox 3283 1088 3581 1158; x_wconf 80' lang='lat' dir='ltr'><strong>regionem</strong></span> <span class='ocrx_word' id='word_1_171' title='bbox 3605 1086 3781 1157; x_wconf 69' lang='lat'><strong>(660‘).</strong></span> 
     </span>
    </p>
   </div>
   <div class='ocr_carea' id='block_1_31' title="bbox 2119 1176 3657 1248">
    <p class='ocr_par' dir='ltr' id='par_1_31' title="bbox 2119 1176 3657 1248">
     <span class='ocr_line' id='line_1_31' title="bbox 2119 1176 3657 1248; baseline -0.001 -15"><span class='ocrx_word' id='word_1_172' title='bbox 2119 1177 2190 1233; x_wconf 88' lang='lat' dir='ltr'><strong>Et</strong></span> <span class='ocrx_word' id='word_1_173' title='bbox 2218 1183 2414 1234; x_wconf 89' lang='lat' dir='ltr'><strong>turres</strong></span> <span class='ocrx_word' id='word_1_174' title='bbox 2446 1181 2501 1232; x_wconf 88' lang='lat' dir='ltr'><strong>et</strong></span> <span class='ocrx_word' id='word_1_175' title='bbox 2535 1182 2730 1233; x_wconf 88' lang='lat' dir='ltr'><strong>castra</strong></span> <span class='ocrx_word' id='word_1_176' title='bbox 2767 1177 2933 1248; x_wconf 92' lang='lat' dir='ltr'><strong>petit,</strong></span> <span class='ocrx_word' id='word_1_177' title='bbox 2969 1176 3359 1247; x_wconf 80' lang='lat' dir='ltr'><strong>comitemque</strong></span> <span class='ocrx_word' id='word_1_178' title='bbox 3389 1181 3657 1246; x_wconf 82' lang='lat' dir='ltr'><strong>coartat,</strong></span> 
     </span>
    </p>
   </div>
   <div class='ocr_carea' id='block_1_32' title="bbox 2121 1264 3449 1337">
    <p class='ocr_par' dir='ltr' id='par_1_32' title="bbox 2121 1264 3449 1337">
     <span class='ocr_line' id='line_1_32' title="bbox 2121 1264 3449 1337; baseline -0.002 -15"><span class='ocrx_word' id='word_1_179' title='bbox 2121 1264 2187 1322; x_wconf 85' lang='lat' dir='ltr'><strong>Et</strong></span> <span class='ocrx_word' id='word_1_180' title='bbox 2221 1264 2327 1322; x_wconf 86' lang='lat' dir='ltr'><strong>sibi</strong></span> <span class='ocrx_word' id='word_1_181' title='bbox 2360 1266 2666 1322; x_wconf 91' lang='lat' dir='ltr'><strong>commissa</strong></span> <span class='ocrx_word' id='word_1_182' title='bbox 2703 1264 2952 1337; x_wconf 86' lang='lat' dir='ltr'><strong>privavit</strong></span> <span class='ocrx_word' id='word_1_183' title='bbox 2987 1280 3116 1321; x_wconf 90' lang='lat' dir='ltr'><strong>eum</strong></span> <span class='ocrx_word' id='word_1_184' title='bbox 3148 1264 3449 1330; x_wconf 88' lang='lat' dir='ltr'><strong>comitiva;</strong></span> 
     </span>
    </p>
   </div>
   <div class='ocr_carea' id='block_1_33' title="bbox 2122 1352 3560 1425">
    <p class='ocr_par' dir='ltr' id='par_1_33' title="bbox 2122 1352 3560 1425">
     <span class='ocr_line' id='line_1_33' title="bbox 2122 1352 3560 1425; baseline -0.001 -14"><span class='ocrx_word' id='word_1_185' title='bbox 2122 1353 2300 1419; x_wconf 89' lang='lat' dir='ltr'><strong>Quam</strong></span> <span class='ocrx_word' id='word_1_186' title='bbox 2336 1354 2405 1410; x_wconf 89' lang='lat' dir='ltr'><strong>de</strong></span> <span class='ocrx_word' id='word_1_187' title='bbox 2440 1354 2804 1425; x_wconf 83' lang='lat' dir='ltr'><strong>principibus</strong></span> <span class='ocrx_word' id='word_1_188' title='bbox 2842 1353 3126 1424; x_wconf 90' lang='lat' dir='ltr'><strong>regnique</strong></span> <span class='ocrx_word' id='word_1_189' title='bbox 3158 1352 3426 1409; x_wconf 74' lang='lat' dir='ltr'><strong>fidelibus</strong></span> <span class='ocrx_word' id='word_1_190' title='bbox 3460 1354 3560 1409; x_wconf 90' lang='lat' dir='ltr'><strong>uni</strong></span> 
     </span>
    </p>
   </div>
   <div class='ocr_carea' id='block_1_34' title="bbox 2122 1441 3781 1513">
    <p class='ocr_par' dir='ltr' id='par_1_34' title="bbox 2122 1441 3781 1513">
     <span class='ocr_line' id='line_1_34' title="bbox 2122 1441 3781 1513; baseline -0.001 -17"><span class='ocrx_word' id='word_1_191' title='bbox 2122 1441 2411 1513; x_wconf 86' lang='lat' dir='ltr'><strong>Subdidit,</strong></span> <span class='ocrx_word' id='word_1_192' title='bbox 2466 1442 2605 1498; x_wconf 84' lang='lat' dir='ltr'><strong>haut</strong></span> <span class='ocrx_word' id='word_1_193' title='bbox 2654 1441 2745 1475; x_wconf 74' lang='grc'><strong>⁴⁰⁴⁸</strong></span> <span class='ocrx_word' id='word_1_194' title='bbox 2792 1442 2925 1512; x_wconf 87' lang='lat' dir='ltr'><strong>quia</strong></span> <span class='ocrx_word' id='word_1_195' title='bbox 2963 1456 3067 1498; x_wconf 87' lang='lat' dir='ltr'><strong>nec</strong></span> <span class='ocrx_word' id='word_1_196' title='bbox 3111 1441 3207 1497; x_wconf 78' lang='lat' dir='ltr'><strong>diu</strong></span> <span class='ocrx_word' id='word_1_197' title='bbox 3249 1441 3428 1498; x_wconf 90' lang='lat' dir='ltr'><strong>multo</strong></span> <span class='ocrx_word' id='word_1_198' title='bbox 3466 1447 3613 1513; x_wconf 87' lang='lat' dir='ltr'><strong>post</strong></span> <span class='ocrx_word' id='word_1_199' title='bbox 3659 1443 3781 1499; x_wconf 86' lang='lat' dir='ltr'><strong>obit</strong></span> 
     </span>
    </p>
   </div>
   <div class='ocr_carea' id='block_1_35' title="bbox 3628 1530 3777 1601">
    <p class='ocr_par' dir='ltr' id='par_1_35' title="bbox 3628 1530 3777 1601">
     <span class='ocr_line' id='line_1_35' title="bbox 3628 1530 3777 1601; baseline 0.02 -17"><span class='ocrx_word' id='word_1_200' title='bbox 3628 1530 3777 1601; x_wconf 65' lang='lat' dir='ltr'><strong>{illi},</strong></span> 
     </span>
    </p>
   </div>
   <div class='ocr_carea' id='block_1_36' title="bbox 2124 1617 3484 1689">
    <p class='ocr_par' dir='ltr' id='par_1_36' title="bbox 2124 1617 3484 1689">
     <span class='ocr_line' id='line_1_36' title="bbox 2124 1617 3484 1689; baseline 0 -14"><span class='ocrx_word' id='word_1_201' title='bbox 2124 1621 2193 1675; x_wconf 91' lang='lat' dir='ltr'><strong>Et</strong></span> <span class='ocrx_word' id='word_1_202' title='bbox 2225 1617 2473 1676; x_wconf 89' lang='lat' dir='ltr'><strong>redeunt</strong></span> <span class='ocrx_word' id='word_1_203' title='bbox 2507 1634 2740 1676; x_wconf 85' lang='lat' dir='ltr'><strong>rursum</strong></span> <span class='ocrx_word' id='word_1_204' title='bbox 2775 1619 3053 1676; x_wconf 87' lang='lat' dir='ltr'><strong>beneficia</strong></span> <span class='ocrx_word' id='word_1_205' title='bbox 3085 1623 3252 1687; x_wconf 84' lang='lat' dir='ltr'><strong>grata</strong></span> <span class='ocrx_word' id='word_1_206' title='bbox 3287 1619 3484 1689; x_wconf 89' lang='lat' dir='ltr'><strong>priori.</strong></span> 
     </span>
    </p>
   </div>
   <div class='ocr_carea' id='block_1_37' title="bbox 2044 1705 3673 1779">
    <p class='ocr_par' dir='ltr' id='par_1_37' title="bbox 2044 1705 3673 1779">
     <span class='ocr_line' id='line_1_37' title="bbox 2044 1705 3673 1779; baseline -0.001 -16"><span class='ocrx_word' id='word_1_207' title='bbox 2044 1718 2093 1776; x_wconf 76' lang='grc' dir='ltr'>Β</span> <span class='ocrx_word' id='word_1_208' title='bbox 2127 1708 2236 1764; x_wconf 89' lang='lat' dir='ltr'><strong>Sed</strong></span> <span class='ocrx_word' id='word_1_209' title='bbox 2265 1712 2459 1763; x_wconf 87' lang='lat' dir='ltr'><strong>tamen</strong></span> <span class='ocrx_word' id='word_1_210' title='bbox 2495 1705 2597 1764; x_wconf 87' lang='lat' dir='ltr'><strong>hec</strong></span> <span class='ocrx_word' id='word_1_211' title='bbox 2633 1707 2825 1779; x_wconf 86' lang='lat' dir='ltr'><strong>presul</strong></span> <span class='ocrx_word' id='word_1_212' title='bbox 2860 1708 3149 1764; x_wconf 83' lang='lat' dir='ltr'><strong>concessit</strong></span> <span class='ocrx_word' id='word_1_213' title='bbox 3183 1716 3360 1763; x_wconf 82' lang='lat' dir='ltr'><strong>corde</strong></span> <span class='ocrx_word' id='word_1_214' title='bbox 3395 1707 3673 1777; x_wconf 85' lang='lat' dir='ltr'><strong>benigno,</strong></span> 
     </span>
    </p>
   </div>
   <div class='ocr_carea' id='block_1_38' title="bbox 2128 1795 3559 1867">
    <p class='ocr_par' dir='ltr' id='par_1_38' title="bbox 2128 1795 3559 1867">
     <span class='ocr_line' id='line_1_38' title="bbox 2128 1795 3559 1867; baseline -0.001 -16"><span class='ocrx_word' id='word_1_215' title='bbox 2128 1797 2300 1852; x_wconf 90' lang='lat' dir='ltr'><strong>Letus</strong></span> <span class='ocrx_word' id='word_1_216' title='bbox 2332 1795 2384 1851; x_wconf 92' lang='lat' dir='ltr'><strong>in</strong></span> <span class='ocrx_word' id='word_1_217' title='bbox 2416 1797 2524 1852; x_wconf 93' lang='lat' dir='ltr'><strong>hoc</strong></span> <span class='ocrx_word' id='word_1_218' title='bbox 2556 1796 2766 1854; x_wconf 78' lang='lat' dir='ltr'><strong>bellum</strong></span> <span class='ocrx_word' id='word_1_219' title='bbox 2794 1797 2909 1867; x_wconf 78' lang='lat' dir='ltr'><strong>jam</strong></span> <span class='ocrx_word' id='word_1_220' title='bbox 2941 1796 3195 1853; x_wconf 86' lang='lat' dir='ltr'><strong>fmivisse</strong></span> <span class='ocrx_word' id='word_1_221' title='bbox 3226 1800 3559 1851; x_wconf 89' lang='lat' dir='ltr'><strong>cruentum.</strong></span> 
     </span>
    </p>
   </div>
   <div class='ocr_carea' id='block_1_39' title="bbox 2198 1886 2532 1940">
    <p class='ocr_par' dir='ltr' id='par_1_39' title="bbox 2198 1886 2532 1940">
     <span class='ocr_line' id='line_1_39' title="bbox 2198 1886 2532 1940; baseline 0 0"><span class='ocrx_word' id='word_1_222' title='bbox 2198 1886 2362 1940; x_wconf 89' lang='lat' dir='ltr'><strong>Vers.</strong></span> <span class='ocrx_word' id='word_1_223' title='bbox 2407 1888 2532 1940; x_wconf 77' lang='lat'><strong>385.</strong></span> 
     </span>
    </p>
   </div>
   <div class='ocr_carea' id='block_1_40' title="bbox 1832 1972 2296 2033">
    <p class='ocr_par' dir='ltr' id='par_1_40' title="bbox 1832 1972 2296 2033">
     <span class='ocr_line' id='line_1_40' title="bbox 1832 1972 2296 2033; baseline -0.002 0"><span class='ocrx_word' id='word_1_224' title='bbox 1832 1973 2000 2033; x_wconf 82' lang='lat' dir='ltr'><strong>EXP</strong></span> <span class='ocrx_word' id='word_1_225' title='bbox 2010 1972 2076 2033; x_wconf 80' lang='lat' dir='ltr'><strong>LI</strong></span> <span class='ocrx_word' id='word_1_226' title='bbox 2088 1972 2212 2033; x_wconf 84' lang='lat' dir='ltr'><strong>CIT</strong></span> <span class='ocrx_word' id='word_1_227' title='bbox 2228 1972 2296 2008; x_wconf 82' lang='lat'><strong>‘°‘</strong></span> 
     </span>
    </p>
   </div>
   <div class='ocr_carea' id='block_1_41' title="bbox 1730 2078 2404 2135">
    <p class='ocr_par' dir='ltr' id='par_1_41' title="bbox 1730 2078 2404 2135">
     <span class='ocr_line' id='line_1_41' title="bbox 1730 2078 2404 2135; baseline -0.003 0"><span class='ocrx_word' id='word_1_228' title='bbox 1730 2080 1965 2135; x_wconf 60' lang='lat' dir='ltr'><strong>VARH“.</strong></span> <span class='ocrx_word' id='word_1_229' title='bbox 2008 2078 2404 2134; x_wconf 85' lang='lat' dir='ltr'><strong>LECTIONES.</strong></span> 
     </span>
    </p>
   </div>
   <div class='ocr_carea' id='block_1_42' title="bbox 437 2175 2330 2252">
    <p class='ocr_par' dir='ltr' id='par_1_42' title="bbox 437 2175 2330 2252">
     <span class='ocr_line' id='line_1_42' title="bbox 437 2175 2330 2252; baseline -0.002 -19"><span class='ocrx_word' id='word_1_230' title='bbox 437 2176 531 2211; x_wconf 78' lang='grc'><strong>⁴⁰⁴⁸</strong></span> <span class='ocrx_word' id='word_1_231' title='bbox 556 2177 695 2235; x_wconf 92' lang='lat' dir='ltr'><strong>haut</strong></span> <span class='ocrx_word' id='word_1_232' title='bbox 721 2179 850 2250; x_wconf 89' lang='lat' dir='ltr'><strong>quia</strong></span> <span class='ocrx_word' id='word_1_233' title='bbox 882 2178 1033 2252; x_wconf 76' lang='lat' dir='ltr'><strong>quid</strong></span> <span class='ocrx_word' id='word_1_234' title='bbox 1057 2177 1176 2237; x_wconf 74' lang='lat' dir='ltr'><strong>sibi</strong></span> <span class='ocrx_word' id='word_1_235' title='bbox 1204 2177 1394 2235; x_wconf 72' lang='lat' dir='ltr'><strong>velint</strong></span> <span class='ocrx_word' id='word_1_236' title='bbox 1420 2177 1633 2235; x_wconf 76' lang='lat' dir='ltr'><strong>nescio.</strong></span> <span class='ocrx_word' id='word_1_237' title='bbox 1675 2176 1767 2210; x_wconf 81' lang='lat'><strong>‘°‘°</strong></span> <span class='ocrx_word' id='word_1_238' title='bbox 1798 2175 1888 2234; x_wconf 79' lang='lat' dir='ltr'><strong>bis</strong></span> <span class='ocrx_word' id='word_1_239' title='bbox 1914 2176 2205 2248; x_wconf 73' lang='lat' dir='ltr'><strong>scriptum</strong></span> <span class='ocrx_word' id='word_1_240' title='bbox 2225 2176 2330 2232; x_wconf 81' lang='lat' dir='ltr'><strong>est.</strong></span> 
     </span>
    </p>
   </div>
   <div class='ocr_carea' id='block_1_43' title="bbox 1949 2291 2177 2348">
    <p class='ocr_par' dir='ltr' id='par_1_43' title="bbox 1949 2291 2177 2348">
     <span class='ocr_line' id='line_1_43' title="bbox 1949 2291 2177 2348; baseline -0.004 0"><span class='ocrx_word' id='word_1_241' title='bbox 1949 2291 2151 2348; x_wconf 68' lang='lat' dir='ltr'><strong>NOT/E</strong></span> <span class='ocrx_word' id='word_1_242' title='bbox 2163 2332 2177 2347; x_wconf 93' lang='lat'><strong>.</strong></span> 
     </span>
    </p>
   </div>
   <div class='ocr_carea' id='block_1_44' title="bbox 446 2407 954 2481">
    <p class='ocr_par' dir='ltr' id='par_1_44' title="bbox 446 2407 954 2481">
     <span class='ocr_line' id='line_1_44' title="bbox 446 2407 954 2481; baseline 0.002 -15"><span class='ocrx_word' id='word_1_243' title='bbox 446 2407 596 2481; x_wconf 74' lang='lat'><strong>(659)</strong></span> <span class='ocrx_word' id='word_1_244' title='bbox 628 2411 734 2467; x_wconf 83' lang='lat' dir='ltr'><strong>An.</strong></span> <span class='ocrx_word' id='word_1_245' title='bbox 780 2411 954 2468; x_wconf 66' lang='lat' dir='ltr'><strong>aut?</strong></span> 
     </span>
    </p>
   </div>
   <div class='ocr_carea' id='block_1_45' title="bbox 2122 2402 3769 2550">
    <p class='ocr_par' dir='ltr' id='par_1_45' title="bbox 2122 2402 3769 2550">
     <span class='ocr_line' id='line_1_45' title="bbox 2122 2402 3769 2550; baseline 0.002 -87"><span class='ocrx_word' id='word_1_246' title='bbox 2122 2402 2702 2550; x_wconf 43' lang='lat' dir='ltr'><strong>v1S6Itgb)ag’é.Contin.</strong></span> <span class='ocrx_word' id='word_1_247' title='bbox 2747 2404 3022 2478; x_wconf 87' lang='lat' dir='ltr'><strong>Sigiberti</strong></span> <span class='ocrx_word' id='word_1_248' title='bbox 3053 2407 3344 2465; x_wconf 88' lang='lat' dir='ltr'><strong>Gemblac.</strong></span> <span class='ocrx_word' id='word_1_249' title='bbox 3379 2422 3432 2466; x_wconf 87' lang='lat' dir='ltr'><strong>a.</strong></span> <span class='ocrx_word' id='word_1_250' title='bbox 3468 2412 3629 2482; x_wconf 72' lang='lat' dir='ltr'><strong>1N5,</strong></span> <span class='ocrx_word' id='word_1_251' title='bbox 3668 2409 3769 2468; x_wconf 89' lang='lat' dir='ltr'><strong>SS.</strong></span> 
     </span>
    </p>
   </div>
   <div class='ocr_carea' id='block_1_46' title="bbox 998 2725 3154 2853">
    <p class='ocr_par' dir='ltr' id='par_1_46' title="bbox 998 2725 3154 2853">
     <span class='ocr_line' id='line_1_46' title="bbox 998 2725 3154 2853; baseline 0 -2"><span class='ocrx_word' id='word_1_252' title='bbox 998 2757 1373 2852; x_wconf 89' lang='lat' dir='ltr'><strong>GESTA</strong></span> <span class='ocrx_word' id='word_1_253' title='bbox 1482 2725 2153 2850; x_wconf 82' lang='lat' dir='ltr'><strong>ALBERONIS</strong></span> <span class='ocrx_word' id='word_1_254' title='bbox 2245 2755 3154 2853; x_wconf 84' lang='lat' dir='ltr'><strong>ARCHIEPISCOPI</strong></span> 
     </span>
    </p>
   </div>
   <div class='ocr_carea' id='block_1_47' title="bbox 1489 2915 2662 3010">
    <p class='ocr_par' dir='ltr' id='par_1_47' title="bbox 1489 2915 2662 3010">
     <span class='ocr_line' id='line_1_47' title="bbox 1489 2915 2662 3010; baseline 0.001 -2"><span class='ocrx_word' id='word_1_255' title='bbox 1489 2916 1988 3008; x_wconf 77' lang='lat' dir='ltr'><strong>AUCTOBE</strong></span> <span class='ocrx_word' id='word_1_256' title='bbox 2061 2915 2662 3010; x_wconf 80' lang='lat' dir='ltr'><strong>BALDERICO</strong></span> 
     </span>
    </p>
   </div>
   <div class='ocr_carea' id='block_1_48' title="bbox 450 3081 3789 3187">
    <p class='ocr_par' dir='ltr' id='par_1_48' title="bbox 450 3081 3789 3187">
     <span class='ocr_line' id='line_1_48' title="bbox 450 3081 3789 3187; baseline -0 -16"><span class='ocrx_word' id='word_1_257' title='bbox 450 3110 757 3173; x_wconf 85' lang='lat' dir='ltr'><strong>Alberonis</strong></span> <span class='ocrx_word' id='word_1_258' title='bbox 776 3113 1143 3173; x_wconf 88' lang='lat' dir='ltr'><strong>Trevirorum</strong></span> <span class='ocrx_word' id='word_1_259' title='bbox 1167 3112 1590 3187; x_wconf 84' lang='lat' dir='ltr'><strong>archiepiscOpi</strong></span> <span class='ocrx_word' id='word_1_260' title='bbox 1610 3112 1761 3171; x_wconf 86' lang='lat' dir='ltr'><strong>facta</strong></span> <span class='ocrx_word' id='word_1_261' title='bbox 1783 3115 1842 3171; x_wconf 90' lang='lat' dir='ltr'><strong>et</strong></span> <span class='ocrx_word' id='word_1_262' title='bbox 1866 3109 2020 3169; x_wconf 88' lang='lat' dir='ltr'><strong>dicta</strong></span> <span class='ocrx_word' id='word_1_263' title='bbox 2053 3081 2102 3145; x_wconf 67' lang='grc' dir='ltr'>θ</span> <span class='ocrx_word' id='word_1_264' title='bbox 2131 3111 2210 3170; x_wconf 91' lang='lat' dir='ltr'><strong>nii</strong></span> <span class='ocrx_word' id='word_1_265' title='bbox 2240 3115 2417 3186; x_wconf 87' lang='lat' dir='ltr'><strong>atque</strong></span> <span class='ocrx_word' id='word_1_266' title='bbox 2446 3113 2676 3173; x_wconf 86' lang='lat' dir='ltr'><strong>consilii</strong></span> <span class='ocrx_word' id='word_1_267' title='bbox 2714 3112 2808 3174; x_wconf 85' lang='lat' dir='ltr'><strong>sui</strong></span> <span class='ocrx_word' id='word_1_268' title='bbox 2848 3113 3027 3173; x_wconf 85' lang='lat' dir='ltr'><strong>armis</strong></span> <span class='ocrx_word' id='word_1_269' title='bbox 3063 3126 3196 3172; x_wconf 89' lang='lat' dir='ltr'><strong>esse</strong></span> <span class='ocrx_word' id='word_1_270' title='bbox 3237 3111 3521 3171; x_wconf 71' lang='lat' dir='ltr'><strong>aecclesiaa</strong></span> <span class='ocrx_word' id='word_1_271' title='bbox 3561 3116 3789 3172; x_wconf 69' lang='lat' dir='ltr'><strong>sancta</strong></span> 
     </span>
    </p>
   </div>
   <div class='ocr_carea' id='block_1_49' title="bbox 380 3201 2023 3274">
    <p class='ocr_par' dir='ltr' id='par_1_49' title="bbox 380 3201 2023 3274">
     <span class='ocr_line' id='line_1_49' title="bbox 380 3201 2023 3274; baseline -0.001 -16"><span class='ocrx_word' id='word_1_272' title='bbox 380 3203 777 3259; x_wconf 88' lang='lat' dir='ltr'><strong>memorabilia</strong></span> <span class='ocrx_word' id='word_1_273' title='bbox 818 3210 1182 3274; x_wconf 89' lang='lat' dir='ltr'><strong>narraturus,</strong></span> <span class='ocrx_word' id='word_1_274' title='bbox 1219 3219 1338 3260; x_wconf 89' lang='lat' dir='ltr'><strong>rem</strong></span> <span class='ocrx_word' id='word_1_275' title='bbox 1372 3202 1680 3274; x_wconf 83' lang='lat' dir='ltr'><strong>aggredior</strong></span> <span class='ocrx_word' id='word_1_276' title='bbox 1708 3201 1860 3273; x_wconf 92' lang='lat' dir='ltr'><strong>apud</strong></span> <span class='ocrx_word' id='word_1_277' title='bbox 1897 3215 2023 3272; x_wconf 90' lang='lat' dir='ltr'><strong>pos-</strong></span> 
     </span>
    </p>
   </div>
   <div class='ocr_carea' id='block_1_50' title="bbox 377 3290 2021 3362">
    <p class='ocr_par' dir='ltr' id='par_1_50' title="bbox 377 3290 2021 3362">
     <span class='ocr_line' id='line_1_50' title="bbox 377 3290 2021 3362; baseline -0.001 -16"><span class='ocrx_word' id='word_1_278' title='bbox 377 3295 535 3347; x_wconf 89' lang='lat' dir='ltr'><strong>teros</strong></span> <span class='ocrx_word' id='word_1_279' title='bbox 566 3292 758 3349; x_wconf 91' lang='lat' dir='ltr'><strong>minus</strong></span> <span class='ocrx_word' id='word_1_280' title='bbox 792 3291 925 3349; x_wconf 80' lang='lat' dir='ltr'><strong>fidei</strong></span> <span class='ocrx_word' id='word_1_281' title='bbox 957 3292 1285 3349; x_wconf 88' lang='lat' dir='ltr'><strong>habituram</strong></span> <span class='ocrx_word' id='word_1_282' title='bbox 1311 3307 1479 3362; x_wconf 87' lang='lat' dir='ltr'><strong>quam</strong></span> <span class='ocrx_word' id='word_1_283' title='bbox 1502 3290 1788 3348; x_wconf 83' lang='lat' dir='ltr'><strong>miraculi.</strong></span> <span class='ocrx_word' id='word_1_284' title='bbox 1825 3290 1881 3344; x_wconf 88' lang='lat' dir='ltr'><strong>In</strong></span> <span class='ocrx_word' id='word_1_285' title='bbox 1910 3303 2021 3359; x_wconf 91' lang='lat' dir='ltr'><strong>qua</strong></span> 
     </span>
    </p>
   </div>
   <div class='ocr_carea' id='block_1_51' title="bbox 376 3377 2022 3451">
    <p class='ocr_par' dir='ltr' id='par_1_51' title="bbox 376 3377 2022 3451">
     <span class='ocr_line' id='line_1_51' title="bbox 376 3377 2022 3451; baseline -0.001 -17"><span class='ocrx_word' id='word_1_286' title='bbox 376 3394 458 3449; x_wconf 91' lang='lat' dir='ltr'><strong>re,</strong></span> <span class='ocrx_word' id='word_1_287' title='bbox 504 3380 676 3451; x_wconf 88' lang='lat' dir='ltr'><strong>scias,</strong></span> <span class='ocrx_word' id='word_1_288' title='bbox 720 3381 927 3450; x_wconf 85' lang='lat' dir='ltr'><strong>lector,</strong></span> <span class='ocrx_word' id='word_1_289' title='bbox 970 3394 1076 3437; x_wconf 91' lang='lat' dir='ltr'><strong>nec</strong></span> <span class='ocrx_word' id='word_1_290' title='bbox 1118 3380 1275 3437; x_wconf 88' lang='lat' dir='ltr'><strong>laudi</strong></span> <span class='ocrx_word' id='word_1_291' title='bbox 1319 3395 1422 3436; x_wconf 91' lang='lat' dir='ltr'><strong>nec</strong></span> <span class='ocrx_word' id='word_1_292' title='bbox 1464 3377 1881 3451; x_wconf 88' lang='lat' dir='ltr'><strong>vituperationi</strong></span> <span class='ocrx_word' id='word_1_293' title='bbox 1935 3392 2022 3432; x_wconf 91' lang='lat' dir='ltr'><strong>me</strong></span> 
     </span>
    </p>
   </div>
   <div class='ocr_carea' id='block_1_52' title="bbox 375 3468 1061 3537">
    <p class='ocr_par' dir='ltr' id='par_1_52' title="bbox 375 3468 1061 3537">
     <span class='ocr_line' id='line_1_52' title="bbox 375 3468 1061 3537; baseline -0.001 -13"><span class='ocrx_word' id='word_1_294' title='bbox 375 3468 633 3537; x_wconf 87' lang='lat' dir='ltr'><strong>studere,</strong></span> <span class='ocrx_word' id='word_1_295' title='bbox 670 3468 772 3524; x_wconf 90' lang='lat' dir='ltr'><strong>sed</strong></span> <span class='ocrx_word' id='word_1_296' title='bbox 804 3469 1061 3525; x_wconf 88' lang='lat' dir='ltr'><strong>veritati.</strong></span> 
     </span>
    </p>
   </div>
   <div class='ocr_carea' id='block_1_53' title="bbox 450 3554 2024 3626">
    <p class='ocr_par' dir='ltr' id='par_1_53' title="bbox 450 3554 2024 3626">
     <span class='ocr_line' id='line_1_53' title="bbox 450 3554 2024 3626; baseline -0.001 -15"><span class='ocrx_word' id='word_1_297' title='bbox 450 3561 495 3611; x_wconf 83' lang='lat'><strong>1.</strong></span> <span class='ocrx_word' id='word_1_298' title='bbox 562 3557 947 3612; x_wconf 86' lang='lat' dir='ltr'><strong>Ammiramur</strong></span> <span class='ocrx_word' id='word_1_299' title='bbox 1005 3555 1290 3626; x_wconf 91' lang='lat' dir='ltr'><strong>quosdam</strong></span> <span class='ocrx_word' id='word_1_300' title='bbox 1349 3569 1553 3626; x_wconf 87' lang='lat' dir='ltr'><strong>magna</strong></span> <span class='ocrx_word' id='word_1_301' title='bbox 1614 3554 1856 3624; x_wconf 82' lang='lat' dir='ltr'><strong>fecisse,</strong></span> <span class='ocrx_word' id='word_1_302' title='bbox 1919 3554 2024 3611; x_wconf 91' lang='lat' dir='ltr'><strong>sed</strong></span> 
     </span>
    </p>
   </div>
   <div class='ocr_carea' id='block_1_54' title="bbox 382 3643 2022 3715">
    <p class='ocr_par' dir='ltr' id='par_1_54' title="bbox 382 3643 2022 3715">
     <span class='ocr_line' id='line_1_54' title="bbox 382 3643 2022 3715; baseline 0 -16"><span class='ocrx_word' id='word_1_303' title='bbox 382 3643 696 3700; x_wconf 90' lang='lat' dir='ltr'><strong>multorum</strong></span> <span class='ocrx_word' id='word_1_304' title='bbox 750 3645 945 3699; x_wconf 89' lang='lat' dir='ltr'><strong>favore</strong></span> <span class='ocrx_word' id='word_1_305' title='bbox 985 3650 1043 3701; x_wconf 89' lang='lat' dir='ltr'><strong>et</strong></span> <span class='ocrx_word' id='word_1_306' title='bbox 1084 3644 1303 3701; x_wconf 89' lang='lat' dir='ltr'><strong>auxilio</strong></span> <span class='ocrx_word' id='word_1_307' title='bbox 1349 3648 1525 3715; x_wconf 89' lang='lat' dir='ltr'><strong>atque</strong></span> <span class='ocrx_word' id='word_1_308' title='bbox 1573 3643 2022 3715; x_wconf 89' lang='lat' dir='ltr'><strong>cooperatione;</strong></span> 
     </span>
    </p>
   </div>
   <div class='ocr_carea' id='block_1_55' title="bbox 384 3730 2025 3804">
    <p class='ocr_par' dir='ltr' id='par_1_55' title="bbox 384 3730 2025 3804">
     <span class='ocr_line' id='line_1_55' title="bbox 384 3730 2025 3804; baseline 0.001 -18"><span class='ocrx_word' id='word_1_309' title='bbox 384 3730 865 3802; x_wconf 86' lang='lat' dir='ltr'><strong>quemadmodum</strong></span> <span class='ocrx_word' id='word_1_310' title='bbox 909 3732 1198 3804; x_wconf 88' lang='lat' dir='ltr'><strong>principes</strong></span> <span class='ocrx_word' id='word_1_311' title='bbox 1235 3732 1517 3802; x_wconf 87' lang='lat' dir='ltr'><strong>gentium,</strong></span> <span class='ocrx_word' id='word_1_312' title='bbox 1564 3732 1661 3802; x_wconf 94' lang='lat' dir='ltr'><strong>qui</strong></span> <span class='ocrx_word' id='word_1_313' title='bbox 1703 3732 2025 3788; x_wconf 90' lang='lat' dir='ltr'><strong>existentes</strong></span> 
     </span>
    </p>
   </div>
   <div class='ocr_carea' id='block_1_56' title="bbox 386 3820 2026 3892">
    <p class='ocr_par' dir='ltr' id='par_1_56' title="bbox 386 3820 2026 3892">
     <span class='ocr_line' id='line_1_56' title="bbox 386 3820 2026 3892; baseline 0.001 -17"><span class='ocrx_word' id='word_1_314' title='bbox 386 3824 757 3892; x_wconf 88' lang='lat' dir='ltr'><strong>paternorum</strong></span> <span class='ocrx_word' id='word_1_315' title='bbox 784 3835 1093 3890; x_wconf 88' lang='lat' dir='ltr'><strong>regnorum</strong></span> <span class='ocrx_word' id='word_1_316' title='bbox 1118 3820 1365 3878; x_wconf 90' lang='lat' dir='ltr'><strong>heredes</strong></span> <span class='ocrx_word' id='word_1_317' title='bbox 1385 3824 1440 3876; x_wconf 90' lang='lat' dir='ltr'><strong>et</strong></span> <span class='ocrx_word' id='word_1_318' title='bbox 1466 3834 1859 3889; x_wconf 88' lang='lat' dir='ltr'><strong>successores,</strong></span> <span class='ocrx_word' id='word_1_319' title='bbox 1894 3820 2026 3877; x_wconf 92' lang='lat' dir='ltr'><strong>sub-</strong></span> 
     </span>
    </p>
   </div>
   <div class='ocr_carea' id='block_1_57' title="bbox 386 3907 2026 3979">
    <p class='ocr_par' dir='ltr' id='par_1_57' title="bbox 386 3907 2026 3979">
     <span class='ocr_line' id='line_1_57' title="bbox 386 3907 2026 3979; baseline 0.001 -15"><span class='ocrx_word' id='word_1_320' title='bbox 386 3907 635 3965; x_wconf 90' lang='lat' dir='ltr'><strong>ditarum</strong></span> <span class='ocrx_word' id='word_1_321' title='bbox 681 3909 939 3979; x_wconf 90' lang='lat' dir='ltr'><strong>gentium</strong></span> <span class='ocrx_word' id='word_1_322' title='bbox 982 3909 1158 3964; x_wconf 90' lang='lat' dir='ltr'><strong>armis</strong></span> <span class='ocrx_word' id='word_1_323' title='bbox 1197 3924 1363 3966; x_wconf 90' lang='lat' dir='ltr'><strong>suum</strong></span> <span class='ocrx_word' id='word_1_324' title='bbox 1412 3908 1805 3966; x_wconf 89' lang='lat' dir='ltr'><strong>dilataverunt</strong></span> <span class='ocrx_word' id='word_1_325' title='bbox 1851 3908 2026 3979; x_wconf 89' lang='lat' dir='ltr'><strong>impe-</strong></span> 
     </span>
    </p>
   </div>
   <div class='ocr_carea' id='block_1_58' title="bbox 385 3996 2024 4068">
    <p class='ocr_par' dir='ltr' id='par_1_58' title="bbox 385 3996 2024 4068">
     <span class='ocr_line' id='line_1_58' title="bbox 385 3996 2024 4068; baseline 0.001 -17"><span class='ocrx_word' id='word_1_326' title='bbox 385 3996 553 4066; x_wconf 90' lang='lat' dir='ltr'><strong>rium,</strong></span> <span class='ocrx_word' id='word_1_327' title='bbox 592 4000 653 4053; x_wconf 90' lang='lat' dir='ltr'><strong>ut</strong></span> <span class='ocrx_word' id='word_1_328' title='bbox 687 3997 1033 4059; x_wconf 81' lang='lat' dir='ltr'><strong>Alexander.</strong></span> <span class='ocrx_word' id='word_1_329' title='bbox 1077 3997 1283 4068; x_wconf 85' lang='lat' dir='ltr'><strong>Julius,</strong></span> <span class='ocrx_word' id='word_1_330' title='bbox 1325 4001 1646 4067; x_wconf 78' lang='lat' dir='ltr'><strong>Augustus,</strong></span> <span class='ocrx_word' id='word_1_331' title='bbox 1688 3996 1936 4053; x_wconf 82' lang='lat' dir='ltr'><strong>Karolus</strong></span> <span class='ocrx_word' id='word_1_332' title='bbox 1966 4000 2024 4052; x_wconf 88' lang='lat' dir='ltr'><strong>et</strong></span> 
     </span>
    </p>
   </div>
   <div class='ocr_carea' id='block_1_59' title="bbox 384 4083 2029 4158">
    <p class='ocr_par' dir='ltr' id='par_1_59' title="bbox 384 4083 2029 4158">
     <span class='ocr_line' id='line_1_59' title="bbox 384 4083 2029 4158; baseline 0.001 -20"><span class='ocrx_word' id='word_1_333' title='bbox 384 4083 647 4157; x_wconf 88' lang='lat' dir='ltr'><strong>plerique</strong></span> <span class='ocrx_word' id='word_1_334' title='bbox 676 4086 793 4155; x_wconf 90' lang='lat' dir='ltr'><strong>alii,</strong></span> <span class='ocrx_word' id='word_1_335' title='bbox 828 4086 923 4156; x_wconf 91' lang='lat' dir='ltr'><strong>qui</strong></span> <span class='ocrx_word' id='word_1_336' title='bbox 950 4086 1247 4141; x_wconf 88' lang='lat' dir='ltr'><strong>materiam</strong></span> <span class='ocrx_word' id='word_1_337' title='bbox 1274 4100 1534 4156; x_wconf 87' lang='lat' dir='ltr'><strong>magnam</strong></span> <span class='ocrx_word' id='word_1_338' title='bbox 1559 4084 1682 4141; x_wconf 88' lang='lat' dir='ltr'><strong>suis</strong></span> <span class='ocrx_word' id='word_1_339' title='bbox 1706 4084 1875 4141; x_wconf 86' lang='lat' dir='ltr'><strong>factis</strong></span> <span class='ocrx_word' id='word_1_340' title='bbox 1898 4099 2029 4158; x_wconf 85' lang='lat' dir='ltr'><strong>pre—</strong></span> 
     </span>
    </p>
   </div>
   <div class='ocr_carea' id='block_1_60' title="bbox 385 4173 2026 4246">
    <p class='ocr_par' dir='ltr' id='par_1_60' title="bbox 385 4173 2026 4246">
     <span class='ocr_line' id='line_1_60' title="bbox 385 4173 2026 4246; baseline 0.002 -19"><span class='ocrx_word' id='word_1_341' title='bbox 385 4173 635 4231; x_wconf 90' lang='lat' dir='ltr'><strong>buerunt</strong></span> <span class='ocrx_word' id='word_1_342' title='bbox 657 4174 913 4244; x_wconf 89' lang='lat' dir='ltr'><strong>antiquis</strong></span> <span class='ocrx_word' id='word_1_343' title='bbox 938 4174 1329 4246; x_wconf 85' lang='lat' dir='ltr'><strong>hystoriarum</strong></span> <span class='ocrx_word' id='word_1_344' title='bbox 1353 4173 1766 4244; x_wconf 87' lang='lat' dir='ltr'><strong>scriptoribus.</strong></span> <span class='ocrx_word' id='word_1_345' title='bbox 1798 4173 1899 4228; x_wconf 89' lang='lat' dir='ltr'><strong>llic</strong></span> <span class='ocrx_word' id='word_1_346' title='bbox 1930 4188 2026 4230; x_wconf 87' lang='lat' dir='ltr'><strong>au-</strong></span> 
     </span>
    </p>
   </div>
   <div class='ocr_carea' id='block_1_61' title="bbox 383 4261 2021 4333">
    <p class='ocr_par' dir='ltr' id='par_1_61' title="bbox 383 4261 2021 4333">
     <span class='ocr_line' id='line_1_61' title="bbox 383 4261 2021 4333; baseline 0 -16"><span class='ocrx_word' id='word_1_347' title='bbox 383 4266 499 4317; x_wconf 90' lang='lat' dir='ltr'><strong>tem</strong></span> <span class='ocrx_word' id='word_1_348' title='bbox 530 4261 907 4333; x_wconf 89' lang='lat' dir='ltr'><strong>singulariter</strong></span> <span class='ocrx_word' id='word_1_349' title='bbox 946 4262 1000 4317; x_wconf 93' lang='lat' dir='ltr'><strong>in</strong></span> <span class='ocrx_word' id='word_1_350' title='bbox 1044 4261 1154 4317; x_wconf 92' lang='lat' dir='ltr'><strong>hoc</strong></span> <span class='ocrx_word' id='word_1_351' title='bbox 1194 4265 1384 4318; x_wconf 85' lang='lat' dir='ltr'><strong>exstat</strong></span> <span class='ocrx_word' id='word_1_352' title='bbox 1422 4261 1835 4330; x_wconf 87' lang='lat' dir='ltr'><strong>ammirandus,</strong></span> <span class='ocrx_word' id='word_1_353' title='bbox 1872 4261 2021 4331; x_wconf 88' lang='lat' dir='ltr'><strong>quod</strong></span> 
     </span>
    </p>
   </div>
   <div class='ocr_carea' id='block_1_62' title="bbox 386 4348 2027 4422">
    <p class='ocr_par' dir='ltr' id='par_1_62' title="bbox 386 4348 2027 4422">
     <span class='ocr_line' id='line_1_62' title="bbox 386 4348 2027 4422; baseline 0 -15"><span class='ocrx_word' id='word_1_354' title='bbox 386 4349 547 4407; x_wconf 90' lang='lat' dir='ltr'><strong>solus</strong></span> <span class='ocrx_word' id='word_1_355' title='bbox 567 4349 736 4407; x_wconf 92' lang='lat' dir='ltr'><strong>homo</strong></span> <span class='ocrx_word' id='word_1_356' title='bbox 759 4355 933 4422; x_wconf 90' lang='lat' dir='ltr'><strong>atque</strong></span> <span class='ocrx_word' id='word_1_357' title='bbox 958 4349 1238 4422; x_wconf 91' lang='lat' dir='ltr'><strong>privatus,</strong></span> <span class='ocrx_word' id='word_1_358' title='bbox 1266 4350 1439 4405; x_wconf 91' lang='lat' dir='ltr'><strong>immo</strong></span> <span class='ocrx_word' id='word_1_359' title='bbox 1465 4352 1639 4406; x_wconf 89' lang='lat' dir='ltr'><strong>etiam</strong></span> <span class='ocrx_word' id='word_1_360' title='bbox 1672 4348 1860 4407; x_wconf 92' lang='lat' dir='ltr'><strong>adhuc</strong></span> <span class='ocrx_word' id='word_1_361' title='bbox 1889 4363 2027 4422; x_wconf 88' lang='lat' dir='ltr'><strong>pau-</strong></span> 
     </span>
    </p>
   </div>
   <div class='ocr_carea' id='block_1_63' title="bbox 2133 3201 3789 3275">
    <p class='ocr_par' dir='ltr' id='par_1_63' title="bbox 2133 3201 3789 3275">
     <span class='ocr_line' id='line_1_63' title="bbox 2133 3201 3789 3275; baseline -0.002 -16"><span class='ocrx_word' id='word_1_362' title='bbox 2133 3201 2421 3261; x_wconf 83' lang='lat' dir='ltr'><strong>defensor.</strong></span> <span class='ocrx_word' id='word_1_363' title='bbox 2463 3205 2533 3260; x_wconf 92' lang='lat' dir='ltr'><strong>Ut</strong></span> <span class='ocrx_word' id='word_1_364' title='bbox 2561 3207 2753 3260; x_wconf 92' lang='lat' dir='ltr'><strong>autem</strong></span> <span class='ocrx_word' id='word_1_365' title='bbox 2784 3203 3014 3275; x_wconf 90' lang='lat' dir='ltr'><strong>plenius</strong></span> <span class='ocrx_word' id='word_1_366' title='bbox 3038 3206 3213 3274; x_wconf 90' lang='lat' dir='ltr'><strong>atque</strong></span> <span class='ocrx_word' id='word_1_367' title='bbox 3235 3202 3465 3275; x_wconf 88' lang='lat' dir='ltr'><strong>planius</strong></span> <span class='ocrx_word' id='word_1_368' title='bbox 3490 3201 3789 3271; x_wconf 84' lang='lat' dir='ltr'><strong>intelligas</strong></span> 
     </span>
    </p>
   </div>
   <div class='ocr_carea' id='block_1_64' title="bbox 2135 3290 3789 3364">
    <p class='ocr_par' dir='ltr' id='par_1_64' title="bbox 2135 3290 3789 3364">
     <span class='ocr_line' id='line_1_64' title="bbox 2135 3290 3789 3364; baseline -0.001 -16"><span class='ocrx_word' id='word_1_369' title='bbox 2135 3306 2261 3362; x_wconf 67' lang='lat' dir='ltr'><strong>quae</strong></span> <span class='ocrx_word' id='word_1_370' title='bbox 2283 3297 2343 3349; x_wconf 92' lang='lat' dir='ltr'><strong>et</strong></span> <span class='ocrx_word' id='word_1_371' title='bbox 2365 3292 2557 3362; x_wconf 86' lang='lat' dir='ltr'><strong>qualia</strong></span> <span class='ocrx_word' id='word_1_372' title='bbox 2581 3297 2640 3349; x_wconf 90' lang='lat' dir='ltr'><strong>et</strong></span> <span class='ocrx_word' id='word_1_373' title='bbox 2663 3291 2917 3364; x_wconf 89' lang='lat' dir='ltr'><strong>qualiter</strong></span> <span class='ocrx_word' id='word_1_374' title='bbox 2945 3296 3004 3348; x_wconf 91' lang='lat' dir='ltr'><strong>et</strong></span> <span class='ocrx_word' id='word_1_375' title='bbox 3038 3291 3107 3348; x_wconf 90' lang='lat' dir='ltr'><strong>ad</strong></span> <span class='ocrx_word' id='word_1_376' title='bbox 3139 3291 3275 3362; x_wconf 89' lang='lat' dir='ltr'><strong>quid</strong></span> <span class='ocrx_word' id='word_1_377' title='bbox 3307 3290 3478 3347; x_wconf 91' lang='lat' dir='ltr'><strong>homo</strong></span> <span class='ocrx_word' id='word_1_378' title='bbox 3510 3291 3627 3346; x_wconf 90' lang='lat' dir='ltr'><strong>iste</strong></span> <span class='ocrx_word' id='word_1_379' title='bbox 3658 3305 3789 3362; x_wconf 87' lang='lat' dir='ltr'><strong>per-</strong></span> 
     </span>
    </p>
   </div>
   <div class='ocr_carea' id='block_1_65' title="bbox 2136 3378 3789 3450">
    <p class='ocr_par' dir='ltr' id='par_1_65' title="bbox 2136 3378 3789 3450">
     <span class='ocr_line' id='line_1_65' title="bbox 2136 3378 3789 3450; baseline 0 -16"><span class='ocrx_word' id='word_1_380' title='bbox 2136 3380 2335 3437; x_wconf 84' lang='lat' dir='ltr'><strong>fecerit</strong></span> <span class='ocrx_word' id='word_1_381' title='bbox 2371 3381 2424 3435; x_wconf 92' lang='lat' dir='ltr'><strong>in</strong></span> <span class='ocrx_word' id='word_1_382' title='bbox 2460 3380 2799 3438; x_wconf 81' lang='lat' dir='ltr'><strong>defensione</strong></span> <span class='ocrx_word' id='word_1_383' title='bbox 2840 3378 3122 3438; x_wconf 77' lang='lat' dir='ltr'><strong>aecclesiae</strong></span> <span class='ocrx_word' id='word_1_384' title='bbox 3163 3384 3367 3436; x_wconf 89' lang='lat' dir='ltr'><strong>contra</strong></span> <span class='ocrx_word' id='word_1_385' title='bbox 3407 3378 3789 3450; x_wconf 87' lang='lat' dir='ltr'><strong>imperatoris</strong></span> 
     </span>
    </p>
   </div>
   <div class='ocr_carea' id='block_1_66' title="bbox 2134 3466 3789 3540">
    <p class='ocr_par' dir='ltr' id='par_1_66' title="bbox 2134 3466 3789 3540">
     <span class='ocr_line' id='line_1_66' title="bbox 2134 3466 3789 3540; baseline -0.001 -17"><span class='ocrx_word' id='word_1_386' title='bbox 2134 3468 2420 3538; x_wconf 76' lang='lat' dir='ltr'><strong>iniuriam.</strong></span> <span class='ocrx_word' id='word_1_387' title='bbox 2445 3468 2862 3540; x_wconf 91' lang='lat' dir='ltr'><strong>predicendum</strong></span> <span class='ocrx_word' id='word_1_388' title='bbox 2886 3467 3059 3525; x_wconf 89' lang='lat' dir='ltr'><strong>michi</strong></span> <span class='ocrx_word' id='word_1_389' title='bbox 3083 3466 3337 3537; x_wconf 91' lang='lat' dir='ltr'><strong>videtur,</strong></span> <span class='ocrx_word' id='word_1_390' title='bbox 3358 3481 3486 3539; x_wconf 61' lang='lat' dir='ltr'><strong>qua</strong></span> <span class='ocrx_word' id='word_1_391' title='bbox 3511 3471 3571 3522; x_wconf 88' lang='lat' dir='ltr'><strong>et</strong></span> <span class='ocrx_word' id='word_1_392' title='bbox 3600 3466 3789 3538; x_wconf 87' lang='lat' dir='ltr'><strong>qualis</strong></span> 
     </span>
    </p>
   </div>
   <div class='ocr_carea' id='block_1_67' title="bbox 2135 3554 3790 3627">
    <p class='ocr_par' dir='ltr' id='par_1_67' title="bbox 2135 3554 3790 3627">
     <span class='ocr_line' id='line_1_67' title="bbox 2135 3554 3790 3627; baseline -0.002 -15"><span class='ocrx_word' id='word_1_393' title='bbox 2135 3558 2312 3614; x_wconf 77' lang='lat' dir='ltr'><strong>fuerit</strong></span> <span class='ocrx_word' id='word_1_394' title='bbox 2341 3571 2518 3613; x_wconf 89' lang='lat' dir='ltr'><strong>causa</strong></span> <span class='ocrx_word' id='word_1_395' title='bbox 2550 3556 2722 3627; x_wconf 89' lang='lat' dir='ltr'><strong>hujus</strong></span> <span class='ocrx_word' id='word_1_396' title='bbox 2756 3556 3069 3614; x_wconf 88' lang='lat' dir='ltr'><strong>scismatis.</strong></span> <span class='ocrx_word' id='word_1_397' title='bbox 3107 3558 3149 3611; x_wconf 85' lang='lat' dir='ltr'><strong>A</strong></span> <span class='ocrx_word' id='word_1_398' title='bbox 3182 3559 3445 3627; x_wconf 89' lang='lat' dir='ltr'><strong>tempore</strong></span> <span class='ocrx_word' id='word_1_399' title='bbox 3467 3555 3662 3612; x_wconf 77' lang='lat' dir='ltr'><strong>Karoli</strong></span> <span class='ocrx_word' id='word_1_400' title='bbox 3687 3554 3790 3609; x_wconf 89' lang='lat' dir='ltr'><strong>im-</strong></span> 
     </span>
    </p>
   </div>
   <div class='ocr_carea' id='block_1_68' title="bbox 2136 3642 3789 3717">
    <p class='ocr_par' dir='ltr' id='par_1_68' title="bbox 2136 3642 3789 3717">
     <span class='ocr_line' id='line_1_68' title="bbox 2136 3642 3789 3717; baseline -0.003 -16"><span class='ocrx_word' id='word_1_401' title='bbox 2136 3644 2426 3717; x_wconf 91' lang='lat' dir='ltr'><strong>peratoris</strong></span> <span class='ocrx_word' id='word_1_402' title='bbox 2474 3659 2657 3716; x_wconf 92' lang='lat' dir='ltr'><strong>usque</strong></span> <span class='ocrx_word' id='word_1_403' title='bbox 2696 3646 2768 3702; x_wconf 89' lang='lat' dir='ltr'><strong>ad</strong></span> <span class='ocrx_word' id='word_1_404' title='bbox 2809 3650 3076 3716; x_wconf 91' lang='lat' dir='ltr'><strong>tempora</strong></span> <span class='ocrx_word' id='word_1_405' title='bbox 3119 3643 3371 3700; x_wconf 80' lang='lat' dir='ltr'><strong>Heinrici</strong></span> <span class='ocrx_word' id='word_1_406' title='bbox 3415 3642 3789 3714; x_wconf 87' lang='lat' dir='ltr'><strong>imperatoris</strong></span> 
     </span>
    </p>
   </div>
   <div class='ocr_carea' id='block_1_69' title="bbox 2136 3730 3790 3803">
    <p class='ocr_par' dir='ltr' id='par_1_69' title="bbox 2136 3730 3790 3803">
     <span class='ocr_line' id='line_1_69' title="bbox 2136 3730 3790 3803; baseline -0.002 -15"><span class='ocrx_word' id='word_1_407' title='bbox 2136 3733 2299 3791; x_wconf 87' lang='lat' dir='ltr'><strong>tercii</strong></span> <span class='ocrx_word' id='word_1_408' title='bbox 2334 3748 2500 3803; x_wconf 89' lang='lat' dir='ltr'><strong>reges</strong></span> <span class='ocrx_word' id='word_1_409' title='bbox 2531 3734 2606 3789; x_wconf 90' lang='lat' dir='ltr'><strong>ob</strong></span> <span class='ocrx_word' id='word_1_410' title='bbox 2638 3748 2742 3790; x_wconf 91' lang='lat' dir='ltr'><strong>sua</strong></span> <span class='ocrx_word' id='word_1_411' title='bbox 2773 3733 2999 3803; x_wconf 89' lang='lat' dir='ltr'><strong>merita,</strong></span> <span class='ocrx_word' id='word_1_412' title='bbox 3038 3732 3170 3803; x_wconf 89' lang='lat' dir='ltr'><strong>quia</strong></span> <span class='ocrx_word' id='word_1_413' title='bbox 3196 3731 3320 3788; x_wconf 91' lang='lat' dir='ltr'><strong>suis</strong></span> <span class='ocrx_word' id='word_1_414' title='bbox 3344 3730 3647 3787; x_wconf 80' lang='lat' dir='ltr'><strong>beneﬁciis</strong></span> <span class='ocrx_word' id='word_1_415' title='bbox 3672 3744 3790 3785; x_wconf 88' lang='lat' dir='ltr'><strong>am-</strong></span> 
     </span>
    </p>
   </div>
   <div class='ocr_carea' id='block_1_70' title="bbox 2138 3818 3788 3893">
    <p class='ocr_par' dir='ltr' id='par_1_70' title="bbox 2138 3818 3788 3893">
     <span class='ocr_line' id='line_1_70' title="bbox 2138 3818 3788 3893; baseline -0.004 -15"><span class='ocrx_word' id='word_1_416' title='bbox 2138 3821 2393 3893; x_wconf 86' lang='lat' dir='ltr'><strong>pliabant</strong></span> <span class='ocrx_word' id='word_1_417' title='bbox 2436 3827 2494 3877; x_wconf 91' lang='lat' dir='ltr'><strong>et</strong></span> <span class='ocrx_word' id='word_1_418' title='bbox 2536 3820 2916 3878; x_wconf 90' lang='lat' dir='ltr'><strong>defensabant</strong></span> <span class='ocrx_word' id='word_1_419' title='bbox 2950 3819 3270 3889; x_wconf 72' lang='lat' dir='ltr'><strong>aecclesias,</strong></span> <span class='ocrx_word' id='word_1_420' title='bbox 3307 3834 3375 3875; x_wconf 86' lang='lat' dir='ltr'><strong>ex</strong></span> <span class='ocrx_word' id='word_1_421' title='bbox 3408 3818 3788 3877; x_wconf 75' lang='lat' dir='ltr'><strong>concessione</strong></span> 
     </span>
    </p>
   </div>
   <div class='ocr_carea' id='block_1_71' title="bbox 2136 3908 3784 3982">
    <p class='ocr_par' dir='ltr' id='par_1_71' title="bbox 2136 3908 3784 3982">
     <span class='ocr_line' id='line_1_71' title="bbox 2136 3908 3784 3982; baseline -0.005 -15"><span class='ocrx_word' id='word_1_422' title='bbox 2136 3912 2524 3967; x_wconf 88' lang='lat' dir='ltr'><strong>Romanorum</strong></span> <span class='ocrx_word' id='word_1_423' title='bbox 2562 3908 2899 3982; x_wconf 83' lang='lat' dir='ltr'><strong>pontificum</strong></span> <span class='ocrx_word' id='word_1_424' title='bbox 2932 3908 3313 3965; x_wconf 86' lang='lat' dir='ltr'><strong>investituras</strong></span> <span class='ocrx_word' id='word_1_425' title='bbox 3346 3908 3784 3978; x_wconf 74' lang='lat' dir='ltr'><strong>episwpatuum</strong></span> 
     </span>
    </p>
   </div>
   <div class='ocr_carea' id='block_1_72' title="bbox 2136 3995 3788 4070">
    <p class='ocr_par' dir='ltr' id='par_1_72' title="bbox 2136 3995 3788 4070">
     <span class='ocr_line' id='line_1_72' title="bbox 2136 3995 3788 4070; baseline -0.004 -15"><span class='ocrx_word' id='word_1_426' title='bbox 2136 3997 2347 4055; x_wconf 90' lang='lat' dir='ltr'><strong>dabant</strong></span> <span class='ocrx_word' id='word_1_427' title='bbox 2370 4005 2430 4054; x_wconf 89' lang='lat' dir='ltr'><strong>et</strong></span> <span class='ocrx_word' id='word_1_428' title='bbox 2446 3998 2824 4055; x_wconf 89' lang='lat' dir='ltr'><strong>ecclesiarum</strong></span> <span class='ocrx_word' id='word_1_429' title='bbox 2848 3997 3270 4070; x_wconf 91' lang='lat' dir='ltr'><strong>providentiam</strong></span> <span class='ocrx_word' id='word_1_430' title='bbox 3291 3997 3574 4066; x_wconf 89' lang='lat' dir='ltr'><strong>gerebant</strong></span> <span class='ocrx_word' id='word_1_431' title='bbox 3592 4012 3606 4056; x_wconf 85' lang='lat'><strong>;</strong></span> <span class='ocrx_word' id='word_1_432' title='bbox 3624 3995 3788 4049; x_wconf 81' lang='lat' dir='ltr'><strong>&quot;ein-</strong></span> 
     </span>
    </p>
   </div>
   <div class='ocr_carea' id='block_1_73' title="bbox 2138 4086 3788 4156">
    <p class='ocr_par' dir='ltr' id='par_1_73' title="bbox 2138 4086 3788 4156">
     <span class='ocr_line' id='line_1_73' title="bbox 2138 4086 3788 4156; baseline -0.005 -13"><span class='ocrx_word' id='word_1_433' title='bbox 2138 4087 2295 4144; x_wconf 90' lang='lat' dir='ltr'><strong>ricus</strong></span> <span class='ocrx_word' id='word_1_434' title='bbox 2335 4090 2528 4144; x_wconf 76' lang='lat' dir='ltr'><strong>autem</strong></span> <span class='ocrx_word' id='word_1_435' title='bbox 2571 4087 2811 4156; x_wconf 86' lang='lat' dir='ltr'><strong>tercius,</strong></span> <span class='ocrx_word' id='word_1_436' title='bbox 2857 4086 3042 4155; x_wconf 87' lang='lat' dir='ltr'><strong>cujus,</strong></span> <span class='ocrx_word' id='word_1_437' title='bbox 3088 4088 3153 4142; x_wconf 90' lang='lat' dir='ltr'><strong>ut</strong></span> <span class='ocrx_word' id='word_1_438' title='bbox 3179 4098 3503 4156; x_wconf 87' lang='lat' dir='ltr'><strong>speramus,</strong></span> <span class='ocrx_word' id='word_1_439' title='bbox 3547 4089 3788 4154; x_wconf 79' lang='lat' dir='ltr'><strong>propter</strong></span> 
     </span>
    </p>
   </div>
   <div class='ocr_carea' id='block_1_74' title="bbox 2135 4172 3787 4247">
    <p class='ocr_par' dir='ltr' id='par_1_74' title="bbox 2135 4172 3787 4247">
     <span class='ocr_line' id='line_1_74' title="bbox 2135 4172 3787 4247; baseline -0.002 -18"><span class='ocrx_word' id='word_1_440' title='bbox 2135 4174 2415 4247; x_wconf 89' lang='lat' dir='ltr'><strong>pleraque</strong></span> <span class='ocrx_word' id='word_1_441' title='bbox 2451 4175 2598 4231; x_wconf 88' lang='lat' dir='ltr'><strong>bona</strong></span> <span class='ocrx_word' id='word_1_442' title='bbox 2632 4187 2809 4246; x_wconf 91' lang='lat' dir='ltr'><strong>opera</strong></span> <span class='ocrx_word' id='word_1_443' title='bbox 2842 4172 3010 4230; x_wconf 89' lang='lat' dir='ltr'><strong>valde</strong></span> <span class='ocrx_word' id='word_1_444' title='bbox 3043 4185 3265 4242; x_wconf 90' lang='lat' dir='ltr'><strong>magna,</strong></span> <span class='ocrx_word' id='word_1_445' title='bbox 3300 4174 3459 4229; x_wconf 88' lang='lat' dir='ltr'><strong>tecta</strong></span> <span class='ocrx_word' id='word_1_446' title='bbox 3493 4174 3630 4228; x_wconf 88' lang='lat' dir='ltr'><strong>sunt</strong></span> <span class='ocrx_word' id='word_1_447' title='bbox 3660 4184 3787 4242; x_wconf 89' lang='lat' dir='ltr'><strong>pec-</strong></span> 
     </span>
    </p>
   </div>
   <div class='ocr_carea' id='block_1_75' title="bbox 2138 4258 3789 4335">
    <p class='ocr_par' dir='ltr' id='par_1_75' title="bbox 2138 4258 3789 4335">
     <span class='ocr_line' id='line_1_75' title="bbox 2138 4258 3789 4335; baseline -0.004 -15"><span class='ocrx_word' id='word_1_448' title='bbox 2138 4267 2288 4335; x_wconf 88' lang='lat' dir='ltr'><strong>cata,</strong></span> <span class='ocrx_word' id='word_1_449' title='bbox 2327 4263 2496 4319; x_wconf 91' lang='lat' dir='ltr'><strong>nimis</strong></span> <span class='ocrx_word' id='word_1_450' title='bbox 2530 4262 2636 4321; x_wconf 88' lang='lat' dir='ltr'><strong>fuit</strong></span> <span class='ocrx_word' id='word_1_451' title='bbox 2681 4262 2994 4318; x_wconf 89' lang='lat' dir='ltr'><strong>infamatus</strong></span> <span class='ocrx_word' id='word_1_452' title='bbox 3026 4260 3096 4317; x_wconf 92' lang='lat' dir='ltr'><strong>de</strong></span> <span class='ocrx_word' id='word_1_453' title='bbox 3128 4258 3459 4317; x_wconf 88' lang='lat' dir='ltr'><strong>venditione</strong></span> <span class='ocrx_word' id='word_1_454' title='bbox 3487 4258 3789 4332; x_wconf 84' lang='lat' dir='ltr'><strong>episcopa-</strong></span> 
     </span>
    </p>
   </div>
   <div class='ocr_carea' id='block_1_76' title="bbox 2137 4346 3790 4422">
    <p class='ocr_par' dir='ltr' id='par_1_76' title="bbox 2137 4346 3790 4422">
     <span class='ocr_line' id='line_1_76' title="bbox 2137 4346 3790 4422; baseline -0.005 -14"><span class='ocrx_word' id='word_1_455' title='bbox 2137 4356 2321 4408; x_wconf 90' lang='lat' dir='ltr'><strong>tuum.</strong></span> <span class='ocrx_word' id='word_1_456' title='bbox 2355 4350 2516 4407; x_wconf 91' lang='lat' dir='ltr'><strong>Unde</strong></span> <span class='ocrx_word' id='word_1_457' title='bbox 2543 4350 2865 4422; x_wconf 73' lang='lat' dir='ltr'><strong>praedictus</strong></span> <span class='ocrx_word' id='word_1_458' title='bbox 2891 4363 3036 4422; x_wconf 87' lang='lat' dir='ltr'><strong>papa</strong></span> <span class='ocrx_word' id='word_1_459' title='bbox 3060 4347 3347 4421; x_wconf 90' lang='lat' dir='ltr'><strong>septimus</strong></span> <span class='ocrx_word' id='word_1_460' title='bbox 3372 4346 3685 4418; x_wconf 87' lang='lat' dir='ltr'><strong>Gregorius</strong></span> <span class='ocrx_word' id='word_1_461' title='bbox 3709 4346 3790 4400; x_wconf 80' lang='lat' dir='ltr'><strong>iu-</strong></span> 
     </span>
    </p>
   </div>
   <div class='ocr_carea' id='block_1_77' title="bbox 384 4435 3794 4511">
    <p class='ocr_par' dir='ltr' id='par_1_77' title="bbox 384 4435 3794 4511">
     <span class='ocr_line' id='line_1_77' title="bbox 384 4435 3794 4511; baseline -0.001 -16"><span class='ocrx_word' id='word_1_462' title='bbox 384 4451 509 4509; x_wconf 88' lang='lat' dir='ltr'><strong>per,</strong></span> <span class='ocrx_word' id='word_1_463' title='bbox 544 4438 821 4495; x_wconf 85' lang='lat' dir='ltr'><strong>maximas</strong></span> <span class='ocrx_word' id='word_1_464' title='bbox 844 4454 937 4496; x_wconf 92' lang='lat' dir='ltr'><strong>res</strong></span> <span class='ocrx_word' id='word_1_465' title='bbox 963 4439 1227 4511; x_wconf 87' lang='lat' dir='ltr'><strong>perfecit.</strong></span> <span class='ocrx_word' id='word_1_466' title='bbox 1265 4441 1402 4496; x_wconf 90' lang='lat' dir='ltr'><strong>Cum</strong></span> <span class='ocrx_word' id='word_1_467' title='bbox 1434 4439 1586 4494; x_wconf 91' lang='lat' dir='ltr'><strong>enim</strong></span> <span class='ocrx_word' id='word_1_468' title='bbox 1620 4438 1809 4495; x_wconf 87' lang='lat' dir='ltr'><strong>adhuc</strong></span> <span class='ocrx_word' id='word_1_469' title='bbox 1833 4438 1887 4494; x_wconf 91' lang='lat' dir='ltr'><strong>in</strong></span> <span class='ocrx_word' id='word_1_470' title='bbox 1916 4438 2028 4510; x_wconf 92' lang='lat' dir='ltr'><strong>pri-</strong></span> <span class='ocrx_word' id='word_1_471' title='bbox 2057 4436 2109 4496; x_wconf 91' lang='lat' dir='ltr'><strong>D</strong></span> <span class='ocrx_word' id='word_1_472' title='bbox 2139 4439 2457 4496; x_wconf 89' lang='lat' dir='ltr'><strong>vestituras</strong></span> <span class='ocrx_word' id='word_1_473' title='bbox 2488 4438 2929 4511; x_wconf 88' lang='lat' dir='ltr'><strong>episcopatuum</strong></span> <span class='ocrx_word' id='word_1_474' title='bbox 2961 4437 3149 4494; x_wconf 90' lang='lat' dir='ltr'><strong>eidem</strong></span> <span class='ocrx_word' id='word_1_475' title='bbox 3185 4435 3305 4507; x_wconf 86' lang='lat' dir='ltr'><strong>regi</strong></span> <span class='ocrx_word' id='word_1_476' title='bbox 3340 4435 3667 4493; x_wconf 86' lang='lat' dir='ltr'><strong>conabatur</strong></span> <span class='ocrx_word' id='word_1_477' title='bbox 3693 4449 3794 4491; x_wconf 88' lang='lat' dir='ltr'><strong>au-</strong></span> 
     </span>
    </p>
   </div>
   <div class='ocr_carea' id='block_1_78' title="bbox 386 4525 2027 4597">
    <p class='ocr_par' dir='ltr' id='par_1_78' title="bbox 386 4525 2027 4597">
     <span class='ocr_line' id='line_1_78' title="bbox 386 4525 2027 4597; baseline -0.001 -14"><span class='ocrx_word' id='word_1_478' title='bbox 386 4540 473 4583; x_wconf 87' lang='lat' dir='ltr'><strong>ma</strong></span> <span class='ocrx_word' id='word_1_479' title='bbox 498 4525 806 4597; x_wconf 84' lang='lat' dir='ltr'><strong>juventute</strong></span> <span class='ocrx_word' id='word_1_480' title='bbox 827 4525 983 4583; x_wconf 88' lang='lat' dir='ltr'><strong>nulla</strong></span> <span class='ocrx_word' id='word_1_481' title='bbox 1010 4525 1256 4597; x_wconf 88' lang='lat' dir='ltr'><strong>fulgeret</strong></span> <span class='ocrx_word' id='word_1_482' title='bbox 1291 4526 1575 4596; x_wconf 86' lang='lat' dir='ltr'><strong>dignitate</strong></span> <span class='ocrx_word' id='word_1_483' title='bbox 1605 4525 2027 4583; x_wconf 67' lang='lat' dir='ltr'><strong>aecclesiastica</strong></span> 
     </span>
    </p>
   </div>
   <div class='ocr_carea' id='block_1_79' title="bbox 381 4612 2029 4686">
    <p class='ocr_par' dir='ltr' id='par_1_79' title="bbox 381 4612 2029 4686">
     <span class='ocr_line' id='line_1_79' title="bbox 381 4612 2029 4686; baseline -0.002 -14"><span class='ocrx_word' id='word_1_484' title='bbox 381 4615 473 4673; x_wconf 90' lang='lat' dir='ltr'><strong>vel</strong></span> <span class='ocrx_word' id='word_1_485' title='bbox 521 4615 793 4684; x_wconf 83' lang='lat' dir='ltr'><strong>seculari,</strong></span> <span class='ocrx_word' id='word_1_486' title='bbox 834 4629 936 4686; x_wconf 90' lang='lat' dir='ltr'><strong>pro</strong></span> <span class='ocrx_word' id='word_1_487' title='bbox 976 4614 1254 4671; x_wconf 89' lang='lat' dir='ltr'><strong>libertate</strong></span> <span class='ocrx_word' id='word_1_488' title='bbox 1304 4612 1608 4683; x_wconf 76' lang='lat' dir='ltr'><strong>aeoclesize,</strong></span> <span class='ocrx_word' id='word_1_489' title='bbox 1662 4614 1825 4671; x_wconf 89' lang='lat' dir='ltr'><strong>solus</strong></span> <span class='ocrx_word' id='word_1_490' title='bbox 1873 4615 2029 4671; x_wconf 88' lang='lat' dir='ltr'><strong>inter</strong></span> 
     </span>
    </p>
   </div>
   <div class='ocr_carea' id='block_1_80' title="bbox 383 4703 2027 4775">
    <p class='ocr_par' dir='ltr' id='par_1_80' title="bbox 383 4703 2027 4775">
     <span class='ocr_line' id='line_1_80' title="bbox 383 4703 2027 4775; baseline -0.001 -13"><span class='ocrx_word' id='word_1_491' title='bbox 383 4719 585 4762; x_wconf 89' lang='lat' dir='ltr'><strong>omnes</strong></span> <span class='ocrx_word' id='word_1_492' title='bbox 624 4705 931 4775; x_wconf 88' lang='lat' dir='ltr'><strong>Metenscs,</strong></span> <span class='ocrx_word' id='word_1_493' title='bbox 977 4703 1299 4775; x_wconf 89' lang='lat' dir='ltr'><strong>imperialis</strong></span> <span class='ocrx_word' id='word_1_494' title='bbox 1341 4703 1665 4774; x_wconf 88' lang='lat' dir='ltr'><strong>majestatis</strong></span> <span class='ocrx_word' id='word_1_495' title='bbox 1694 4704 1930 4762; x_wconf 92' lang='lat' dir='ltr'><strong>culmini</strong></span> <span class='ocrx_word' id='word_1_496' title='bbox 1964 4719 2027 4761; x_wconf 89' lang='lat' dir='ltr'><strong>se</strong></span> 
     </span>
    </p>
   </div>
   <div class='ocr_carea' id='block_1_81' title="bbox 384 4791 2029 4867">
    <p class='ocr_par' dir='ltr' id='par_1_81' title="bbox 384 4791 2029 4867">
     <span class='ocr_line' id='line_1_81' title="bbox 384 4791 2029 4867; baseline 0 -16"><span class='ocrx_word' id='word_1_497' title='bbox 384 4793 680 4867; x_wconf 89' lang='lat' dir='ltr'><strong>opposuit.</strong></span> <span class='ocrx_word' id='word_1_498' title='bbox 717 4795 792 4850; x_wconf 87' lang='lat' dir='ltr'><strong>Ea</strong></span> <span class='ocrx_word' id='word_1_499' title='bbox 828 4796 1199 4864; x_wconf 87' lang='lat' dir='ltr'><strong>tempestate,</strong></span> <span class='ocrx_word' id='word_1_500' title='bbox 1248 4806 1357 4863; x_wconf 80' lang='lat' dir='ltr'><strong>qua</strong></span> <span class='ocrx_word' id='word_1_501' title='bbox 1403 4806 1641 4862; x_wconf 87' lang='lat' dir='ltr'><strong>regnum</strong></span> <span class='ocrx_word' id='word_1_502' title='bbox 1673 4797 1729 4849; x_wconf 91' lang='lat' dir='ltr'><strong>et</strong></span> <span class='ocrx_word' id='word_1_503' title='bbox 1764 4791 2029 4851; x_wconf 85' lang='lat' dir='ltr'><strong>sacerdo-</strong></span> 
     </span>
    </p>
   </div>
   <div class='ocr_carea' id='block_1_82' title="bbox 382 4880 2027 4953">
    <p class='ocr_par' dir='ltr' id='par_1_82' title="bbox 382 4880 2027 4953">
     <span class='ocr_line' id='line_1_82' title="bbox 382 4880 2027 4953; baseline 0.001 -16"><span class='ocrx_word' id='word_1_504' title='bbox 382 4882 529 4939; x_wconf 89' lang='lat' dir='ltr'><strong>tium</strong></span> <span class='ocrx_word' id='word_1_505' title='bbox 569 4882 909 4953; x_wconf 83' lang='lat' dir='ltr'><strong>gravissimo</strong></span> <span class='ocrx_word' id='word_1_506' title='bbox 952 4880 1315 4938; x_wconf 88' lang='lat' dir='ltr'><strong>dissidebant</strong></span> <span class='ocrx_word' id='word_1_507' title='bbox 1356 4880 1633 4938; x_wconf 81' lang='lat' dir='ltr'><strong>scismata</strong></span> <span class='ocrx_word' id='word_1_508' title='bbox 1673 4912 1743 4922; x_wconf 89' lang='lat'><em>—</em></span> <span class='ocrx_word' id='word_1_509' title='bbox 1783 4881 1938 4953; x_wconf 89' lang='lat' dir='ltr'><strong>quod</strong></span> <span class='ocrx_word' id='word_1_510' title='bbox 1971 4883 2027 4939; x_wconf 88' lang='lat' dir='ltr'><strong>in</strong></span> 
     </span>
    </p>
   </div>
   <div class='ocr_carea' id='block_1_83' title="bbox 385 4968 2029 5041">
    <p class='ocr_par' dir='ltr' id='par_1_83' title="bbox 385 4968 2029 5041">
     <span class='ocr_line' id='line_1_83' title="bbox 385 4968 2029 5041; baseline 0 -15"><span class='ocrx_word' id='word_1_511' title='bbox 385 4968 597 5028; x_wconf 88' lang='lat' dir='ltr'><strong>diebus</strong></span> <span class='ocrx_word' id='word_1_512' title='bbox 636 4968 899 5039; x_wconf 89' lang='lat' dir='ltr'><strong>Gregorii</strong></span> <span class='ocrx_word' id='word_1_513' title='bbox 940 4982 1105 5041; x_wconf 69' lang='lat' dir='ltr'><strong>papas</strong></span> <span class='ocrx_word' id='word_1_514' title='bbox 1142 4968 1396 5040; x_wconf 90' lang='lat' dir='ltr'><strong>septimi,</strong></span> <span class='ocrx_word' id='word_1_515' title='bbox 1439 4969 1535 5039; x_wconf 90' lang='lat' dir='ltr'><strong>qui</strong></span> <span class='ocrx_word' id='word_1_516' title='bbox 1575 4968 1755 5040; x_wconf 86' lang='lat' dir='ltr'><strong>priori</strong></span> <span class='ocrx_word' id='word_1_517' title='bbox 1799 4969 2029 5026; x_wconf 88' lang='lat' dir='ltr'><strong>nomine</strong></span> 
     </span>
    </p>
   </div>
   <div class='ocr_carea' id='block_1_84' title="bbox 385 5056 2030 5130">
    <p class='ocr_par' dir='ltr' id='par_1_84' title="bbox 385 5056 2030 5130">
     <span class='ocr_line' id='line_1_84' title="bbox 385 5056 2030 5130; baseline 0 -16"><span class='ocrx_word' id='word_1_518' title='bbox 385 5058 812 5116; x_wconf 82' lang='lat' dir='ltr'><strong>Hildebrandus</strong></span> <span class='ocrx_word' id='word_1_519' title='bbox 836 5056 1165 5127; x_wconf 87' lang='lat' dir='ltr'><strong>dicebatur,</strong></span> <span class='ocrx_word' id='word_1_520' title='bbox 1188 5062 1364 5128; x_wconf 91' lang='lat' dir='ltr'><strong>atque</strong></span> <span class='ocrx_word' id='word_1_521' title='bbox 1385 5056 1634 5113; x_wconf 81' lang='lat' dir='ltr'><strong>lleinrici</strong></span> <span class='ocrx_word' id='word_1_522' title='bbox 1656 5057 1828 5114; x_wconf 90' lang='lat' dir='ltr'><strong>tercii</strong></span> <span class='ocrx_word' id='word_1_523' title='bbox 1855 5058 2030 5130; x_wconf 89' lang='lat' dir='ltr'><strong>impe-</strong></span> 
     </span>
    </p>
   </div>
   <div class='ocr_carea' id='block_1_85' title="bbox 383 5144 2032 5218">
    <p class='ocr_par' dir='ltr' id='par_1_85' title="bbox 383 5144 2032 5218">
     <span class='ocr_line' id='line_1_85' title="bbox 383 5144 2032 5218; baseline 0.001 -17"><span class='ocrx_word' id='word_1_524' title='bbox 383 5146 599 5203; x_wconf 89' lang='lat' dir='ltr'><strong>ratoris</strong></span> <span class='ocrx_word' id='word_1_525' title='bbox 619 5150 874 5218; x_wconf 89' lang='lat' dir='ltr'><strong>ceptum,</strong></span> <span class='ocrx_word' id='word_1_526' title='bbox 908 5159 1013 5217; x_wconf 90' lang='lat' dir='ltr'><strong>per</strong></span> <span class='ocrx_word' id='word_1_527' title='bbox 1047 5150 1304 5217; x_wconf 90' lang='lat' dir='ltr'><strong>tempora</strong></span> <span class='ocrx_word' id='word_1_528' title='bbox 1331 5144 1546 5201; x_wconf 89' lang='lat' dir='ltr'><strong>Urbani</strong></span> <span class='ocrx_word' id='word_1_529' title='bbox 1570 5145 1866 5203; x_wconf 86' lang='lat' dir='ltr'><strong>Paschalis</strong></span> <span class='ocrx_word' id='word_1_530' title='bbox 1897 5160 2032 5218; x_wconf 88' lang='lat' dir='ltr'><strong>apo-</strong></span> 
     </span>
    </p>
   </div>
   <div class='ocr_carea' id='block_1_86' title="bbox 383 5232 2033 5307">
    <p class='ocr_par' dir='ltr' id='par_1_86' title="bbox 383 5232 2033 5307">
     <span class='ocr_line' id='line_1_86' title="bbox 383 5232 2033 5307; baseline 0.001 -17"><span class='ocrx_word' id='word_1_531' title='bbox 383 5233 726 5290; x_wconf 87' lang='lat' dir='ltr'><strong>stolicorum</strong></span> <span class='ocrx_word' id='word_1_532' title='bbox 750 5247 939 5305; x_wconf 90' lang='lat' dir='ltr'><strong>usque</strong></span> <span class='ocrx_word' id='word_1_533' title='bbox 957 5232 1029 5289; x_wconf 88' lang='lat' dir='ltr'><strong>ad</strong></span> <span class='ocrx_word' id='word_1_534' title='bbox 1048 5236 1313 5304; x_wconf 90' lang='lat' dir='ltr'><strong>tempora</strong></span> <span class='ocrx_word' id='word_1_535' title='bbox 1338 5232 1546 5289; x_wconf 86' lang='lat' dir='ltr'><strong>Calixti</strong></span> <span class='ocrx_word' id='word_1_536' title='bbox 1571 5248 1638 5305; x_wconf 92' lang='lat' dir='ltr'><strong>pa</strong></span> <span class='ocrx_word' id='word_1_537' title='bbox 1648 5248 1732 5306; x_wconf 70' lang='lat' dir='ltr'><strong>pas</strong></span> <span class='ocrx_word' id='word_1_538' title='bbox 1753 5234 2033 5307; x_wconf 89' lang='lat' dir='ltr'><strong>perdura-</strong></span> 
     </span>
    </p>
   </div>
   <div class='ocr_carea' id='block_1_87' title="bbox 379 5320 2032 5393">
    <p class='ocr_par' dir='ltr' id='par_1_87' title="bbox 379 5320 2032 5393">
     <span class='ocr_line' id='line_1_87' title="bbox 379 5320 2032 5393; baseline 0 -16"><span class='ocrx_word' id='word_1_539' title='bbox 379 5320 465 5377; x_wconf 87' lang='lat' dir='ltr'><strong>vit</strong></span> <span class='ocrx_word' id='word_1_540' title='bbox 487 5350 543 5360; x_wconf 83' lang='lat'><strong>-</strong></span> <span class='ocrx_word' id='word_1_541' title='bbox 576 5320 689 5377; x_wconf 87' lang='lat' dir='ltr'><strong>iste</strong></span> <span class='ocrx_word' id='word_1_542' title='bbox 712 5321 881 5379; x_wconf 91' lang='lat' dir='ltr'><strong>homo</strong></span> <span class='ocrx_word' id='word_1_543' title='bbox 902 5336 1087 5381; x_wconf 89' lang='lat' dir='ltr'><strong>novus</strong></span> <span class='ocrx_word' id='word_1_544' title='bbox 1107 5321 1266 5393; x_wconf 89' lang='lat' dir='ltr'><strong>cepit</strong></span> <span class='ocrx_word' id='word_1_545' title='bbox 1288 5320 1455 5379; x_wconf 91' lang='lat' dir='ltr'><strong>miles</strong></span> <span class='ocrx_word' id='word_1_546' title='bbox 1476 5321 1841 5380; x_wconf 90' lang='lat' dir='ltr'><strong>mirabilibus</strong></span> <span class='ocrx_word' id='word_1_547' title='bbox 1876 5323 2032 5393; x_wconf 89' lang='lat' dir='ltr'><strong>inge-</strong></span> 
     </span>
    </p>
   </div>
   <div class='ocr_carea' id='block_1_88' title="bbox 2141 4523 3789 4599">
    <p class='ocr_par' dir='ltr' id='par_1_88' title="bbox 2141 4523 3789 4599">
     <span class='ocr_line' id='line_1_88' title="bbox 2141 4523 3789 4599; baseline -0.005 -17"><span class='ocrx_word' id='word_1_548' title='bbox 2141 4528 2291 4584; x_wconf 92' lang='lat' dir='ltr'><strong>ferre</strong></span> <span class='ocrx_word' id='word_1_549' title='bbox 2314 4525 2482 4599; x_wconf 79' lang='lat'><strong>(661).</strong></span> <span class='ocrx_word' id='word_1_550' title='bbox 2522 4524 2686 4592; x_wconf 88' lang='lat' dir='ltr'><strong>Quod</strong></span> <span class='ocrx_word' id='word_1_551' title='bbox 2715 4539 2847 4582; x_wconf 92' lang='lat' dir='ltr'><strong>cum</strong></span> <span class='ocrx_word' id='word_1_552' title='bbox 2880 4525 3164 4598; x_wconf 84' lang='lat' dir='ltr'><strong>perlicere</strong></span> <span class='ocrx_word' id='word_1_553' title='bbox 3194 4537 3307 4580; x_wconf 92' lang='lat' dir='ltr'><strong>non</strong></span> <span class='ocrx_word' id='word_1_554' title='bbox 3342 4525 3564 4596; x_wconf 91' lang='lat' dir='ltr'><strong>posset,</strong></span> <span class='ocrx_word' id='word_1_555' title='bbox 3598 4523 3789 4592; x_wconf 85' lang='lat' dir='ltr'><strong>coegit</strong></span> 
     </span>
    </p>
   </div>
   <div class='ocr_carea' id='block_1_89' title="bbox 2136 4611 3796 4686">
    <p class='ocr_par' dir='ltr' id='par_1_89' title="bbox 2136 4611 3796 4686">
     <span class='ocr_line' id='line_1_89' title="bbox 2136 4611 3796 4686; baseline -0.003 -17"><span class='ocrx_word' id='word_1_556' title='bbox 2136 4618 2332 4671; x_wconf 88' lang='lat' dir='ltr'><strong>tamen</strong></span> <span class='ocrx_word' id='word_1_557' title='bbox 2357 4629 2487 4671; x_wconf 89' lang='lat' dir='ltr'><strong>eum</strong></span> <span class='ocrx_word' id='word_1_558' title='bbox 2513 4613 2759 4670; x_wconf 83' lang='lat' dir='ltr'><strong>firmiter</strong></span> <span class='ocrx_word' id='word_1_559' title='bbox 2782 4614 3127 4686; x_wconf 89' lang='lat' dir='ltr'><strong>promittere</strong></span> <span class='ocrx_word' id='word_1_560' title='bbox 3157 4611 3310 4685; x_wconf 90' lang='lat' dir='ltr'><strong>quod</strong></span> <span class='ocrx_word' id='word_1_561' title='bbox 3339 4626 3440 4668; x_wconf 92' lang='lat' dir='ltr'><strong>eos</strong></span> <span class='ocrx_word' id='word_1_562' title='bbox 3465 4624 3672 4667; x_wconf 89' lang='lat' dir='ltr'><strong>omnes</strong></span> <span class='ocrx_word' id='word_1_563' title='bbox 3697 4624 3796 4664; x_wconf 81' lang='lat' dir='ltr'><strong>ex-</strong></span> 
     </span>
    </p>
   </div>
   <div class='ocr_carea' id='block_1_90' title="bbox 2140 4698 3795 4775">
    <p class='ocr_par' dir='ltr' id='par_1_90' title="bbox 2140 4698 3795 4775">
     <span class='ocr_line' id='line_1_90' title="bbox 2140 4698 3795 4775; baseline -0.004 -16"><span class='ocrx_word' id='word_1_564' title='bbox 2140 4702 2386 4775; x_wconf 91' lang='lat' dir='ltr'><strong>pelleret</strong></span> <span class='ocrx_word' id='word_1_565' title='bbox 2410 4717 2438 4758; x_wconf 92' lang='lat' dir='ltr'><strong>a</strong></span> <span class='ocrx_word' id='word_1_566' title='bbox 2463 4701 2587 4759; x_wconf 89' lang='lat' dir='ltr'><strong>suis</strong></span> <span class='ocrx_word' id='word_1_567' title='bbox 2608 4703 2848 4759; x_wconf 88' lang='lat' dir='ltr'><strong>sedibus</strong></span> <span class='ocrx_word' id='word_1_568' title='bbox 2878 4703 3184 4774; x_wconf 86' lang='lat' dir='ltr'><strong>episcopos</strong></span> <span class='ocrx_word' id='word_1_569' title='bbox 3214 4716 3362 4773; x_wconf 92' lang='lat' dir='ltr'><strong>quos</strong></span> <span class='ocrx_word' id='word_1_570' title='bbox 3386 4700 3587 4772; x_wconf 88' lang='lat' dir='ltr'><strong>precio</strong></span> <span class='ocrx_word' id='word_1_571' title='bbox 3610 4698 3795 4755; x_wconf 88' lang='lat' dir='ltr'><strong>sciret</strong></span> 
     </span>
    </p>
   </div>
   <div class='ocr_carea' id='block_1_91' title="bbox 2140 4786 3794 4863">
    <p class='ocr_par' dir='ltr' id='par_1_91' title="bbox 2140 4786 3794 4863">
     <span class='ocr_line' id='line_1_91' title="bbox 2140 4786 3794 4863; baseline -0.004 -17"><span class='ocrx_word' id='word_1_572' title='bbox 2140 4790 2489 4862; x_wconf 90' lang='lat' dir='ltr'><strong>intrasse,et</strong></span> <span class='ocrx_word' id='word_1_573' title='bbox 2506 4790 2577 4846; x_wconf 91' lang='lat' dir='ltr'><strong>de</strong></span> <span class='ocrx_word' id='word_1_574' title='bbox 2596 4794 2797 4847; x_wconf 88' lang='lat' dir='ltr'><strong>cetero</strong></span> <span class='ocrx_word' id='word_1_575' title='bbox 2820 4791 3016 4863; x_wconf 91' lang='lat' dir='ltr'><strong>prccio</strong></span> <span class='ocrx_word' id='word_1_576' title='bbox 3040 4790 3181 4847; x_wconf 92' lang='lat' dir='ltr'><strong>nulli</strong></span> <span class='ocrx_word' id='word_1_577' title='bbox 3200 4790 3604 4861; x_wconf 89' lang='lat' dir='ltr'><strong>episcopatum</strong></span> <span class='ocrx_word' id='word_1_578' title='bbox 3630 4786 3794 4843; x_wconf 89' lang='lat' dir='ltr'><strong>dare.</strong></span> 
     </span>
    </p>
   </div>
   <div class='ocr_carea' id='block_1_92' title="bbox 2140 4874 3795 4951">
    <p class='ocr_par' dir='ltr' id='par_1_92' title="bbox 2140 4874 3795 4951">
     <span class='ocr_line' id='line_1_92' title="bbox 2140 4874 3795 4951; baseline -0.004 -15"><span class='ocrx_word' id='word_1_579' title='bbox 2140 4878 2320 4946; x_wconf 86' lang='lat' dir='ltr'><strong>Quam</strong></span> <span class='ocrx_word' id='word_1_580' title='bbox 2347 4893 2466 4936; x_wconf 91' lang='lat' dir='ltr'><strong>rem</strong></span> <span class='ocrx_word' id='word_1_581' title='bbox 2495 4893 2625 4936; x_wconf 91' lang='lat' dir='ltr'><strong>cum</strong></span> <span class='ocrx_word' id='word_1_582' title='bbox 2662 4879 2965 4951; x_wconf 90' lang='lat' dir='ltr'><strong>predictus</strong></span> <span class='ocrx_word' id='word_1_583' title='bbox 2995 4879 3319 4951; x_wconf 89' lang='lat' dir='ltr'><strong>imperator</strong></span> <span class='ocrx_word' id='word_1_584' title='bbox 3347 4874 3795 4947; x_wconf 84' lang='lat' dir='ltr'><strong>aggrederetur,</strong></span> 
     </span>
    </p>
   </div>
   <div class='ocr_carea' id='block_1_93' title="bbox 2140 4963 3797 5036">
    <p class='ocr_par' dir='ltr' id='par_1_93' title="bbox 2140 4963 3797 5036">
     <span class='ocr_line' id='line_1_93' title="bbox 2140 4963 3797 5036; baseline -0.005 -12"><span class='ocrx_word' id='word_1_585' title='bbox 2140 4970 2367 5025; x_wconf 86' lang='lat' dir='ltr'><strong>tantum</strong></span> <span class='ocrx_word' id='word_1_586' title='bbox 2410 4967 2657 5024; x_wconf 91' lang='lat' dir='ltr'><strong>incurrit</strong></span> <span class='ocrx_word' id='word_1_587' title='bbox 2692 4968 2811 5023; x_wconf 86' lang='lat' dir='ltr'><strong>fere</strong></span> <span class='ocrx_word' id='word_1_588' title='bbox 2843 4965 3095 5023; x_wconf 88' lang='lat' dir='ltr'><strong>omnium</strong></span> <span class='ocrx_word' id='word_1_589' title='bbox 3128 4965 3326 5022; x_wconf 90' lang='lat' dir='ltr'><strong>odium</strong></span> <span class='ocrx_word' id='word_1_590' title='bbox 3358 4963 3797 5036; x_wconf 88' lang='lat' dir='ltr'><strong>episcoporum,</strong></span> 
     </span>
    </p>
   </div>
   <div class='ocr_carea' id='block_1_94' title="bbox 2142 5051 3797 5128">
    <p class='ocr_par' dir='ltr' id='par_1_94' title="bbox 2142 5051 3797 5128">
     <span class='ocr_line' id='line_1_94' title="bbox 2142 5051 3797 5128; baseline -0.007 -14"><span class='ocrx_word' id='word_1_591' title='bbox 2142 5056 2295 5128; x_wconf 91' lang='lat' dir='ltr'><strong>quod</strong></span> <span class='ocrx_word' id='word_1_592' title='bbox 2312 5061 2512 5114; x_wconf 90' lang='lat' dir='ltr'><strong>contra</strong></span> <span class='ocrx_word' id='word_1_593' title='bbox 2536 5056 2721 5128; x_wconf 89' lang='lat' dir='ltr'><strong>ipsum</strong></span> <span class='ocrx_word' id='word_1_594' title='bbox 2741 5069 2936 5125; x_wconf 89' lang='lat' dir='ltr'><strong>regem</strong></span> <span class='ocrx_word' id='word_1_595' title='bbox 2952 5053 3233 5125; x_wconf 86' lang='lat' dir='ltr'><strong>Gregorio</strong></span> <span class='ocrx_word' id='word_1_596' title='bbox 3250 5068 3317 5126; x_wconf 89' lang='lat' dir='ltr'><strong>pa</strong></span> <span class='ocrx_word' id='word_1_597' title='bbox 3326 5068 3411 5125; x_wconf 76' lang='lat' dir='ltr'><strong>pae</strong></span> <span class='ocrx_word' id='word_1_598' title='bbox 3432 5051 3797 5108; x_wconf 86' lang='lat' dir='ltr'><strong>adheserunt</strong></span> 
     </span>
    </p>
   </div>
   <div class='ocr_carea' id='block_1_95' title="bbox 2140 5138 3798 5215">
    <p class='ocr_par' dir='ltr' id='par_1_95' title="bbox 2140 5138 3798 5215">
     <span class='ocr_line' id='line_1_95' title="bbox 2140 5138 3798 5215; baseline -0.008 -11"><span class='ocrx_word' id='word_1_599' title='bbox 2140 5150 2201 5204; x_wconf 89' lang='lat' dir='ltr'><strong>et</strong></span> <span class='ocrx_word' id='word_1_600' title='bbox 2217 5160 2348 5202; x_wconf 91' lang='lat' dir='ltr'><strong>eum</strong></span> <span class='ocrx_word' id='word_1_601' title='bbox 2366 5160 2495 5202; x_wconf 88' lang='lat' dir='ltr'><strong>cum</strong></span> <span class='ocrx_word' id='word_1_602' title='bbox 2516 5145 2750 5201; x_wconf 93' lang='lat' dir='ltr'><strong>domino</strong></span> <span class='ocrx_word' id='word_1_603' title='bbox 2770 5158 2913 5215; x_wconf 88' lang='lat' dir='ltr'><strong>papa</strong></span> <span class='ocrx_word' id='word_1_604' title='bbox 2933 5143 3604 5200; x_wconf 85' lang='lat' dir='ltr'><strong>excommunicaverunt.</strong></span> <span class='ocrx_word' id='word_1_605' title='bbox 3633 5138 3798 5197; x_wconf 66' lang='lat' dir='ltr'><strong>Multi</strong></span> 
     </span>
    </p>
   </div>
   <div class='ocr_carea' id='block_1_96' title="bbox 2143 5226 3800 5302">
    <p class='ocr_par' dir='ltr' id='par_1_96' title="bbox 2143 5226 3800 5302">
     <span class='ocr_line' id='line_1_96' title="bbox 2143 5226 3800 5302; baseline -0.006 -10"><span class='ocrx_word' id='word_1_606' title='bbox 2143 5238 2336 5292; x_wconf 87' lang='lat' dir='ltr'><strong>autem</strong></span> <span class='ocrx_word' id='word_1_607' title='bbox 2364 5247 2434 5289; x_wconf 86' lang='lat' dir='ltr'><strong>ex</strong></span> <span class='ocrx_word' id='word_1_608' title='bbox 2462 5231 2860 5288; x_wconf 85' lang='lat' dir='ltr'><strong>cardinalibus</strong></span> <span class='ocrx_word' id='word_1_609' title='bbox 2892 5231 3014 5302; x_wconf 89' lang='lat' dir='ltr'><strong>regi</strong></span> <span class='ocrx_word' id='word_1_610' title='bbox 3047 5230 3427 5300; x_wconf 81' lang='lat' dir='ltr'><strong>adheserunt,</strong></span> <span class='ocrx_word' id='word_1_611' title='bbox 3460 5232 3520 5283; x_wconf 91' lang='lat' dir='ltr'><strong>et</strong></span> <span class='ocrx_word' id='word_1_612' title='bbox 3543 5226 3614 5284; x_wconf 87' lang='lat' dir='ltr'><strong>de</strong></span> <span class='ocrx_word' id='word_1_613' title='bbox 3639 5226 3800 5285; x_wconf 85' lang='lat' dir='ltr'><strong>clero</strong></span> 
     </span>
    </p>
   </div>
   <div class='ocr_carea' id='block_1_97' title="bbox 2143 5318 3801 5391">
    <p class='ocr_par' dir='ltr' id='par_1_97' title="bbox 2143 5318 3801 5391">
     <span class='ocr_line' id='line_1_97' title="bbox 2143 5318 3801 5391; baseline -0.005 -12"><span class='ocrx_word' id='word_1_614' title='bbox 2143 5326 2526 5380; x_wconf 85' lang='lat' dir='ltr'><strong>Romanorum</strong></span> <span class='ocrx_word' id='word_1_615' title='bbox 2570 5325 2745 5391; x_wconf 82' lang='lat' dir='ltr'><strong>atque</strong></span> <span class='ocrx_word' id='word_1_616' title='bbox 2776 5318 2847 5374; x_wconf 88' lang='lat' dir='ltr'><strong>de</strong></span> <span class='ocrx_word' id='word_1_617' title='bbox 2879 5318 3114 5391; x_wconf 90' lang='lat' dir='ltr'><strong>p0pulo.</strong></span> <span class='ocrx_word' id='word_1_618' title='bbox 3162 5319 3418 5386; x_wconf 87' lang='lat' dir='ltr'><strong>Quorum</strong></span> <span class='ocrx_word' id='word_1_619' title='bbox 3459 5319 3675 5372; x_wconf 88' lang='lat' dir='ltr'><strong>contra</strong></span> <span class='ocrx_word' id='word_1_620' title='bbox 3708 5328 3801 5387; x_wconf 86' lang='lat' dir='ltr'><strong>pa-</strong></span> 
     </span>
    </p>
   </div>
   <div class='ocr_carea' id='block_1_98' title="bbox 1986 5439 2208 5495">
    <p class='ocr_par' dir='ltr' id='par_1_98' title="bbox 1986 5439 2208 5495">
     <span class='ocr_line' id='line_1_98' title="bbox 1986 5439 2208 5495; baseline 0 -2"><span class='ocrx_word' id='word_1_621' title='bbox 1986 5439 2208 5495; x_wconf 65' lang='lat' dir='ltr'><strong>NOTAE.</strong></span> 
     </span>
    </p>
   </div>
   <div class='ocr_carea' id='block_1_99' title="bbox 461 5529 3463 5606">
    <p class='ocr_par' dir='ltr' id='par_1_99' title="bbox 461 5529 3463 5606">
     <span class='ocr_line' id='line_1_99' title="bbox 461 5529 3463 5606; baseline -0.002 -17"><span class='ocrx_word' id='word_1_622' title='bbox 461 5532 606 5606; x_wconf 81' lang='grc'>(661)</span> <span class='ocrx_word' id='word_1_623' title='bbox 640 5532 956 5605; x_wconf 85' lang='lat' dir='ltr'><strong>Scriptoris</strong></span> <span class='ocrx_word' id='word_1_624' title='bbox 984 5547 1188 5591; x_wconf 91' lang='lat' dir='ltr'><strong>errore</strong></span> <span class='ocrx_word' id='word_1_625' title='bbox 1221 5534 1433 5604; x_wconf 88' lang='lat' dir='ltr'><strong>cuique</strong></span> <span class='ocrx_word' id='word_1_626' title='bbox 1466 5534 1639 5592; x_wconf 87' lang='lat' dir='ltr'><strong>facile</strong></span> <span class='ocrx_word' id='word_1_627' title='bbox 1672 5536 1975 5606; x_wconf 85' lang='lat' dir='ltr'><strong>patebunt.</strong></span> <span class='ocrx_word' id='word_1_628' title='bbox 2010 5538 2180 5593; x_wconf 88' lang='lat' dir='ltr'><strong>Certe</strong></span> <span class='ocrx_word' id='word_1_629' title='bbox 2208 5533 2538 5591; x_wconf 83' lang='lat' dir='ltr'><strong>Heinricum</strong></span> <span class='ocrx_word' id='word_1_630' title='bbox 2566 5532 2638 5588; x_wconf 89' lang='lat' dir='ltr'><strong>III</strong></span> <span class='ocrx_word' id='word_1_631' title='bbox 2661 5536 2714 5588; x_wconf 91' lang='lat' dir='ltr'><strong>et</strong></span> <span class='ocrx_word' id='word_1_632' title='bbox 2746 5530 2812 5586; x_wconf 81' lang='lat' dir='ltr'><strong>IV</strong></span> <span class='ocrx_word' id='word_1_633' title='bbox 2847 5545 2958 5586; x_wconf 89' lang='lat' dir='ltr'><strong>non</strong></span> <span class='ocrx_word' id='word_1_634' title='bbox 2993 5530 3138 5587; x_wconf 88' lang='lat' dir='ltr'><strong>satis</strong></span> <span class='ocrx_word' id='word_1_635' title='bbox 3168 5529 3463 5586; x_wconf 86' lang='lat' dir='ltr'><strong>distinxit.</strong></span> 
     </span>
    </p>
   </div>
  </div>
