3960 6044
189 215 362 292 1309,

753 216 1022 286 GESTA
1048 217 1403 286 TREVER.
1447 254 1510 268 -
1556 217 1914 284 APPEND.
1967 218 2234 286 GESTA
2271 218 2740 288 ALBERONIS
2779 211 3027 288 ARCH.

3434 219 3590 288 1810

187 385 325 445 pem
356 367 808 431 Hildebrandum
829 371 1074 446 plurima
1093 378 1328 433 exstant
1357 370 1577 447 scripta
1609 372 1838 432 mordu-
1867 360 1921 422 Α
1949 374 2309 434 auctoritate
2352 375 2462 434 sub
2511 376 2894 436 anathemate
2947 375 3298 450 conﬁrmare
3369 375 3427 434 et
3469 389 3592 436 cor-

188 451 281 510 cia
315 453 488 526 (662.)
521 454 624 512 Hic
655 458 846 511 autem
872 454 1157 512 Henricus
1191 453 1346 512 ﬁlius
1403 459 1528 512 erat
1585 453 1836 512 Conradi

190 539 597 612 imperatoris.
632 542 807 611 Cujus
833 542 988 598 ﬁlius
1036 543 1338 608 Henricus,
1372 543 1468 615 qui
1531 543 1839 602 dicebatur

191 629 416 699 senior,
433 634 695 702 paternae
729 632 904 688 heres
935 631 1247 690 discordiae
1269 647 1397 689 cum
1413 634 1686 690 Romanis
1703 648 1840 706 pon-

192 715 478 787 tiﬁcibus,
497 719 781 776 imitando
803 724 1028 792 patrem
1043 722 1320 790 gravabat
1349 721 1402 776 in
1429 725 1651 778 tantum
1677 737 1843 794 quos-

191 805 325 862 dam
359 806 697 878 episcopos,
731 808 883 879 quod
906 824 1104 866 eorum
1141 810 1566 868 machinatione
1623 818 1680 867 et
1733 813 1843 867 Re-

191 894 350 950 mani
377 895 672 966 pontiﬁcis
699 899 1054 955 auctoritate
1081 913 1110 954 a
1127 899 1244 956 ﬁlio
1263 913 1369 956 suo
1389 899 1636 956 Henrico
1661 913 1840 970 regno

192 983 402 1054 pulsus
428 989 545 1055 est,
565 986 746 1042 LIIII0
763 986 927 1057 regni
951 987 1040 1043 sui
1065 1003 1233 1058 anno,
1256 995 1313 1046 et
1349 988 1526 1060 paulo
1555 989 1843 1061 postLeo-

192 1071 276 1128 dii
307 1072 620 1130 defunctus
651 1081 763 1132 est.
802 1077 900 1133 Cui
935 1091 1064 1134 cum
1103 1078 1155 1133 in
1182 1093 1421 1148 regnum
1455 1079 1842 1136 successisset

191 1161 481 1219 Henricus
515 1163 672 1220 ﬁlius
709 1165 837 1236 ejus
879 1165 1097 1236 junior,
1154 1169 1270 1239 jam
1314 1173 1440 1239 post
1479 1167 1836 1238 Gregorium,

191 1250 428 1307 Urbano
451 1266 597 1324 papa
621 1251 918 1324 defuncto,
937 1255 1179 1312 sedebat
1196 1255 1531 1328 apostolicae
1549 1255 1840 1313 memoriae

191 1339 459 1396 Pascalis
497 1351 678 1412 papa,‘
700 1342 796 1412 qui
821 1345 974 1412 quod
1007 1343 1276 1402 dominus
1319 1345 1632 1414 Gregorius
1679 1343 1842 1399 Vliml

193 1432 440 1498 ceperat
467 1429 592 1486 zelo
625 1431 728 1487 Dei
755 1447 1079 1490 succensus
1112 1434 1393 1505 perlicere
1413 1433 1664 1490 volebat.
1703 1435 1840 1490 Cum

193 1517 346 1572 enim
383 1519 670 1576 Henricus
693 1521 891 1590 junior
923 1523 993 1577 ad
1023 1523 1524 1579 consecrationem
1575 1523 1844 1594 imperia-

196 1601 312 1660 lem
335 1605 572 1663 Romam
596 1609 878 1681 venisset,
898 1611 1230 1668 unctionem
1255 1612 1306 1668 ei
1328 1625 1472 1684 papa
1491 1612 1838 1682 denegabat,

195 1693 311 1750 nisi
343 1693 584 1753 cederet
612 1710 642 1754 a
661 1699 794 1770 jure
817 1699 973 1770 quod
995 1700 1050 1756 in
1074 1701 1380 1758 vestituris
1397 1701 1838 1772 episcopatuum

195 1781 515 1840 videbatur
529 1785 762 1844 habere.
792 1787 930 1854 Quae
953 1803 1048 1846 res
1067 1804 1237 1860 quem
1261 1794 1532 1846 eventum
1548 1789 1838 1858 habuerit,

195 1883 272 1926 ex
301 1871 554 1944 epistola
585 1888 616 1930 a
641 1889 777 1945 rege
802 1877 1071 1934 lleinrico
1095 1880 1268 1934 Roma
1295 1879 1578 1934 redeunte
1603 1893 1705 1950 per
1721 1878 1846 1936 uni-

197 1964 435 2008 versum
471 1967 710 2024 regnum
743 1957 1088 2014 transmissa
1119 1960 1410 2030 (amitti)
1433 1957 1718 2031 perpendi
1749 1973 1846 2030 po-

198 2041 338 2096 test.

275 2129 603 2190 Heinricus
626 2133 774 2206 (663)
795 2133 927 2200 [Dei
945 2135 1155 2206 gratia
1177 2137 1576 2197 Romanorum
1597 2137 1850 2207 impera-

201 2219 308 2278 tor
327 2222 638 2292 augustas,
662 2222 936 2282 omnibus
951 2224 1182 2281 Christi
1199 2225 1258 2280 et
1271 2223 1528 2282 ecclesia
1537 2225 1716 2296 ﬁdeli
1723 2224 1846 2280 bus.

199 2313 417 2372 Notum
432 2311 834 2368 esseoolumus
853 2311 1161 2370 dilectioni
1181 2313 1237 2369 et
1248 2312 1600 2371 discrecioni
1620 2315 1848 2384 rest-ree,

200 2412 272 2459 ea
283 2413 415 2474 qua
429 2399 586 2456 inter
597 2411 703 2456 nos
716 2399 774 2455 et
786 2398 1088 2456 dominum
1100 2401 1275 2458 illum
1291 2401 1644 2458 Paschalem
1657 2401 1849 2472 erant,

206 2484 494 2558 quomodo
523 2485 780 2557 incepta,
807 2486 1072 2544 tractata
1093 2500 1166 2544 ac
1173 2487 1420 2568 peracta
1433 2485 1590 2557 sint;
1622 2487 1854 2545 scilicet

203 2573 274 2632 de
309 2572 684 2633 conventione
701 2573 859 2632 inter
875 2587 967 2630 me
982 2575 1043 2630 et
1056 2574 1272 2646 ipsum,
1299 2575 1368 2631 de
1382 2575 1710 2634 traditione
1742 2577 1855 2633 Ro-

199 2676 516 2722 manorum
535 2661 603 2719 in
621 2677 713 2720 me
735 2663 972 2734 etmeos,
993 2664 1062 2720 ut
1089 2665 1305 2721 audita
1330 2665 1656 2736 intelligat,
1679 2667 1854 2723 intel-

205 2751 360 2810 lecta
388 2749 705 2821 examinet,
754 2752 1109 2810 examinata
1143 2753 1454 2824 dijudicet.
1482 2753 1686 2824 Igitur
1723 2768 1855 2812 cum

201 2843 272 2900 in
300 2853 364 2897 eo
405 2839 560 2900 totus
593 2853 775 2898 essem
797 2841 869 2897 ut
896 2855 988 2898 me
1012 2842 1094 2898 ad
1130 2843 1386 2900 ecclesia
1425 2842 1754 2898 utilitatem
1798 2843 1859 2900 et

203 2929 399 2999 ipsius
420 2927 638 2998 uotiua,
673 2927 728 2984 si
741 2929 980 3000 justum
1005 2930 1171 2998 esset,
1206 2942 1603 3000 componerem
1631 2928 1742 3001 “3°,
1767 2944 1853 2987 ce-

193 3016 299 3089 pit
318 3015 741 3074 dilatationem
770 3016 827 3072 et
855 3017 1286 3074 multationem
1307 3015 1478 3088 regni
1529 3031 1716 3089 supra
1739 3033 1853 3075 om-

203 3086 310 3161 nes
332 3103 728 3162 antecessores
749 3117 904 3162 meos
923 3104 1188 3161 studiose
1213 3086 1577 3176 promittere,
1595 3086 1855 3164 subdole
1883 3086 1930 3148 Ο

206 3193 406 3250 tamen
441 3191 724 3266 quomodo
760 3206 1011 3264 regnum
1059 3195 1118 3250 et
1136 3195 1492 3254 ecclesiama
1531 3196 1702 3254 statu
1745 3210 1851 3254 suo

205 3281 507 3340 sc.nderet
533 3281 816 3338 tractare.
847 3281 1014 3348 Quod
1024 3282 1241 3356 facere
1259 3282 1350 3342 sic
1376 3297 1697 3357 aggressus
1742 3284 1845 3343 est.

208 3371 408 3442 Regna
437 3370 638 3428 nostro
669 3369 780 3441 ⁴⁰⁸ί,
795 3371 934 3442 jam
963 3385 1003 3428 a
1025 3371 1252 3429 Karolo
1283 3375 1390 3429 300
1415 3373 1472 3430 et
1500 3387 1562 3430 eo
1590 3373 1852 3445 amplius

208 3460 392 3518 annis
414 3459 468 3516 ei
493 3457 600 3516 sub
611 3459 932 3529 sexaginta
963 3459 1156 3518 tribus
1182 3461 1524 3532 apostolicis
1544 3463 1852 3520 incestitu-

203 3561 310 3606 ras
339 3547 778 3620 episcopatuum
802 3548 860 3604 et
887 3547 1270 3606 abbatiarum
1301 3550 1615 3607 eorundem
1655 3551 1852 3608 aucto-

203 3636 391 3694 ritate
412 3635 469 3691 et
493 3635 949 3707 prioilegiorum
969 3637 1419 3709 confirmatione
1453 3639 1698 3709 tenenti,
1723 3637 1850 3696 abs-

206 3738 321 3796 gue
342 3723 662 3781 audientia
685 3725 931 3796 auferre
946 3725 1178 3782 colebat
1203 3727 1292 3789 ;et
1309 3741 1441 3783 cum
1455 3741 1570 3798 per
1605 3729 1852 3784 nuncios

205 3812 439 3870 nostros
468 3812 836 3886 quereretur,
851 3813 1077 3883 guidde
1087 3813 1256 3872 nobis
1263 3815 1447 3886 ﬂeret
1468 3815 1736 3872 omnibus
1755 3815 1853 3872 his

209 3900 455 3972 ablatis,
474 3901 540 3957 in
559 3914 937 3976 quaregnum
955 3903 1222 3960 nostr-um
1239 3903 1552 3974 constaret,
1569 3904 1854 3975 quoniam

192 3991 337 4066 fere
371 3989 573 4048 omnia
605 3990 999 4048 antecessores
1034 3992 1229 4050 nostri
1258 3993 1527 4050 ecclesiis
1566 4006 1854 4050 concesse-

205 4079 356 4138 runt
389 4079 447 4135 et
474 4077 875 4149 tradiderunt,
900 4077 1252 4150 subjunzit:
1284 4101 1310 4129 α
1329 4080 1578 4138 Fratres
1599 4081 1856 4138 ecclesia

209 4165 455 4225 decimis
519 4166 578 4222 et
619 4163 1020 4224 oblationibus
1089 4166 1220 4224 suis
1256 4166 1515 4223 contenti
1544 4167 1712 4238 sint;
1741 4180 1855 4224 rea

206 4270 342 4314 vero
387 4256 590 4313 omnia
604 4254 824 4328 predia
839 4255 1167 4326 etregalia,
1194 4268 1327 4327 qua
1359 4270 1397 4313 α
1417 4256 1645 4314 Karolo
1667 4257 1725 4314 et
1753 4257 1854 4314 Lo-

209 4345 404 4418 doyco,
441 4345 646 4403 Ottone
687 4345 747 4402 et
789 4345 1078 4402 Heinrico
1117 4344 1381 4402 ecclesiis
1421 4343 1645 4402 collata
1691 4345 1850 4415 sunt,

1947 455 2520 527 robora-re,-nosbrisi
2528 457 2707 514 tidem
2705 457 3190 530 ﬁrmantibus,si
3210 457 3334 528 hoc,
3349 457 3442 515 uti
3453 470 3592 529 pre-

1947 546 2200 603 missum
2219 546 2325 615 est,
2351 545 2766 618 complesset—-
2779 547 2840 604 et
2855 547 3015 618 quod
3037 546 3233 604 tamen
3243 545 3408 602 nullo
3424 545 3593 604 modo

1937 647 2114 706 posse
2126 635 2259 698 ﬁeri
2279 633 2553 692 sciebant
2563 667 2650 704 —,
2674 650 2762 692 me
2773 649 3004 708 quoque
3018 634 3409 694 inoestituras
3421 635 3593 693 eccle-

1947 725 2199 793 siarum,
2230 724 2323 780 uti
2345 725 2648 808 guerebat,
2678 726 3114 798 refutaturum,
3130 725 3291 783 sicut
3323 725 3390 782 in
3416 724 3592 782 carta

1949 812 2349 871 conventionis
2369 814 2607 885 plenius
2613 813 2892 884 poteritis
2918 814 3138 872 cidere.
3157 815 3244 870 De
3265 812 3592 870 traditione

1949 915 2082 958 vero
2101 903 2168 959 in
2191 903 2366 960 noset
2385 902 2453 960 in
2473 903 2708 961 nostros
2720 903 2808 961 sic
2819 918 2916 961 res
2931 917 2991 959 se
3005 903 3198 960 habet.
3240 903 3353 960 Via:
3377 901 3592 974 portas

1950 990 2223 1047 ciuitatis
2240 991 2500 1062 ingressi
2524 1005 2750 1061 sumus,
2789 1004 2918 1049 cum
2945 992 3171 1048 nostris
3199 991 3372 1051 infra
3390 989 3593 1047 menia

1948 1079 2814 1152 secureoagantibus,guidam
2835 1080 3158 1150 vulnerati,
3194 1079 3312 1138 alii
3347 1093 3482 1136 cera
3504 1079 3594 1135 in-

1952 1167 2206 1238 terfecti,
2223 1183 2418 1226 omnes
2440 1184 2572 1226 vero
2585 1170 2832 1240 spoliati
2851 1170 2962 1226 aut
2979 1168 3308 1240 captisunt.
3347 1169 3472 1238 Ego
3505 1167 3594 1224 ta-

1949 1271 2081 1314 men
2101 1256 2282 1330 quasi
2291 1271 2406 1328 pro
2437 1257 2552 1313 teri
2573 1271 2758 1315 causa
2778 1271 2894 1314 non
2913 1258 3126 1327 motus,
3160 1256 3310 1313 bona
3344 1257 3404 1312 et
3435 1255 3594 1312 tran-

1951 1345 2150 1418 quilla
2167 1347 2362 1402 mente
2377 1359 2566 1418 usque
2583 1347 2662 1403 ad
2671 1348 2906 1418 januas
2931 1345 3086 1404 beati
3107 1347 3276 1403 Petri
3312 1357 3444 1402 cum
3454 1357 3596 1415 pro-

1951 1434 2472 1506 cessioneperr-eni.
2503 1434 2630 1503 Ubi,
2653 1435 2724 1491 ut
2735 1435 2898 1491 osten
2909 1435 3100 1492 torem
3127 1435 3362 1491 nullam
3376 1433 3488 1489 Dei
3501 1429 3594 1465 ⁶⁰⁸³

1954 1523 2445 1581 disturbationem
2464 1538 2538 1580 ea
2547 1524 2699 1580 pelle
2709 1523 2908 1580 nostro
2913 1525 3244 1595 procedere,
3269 1523 3338 1579 in
3365 1521 3596 1579 cuncto-

1949 1626 2084 1669 rum
2114 1613 2450 1670 astantium
2468 1612 2656 1670 oculis
2681 1613 2741 1669 et
2755 1615 2896 1670 auri
2901 1611 3005 1670 bus
3034 1613 3141 1669 hoc
3157 1611 3446 1669 decretum
3456 1623 3594 1682 pro-

1871 1727 1924 1787 B
1951 1701 2240 1773 mulgeri:
2264 1703 2424 1772 «Ego
2441 1700 3189 1773 Heinricus‘°“1)cigralia
3203 1702 3598 1758 Romanorum

1952 1791 2277 1861 imperator
2300 1791 2612 1862 august-us,
2633 1792 2912 1861 conﬁrmo
2947 1792 3066 1847 Deo
3085 1790 3144 1846 et
3158 1789 3364 1846 sancto
3393 1787 3590 1855 Petro,

1953 1877 2222 1936 omnibus
2239 1880 2550 1950 episcopis,
2582 1878 2898 1936 abbatibus
2916 1879 2975 1935 et
2999 1877 3268 1935 omnibus
3308 1875 3590 1946 ecclesiis,

1953 1967 2153 2024 omnia
2171 1981 2302 2039 qua
2319 1970 2713 2025 antecessores
2725 1969 2840 2026 mei
2850 1957 3018 2039 reges
3037 1967 3094 2024 et
3107 1965 3495 2038 imperatores
3511 1966 3597 2021 eis

1955 2056 2368 2114 concesserunt
2382 2057 2480 2112 cel
2513 2055 2970 2126 traddiderunt;
2991 2055 3050 2112 et
3071 2070 3201 2128 qua
3225 2053 3325 2112 illi
3343 2067 3458 2126 pro
3497 2066 3600 2124 spe

1957 2143 2621 2202 aternaretributionis
2664 2143 3004 2201 obtulerunt
3027 2144 3166 2209 Deo,
3201 2129 3302 2214 ego
3329 2141 3599 2214 peccator

1952 2249 2060 2305 pro
2083 2234 2294 2290 timore
2317 2231 2610 2290 terribilis
2641 2233 2872 2303 judicii
2890 2231 3013 2288 ullo
3041 2232 3211 2288 modo
3246 2229 3599 2289 subtrahere

1955 2335 2230 2380 recuso.»
2256 2323 2384 2378 Hoc
2401 2321 2628 2378 decreto
2659 2319 2752 2354 ‘°"
2773 2321 2832 2376 et
2846 2319 3176 2392 subscripta
3208 2319 3360 2391 petii
3393 2317 3467 2376 ab
3512 2331 3596 2387 eo,

1957 2411 2030 2467 ut
2045 2411 2204 2469 sicut
2221 2411 2289 2468 in
2310 2410 2482 2468 curta
2499 2409 2899 2467 conventionis
2921 2411 3050 2482 ejus
3081 2409 3368 2481 scriptum
3389 2407 3475 2464 est
3492 2406 3602 2464 mi-

1960 2499 2411 2572 hiadimpleret.
2439 2501 2580 2558 Hac
2597 2500 2770 2556 carta
2799 2498 2891 2532 ⁴⁰⁵⁶
2931 2497 3334 2557 contentionis
3359 2499 3486 2569 ejus
3521 2495 3603 2554 ad

1956 2601 2050 2646 me
2068 2607 2088 2644 .-
2108 2587 2201 2622 ‘0"
2227 2607 2239 2642 :
2256 2608 2283 2640 »
2300 2590 2731 2661 Domnuspapa
2750 2587 3047 2660 precipiet
3062 2587 3350 2658 episcOpis
3362 2598 3598 2656 presen-

1963 2677 2118 2734 tibus
2135 2677 2200 2733 in
2221 2678 2318 2734 die
2338 2679 2742 2736 coronationis
2759 2678 2938 2750 regis,
2962 2674 3601 2746 utdimittantregalia

1957 2767 2108 2835 regi,
2133 2767 2194 2823 et
2212 2780 2392 2835 regno
2413 2780 2545 2838 qua
2561 2766 2642 2822 ad
2671 2779 2919 2838 regnum
2934 2763 3316 2836 pertinebant
3353 2763 3604 2834 tempore

1958 2853 2198 2922 Karoli,
2227 2855 2478 2926 Lodogci
2503 2854 2732 2912 Ottonis
2750 2855 2808 2910 et
2817 2855 3118 2922 Heinrici,
3134 2853 3190 2908 et
3205 2853 3466 2908 aliorum
3473 2863 3604 2922 pre-

1962 2943 2326 3000 decessorum
2349 2943 2495 3013 ejus,
2519 2943 2576 2998 et
2595 2943 2815 3014 scripto
2824 2941 3102 3013 ﬁrmabit
3122 2939 3229 2998 sub
3257 2939 3606 2996 anathema-

1961 3032 2036 3096 te,
2058 3046 2130 3088 ne
2156 3046 2350 3089 eorum
2370 3032 2738 3102 presentium
2773 3031 2868 3088 rel
2908 3029 3242 3087 absentium
3281 3029 3605 3102 quisquam

1958 3119 2054 3178 cel
2070 3134 2430 3178 successores
2457 3134 2654 3176 eorum
2677 3119 3080 3176 intromittant
3098 3132 3160 3175 se
3179 3119 3276 3174 vel
3309 3115 3608 3174 invadant

1961 3210 2164 3266 eadem
2183 3210 2444 3280 regalia,
2468 3209 2534 3265 id
2545 3210 2634 3265 est
2652 3207 2837 3266 cicita
2847 3209 2952 3277 tes,
2979 3206 3250 3276 ducatus,
3274 3204 3600 3274 marchias,

1959 3299 2294 3367 comitatus,
2323 3297 2603 3364 monetas,
2627 3297 2976 3366 theloneum,
2994 3293 3474 3352 marchatum‘°"
3503 3293 3605 3350 ad-

1957 3387 2193 3444 rocatia
2203 3401 2247 3456 ς,
2271 3387 2472 3442 omnia
2483 3387 2634 3457 jura
2655 3385 3086 3454 centurionum,
3101 3384 3319 3455 id(666)
3343 3383 3432 3440 est
3446 3381 3606 3438 cilli-

1961 3489 2178 3546 corum,
2212 3476 2409 3533 curtes
2430 3475 2489 3530 et
2505 3474 2692 3532 villas
2711 3486 2843 3546 qua
2859 3475 3033 3544 regni
3049 3473 3242 3542 erant,
3271 3486 3403 3530 cum
3431 3472 3608 3528 omni-

1963 3563 2068 3620 bus
2079 3563 2474 3636 pcrtinentiis
2493 3563 2642 3632 suis,
2663 3560 2959 3636 miliciam
2982 3561 3042 3636 et
3063 3563 3268 3636 castra
3286 3578 3318 3636 ;_
3346 3573 3453 3636 nec
3471 3561 3607 3636 ipse

1957 3629 2155 3706 regem
2176 3636 2232 3691 cl
2249 3649 2497 3704 regnum
2517 3629 2694 3704 super
2715 3633 2813 3690 his
2850 3632 3108 3690 ulterius
3143 3629 3528 3702 inquietabit,
3553 3631 3609 3686 et

1949 3723 2280 3796 priuilegio
2301 3723 2408 3778 sub
2443 3722 2826 3779 anathemate
2874 3720 3252 3786 confirmabit
3281 3733 3353 3776 ne
3383 3719 3609 3790 posteri

1962 3812 2058 3868 sui
2078 3809 2338 3881 amplius
2363 3811 2706 3882 inquietare
2731 3809 3084 3882 presumant
3112 3811 3327 3880 Regem
3363 3806 3610 3879 benigne

1962 3899 2026 3959 et
2048 3899 2368 3970 honoriﬁce
2384 3899 2689 3970 suscipiet,
2723 3899 2780 3954 et
2797 3913 2958 3955 more
2977 3897 3457 3968 predecessorum
3477 3897 3610 3966 ejus

1963 3987 2394 4045 catholicorum
2406 3987 2656 4045 scienter
2677 4000 2792 4042 non
2811 3985 3134 4055 subtracto,
3181 3983 3485 4042 coronabit
3500 4001 3525 4053 ,ο
3554 3983 3614 4039 et

1963 4075 2045 4133 ad
2067 4075 2484 4132 tenendum“m
2519 4089 2650 4131 cum
2673 4074 2768 4130 his
2815 4073 3084 4130 omnibus
3105 4071 3297 4144 ofﬁcii
3314 4073 3412 4128 sui
3434 4072 3612 4127 auai-

1965 4164 2318 4236 liojucabxit.
2341 4164 2418 4222 Si
2441 4165 2689 4220 domnus
2710 4176 2870 4234 papa
2893 4162 3014 4218 hac
3031 4163 3162 4232 regi
3183 4175 3299 4216 non
3327 4160 3612 4230 adimple-

1963 4255 2137 4323 rerit,
2161 4267 2263 4324 ego
2285 4253 2504 4310 Petrus
2526 4253 2736 4310 Leonis
2746 4253 2916 4324 jure,
2935 4249 3096 4322 quod
3115 4263 3246 4307 cum
3265 4249 3390 4306 tota
3407 4248 3608 4319 poten-

1966 4342 2057 4400 tia
2075 4356 2206 4399 mea
2225 4341 2423 4399 tenebo
2445 4340 2526 4397 ad
2547 4341 2848 4398 dominum
2866 4352 3080 4410 regem.
3113 4337 3359 4396 Obsides
3387 4337 3605 4405 autem,

207 4431 325 4493 sibi
369 4434 428 4491 et
479 4432 914 4493 successoribus
958 4434 1094 4492 suis
1138 4446 1238 4490 rec
1251 4433 1400 4504 'piat
1427 4434 1486 4489 et
1509 4433 1792 4490 detineat.
1823 4456 1847 4482 ιο
1883 4443 1936 4502 D
1965 4431 2442 4505 nisiej’ugerint,
2464 4430 2780 4487 reddemus
2801 4429 2998 4485 altera
3017 4428 3116 4485 die
3129 4425 3608 4500 postcoronatio-

209 4523 302 4582 Ad
349 4523 471 4580 hac
500 4537 632 4580 cum
679 4523 878 4582 nostri
939 4523 1403 4594 responderent:
1463 4535 1570 4580 nos
1613 4522 1855 4594 quidem
1963 4535 2096 4577 nem
2114 4520 2294 4590 regis.
2321 4520 2397 4576 Si
2406 4531 2748 4590 perpapam
2765 4517 3130 4573 remanserit
3145 4517 3215 4572 ut
3233 4529 3348 4572 non
3377 4528 3608 4572 corone-

210 4610 369 4669 nolle
390 4609 744 4668 uiolentiam
773 4609 1036 4668 ecclesiis
1065 4611 1314 4684 inferre,
1353 4624 1427 4666 ne
1461 4610 1586 4668 ista
1618 4611 1856 4668 subtra-
1967 4611 2084 4676 tur,
2110 4608 2400 4666 similiter
2417 4608 2749 4664 reddemus.
2776 4607 2888 4664 Die
2903 4606 3195 4663 dominico
3233 4618 3366 4662 cum
3382 4617 3494 4661 rea:
3531 4603 3612 4660 ad

213 4699 400 4757 hendo
446 4698 533 4755 tot
586 4699 915 4771 sacrilegia
971 4701 1337 4756 incurrerent
1375 4699 1486 4769 ‘0”,
1530 4699 1587 4755 et
1633 4701 1732 4757 sui
1760 4713 1856 4756 sa-
1957 4699 2390 4770 processionem
2410 4696 2655 4766 venerit,
2689 4693 2918 4752 obsides
2960 4693 3110 4751 d'zbo
3147 4691 3521 4750 Gracianuon
3541 4692 3612 4762 ﬂ-

211 4786 509 4844 cramento
553 4801 670 4858 pro
727 4787 854 4858 ipso
896 4787 1320 4859 ﬁrmaverunt,
1373 4787 1674 4846 dominica
1716 4789 1854 4844 Esto
1967 4788 2116 4845 lium
2141 4798 2353 4855 meum,
2379 4786 2438 4842 et
2443 4785 2652 4857 ﬁlium
2686 4783 3086 4854 Wieonisﬂlii
3115 4783 3252 4850 mei,
3283 4780 3382 4837 cel
3412 4778 3614 4850 filium

216 4874 352 4931 mihi
411 4873 470 4930 in
528 4876 726 4943 Deum,
773 4887 836 4932 se
880 4876 1082 4932 omnia
1146 4875 1268 4932 hac
1309 4889 1442 4932 cum
1477 4877 1742 4946 justicia
1799 4881 1854 4932 et
1963 4875 2207 4945 sororis,
2227 4888 2386 4945 mea,
2408 4873 2466 4932 si
2487 4886 2618 4930 eum
2638 4867 3613 4942 haberepoluero,«Haesuntsa-

281 5041 376 5124 f°'°
404 5055 752 5146 eopenﬁrgm
776 5039 942 5146 (κλει
973 5041 1124 5113 quod
1147 5055 1202 5146 lc;
1227 5041 1320 5146 ‘f"
1350 5041 1458 5146 hoc
1475 4973 3054 5146 wcjggé?amljdgugﬁﬁisdgcialiterrpromisi‘tpeprist.
3083 5037 3192 5146 "‘1"
3225 5038 3614 5146 cfelesiarum

215 5113 305 5196 dei
339 5111 508 5196 epist.
538 5111 630 5148 ⁸⁰⁸⁶
653 5114 717 5196 H.
753 5111 918 5194 c._‘°“
948 5111 1004 5196 ες
1030 5129 1118 5196 me
1149 5111 1386 5196 lecto‘et
1411 5127 1478 5184 ep
1507 5114 1582 5196 st.
1614 5111 1706 5196 ξοδδ
1739 5116 1801 5168 ll.
1837 5121 1924 5171 est
1965 5130 2048 5186 ep.
2084 5113 2177 5196 ωδ]
2236 5114 2289 5196 §i
2355 5111 2907 5196 rcgpdimpleve‘rit
2941 5111 3154 5196 domno
3207 5124 3391 5196 papm,
3428 5111 3612 5196 “sicut

217 5179 413 5326 iugalia
445 5183 851 5312 οοιὲἔὲῃιὶοὲἱε
884 5184 1110 5241 cartula
1144 5179 1566 5254 scriptum—est,
1605 5183 1848 5241 domnus
1880 5201 1932 5258 p.
1967 5179 2052 5258 e'p.
2089 5185 2186 5242 ed.
2227 5187 2400 5257 Legg.
2436 5185 2525 5249 II,
2547 5197 2612 5254 p.
2665 5179 2751 5238 67.
2787 5180 2881 5215 ⁴⁰⁵⁸
2914 5179 3232 5240 mercatum
3274 5179 3385 5239 ἐῶ(
3426 5180 3520 5214 ⁸⁰⁵⁹
3571 5182 3608 5236 t.

215 5270 277 5312 re
321 5271 454 5313 num
487 5270 521 5312 ο
627 5271 684 5311 ιι.
717 5269 748 5314 e
793 5297 806 5310 .

1811 5326 2012 5383 NOTAE

285 5413 433 5497 (662)
465 5413 800 5470 Praesertim
833 5413 1120 5472 Bennonis
1152 5413 1364 5471 librum
1397 5412 1726 5486 intelligere
1773 5415 1855 5471 vi-
1969 5419 2124 5497 p.__7_0
2153 5397 2465 5497 edita-“est.
2503 5413 2560 5468 In
2613 5411 2858 5483 singulis
2909 5412 3106 5470 verbis
3146 5411 3240 5470 hic
3291 5415 3494 5469 textus
3541 5413 3612 5468 ab

217 5483 438 5628 ἀθξὲἕέ)
470 5556 604 5628 Haec
625 5555 878 5628 epistola
908 5557 1208 5628 encyclica
1227 5570 1298 5628 ex
1326 5555 1596 5628 Udalrico
1639 5557 1843 5628 Haben-

1965 5483 2126 5542 edito
2158 5484 2401 5541 recedit.

1989 5627 1995 5628 ί
2040 5557 2185 5627 (664)
2215 5557 2258 5614 i.
2291 5569 2337 5612 e.
2370 5568 2424 5613 υ.
2462 5553 2716 5626 scriptor
2757 5554 3135 5614 Trevcrensis
3177 5554 3473 5615 addidisse
3536 5555 3614 5610 vi-

218 5625 486 5700 bergensi
511 5631 568 5682 et
605 5625 924 5688 Annalibus
945 5629 998 5685 S.
1025 5625 1300 5700 Dysibodi
1319 5627 1434 5699 jam
1460 5628 1628 5698 Legg.
1657 5627 1760 5686 Vol
1784 5629 1852 5699 Il,
1967 5625 2166 5684 detur.
