3960 6044
365 199 516 270 1811
932 200 1205 271 GESTA
1245 198 1603 268 TREVER.
1629 234 1710 249 --
1736 192 2093 263 APPEND.
2139 189 2407 260 GESTA
2445 187 2916 258 ALBERONIS
2954 181 3202 257 ARGH.
3629 178 3802 248 1812

361 358 700 420 crementa:
734 381 762 409 ι
791 357 919 432 Ego
935 356 1158 435 Petrus
1194 355 1404 416 Leonis
1441 357 1586 430 jura
1631 351 1816 424 vobis,
1855 348 2006 423 quia
2033 323 2089 382 Α
2120 347 2214 407 tia
2235 345 2632 408 Romanorum
2654 343 3004 435 imperator,
3031 343 3090 402 et
3105 355 3286 417 regno
3298 337 3552 435 regalia

359 449 606 508 domnus
623 462 793 523 papa
803 429 1084 521 proximo
1106 430 1202 506 die
1231 429 1520 506 dominico
1539 440 1899 517 adimplebit
1920 453 2010 498 re-
2117 437 2690 512 tendaprecipimus,
2713 450 2846 507 qua
2866 434 2948 492 ad
2963 447 3216 506 regnum
3243 429 3642 523 pertinebant
3659 443 3797 523 ma-

351 539 443 612 gi,
467 517 728 611 quod—in—
737 517 914 596 curta
933 537 1330 596 conventionis
1351 535 1646 608 scriptum
1675 532 1778 590 est.
1809 555 1833 581 ο
1863 532 2007 588 Hac
2113 525 2277 600 nifes
2290 527 2602 599 tetempore
2613 525 2856 595 Karoli,
2882 523 3136 612 Lodo-gci
3153 523 3211 612 et
3225 520 3558 612 ceterorum
3573 517 3792 612 prede-

357 607 502 686 sunt
518 627 896 688 sacramenta
925 641 1000 684 ea;
1017 627 1226 684 nostra
1247 625 1420 696 parte
1437 607 1508 683 :Wa
1527 625 1654 694 Ego
1670 634 1856 680 comes
1887 619 2006 676 He-
2115 629 2403 675 cessorum
2415 615 2666 672 tuorum.
2681 611 3112 672 Interdicimus
3124 611 3307 668 etiam
3319 609 3376 666 et
3387 608 3499 666 sub
3524 607 3790 665 anathe-

355 717 690 776 rimannus.
714 717 843 788 Ego
859 729 1042 773 comes
1055 713 1440 786 Godefridus.
1457 715 1589 788 Ego
1599 725 1785 770 comes
1798 708 2005 766 Fride-

353 805 672 875 ricus.Ego
693 803 1018 860 Folmarus.
1044 803 1174 874 Ego
1213 801 1573 860 Adatbertus
1601 797 2005 857 cancella/rius

350 891 684 965 jurovobis,
724 894 872 964 quia
905 892 1152 948 domnus
1179 903 1294 948 rea:
1328 891 1610 962 proxima
1647 887 1872 958 quarta
1909 884 2010 942 vel

357 973 576 1046 quinta
601 973 777 1048 feria
792 973 884 1030 ita
891 971 1198 1044 principes
1229 969 1654 1044 jurarefaciet
1682 967 1741 1025 et
1771 965 2003 1024 obsides

357 1059 544 1130 dabit,
578 1061 741 1119 sicut
773 1061 841 1118 in
876 1060 1048 1119 carta
1093 1059 1494 1118 conventionis
1525 1057 1810 1128 scriptum
1840 1055 1942 1112 est.
1972 1075 1996 1102 υ

359 1149 508 1208 C'um
535 1163 670 1222 ergo
689 1149 1054 1222 supradicta
1066 1147 1464 1221 postulationi
1502 1147 1860 1214 insisterem,
1891 1143 2004 1202 sci-

356 1229 501 1288 licet
523 1231 595 1287 ut
610 1244 743 1288 cum
759 1231 1018 1302 justicia
1039 1231 1098 1287 et
1114 1228 1474 1286 auctoritate
1507 1226 1866 1299 promissam
1893 1225 2002 1280 mi-

355 1317 456 1376 chi
505 1319 939 1376 conventionem
961 1319 1264 1389 ﬁrmaret,
1315 1317 1613 1374 universis
1664 1317 1730 1374 in
1769 1313 2004 1386 faciem

355 1408 488 1478 ejus
525 1407 945 1466 resistentibus
967 1407 1027 1464 et
1061 1407 1289 1463 decreto
1311 1420 1416 1463 suo
1451 1405 1707 1476 planam
1749 1401 2005 1460 heresim

353 1495 850 1564 inclamantibus,
885 1495 1120 1554 scilicet
1153 1493 1458 1566 episcopis,
1508 1491 1844 1562 abbatibus,
1883 1491 2006 1548 tam

356 1585 488 1642 suis
516 1598 700 1654 quam
719 1585 960 1654 nostris,
993 1584 1049 1640 et
1069 1582 1335 1641 omnibm
1371 1583 1630 1640 θσοιεείιθ
1673 1580 1845 1650 filiis,
1875 1579 2000 1648 hoc,

357 1672 414 1728 si
437 1673 612 1730 salva
623 1687 770 1744 pace
787 1672 1044 1730 ecclesia
1072 1672 1191 1729 dici
1207 1672 1423 1743 potest,
1459 1669 1862 1743 privilegium
1869 1679 2006 1739 pro-

343 1761 526 1832 ferre
545 1761 741 1818 voluit
770 1780 781 1815 :
811 1781 840 1814 ‹‹
858 1761 1182 1818 Paschalis
1203 1761 1524 1831 episcOpus,
1563 1771 1770 1815 servus
1813 1770 2002 1814 ser-co-

354 1855 492 1898 rum
522 1842 656 1912 Dei,
681 1841 893 1898 dilecto
895 1841 1036 1913 ﬁlio
1058 1841 1346 1896 lleinrico
1361 1841 1490 1910 regi
1513 1840 1762 1910 ejusque
1781 1849 2002 1894 succes-

360 1927 612 1988 soribus.
648 1930 728 1988 Et
749 1927 968 1986 divina
999 1929 1147 2001 legis
1173 1928 1550 1985 institutione
1565 1925 1888 1984 sanctitum
1917 1923 2007 1982 est

2111 703 2398 762 matis‘m
2421 703 2801 762 districtione
2803 700 3207 774 prohibemus,
3232 713 3300 755 ne
3319 700 3463 770 quis
3477 697 3784 769 episcop-

2109 807 2248 851 rum
2265 793 2363 850 vel
2367 791 2666 860 abbatum,
2674 791 3049 862 presentium
3060 790 3155 846 vel
3161 787 3552 860 futurorum,
3571 785 3782 842 eadem

2110 881 2351 952 regalia
2378 881 2752 950 ‘°”incaiat,
2779 879 2848 936 id
2863 877 3259 946 estcivitates,
3301 876 3588 946 ducatus,
3619 888 3780 931 mar-

2112 971 2304 1041 chias,
2329 969 2664 1039 comitatus,
2685 967 2972 1038 monetas,
3019 966 3369 1024 thetoneum.
3410 963 3777 1029 mercatum,

2112 1059 2484 1128 advocatias,
2500 1061 2656 1130 jura
2677 1056 3108 1125 centurionum,
3137 1055 3198 1110 et
3212 1055 3406 1112 curtes
3435 1066 3581 1124 qm
3598 1052 3778 1123 regni

2113 1148 2307 1217 erant,
2332 1145 2859 1220 cumperlinentiis
2870 1144 3020 1214 suis,
3032 1145 3118 1200 mi
3125 1143 3330 1201 liciam
3340 1142 3398 1198 et
3415 1140 3659 1208 castra,
3677 1154 3780 1197 nec

2111 1249 2176 1295 se
2186 1237 2477 1308 deinceps,
2494 1237 2620 1294 nisi
2631 1248 2736 1307 per
2740 1235 3014 1307 gratiam
3023 1233 3206 1302 regis,
3223 1231 3293 1287 de
3325 1231 3526 1302 ipsius
3545 1229 3776 1301 regali—

2117 1325 2222 1384 bus
2234 1325 2620 1383 intromittat.
2645 1325 2772 1381 Sed
2781 1338 2885 1380 nec
2917 1321 3172 1394 posteris
3183 1319 3406 1378 nostris
3436 1319 3778 1390 liceat,qui

2104 1415 2356 1486 postnos
2367 1415 2434 1471 in
2445 1412 2772 1484 apostolica
2781 1412 2918 1470 sede
2931 1407 3442 1477 successerint‘“‘,
3461 1408 3580 1464 aut
3595 1407 3658 1462 te
3669 1407 3777 1461 aut

2111 1517 2546 1575 regnumsuper
2583 1503 2689 1559 hoc
2713 1500 3054 1572 inquietare
3083 1498 3332 1570 negotio.
3359 1497 3553 1552 Porro
3583 1497 3774 1552 «eccle-

2113 1593 2241 1650 sias
2259 1605 2390 1650 cum
2401 1589 2801 1648 oblationibus
2817 1588 2950 1658 Dei,
2973 1587 3361 1645 heriditariis
3377 1585 3773 1654 possessioni-

2117 1681 2239 1750 bus,
2255 1693 2388 1752 quce
2407 1681 2487 1738 ad
2495 1693 2746 1750 regnmn
2757 1675 3082 1748 manifeste
3103 1689 3217 1732 non
3234 1673 3327 1707 ⁴⁰⁸⁵
3348 1673 3768 1744 pertinebant,

2117 1770 2332 1828 liberas
2342 1783 2582 1826 manere
2593 1767 2985 1836 decernimus,
3001 1764 3160 1822 sicut
3170 1764 3232 1819 in
3250 1763 3346 1819 die
3358 1763 3772 1820 coronationis

2115 1859 2230 1916 tua
2239 1857 2625 1929 omnipotenti
2637 1857 2886 1912 Domino
2897 1854 2965 1910 in
2979 1851 3287 1922 conspectu
3301 1852 3474 1908 totius
3486 1850 3772 1908 (ecclesia

2107 1947 2458 2020 promisisti.
2489 1945 2728 2016 Oportet
2739 1943 3034 2015 episcOpos
3069 1943 3234 1999 curis
3258 1939 3646 1998 secularibus
3683 1953 3772 1995 ee:-

363 2019 422 2076 θί
439 2019 640 2109 me”?
663 2017 987 2109 οαηοπέδίιε
1023 2018 1430 2086 mummium:
1459 2030 1532 2109 “f’
1559 2015 1888 2109 πασέΐίζθίθδ
1907 2027 2003 2109 (mf
2099 2015 2338 2109 pedites
2353 2015 2561 2092 curam
2593 2047 2834 2090 suorum
2864 2045 3041 2102 agere
3061 2029 3434 2102 populorum,
3456 2042 3570 2084 nec
3598 2027 3774 2084 eccle-

357 2109 450 2166 ris
478 2106 851 2166 secularibus
869 2113 1241 2180 occupentur.
1274 2119 1415 2163 neve
1425 2105 1509 2162 ad
1526 2103 1888 2174 comitatum,
1911 2103 2004 2161 ni-

357 2197 414 2254 si
445 2195 790 2268 dampnatis
810 2195 904 2230 ⁴⁰⁶⁰
934 2196 1212 2253 eruendis
1257 2195 1366 2252 aut
1381 2209 1498 2267 pro
1527 2193 1674 2250 aliis
1708 2193 1816 2264 qui
1841 2192 2003 2264 inju-

356 2283 518 2342 riam
526 2285 874 2357 patiuntur,
901 2283 1202 2342 accedant.
1233 2283 1399 2340 Unde
1429 2283 1486 2338 et
1520 2280 1822 2353 apostolus
1842 2281 2004 2336 Pau-

363 2373 488 2431 lus:
539 2395 566 2422 α
605 2374 949 2445 Secularia,
1006 2373 1229 2446 inquit,
1255 2371 1507 2443 judicia
1542 2371 1598 2428 si
1641 2368 2000 2440 habueritis,

360 2461 832 2534 contemptibiles
851 2463 960 2534 qui
979 2462 1119 2520 sunt
1130 2463 1198 2518 in
1219 2460 1486 2519 acclesia
1501 2459 1640 2516 illos
1660 2457 2005 2516 constituite

361 2549 874 2621 adjudicandum.
901 2573 926 2599 ι»
947 2551 1024 2608 In
1069 2551 1244 2620 regni
1288 2549 1488 2606 autem
1521 2547 1708 2604 vestri
1729 2546 2004 2616 partibus

365 2638 624 2710 episcopi
651 2639 748 2694 vel
778 2638 1020 2696 abbates
1047 2639 1192 2695 adeo
1222 2639 1385 2696 curis
1431 2635 1806 2694 secularib-us
1844 2649 2006 2692 occu-

358 2726 604 2799 pantur,
639 2728 708 2784 ut
737 2727 1080 2786 comitatum
1097 2726 1340 2784 assidue
1351 2725 1754 2800 frequentare
1773 2735 1826 2781 et
1846 2723 2007 2781 mili-

363 2817 522 2874 ciam
543 2830 809 2874 exercere
821 2817 1112 2888 cogantur
1135 2833 1150 2882 ;
1173 2829 1303 2887 qua
1323 2815 1612 2872 nimirum
1641 2814 1752 2870 aut
1767 2815 1874 2870 via~
1900 2814 2010 2870 aut

361 2903 526 2962 nullo
545 2905 711 2962 modo
735 2905 1134 2977 sinerapinis,
1159 2903 1522 2974 sacrilegiis,
1555 2902 1870 2967 incendiis,
1900 2902 2012 2959 aut

361 2993 718 3065 homicidiis,
753 2993 1122 3052 euhibentur.
1155 2992 1434 3052 Ministri
1461 2992 1619 3047 enim
1647 2990 1871 3048 altaris
1899 2993 2008 3050 mi-

2111 2125 2225 2183 siis
2235 2125 2364 2183 suis
2377 2123 2580 2180 abesse
2599 2122 2847 2178 diutius.
2865 2121 2994 2192 Ipsi
3009 2122 3166 2176 enim
3185 2116 3568 2189 pervigilant
3570 2117 3771 2188 juxta

2111 2214 2436 2288 apostolum
2465 2213 2752 2281 Paulum,
2775 2211 2956 2284 quasi
2976 2209 3277 2266 racionem
3298 2222 3412 2280 pro
3446 2206 3772 2264 animabus

2111 2302 2646 2362 eorumreddituri.
2677 2323 2700 2348 υ

2184 2415 2244 2468 3.
2279 2412 2352 2467 Ut
2379 2412 2571 2466 autem
2595 2421 2667 2464 ex
2685 2409 2886 2462 tenore
2899 2401 3166 2478 epistolae
3182 2403 3551 2476 perpendere
3568 2408 3766 2475 potes,

2113 2517 2147 2558 0
2168 2499 2372 2569 lector,
2405 2511 2501 2554 res
2529 2497 2636 2553 ista
2666 2495 2742 2552 ad
2771 2495 2939 2551 ﬁnem
2973 2507 3082 2549 non
3113 2501 3199 2549 est
3238 2492 3543 2563 perducta,
3564 2491 3667 2548 sed
3689 2491 3768 2546 ef-

2116 2587 2449 2645 ﬁcientibus
2481 2585 2572 2642 his
2593 2584 2692 2656 qui
2723 2597 2854 2640 cum
2881 2595 3016 2652 rege
3049 2585 3220 2637 erant
3249 2585 3410 2636 tanta
3459 2595 3533 2635 ex
3568 2579 3682 2634 bac
3709 2592 3770 2633 re.

2115 2676 2396 2734 discrevit
2427 2673 2744 2742 discordia,
2779 2671 2935 2743 quod
2971 2671 3125 2726 inter
3147 2669 3303 2739 regis
3333 2669 3665 2725 exercitum
3711 2674 3771 2723 et

2115 2771 2408 2826 Romanos
2441 2764 2662 2821 acriter
2689 2761 2762 2819 ad
2791 2761 3011 2831 gradus
3036 2760 3230 2816 Sancti
3256 2759 3411 2814 Petri
3435 2763 3764 2830 pugnatum

2115 2853 2228 2920 est,
2245 2851 2304 2904 et
2324 2861 2428 2902 rex
2443 2857 2648 2916 papam
2671 2842 2966 2914 captivum
2993 2854 3179 2911 usque
3201 2840 3499 2895 Viterbum
3516 2838 3768 2895 adduxit

2117 2941 2178 2994 et
2209 2933 2486 3008 quosdam
2519 2931 2867 2990 cardinales.
2902 2929 3010 2986 Ubi
3035 2943 3158 2999 rex,
3185 2933 3247 2984 ut
3279 2927 3517 2998 dicitur,
3555 2927 3764 2984 cumin

2117 3025 2390 3084 aecclesia
2422 3021 2744 3094 reapiceret
2772 3019 3050 3091 picturas,
3076 3017 3282 3074 videns
3309 3017 3490 3072 Jacob
3532 3015 3762 3072 luctan-

357 3083 556 3180 ηἰδίνί.
583 3084 772 3180 Furi“?
813 3083 1156 3180 wit/9?“:
1210 3083 1360 3155 quia
1404 3079 1696 3180 “minus!
1732 3079 2011 3180 άΫθαίπδζ
2039 3095 2088 3158 C
2418 3079 2642 3180 angelo,
2673 3079 2906 3165 domino
2937 3079 3099 3178 papae
3131 3106 3369 3162 eandem
3405 3120 3640 3176 quoque
3659 3106 3758 3162 de-

357 3172 990 3244 marchias,monetas,
1028 3169 1588 3240 thetoneum,curtes
1625 3169 1686 3224 et
1708 3167 1900 3226 cetera
1928 3169 2011 3226 ad

358 3261 533 3332 regni
553 3261 872 3319 servicium
885 3261 1257 3334 pertinentia
1285 3275 1322 3317 a
1349 3257 1591 3331 regibus
1634 3259 2002 3328 acceperunt.

365 3348 532 3405 Unde
558 3349 742 3406 etiam
768 3363 892 3408 mos
913 3351 1192 3408 acclesia
1211 3343 1618 3408 intolerabilis
1651 3346 1918 3418 inolevit,
1945 3354 2010 3405 ut

359 3435 530 3496 electi
551 3439 807 3510 episcopi
837 3439 1006 3495 nullo
1044 3439 1213 3494 modo
1251 3440 1750 3498 consecrationem
1786 3439 2008 3510 accipe-

354 3525 510 3597 rent,
535 3526 658 3585 nisi
667 3525 851 3598 prius
875 3540 981 3598 per
1009 3541 1256 3584 manum
1283 3528 1515 3599 reg-iam
1552 3528 2003 3586 investirentur.

363 3613 494 3678 Qua
513 3627 592 3670 ea
610 3628 796 3673 causa
819 3616 877 3672 et
893 3617 1249 3688 sgmoniacze
1269 3617 1496 3674 heresis
1505 3618 1790 3688 pravitas
1817 3617 1874 3674 et
1887 3631 2009 3674 am-

360 3700 508 3781 bitio
527 3717 973 3776 nonnumquam
1016 3705 1189 3762 tanta
1211 3705 1546 3777 prevaiuit,
1589 3707 1661 3763 ut
1683 3705 1858 3764 nulla
1899 3708 2010 3764 ele-

357 3789 552 3848 ctione
566 3793 862 3862 premissa
875 3793 1228 3865 episcopales
1249 3794 1552 3852 cathedra
1578 3794 2013 3853 invaderentur

356 3878 689 3949 aliquando
711 3881 894 3938 etiam
912 3882 1075 3940 vivis
1097 3883 1382 3954 episcopis
1402 3883 1678 3952 inpestiti
1698 3885 1856 3942 sunt.
1895 3886 2014 3943 His

357 3967 416 4024 et
431 3968 580 4026 aliis
613 3969 900 4040 plurimis
923 3971 1126 4042 malis,
1151 3985 1284 4044 qua
1299 3985 1406 4043 per
1434 3972 1859 4030 incestituram
1888 3975 2014 4044 ple-

351 4069 606 4128 rumque
626 4059 1048 4130 contingerent,
1061 4060 1506 4131 prodecessores
1549 4061 1760 4130 nostri,
1793 4062 2016 4131 Grego.

351 4145 488 4203 rius
524 4146 691 4202 νΠιιε
712 4147 772 4202 et
800 4147 1076 4205 Urbanus
1093 4149 1473 4220 Iluafelieis
1502 4149 1800 4206 memoria
1818 4151 2016 4222 ponti-

353 4235 512 4303 fices,
539 4235 810 4306 excitati,
835 4237 1096 4294 collectis
1111 4237 1475 4308 frequenter
1495 4237 1772 4295 conciliis
1793 4240 2010 4309 episeo-

351 4320 616 4394 palibus,
635 4322 1031 4382 investituras
1053 4323 1192 4382 illas
1209 4337 1425 4382 manus
1459 4324 1630 4382 laicre
1651 4324 2010 4396 dampnave-

660 4413 720 4514 si
753 4413 862 4482 qui
901 4413 1252 4514 clericorum
1281 4426 1388 4484 per
1435 4426 1566 4470 eam
1601 4411 2014 4473 obtinuissent
2035 4453 2088 4514 D

357 4497 659 4571 ecclesias,
679 4500 1064 4572 deponendos,
1090 4501 1326 4559 datores
1346 4515 1575 4574 quoque
1589 4515 1797 4559 earum
1817 4516 2007 4561 comu-

355 4586 534 4644 nione
545 4586 878 4660 privandos
890 4591 1379 4661 percensuerunt,
1389 4589 1582 4662 juxta
1602 4589 1764 4648 illud
1781 4592 2010 4662 aposto-

361 4675 611 4734 licoru/m
652 4677 952 4734 hanonum
990 4677 1340 4749 capitulum.
1387 4676 1546 4749 quod
1563 4677 1657 4735 ita
1688 4692 1752 4736 se
1789 4679 2005 4737 habet.-

363 4785 391 4816 α
416 4767 496 4824 Si
518 4765 659 4836 quis
678 4766 999 4838 episcopus,
1029 4764 1214 4822 seculi
1235 4763 1631 4836 potestatibus
1649 4779 1814 4838 usus,
1839 4767 2008 4826 eccle-

358 4853 516 4912 siam
523 4867 631 4926 per
639 4853 800 4926 ipsos
809 4853 900 4887 ⁴⁰⁶¹
912 4853 1199 4926 optineat,
1225 4853 1554 4925 deponatur
1570 4854 1628 4912 et
1641 4857 2001 4928 segregetur,

361 4955 676 5014 omnesque
687 4943 796 5014 qui
807 4942 908 5000 illi
921 4942 1374 5001 communicant.
1410 4960 1439 4995 n
1465 4942 1726 5008 Quorum
1741 4944 2007 5016 vestigia

360 5027 800 5101 subsequentes,
835 5029 892 5088 et
927 5043 1033 5088 nos
1066 5042 1267 5086 eorum
1293 5029 1652 5088 sententiam
1681 5029 2007 5104 episcopali

362 5116 614 5176 concilio
630 5117 1132 5190 conﬁrmavimus.
1155 5117 1287 5176 Tibi
1298 5117 1526 5190 itaque,
1530 5117 1638 5190 ﬁli
1659 5117 2000 5191 harissime,

366 5205 653 5265 Heinrice
661 5220 792 5274 rea,
809 5207 866 5265 et
874 5220 1146 5280 nuncper
1158 5207 1430 5281 efficiam
1463 5207 1734 5266 nostrum
1748 5207 2006 5280 Deigra-

2118 3200 2462 3261 monstravit
2491 3199 2804 3272 picturam,
2838 3195 3039 3252 dii-ens
3061 3194 3328 3267 exemplo
3371 3195 3548 3251 Iacob
3581 3213 3602 3249 .·
3627 3195 3756 3252 Non

2116 3292 2422 3354 dimittam
2451 3291 2524 3361 te,
2546 3287 2674 3347 nisi
2705 3285 3082 3346 benediaeris
3101 3284 3254 3342 mihi
3277 3284 3442 3357 (G'en.
3462 3299 3646 3352 xxx",
3670 3287 3760 3355 26)

2119 3383 2288 3454 (665).
2321 3380 2687 3450 Tandemque
2719 3391 2749 3432 a
2787 3379 2992 3434 coacto
3025 3373 3260 3430 domino
3321 3387 3468 3445 papa
3499 3388 3618 3429 non
3674 3387 3762 3428 so-

2119 3471 2233 3528 lum
2267 3469 2598 3526 unctionem
2627 3462 2987 3538 imperialem
3011 3462 3263 3520 extorsit
3287 3462 3450 3533 (Apr.
3500 3464 3616 3534 l3),
3667 3462 3763 3516 im-

2119 3575 2210 3616 mo
2235 3558 2408 3614 etiam
2421 3557 2769 3626 juramenta,
2789 3553 2942 3626 quod
2957 3563 3269 3622 numquam
3288 3550 3342 3606 in
3371 3564 3504 3606 eum
3535 3564 3758 3606 excom-

2121 3645 2531 3704 municationis
2601 3642 2953 3700 sententiam
3018 3640 3329 3712 proferret.
3392 3638 3558 3706 Quod
3630 3653 3754 3694 cum

2121 3737 2247 3808 ipse
2277 3734 2546 3792 dominus
2579 3746 2747 3806 papa,
2780 3736 2844 3786 ut
2881 3729 2972 3786 vir
3027 3728 3128 3785 Dei
3188 3727 3456 3784 timorem
3515 3727 3754 3796 habens,

2124 3825 2368 3881 ﬁrmiter
2390 3823 2758 3889 observaret,
2795 3815 3001 3890 prolati
3034 3820 3229 3873 tamen
3250 3815 3653 3884 ecclesiarum,
3679 3814 3757 3869 vi-

2121 3928 2246 3972 cem
2278 3912 2355 3984 pii
2393 3909 2577 3983 patris
2609 3907 2950 3977 dolentes,a
2995 3905 3399 3962 communione
3451 3904 3757 3976 imperato-

2123 4001 2206 4056 ris
2237 3999 2666 4056 abstinuerunt.
2700 3996 2842 4052 Hinc
2865 3995 3184 4066 imperator
3212 3997 3416 4050 contra
3437 3991 3752 4050 ecclesias.

2123 4089 2256 4146 hinc
2292 4087 2571 4146 {ecclesiae
2601 4089 2805 4144 contra
2837 4083 3269 4156 imperatorem.
3294 4113 3364 4124 —
3412 4081 3525 4139 Sed
3554 4082 3757 4137 fortas-

2122 4179 2204 4235 sis
2233 4193 2267 4234 ο
2298 4177 2510 4234 lector!
2546 4175 2744 4233 verbis
2774 4188 2864 4230 me
2883 4172 3179 4230 deridebis
3201 4169 3446 4241 Horatii,
3470 4169 3750 4227 dicendo:

2899 4243 3198 4317 Amphora
3221 4241 3378 4314 cepit

2188 4335 2443 4395 Institui
2468 4354 2494 4408 ,-
2511 4333 2786 4408 vergente
2807 4333 2964 4403 rota,
2999 4345 3107 4391 cur
3130 4343 3345 4390 urceus
3371 4329 3541 4386 exit?

3115 4421 3226 4492 (De
3237 4419 3356 4478 art.
3375 4419 3527 4491 poet.
3554 4432 3608 4474 v.
3643 4421 3702 4472 2|
3716 4420 3753 4484 .)

2118 4517 2229 4574 hoc
2248 4514 2606 4587 signiﬁcans,
2639 4511 2796 4586 quod
2835 4526 2967 4570 eum
3025 4509 3336 4568 Alberonis
3389 4507 3755 4582 promiserim

2115 4608 2282 4676 gesta
2312 4617 2574 4674 narrare,
2605 4602 2676 4659 ad
2698 4603 3088 4660 Romanorum
3121 4598 3458 4672 pontiﬁcum
3481 4601 3660 4668 atque
3675 4611 3758 4651 re-

2114 4708 2248 4765 gum
2284 4693 2432 4750 facta
2461 4706 2551 4748 me
2583 4689 3010 4748 transtulerim.
3047 4687 3157 4745 Sed
3203 4703 3312 4759 ego
3345 4687 3446 4744 tibi
3497 4684 3755 4758 ejusdem

2113 4781 2310 4841 verbis
2337 4779 2564 4838 Horatii
2598 4779 2766 4837 facile
2797 4779 3157 4852 respondeo:

2183 4872 2305 4931 Nec
2319 4868 2591 4941 primum
2610 4867 2822 4940 medio,
2844 4866 3106 4925 medium
3137 4878 3245 4924 nec
3289 4860 3596 5004 disgr’ep‘at

2113 5033 2269 5089 Tunc
2285 5030 2438 5088 enim
2463 5027 2732 5087 dominus
2749 5025 2982 5098 Albero,
3009 5023 3284 5083 Metensis
3297 5021 3568 5092 clericus,
3594 5020 3758 5078 solus

2114 5119 2268 5176 inter
2290 5133 2512 5188 omnes,
2545 5117 2717 5174 immo
2737 5119 2944 5173 contra
2975 5128 3178 5172 omnes
3197 5115 3504 5181 Metenses,
3522 5109 3758 5167 domino

2115 5221 2279 5282 papae
2310 5207 2524 5277 astitit,
2556 5204 2862 5276 vivacique
2883 5207 3010 5259 arte
3023 5207 3084 5258 et
3101 5199 3350 5260 consilio
3373 5197 3556 5256 multa
3572 5197 3644 5254 ad
3663 5199 3761 5254 ho-

1723 5303 1961 5361 VARIIE
2000 5305 2400 5362 LECTIONES.

423 5371 656 5448 ‘?ff’_pro
696 5374 752 5448 d.
777 5375 866 5448 ed.
889 5375 982 5410 ⁴ο⁶ι
1011 5375 1462 5448 illosqsuperscr.
1506 5375 1599 5434 vel
1627 5375 1787 5448 ipsos
1817 5389 1864 5434 c.
1898 5375 1989 5409 ⁴⁰⁶²
2046 5377 2416 5434 anathemate
2445 5387 2493 5433 c.
2527 5371 2620 5406 ⁴⁰⁶³
2653 5371 2744 5432 bis
2776 5371 3068 5442 scriptum
3121 5383 3170 5426 c.
3223 5367 3316 5404 ⁴⁰⁶⁶
3363 5367 3756 5424 successerint

1941 5519 2160 5575 NOTAE.

357 5456 390 5502 c
443 5442 730 5504 “‘"deest
758 5447 846 5504 ed.
878 5448 1052 5520 Legg.
1085 5446 1174 5519 ΙΙ,
1197 5442 1256 5520 p'.
1290 5451 1378 5504 69.

439 5585 570 5655 (665
609 5628 622 5643 .
658 5587 720 5643 V.
756 5586 1157 5644 Ekkehardum
1186 5604 1236 5644 a.
1272 5594 1424 5646 1111.
