3948 6070
102 260 270 328 1821

697 252 1349 329 GESTA‘TREVER.
1381 299 1462 311 -
1487 261 1843 328 APPEND.
1876 246 2149 329 'GESTA
2180 246 2651 329 ALBERONIS
2693 252 2965 325 ARCHI.

3370 256 3522 325 132?.

96 418 626 493 sedmdmﬂam
638 417 888 476 consilii
918 417 1010 475 tui
1023 430 1204 490 penes
1234 416 1764 490 teipwmroser'oa.
1800 403 1852 462 Α
1883 418 2110 477 reditus
2123 420 2491 493 episcopales
2515 433 2625 476 non
2644 416 3070 490 potuittantum
3099 416 3345 488 reperiri
3371 418 3521 474 unde

99 507 197 564 Ob
232 505 483 564 similem
512 518 746 578 quoque
766 504 1372 562 causam-Hildericus
1386 520 1493 561 rex
1526 506 1772 564 Franco-

101 611 245 653 rum
278 609 312 653 a
335 609 515 667 regno
574 593 881 667 depositus
911 600 1023 665 est,
1058 598 1117 651 et
1147 594 1200 651 ei
1233 595 1329 651 cui
1363 595 1486 667 ipse
1508 595 1774 653 commis.

101 688 244 741 erat
301 683 619 755 regendum
676 683 875 743 datum
896 688 1005 753 est,
1042 682 1256 754 Pipino
1290 682 1519 740 scilicet
1567 678 1771 755 majori

106 771 351 844 domus,
376 771 608 830 domino
641 786 788 845 papa
830 770 1085 829 Adriano
1130 773 1512 845 approbante.
1536 772 1606 829 Et
1635 786 1776 843 quo-

107 862 274 919 niam
300 860 651 918 Alberonem
680 863 869 918 virum
901 860 1289 932 acrisingenii
1322 865 1383 917 et
1418 860 1474 916 in
1505 860 1776 919 omnibus

109 950 432 1023 providum
462 956 522 1007 et
551 949 661 1007 sibi
676 965 791 1006 non
807 950 1064 1007 futurum
1089 950 1404 1007 obnoxium
1441 949 1775 1021 preseiebat

109 1040 443 1111 Lodoycus,
472 1044 533 1096 et
556 1039 688 1111 quia
714 1054 826 1096 non
858 1040 1010 1096 ferre
1025 1038 1319 1096 dominum
1355 1039 1456 1096 sed
1490 1038 1774 1095 dominari

110 1128 432 1199 didicerat,
465 1127 723 1200 ideoipsi
751 1129 1104 1200 opponebat.
1141 1128 1251 1186 Sed
1283 1128 1443 1184 visne
1485 1127 1659 1197 hujus
1690 1128 1775 1183 rei

112 1214 330 1273 audire
354 1214 571 1274 tinem?
601 1214 735 1271 audi
764 1234 776 1269 :

194 1300 495 1372 Necjuga
517 1300 729 1358 tau/ras
761 1298 960 1367 amat;
996 1311 1130 1370 quae
1150 1298 1350 1355 tamen
1396 1298 1544 1370 odit,
1579 1297 1773 1357 habet.

521 1387 705 1459 (Ovm.
738 1390 867 1445 Am.
906 1402 989 1457 Ill,
1034 1392 1120 1457 11,
1150 1402 1201 1443 v.
1264 1388 1380 1460 36.)

190 1478 314 1532 liae
340 1477 492 1533 enim
506 1476 914 1547 conjuratione
938 1475 1548 1548 comperta,dominus
1565 1474 1779 1533 Albero

111 1564 629 1636 archiepiscopus,
650 1578 781 1620 cum
815 1563 997 1635 prius,
1015 1570 1290 1636 tanquam
1323 1563 1780 1635 episcopalisof.

110 1652 237 1709 ficii
269 1668 418 1710 onus
449 1652 905 1723 subterfugiens,
926 1667 1057 1709 sese
1082 1667 1111 1708 a
1142 1653 1457 1710 commissa
1491 1653 1604 1710 sibi
1640 1652 1778 1709 civi-

114 1745 244 1798 tate
276 1740 671 1812 subtraheret,
706 1755 858 1798 nunc
889 1741 1044 1798 haud
1079 1740 1254 1798 aliter
1306 1756 1478 1812 quam
1540 1740 1771 1812 ﬂuvius,

118 1831 224 1902 qui
254 1830 422 1887 obice
451 1829 689 1888 clausus
711 1844 841 1887 cum
867 1830 1030 1903 prius
1063 1828 1264 1886 silenti
1311 1832 1509 1887 tractu
1541 1829 1778 1901 quietus

118 1919 448 1988 incederet,
474 1918 764 1975 obstaculi
782 1917 948 1988 quasi
982 1917 1294 1989 indignans
1315 1917 1774 1990 obpositionem,

119 2007 383 2078 strepitu
415 2006 796 2063 tumultuanti
826 2005 1116 2076 nudisque
1148 2004 1776 2078 spumantibuslittora

117 2086 332 2156 fatigat
361 2086 740 2157 claustraque
762 2086 1171 2158 disrumpit,ut
1194 2087 1284 2143 vis
1303 2084 1779 2159 inexpugnabilis

114 2178 179 2231 et
214 2175 654 2247 inperterritus,
678 2174 930 2232 collecto
963 2174 1149 2231 multo
1212 2173 1421 2246 milite,
1484 2174 1778 2231 Treverim

119 2263 293 2319 adiit.
333 2263 434 2320 Cui
467 2262 668 2319 clerici
702 2262 773 2319 ad
810 2262 1009 2319 Albam
1059 2268 1286 2334 portam
1319 2263 1468 2335 (686)
1500 2278 1630 2319 cum
1664 2262 1782 2319 sol-

121 2351 341 2424 lempni
375 2351 752 2423 processione
775 2351 1082 2408 obviantes
1110 2351 1428 2408 honoriﬁce
1460 2365 1591 2408 cum
1623 2351 1783 2422 hym-

123 2442 220 2499 nis
242 2446 300 2498 et
326 2440 600 2497 laudibus
630 2440 829 2497 studio
852 2454 1060 2510 magno
1075 2455 1206 2497 eum
1232 2445 1639 2512 susceperunt.
1679 2439 1782 2496 Lo-

124 2531 352 2603 doycus
378 2545 518 2587 vero
554 2537 612 2586 et
646 2529 735 2586 sui
765 2529 1054 2600 conjurati
1088 2528 1362 2586 similiter
1393 2529 1443 2585 ei
1470 2542 1783 2586 occurren-

125 2625 242 2691 tes,
268 2634 399 2677 eum
432 2618 715 2675 vidissent
750 2632 880 2675 eum
908 2622 1024 2674 tam
1067 2631 1274 2689 magna
1303 2632 1475 2675 manu
1534 2617 1782 2675 militum

134 2709 441 2780 stipatum,
461 2708 945 2779 obstupescentes
975 2711 1032 2763 et
1058 2710 1251 2763 mente
1301 2707 1546 2777 confusi,
1582 2718 1782 2778 pacem

138 2796 341 2854 statim
374 2794 796 2853 simulaverunt
817 2800 876 2852 et
910 2795 1066 2851 inter
1082 2810 1284 2852 omnes
1315 2795 1538 2867 primus
1570 2795 1785 2864 Lodoy-

138 2900 247 2942 cus
280 2885 349 2941 ad
374 2884 745 2942 salutandum
771 2883 982 2941 blanda
1013 2888 1072 2941 et
1102 2883 1304 2941 humili
1344 2898 1485 2942 voce
1500 2880 1572 2939 ad
1605 2882 1786 2940 domi-

143 2988 281 3032 num
311 2989 479 3032 suum
512 2973 833 3041 festinavit,
867 2978 925 3030 et
941 2974 1012 3031 ad
1054 2972 1462 3045 ejusosculum
1511 2972 1778 3031 accessit.

214 3066 297 3119 13.
319 3062 784 3119 Pretereundum
830 3076 944 3118 non
989 3066 1081 3118 est
1112 3061 1267 3132 quod
1318 3075 1447 3117 cum
1516 3061 1783 3119 dominus

1808 1785 1860 1846 Β

1883 499 2067 571 prima
2092 500 2184 557 die
2210 505 2410 572 posset
2464 500 2516 556 ei
2569 498 2881 556 servicium
2935 497 3257 568 preparari.
3322 497 3521 554 Omnia

1881 579 2034 635 enim
2068 579 2141 636 ad
2171 580 2573 652 episcopatum
2599 577 2950 650 pertinentia
2983 580 3080 633 aut
3139 576 3521 648 Oppignerata

1882 673 2069 740 erant,
2094 673 2193 727 aut
2236 669 2542 741 predictus
2574 669 2951 738 Lodoycuset
3001 666 3090 723 sui
3133 665 3425 735 eonjurati
3457 682 3522 723 ea

1884 772 1947 815 se
1977 758 2030 814 in
2067 758 2348 815 beneflcio
2372 763 2572 814 tenere
2605 756 3231 826 dicebant.Eapropter
3254 754 3523 812 dominus

1884 847 2362 919 archiepiscopus
2394 846 2611 917 aliquid
2646 849 2848 901 contra
2902 847 3309 915 paupertatem
3339 844 3525 914 provi-

1886 935 2086 1006 dens,a
2112 936 2346 992 domino
2363 949 2509 1007 papa
2540 934 2882 990 Innocentio
2903 932 3338 1003 impetraverat,
3372 932 3524 1003 quod

1886 1025 2115 1082 reditus
2132 1024 2751 1094 ecclesiasticos,quos
2768 1026 2900 1079 ante
2913 1021 3314 1093 episcopatum
3336 1026 3429 1077 ten
3440 1035 3527 1077 ue-

1888 1118 2112 1185 rat,per
2142 1112 2402 1184 spacium
2426 1112 2598 1168 trium
2614 1124 2892 1166 annorum
2915 1110 2964 1165 ei
2992 1113 3191 1165 tenere
3206 1110 3521 1165 concessit.

1886 1202 2144 1274 Cumque
2167 1202 2363 1258 vinum
2383 1205 2442 1257 et
2475 1214 2757 1256 annonam
2780 1213 2944 1255 suam
2969 1202 3029 1253 et
3078 1202 3276 1253 cetera
3324 1196 3395 1252 ad
3447 1197 3528 1253 vi-

1886 1295 2042 1347 ctum
2072 1305 2238 1347 suum
2279 1289 2631 1362 pertinentia
2672 1286 2989 1344 secundum
3040 1286 3335 1356 antiquam
3394 1301 3531 1342 con-

1888 1379 2258 1435 suetudinem
2290 1379 2347 1434 in
2411 1377 2691 1450 palatium
2746 1377 3038 1432 deferrent
3090 1375 3393 1446 predictus
3430 1375 3529 1430 Lo-

1889 1468 2110 1539 doycus
2142 1468 2330 1523 omnia
2372 1466 2697 1535 includens,
2753 1479 2861 1521 non
2926 1464 3035 1520 nisi
3090 1468 3367 1533 quantum
3415 1464 3527 1519 sibi

1888 1555 2183 1628 placebat,
2215 1556 2367 1612 sicut
2398 1569 2530 1611 cum
2555 1552 3030 1610 antecessoribus
3063 1552 3186 1608 suis
3214 1566 3529 1608 consueve-

1892 1644 2063 1714 rat,ei
2088 1658 2190 1716 per
2218 1643 2484 1714 singulos
2514 1643 2639 1699 dies
2666 1642 3083 1712 distribuebat;
3137 1646 3335 1697 cetera
3392 1656 3531 1699 vero

1892 1732 2018 1804 ipse
2040 1746 2168 1789 cum
2204 1732 2329 1789 suis
2359 1731 2747 1803 expendebat.
2775 1729 2940 1797 Quod
2982 1745 3113 1785 cum
3175 1729 3423 1786 domnus
3461 1744 3529 1784 ar

1892 1820 2301 1893 chiepiscopus
2324 1818 2664 1891 aliquandiu
2681 1819 3019 1888 tolerasset,
3037 1816 3135 1875 ille
3153 1818 3456 1889 Lodoycus
3473 1819 3530 1875 in

1893 1915 2116 1967 tantum
2136 1909 2414 1981 patientia
2429 1908 2790 1979 ejusabusus
2822 1911 2933 1977 est,
2970 1907 3124 1977 quod
3168 1907 3415 1977 quadam
3438 1906 3531 1964 die

1890 2000 1948 2056 in
1982 1998 2461 2073 postmeridiano,
2488 1990 2625 2057 cum
2648 1997 2912 2054 extranei
2949 1996 3180 2067 quidam
3210 1996 3282 2052 ad
3311 1997 3531 2053 curiam

1889 2086 2650 2159 venissentarchiepiscopi,
2683 2090 2743 2143 et
2768 2086 2910 2157 ipse,
2938 2090 2999 2141 ut
3046 2088 3396 2142 consuetum
3416 2091 3528 2154 est,

1888 2176 2072 2233 curiis
2097 2176 2333 2245 juberet
2365 2174 2683 2246 propinari,
2708 2178 2922 2230 etcum
2946 2173 3244 2229 venissent
3280 2173 3531 2229 ministri

1890 2264 2018 2334 ejus
2046 2264 2119 2320 ad
2150 2263 2429 2335 palatium
2449 2277 2557 2334 pro
2611 2262 2764 2332 vino,
2799 2265 3146 2332 procurator
3172 2260 3413 2331 Lodoyci
3447 2276 3535 2317 re-

1892 2352 2124 2424 spondit
2156 2366 2219 2408 se
2243 2350 2421 2408 nichil
2455 2351 2593 2407 dare
2627 2350 2766 2420 illis,
2793 2349 2901 2406 nisi
2950 2348 3196 2406 domnus
3237 2349 3535 2421 Lodoycus

1893 2442 2244 2514 preciperet.
2283 2442 2416 2498 Haec
2437 2444 2493 2496 et
2520 2439 2610 2495 his
2641 2437 2852 2495 similia
2872 2454 3002 2496 cum
3032 2453 3169 2511 sepe
3220 2434 3537 2510 passus‘bs-

1893 2530 2242 2599 set,tandem
2267 2529 2455 2585 visum
2487 2534 2580 2584 est
2606 2528 2658 2584 ei
2714 2527 2825 2584 hoc
2875 2526 3086 2583 malum
3128 2526 3527 2585 intolerabile.

1892 2621 2220 2691 Eapropter
2241 2615 2618 2687 Palacidlum,
2647 2616 2782 2673 Julii
2807 2616 3033 2674 Cesaris
3061 2621 3344 2687 castrum,
3370 2617 3535 2688 juxta

1892 2707 2188 2764 civitatem
2221 2706 2421 2777 situm,
2446 2720 2515 2762 eo
2550 2710 2812 2777 tempore
2842 2705 2961 2762 situ
2984 2710 3042 2770 et
3065 2709 3360 2763 vetustate
3382 2705 3539 2764 diru-

1894 2800 2017 2854 tum
2048 2802 2105 2852 et
2125 2794 2529 2865 inhabitabile,
2550 2794 2751 2852 multis
2781 2795 3111 2866 sumptibus
3140 2795 3447 2866 restruxit,
3477 2800 3536 2853 et

1893 2883 2172 2942 victualia
2205 2899 2309 2941 sua
2329 2883 2467 2941 illuc
2482 2883 2881 2953 deferrijussit
2900 2900 2915 2949 ;
2936 2887 2993 2939 et
3023 2888 3163 2940 tunc
3180 2898 3537 2942 sarcasmum

1896 2973 2071 3030 talem
2104 2972 2351 3046 protulit
2377 2973 2581 3031 :Nunc
2601 2971 2823 3030 habeat
2839 2973 3142 3044 Lodoycas
3171 2986 3346 3030 suam
3363 2974 3538 3045 pala-

1896 3063 2065 3120 tium.
2087 3063 2298 3119 Postea
2327 3076 2467 3119 vero
2492 3076 2596 3133 per
2620 3061 2931 3118 triennium
2957 3061 3311 3118 mansionem
3357 3062 3437 3117 ibi
3463 3063 3539 3118 ra-

149 3150 365 3209 Albero
394 3150 875 3223 archiepiscopus
904 3151 1166 3207 venisset
1218 3149 1567 3222 Aquisgrani
1586 3150 1659 3207 ad
1687 3164 1787 3208 cu-
1816 3147 1864 3211 C
1895 3152 2073 3221 ciens,
2126 3151 2381 3208 studium
2402 3165 2570 3207 suum
2620 3152 2690 3207 ad
2739 3151 2849 3207 hoc
2871 3151 3104 3208 omnino
3127 3150 3414 3222 adhibuit,
3475 3158 3539 3209 ut

145 3242 289 3298 riam
321 3238 838 3311 imperatoris(An.
897 3242 1054 3308 1132,
1089 3239 1281 3312 Aph),
1316 3238 1625 3295 Lotharius
1681 3252 1785 3297 rex

142 3328 329 3387 noluit
350 3342 480 3385 eum
515 3327 799 3385 investire
832 3328 1152 3398 regalibus,
1186 3343 1256 3384 eo
1287 3328 1442 3399 quod
1482 3332 1788 3387 anterece-

142 3419 325 3492 pisaet
347 3417 853 3475 consecrationem
880 3416 1296 3489 episcopalem,
1316 3432 1487 3490 quam
1506 3431 1666 3475 suam
1701 3433 1788 3476 re-

146 3506 481 3579 quisivisset
506 3505 943 3577 investituram;
970 3512 1032 3563 et
1052 3506 1307 3575 omnino,
1326 3512 1390 3563 ut
1412 3506 1784 3578 credebatur,

146 3611 250 3653 rex
276 3610 337 3653 se
368 3595 419 3652 ei
444 3595 843 3667 apposuisset,
870 3594 979 3651 nisi
1002 3596 1152 3666 quod
1188 3595 1377 3667 ipsum
1402 3595 1579 3652 talem
1599 3596 1788 3653 virum

146 3699 276 3741 esse
290 3685 536 3753 sciebat,
554 3684 651 3754 qui
676 3683 844 3740 facile
869 3688 1058 3740 totum
1081 3684 1282 3739 orbem
1300 3684 1390 3739 sui
1415 3684 1641 3755 imperii
1656 3698 1791 3740 eon-

148 3778 238 3829 tra
264 3771 452 3843 ipsum
468 3776 865 3827 commoveret
893 3788 917 3840 ;
946 3771 1098 3827 unde
1138 3775 1198 3825 et
1236 3770 1420 3828 levem
1444 3771 1791 3828 satisfactio-

149 3874 275 3917 nem
294 3860 367 3917 ab
398 3860 526 3930 ipso
578 3858 818 3930 recepit.
856 3859 1157 3915 Cumenim
1188 3860 1505 3916 excomuni
1545 3859 1790 3916 consilio

154 3948 478 4022 principum
531 3945 924 4017 juramentum
952 3948 1074 4017 regi
1128 3948 1467 4019 obtulisset,
1493 3948 1644 4020 quod
1679 3963 1790 4005 non

156 4038 226 4094 ad
249 4035 688 4093 diminutionem
721 4035 813 4092 sui
840 4035 1078 4092 honoris
1107 4036 1215 4093 hoc
1248 4036 1464 4094 factum
1488 4041 1667 4109 esset,
1691 4036 1792 4095 sed

156 4143 183 4183 a
208 4126 435 4183 domino
450 4138 597 4197 papa
619 4128 862 4181 coactus
891 4124 962 4180 ad
992 4125 1492 4183 consecrationem
1507 4126 1794 4184 accessis-

158 4220 266 4286 set,
299 4214 568 4271 dominus
599 4227 703 4270 rex
727 4212 1120 4283 juramentum
1143 4212 1236 4248 ⁴⁰⁸⁸
1267 4214 1320 4271 ei
1351 4214 1598 4286 remisit,
1623 4219 1679 4273 et
1706 4229 1795 4273 re-

157 4301 304 4372 galia
332 4306 573 4373 sceptro
600 4299 762 4370 regni
791 4299 843 4357 ei
872 4301 1188 4358 concessit.
1223 4304 1281 4357 In
1332 4301 1534 4359 eadem
1562 4317 1794 4374 quoque

156 4391 311 4450 curia
359 4389 746 4461 Lotharingiaa
792 4389 1000 4447 ducem
1051 4393 1374 4464 Symonem,
1420 4394 1660 4449 fratrem
1707 4406 1797 4449 re-

1896 3241 2168 3299 redditus
2209 3238 2573 3312 episcopales
2601 3238 2911 3296 absolutos
2954 3241 3193 3310 faceret,
3228 3244 3287 3296 et
3317 3240 3538 3298 curiam

1895 3330 2154 3388 Humahe
2171 3329 2319 3400 (689)
2354 3344 2459 3401 pro
2482 3332 2589 3385 300
2605 3329 2820 3386 marcis
2842 3328 3112 3398 redemit,
3136 3344 3303 3400 quam
3336 3330 3542 3401 prede-

1894 3436 2095 3478 cessor
2123 3419 2249 3491 ejus
2280 3418 2546 3475 dominus
2577 3418 2866 3475 Meinerus
2912 3418 3339 3485 invadiaverat;
3368 3424 3428 3476 et
3449 3434 3542 3477 ce-

1899 3514 2022 3566 tera
2038 3508 2159 3565 fere
2176 3507 2364 3564 omnia
2392 3507 2461 3564 ad
2480 3507 2883 3579 episcopatum
2916 3507 3269 3579 pertinentia
3295 3509 3544 3566 domnus

1898 3597 2113 3655 Albero
2132 3597 2397 3667 redemit,
2433 3611 2464 3654 a
2497 3596 2731 3653 domino
2765 3595 3077 3653 Godefrido
3097 3597 3542 3670 archiepiscopo

1900 3694 2002 3745 aut
2034 3687 2329 3745 invadiata
2361 3687 2531 3745 autin
2592 3686 2937 3743 beneﬁcium
2968 3686 3121 3743 data.
3168 3688 3416 3745 Tandem
3439 3688 3543 3745 Lo-

1902 3778 2123 3848 doycus
2145 3791 2391 3833 vacuum
2421 3776 2544 3832 suis
2585 3775 2917 3847 sumptibus
2960 3790 3200 3832 servans
3231 3775 3537 3848 palacium,

1902 3864 1973 3921 ad
2002 3869 2223 3920 tantam
2248 3864 2482 3920 devenit
2508 3862 3081 3935 humilitatem,quod
3107 3864 3280 3920 nudis
3297 3865 3542 3937 pedibus

1903 3954 1959 4009 in
1992 3951 2176 4010 laneis
2204 3950 2501 4008 Palaciolo
2561 3950 2632 4007 ad
2680 3950 2861 4022 pedes
2917 3966 2980 4008 se
3023 3950 3315 4023 provolvit
3358 3953 3546 4010 archi-

1901 4041 2185 4114 epiSCOpi,
2238 4038 2700 4097 misericordiam
2735 4043 2943 4111 petens
2961 4043 3020 4095 et
3069 4039 3346 4112 palatium
3405 4040 3545 4097 resi-

1903 4144 2188 4259 gnftgsilis
2211 4199 2418 4256 diebus
2438 4199 2704 4257 dominus
2719 4197 3199 4271 archiepiscopus
3225 4199 3403 4258 multa
3428 4202 3545 4259 col-

1906 4289 2140 4362 ligendo
2174 4290 2363 4346 factus
2389 4294 2477 4347 est
2508 4287 2677 4346 valde
2696 4287 3042 4345 habundans
3066 4288 3121 4344 in
3146 4290 3343 4360 rebus,
3362 4295 3422 4347 et
3451 4307 3545 4348 co-

1905 4379 2047 4436 tidie
2072 4378 2553 4439 succrescens.ad
2580 4378 2825 4450 quedam
2846 4392 3050 4449 magna
3075 4390 3203 4449 qua:
3228 4383 3420 4437 mente
3451 4396 3547 4451 ge-

156 4480 244 4552 gis
270 4480 437 4554 (687),
468 4478 1033 4538 excommunicatum
1058 4480 1491 4553 pronunciavit,
1524 4484 1585 4537 et
1615 4480 1671 4536 in
1703 4479 1796 4537 dic
1824 4474 1876 4534 D
1904 4471 2074 4527 rehat
2092 4467 2559 4542 preparatiouem
2581 4467 3166 4525 faciebat.Abbatiam
3180 4468 3332 4554 enim
3356 4471 3545 4528 sancti

158 4573 359 4627 sancto
424 4569 675 4640 paschae,
708 4568 843 4625 dum
900 4568 1199 4639 legeretur
1245 4567 1631 4641 evangelium,
1665 4584 1794 4627 eum

158 4656 313 4715 exire
333 4655 657 4714 aecclesiam
673 4656 957 4727 compulit
986 4656 1153 4730 (688).
1180 4656 1312 4728 (An.
1348 4661 1505 4728 1132,
1520 4658 1665 4730 Apr.
1683 4658 1795 4731 10.)

232 4739 314 4809 14,
339 4736 454 4793 Nec
484 4735 595 4792 hoc
618 4734 854 4792 silentio
878 4736 1151 4807 dandum,
1175 4738 1350 4809 quod,
1382 4754 1514 4796 cum
1532 4738 1795 4811 acceptis

162 4823 455 4907 regalibus
484 4822 776 4881 Treverim
826 4823 1156 4882 intraturus
1208 4828 1384 4897 esset,
1407 4826 1562 4883 inter
1594 4841 1798 4884 omnes

1908 4558 2297 4627 Maximini,ex
2327 4555 2583 4629 antiquis
2605 4555 2931 4628 privilegiis
2952 4555 3099 4628 (690)
3123 4552 3405 4615 aacclesiaa
3428 4574 3546 4617 suae

1909 4648 1965 4704 in
1999 4646 2177 4704 fundo
2202 4646 2357 4703 beati
2415 4644 2575 4702 Petri
2598 4645 2767 4701 sitam
2805 4648 2861 4702 et
2919 4642 2990 4701 de
3040 4643 3173 4715 jure
3206 4646 3445 4717 antiquo
3476 4646 3545 4703 ad

1907 4752 2068 4794 suam
2087 4735 2383 4808 pertinere
2435 4733 2882 4807 dispositionem
2934 4733 3289 4803 intelligens,
3316 4735 3548 4791 omnino

1908 4826 2161 4883 animmu
2192 4824 2786 4899 apposuit,quomodo
2817 4838 2941 4881 eam
2972 4821 3043 4880 de
3075 4825 3368 4895 potestate
3392 4824 3548 4895 regis

1516 4924 1753 4981 VARI/E
1783 4923 2183 4981 LECTIONES.

1742 5063 1965 5122 ΝΟΤιΕ.

229 4990 319 5028 ⁸⁸⁸⁸
344 4992 422 5049 ei.
461 4991 495 5047 i.
528 4990 674 5050 ei.c.

236 5134 380 5333 ξεδζ
398 5135 476 5191 De
499 5146 609 5204 qua
632 5147 685 5187 v.
723 5134 895 5189 Gesta
914 5148 977 5215 _c.
1006 5137 1057 5189 3.
1507 5205 1518 5216 ο

257 5208 354 5262 687
410 5205 618 5260 Natum
641 5203 998 5261 Theoderico
1058 5204 1204 5261 duce
1226 5209 1287 5261 et
1318 5205 1598 5264 lladwrde
1623 5206 1798 5265 vidua

236 5292 245 5331 ι
286 5274 449 5331 hardi
474 5274 546 5332 de
569 5273 998 5333 Sunnlenburg.

170 5273 449 5333 Gebhardi
474 5274 546 5332 de
562 5273 640 5347 _Su
652 5274 998 5347 pplenburg.

241 5348 381 5420 (638)
413 5344 1156 5420 Deejus‘reconcili‘atione
1184 5361 1214 5420 a
1251 5349 1405 5420 1132,
1440 5362 1500 5405 ν.
1551 5349 1799 5406 Simonis

168 5424 227 5478 et
246 5416 551 5476 Alberonis
566 5416 801 5474 chartas
831 5432 922 5491 ap.
961 5416 1267 5475 Hontheim
1298 5416 1447 5475 Hist.
1480 5421 1523 5492 l,
1582 5437 1635 5493 p.
1695 5424 1798 5477 519

168 5493 378 5637 62ῗάϐῡ)
410 5559 680 5638 Fortasse
708 5557 985 5638 Hu_n_bac_h
1005 5559 1062 5616 in
1094 5558 1388 5636 Popponis
1416 5562 1640 5636 charta,
1700 5576 1789 5638 ap.

478 5631 739 5696 PATROL.
772 5630 983 5696 CLIV.

499 5146 609 5204 qua
632 5147 692 5204 v.7
723 5133 895 5189 Gesta
927 5148 977 5190 c.
1006 5137 1057 5189 3.

1908 5137 2169 5219 Cunther
2197 5136 2243 5207 1,
2273 5151 2335 5209 p.
2373 5135 2496 5201 124;
2526 5130 3036 5191 Hontheimminus
3077 5136 3241 5191 recte
3280 5131 3548 5192 Limbach

1910 5206 2132 5349 ιθίῖὂξὶο)
2160 5277 2223 5333 In
2239 5274 2704 5349 falsoDagoherti
2732 5274 2886 5344 regis
2901 5273 3550 5349 diplomate,_llontheini

1910 5345 2060 5408 Hist.
2095 5345 2151 5420 Ι,
2175 5364 2229 5420 ρ.
2263 5345 2608 5420 76,e_eclesia
2642 5346 2742 5401 «in
2774 5346 2995 5420 praedio
3029 5346 3083 5401 S.
3100 5345 3256 5403 Petri
3285 5351 3554 5420 constru-

1910 5391 2012 5501 at;
2021 5391 2078 5501 ’ξ’
2090 5391 2608 5501 Αἱζίῶὶιὶιῗῗῧξῑιξε
2626 5391 3267 5501 ιὲἔέιὶὲιῇἷὲβίἒοῦῌοζὲὶ
3287 5391 3551 5475 ἶιῖιῖἆίέε

1909 5490 2008 5549 diu
2040 5490 2313 5562 litigasse
2346 5490 2715 5548 notissimum
2746 5491 2858 5546 est.

3323 5628 3405 5695 42
