3960 6044
194 244 348 311 1325

797 244 1068 309 GESTA
1096 244 1448 310 TREVER.
1510 282 1583 293 --
1611 240 1968 309 APPEND.
2005 243 2275 310 GESTA
2304 240 2774 309 ALBERONIS
2804 230 3050 311 ARCH.

3444 249 3596 310 1326

194 398 497 471 derunt,ut
518 413 677 456 arma
701 398 1006 457 auxiliaria
1034 400 1122 456 eis
1150 400 1418 470 ferret,et
1441 398 1572 471 quia
1596 398 1843 457 advoca-
1866 384 1925 441 Α·
1954 398 2356 456 Confluentina
2384 413 2513 455 eum
2545 414 2775 470 quoque
2808 399 3085 456 infestare
3126 406 3429 473 ceperunt.
3465 404 3600 459 Pre-

194 493 290 545 tus
302 493 459 546 esset
476 488 1123 560 ecciesim(700),domin
1135 504 1224 545 um
1244 487 1732 560 archiepiscopiet
1749 503 1844 560 po-

194 581 465 634 testatem
482 579 553 634 ab
575 578 662 635 eis
678 578 800 635 suis
813 577 1039 634 viribus
1059 581 1402 633 removeret.
1420 578 1581 634 Nunc
1593 592 1740 650 opus
1754 582 1847 634 est

193 666 401 723 animis
434 666 612 739 (701);
646 681 798 723 nunc
852 681 977 723 sese
1010 666 1177 723 nobis
1222 664 1638 738 insuperabilis
1675 664 1847 722 offert

193 756 458 826 materia,
482 760 541 813 et
568 771 695 828 quae
724 770 836 812 non
867 769 1054 813 meum
1097 753 1443 812 dissolutum
1484 752 1709 824 stilum,
1744 754 1848 811 sed

194 859 460 916 magnum
486 845 815 917 quempiam
838 845 1098 917 requirat
1134 849 1389 918 poetam.
1427 842 1565 910 Quis
1594 843 1744 899 enim
1770 841 1851 899 di-

193 935 308 992 ctis
324 949 539 1007 equare
574 934 764 1006 possit
797 933 968 990 fortia
1003 934 1155 989 facta
1188 933 1360 1005 hujus
1389 931 1500 989 viri
1542 928 1851 988 Alberonis

194 1029 370 1095 atque
419 1039 655 1081 suorum
705 1027 911 1080 contra
972 1024 1264 1079 tirannum
1320 1021 1667 1093 predictum,
1698 1024 1847 1091 arte,

190 1119 368 1184 ferro,
408 1113 652 1184 ﬂamma,
700 1113 847 1169 fame
880 1116 1055 1184 atque
1100 1110 1613 1184 inexplicabilibus
1652 1108 1851 1165 Martis

192 1203 428 1260 casibus
460 1217 564 1274 per
596 1207 819 1273 septem
853 1215 1034 1258 annos
1062 1199 1525 1257 decertantium?
1561 1201 1689 1256 llaec
1717 1196 1851 1255 viri-

194 1293 303 1349 bus
335 1291 563 1348 Homeri
593 1290 888 1348 suf’ficiens
919 1295 1076 1347 esset
1113 1289 1378 1360 materia,
1408 1289 1456 1346 si
1498 1291 1689 1345 tamen
1721 1286 1847 1359 ipse

194 1380 454 1438 materiae
503 1380 814 1438 sufficeret.
851 1379 1014 1446 Quod
1048 1380 1097 1435 si
1146 1378 1510 1449 singulorum
1552 1377 1684 1433 hinc
1714 1376 1846 1432 inde

193 1471 344 1527 facta
374 1470 630 1527 virorum
664 1468 865 1526 inclita
896 1473 951 1525 et
984 1467 1039 1523 in
1074 1468 1297 1523 Martiis
1335 1465 1847 1538 congressionibus

193 1561 387 1617 varios
408 1557 548 1615 belli
570 1560 815 1615 eventus
833 1563 889 1613 et
914 1571 1063 1614 nunc
1085 1556 1291 1613 horum
1313 1570 1464 1612 nunc
1489 1554 1725 1612 illorum
1756 1570 1844 1612 ce-

196 1648 456 1705 dentium
478 1646 571 1704 vel
596 1645 1000 1718 inpellentium
1024 1644 1290 1702 diversas
1320 1644 1586 1701 fortunas
1616 1643 1843 1717 poetica

1957 489 2206 562 positum
2238 488 2387 544 enim
2420 493 2623 545 contra
2677 488 2823 561 [ejus
2850 487 2961 560 ‘°°‘]
3021 487 3381 547 voluntatem
3412 491 3602 562 elege-

1957 582 2113 647 runt,
2147 576 2335 633 virum
2366 576 2617 633 nobilem
2646 577 2943 633 dominum
2971 576 3297 649 Lodoycum
3330 580 3401 635 de
3432 580 3602 638 Ysen-

1959 668 2137 737 burg;
2169 680 2299 723 cum
2351 681 2465 737 quo
2506 666 2744 723 Romam
2777 665 3000 737 magnis
3054 668 3328 740 expensis
3356 683 3600 741 pergen-

1959 760 2072 824 tes,
2106 755 2339 811 litteras
2383 754 2739 826 apostolicas
2784 755 3116 813 retulerunt
3148 756 3380 813 domino
3415 757 3602 815 archi-

1959 844 2234 915 episcopo
2251 858 2372 901 suaa
2390 842 2672 901 voluntati
2696 844 3204 913 contrarias.Quas
3218 862 3347 903 cum
3370 846 3600 907 domino

1961 933 2403 1006 archiepiSCOpo
2463 934 2517 989 in
2597 934 2802 991 sinodo
2880 934 3163 990 residenti
3222 937 3595 1012 obtulissent,

1961 1021 2087 1093 ipse
2113 1036 2185 1078 ex
2217 1023 2389 1078 animi
2418 1022 2805 1081 commotione
2841 1022 3000 1094 ipsas
3032 1022 3087 1078 in
3117 1027 3333 1082 terram
3367 1026 3597 1098 deiecit.

1962 1110 2121 1168 Unde
2146 1112 2298 1183 apud
2345 1111 2638 1170 dominum
2694 1125 2898 1185 papam
2943 1114 3338 1171 innocentium
3369 1130 3603 1174 accusa-

1957 1203 2078 1271 tus,
2112 1201 2184 1256 ab
2215 1199 2342 1273 ipso
2371 1206 2466 1257 est
2513 1205 2756 1258 vocatus
2787 1201 2859 1258 ad
2901 1202 3051 1258 diem
3084 1203 3495 1277 prescriptum.
3530 1208 3599 1264 Et

1959 1306 2088 1349 cum
2118 1289 2190 1348 ad
2217 1290 2369 1347 diem
2425 1304 2538 1348 non
2571 1290 2850 1362 venisset,
2910 1291 3230 1366 episc0pali
3290 1300 3380 1352 est
3412 1297 3598 1355 officio

1958 1370 2452 1453 suspensusjlac
2478 1379 2629 1437 mala
2676 1380 2867 1439 omnia
2891 1388 3181 1440 venerunt
3219 1385 3392 1445 simul
3424 1403 3600 1464 super

1958 1470 2139 1542 illum,
2173 1470 2332 1527 etde
2376 1471 2647 1528 omnibus
2693 1469 2786 1528 his
2822 1469 3095 1530 liberavit
3124 1487 3252 1532 eum
3286 1477 3591 1541 Dominus.

1956 1561 2192 1619 Romam
2224 1559 2375 1616 enim
2426 1559 2664 1617 veniens
2710 1559 2927 1632 effecit,
2981 1563 3137 1633 quod
3178 1563 3358 1625 abbas
3403 1568 3599 1631 Sancti

1956 1649 2243 1706 Maximini
2276 1648 2669 1706 obedientiam
2695 1648 2748 1706 ei
2804 1649 3072 1721 promisit
3105 1659 3161 1708 et
3185 1653 3518 1726 juramento
3547 1664 3600 1720 ei

191 1737 403 1794 vellem
432 1741 558 1793 arte
590 1733 884 1804 simulare,
932 1734 1020 1791 vel
1054 1733 1374 1791 secundum
1414 1732 1842 1806 hystoricorum
1870 1740 1927 1803 B
1959 1739 2299 1797 fidelitatem
2326 1739 2464 1796 fecit
2481 1739 2906 1797 etelectionem
2932 1741 3465 1805 Conﬂuentinorum
3481 1766 3606 1811 cas-

194 1826 485 1899 peritiam,
503 1824 728 1895 singula
752 1823 962 1881 callida
983 1823 1315 1880 narratione
1347 1821 1702 1895 renovando,
1733 1826 1849 1883 tan.

194 1927 366 1985 quam
391 1928 460 1971 ea
507 1919 642 1969 ante
664 1912 866 1969 oculos
894 1911 1098 1969 videas
1129 1913 1274 1981 fieri,
1306 1911 1434 1982 tibi,
1466 1925 1500 1967 ο
1528 1909 1734 1981 lector,
1768 1926 1852 1969 re-

195 2008 561 2076 presentem:
601 2006 700 2058 aut
731 2001 919 2072 oneri,
958 2000 1110 2071 quod
1143 2014 1345 2057 verum
1374 2005 1485 2068 est,
1509 2000 1850 2058 succumbe-

199 2105 319 2146 rem
343 2087 456 2159 ⁴⁰⁸⁹,
494 2093 593 2146 aut
623 2103 736 2145 non
763 2090 948 2159 impar
978 2086 1225 2158 Virgilio
1254 2085 1347 2143 vel
1378 2087 1734 2159 Stacio,Tito
1764 2087 1850 2144 Li-

188 2178 287 2235 vio
309 2177 403 2212 ‘°°°
423 2176 514 2234 vel
540 2176 789 2249 Josepho
821 2176 1135 2233 invenirer.
1196 2175 1359 2243 Quod
1394 2176 1441 2235 si
1493 2176 1666 2233 etiam
1698 2174 1850 2234 suill-

193 2281 410 2335 oerem,
442 2282 556 2323 non
589 2271 748 2323 esset
807 2265 949 2321 tibia
974 2265 1120 2321 tanti
1143 2264 1254 2322 ‘0“.
1291 2265 1476 2323 Minus
1505 2265 1658 2323 enim
1689 2269 1850 2322 esset

194 2355 304 2413 hoc
334 2370 531 2428 opere,
571 2358 811 2427 propter
862 2343 1017 2426 quod
1049 2353 1134 2425 fit,
1169 2369 1336 2425 opus.
1399 2353 1509 2411 Sed
1549 2368 1657 2412 nec
1686 2359 1848 2428 puto,

194 2459 326 2502 eum
360 2444 566 2515 solum,
590 2444 686 2516 qui
720 2443 829 2500 hoc
860 2442 1005 2499 bene
1039 2443 1369 2516 perficeret,
1397 2443 1586 2500 minus
1618 2442 1855 2501 laudan-

197 2533 332 2590 dum
364 2546 533 2604 quam
564 2545 765 2589 omnes
812 2546 912 2588 eos
962 2545 1206 2602 quorum
1266 2538 1436 2603 gesta
1468 2531 1705 2605 proprie
1759 2545 1855 2588 ex-

197 2622 532 2693 pressisset.
566 2621 675 2677 Sed
706 2634 859 2677 nunc
878 2618 1055 2677 nichil
1080 2618 1239 2677 aliud
1261 2634 1292 2676 a
1316 2635 1404 2678 me
1421 2624 1716 2693 expectes,
1745 2620 1855 2677 nisi

196 2710 353 2783 quod
384 2710 715 2767 summatim
764 2707 991 2779 singula
1049 2709 1461 2780 perstringam,
1494 2722 1567 2765 ne
1622 2710 1858 2783 penitus

193 2804 397 2856 eterna
429 2798 722 2856 oblivione
754 2797 1078 2854 deleantur.

267 2891 354 2946 17.
372 2888 451 2944 Eo
471 2887 651 2958 igitur
667 2893 954 2960 tempore,
977 2902 1107 2944 cum
1132 2891 1370 2944 vacaret
1387 2885 1638 2945 ecclesia
1664 2889 1855 2950 sancti

193 2976 488 3034 Maximini
531 2981 790 3049 pastore,
839 2975 1149 3048 elegerunt
1184 2976 1859 3035 monachiabbatemmc-

1959 1828 2109 1887 savit
2144 1828 2265 1899 (an.
2299 1830 2478 1901 1140).
2527 1828 2629 1886 His
2661 1827 2969 1902 absolutis,
3002 1830 3075 1888 ad
3105 1834 3374 1893 comitem
3404 1840 3603 1901 redea-

1962 1933 2106 1976 mus.

2029 2009 2115 2064 19.
2152 2009 2353 2065 Comes
2380 2007 2578 2080 itaque
2598 2008 2653 2065 in
2677 2009 2969 2082 principio
2994 2010 3166 2083 hujus
3186 2012 3500 2077 discordiis
3532 2035 3603 2078 ex

1959 2095 2278 2170 inproviso,
2311 2101 2621 2168 antequam
2654 2097 2888 2156 domino
2918 2114 3027 2158 suo
3080 2099 3424 2162 fidelitatem
3469 2124 3604 2167 con-

1960 2186 2325 2256 tradixisset,
2374 2200 2502 2243 cum
2535 2184 2690 2243 mille
2722 2188 3058 2259 quingentis
3090 2190 3375 2251 militibus
3399 2196 3605 2256 Treve-

1961 2275 2118 2333 rensi
2165 2274 2595 2346 appropinquat
2628 2274 2885 2344 civitati;
2940 2280 3001 2333 et
3031 2279 3263 2337 Treveri
3293 2296 3405 2339 non
3434 2293 3601 2345 erant

1962 2363 2299 2436 premuniti,
2349 2377 2457 2421 nec
2505 2362 2657 2421 vallo
2705 2379 2810 2421 nec
2863 2380 3029 2424 muro
3077 2368 3267 2428 adhuc
3312 2372 3508 2447 cincti,
3543 2383 3604 2435 et

1965 2451 2135 2523 longa
2170 2467 2309 2524 pace
2341 2451 2496 2510 bello
2551 2452 2820 2525 dissueti,
2853 2460 2911 2512 et
2944 2455 3070 2529 ipse
3128 2459 3604 2537 archiepiscopus

1967 2541 2189 2612 aberat,
2221 2541 2277 2597 in
2300 2540 2463 2598 curia
2485 2541 2640 2611 regis
2661 2543 2939 2601 existens.
2964 2545 3380 2621 Potuissetque
3401 2552 3512 2609 civi
3523 2558 3605 2611 ta-

1966 2633 2083 2686 tem
2106 2634 2245 2686 tunc
2267 2628 2511 2687 multum
2533 2644 2849 2703 gravasse,-
2872 2632 2919 2689 si
2942 2633 3094 2691 Deus
3114 2635 3227 2693 hoc
3258 2641 3469 2698 malum
3492 2656 3606 2701 non

1968 2718 2297 2775 avertisset.
2331 2718 2441 2775 Sed
2490 2734 2688 2776 comes
2720 2721 3048 2780 Fridericus
3080 2724 3150 2782 de
3208 2726 3424 2788 Vianna
3456 2729 3606 2805 (705)

1966 2810 2108 2864 tunc
2136 2808 2286 2863 forte
2338 2807 2588 2865 fortuitu
2633 2814 2762 2866 erat
2792 2809 2850 2866 in
2879 2811 3140 2884 civitate,
3174 2820 3230 2872 et
3290 2832 3611 2881 occurrens

1968 2896 2335 2968 Namucensi,
2353 2896 2554 2954 multis
2568 2898 3052 2970 persuasionibus
3079 2916 3208 2961 eum
3225 2906 3417 2963 redire
3445 2909 3603 2983 fecit,

1968 2984 2381 3043 demonstrans
2412 3000 2673 3057 magnam
2708 2989 2831 3046 fore
2864 2990 2975 3061 ipsi
3007 2996 3067 3046 et
3096 2999 3435 3065 perpetuam
3468 2999 3610 3057 infa-

193 3081 400 3124 nacum
434 3067 721 3158 quendam
771 3066 841 3122 de
885 3066 1138 3158 ecclesia
1196 3066 1556 3139 Leodicensi,
1615 3067 1853 3124 fratrem
1888 3095 1936 3158 α
1967 3072 2158 3146 miam,
2183 3074 2231 3131 si
2265 3073 2403 3145 quid
2430 3073 2549 3132 tale
2581 3080 2788 3133 contra
2821 3077 3116 3137 dominum
3148 3096 3316 3140 suum
3348 3089 3611 3145 commit-

196 3156 558 3228 quorundam
592 3154 691 3226 qui
724 3153 1046 3211 consiliarii
1078 3161 1243 3212 erant
1275 3155 1510 3214 comitis
1538 3156 1857 3215 Namucen-

196 3244 298 3315 sis,
332 3244 462 3300 ideo
517 3248 580 3301 ut
641 3243 874 3301 illorum
931 3243 1196 3301 consiliis
1256 3245 1450 3303 acrius
1488 3245 1545 3302 in
1598 3245 1854 3305 furorem

199 3348 369 3390 suum
401 3347 598 3390 comes
628 3333 846 3390 cotidie
877 3332 1327 3392 accenderetur.
1370 3333 1549 3401 Quem
1574 3335 1723 3408 (702)
1747 3337 1856 3395 Ro-

201 3436 349 3479 mam
382 3423 606 3493 magnis
652 3422 986 3495 sumptibus
1029 3423 1334 3495 ducentes,
1363 3429 1567 3482 contra
1591 3423 1856 3483 volunt’a-

203 3518 319 3570 tem
354 3512 778 3586 archiepiscopi
810 3527 840 3569 a
874 3514 1110 3571 domino
1141 3529 1292 3589 papa
1324 3516 1658 3574 innocentio
1682 3517 1854 3576 bene-

208 3600 325 3659 dici
356 3602 623 3659 fecerunt
652 3602 709 3659 in
756 3602 1059 3671 abbatem;
1090 3608 1151 3659 et
1183 3603 1330 3679 (703)
1363 3605 1683 3663 ammiratae
1714 3610 1851 3662 sunt

206 3692 399 3749 turbae
427 3691 496 3746 de
515 3695 630 3771 tam
654 3689 848 3748 subita
869 3706 1062 3748 rerum
1088 3693 1430 3764 mutatione,
1447 3694 1671 3751 scilicet
1697 3695 1854 3765 quod

206 3779 463 3838 Romana
487 3779 753 3836 mcclesia
786 3779 963 3837 talem
990 3785 1334 3853 tantumque
1354 3782 1543 3840 virum
1579 3789 1695 3840 tam
1724 3799 1855 3855 gra-

203 3869 733 3939 vitermolestavit,
760 3870 855 3941 qui
880 3874 967 3926 tot
984 3869 1219 3928 labores
1240 3876 1444 3942 totque
1468 3872 1727 3944 pericula
1746 3888 1851 3947 pro

204 3959 332 4033 ipsa
361 3959 746 4028 sustinuerat,
781 3964 840 4015 et
873 3961 970 4030 qui
999 3963 1116 4016 tam
1146 3974 1331 4032 nuper
1363 3962 1416 4017 in
1449 3966 1615 4020 tanta
1661 3964 1851 4034 gratia

205 4046 547 4121 apostolicae
578 4048 733 4105 sedis
784 4049 1117 4119 exstiterat,
1150 4049 1247 4122 qui
1278 4055 1339 4107 et
1369 4067 1475 4125 pro
1507 4066 1653 4125 papa
1685 4054 1854 4113 Inno-

204 4137 405 4195 centio
438 4137 713 4194 Lothario
770 4138 894 4208 regi
926 4138 983 4195 in
1038 4142 1264 4197 tantum
1296 4154 1357 4197 se
1410 4147 1765 4214 opposuerat
1795 4143 1852 4202 in

205 4225 580 4300 expeditione
612 4240 789 4299 supra
821 4224 1000 4298 dicta,
1032 4226 1186 4299 quod
1218 4226 1340 4301 ipse
1371 4230 1851 4306 archiepiscopus

206 4320 268 4373 et
296 4330 401 4373 rex
432 4315 503 4373 ab
535 4314 783 4375 invicem
815 4329 931 4374 non
989 4330 1199 4375 sereno
1230 4317 1419 4377 animo
1448 4317 1851 4380 discesserant

208 4407 379 4478 (τοι).

282 4499 369 4553 19.
403 4496 678 4555 Preterea
734 4500 1001 4570 tempore
1048 4496 1223 4569 hujus
1279 4512 1509 4569 guerra:
1540 4514 1669 4573 qnas
1723 4505 1849 4560 erat

213 4585 368 4642 inter
382 4583 882 4659 archiepiscopum
895 4591 954 4644 et
970 4586 1264 4660 comitem,
1283 4586 1496 4648 fratres
1514 4587 1585 4647 de
1599 4589 1847 4649 ecclesia

1966 3167 2456 3236 teret,antequam
2471 3162 2725 3222 dominio
2740 3182 2848 3226 suo
2864 3169 3607 3246 renunciasset;presertim

1964 3257 2171 3311 contra
2192 3253 2553 3342 majestatem
2569 3256 2784 3326 regiam
2811 3257 2919 3314 hoc
2940 3258 3083 3330 fore,
3100 3261 3146 3317 si
3168 3262 3608 3342 archiepiscopo
3705 3280 3709 3284 ‘

1964 3355 2036 3431 ex
2054 3341 2324 3399 mandato
2339 3343 2494 3412 regis
2521 3343 2576 3400 in
2593 3343 2753 3401 curia
2787 3348 3109 3404 comoranti
3129 3350 3338 3409 malum
3368 3341 3606 3431 aliqqu

1962 3430 2225 3488 inferret.
2258 3431 2552 3490 Reversus
2599 3439 2793 3491 autem
2826 3450 2856 3492 a
2887 3438 3048 3494 curia
3102 3441 3602 3516 archiepiscopus,

1964 3519 2232 3578 omnibus
2254 3520 2441 3579 modis
2464 3522 2532 3578 ad
2556 3536 2757 3594 pacem
2783 3525 2939 3596 cepit
2964 3525 3230 3586 laborare
3252 3536 3315 3586 et
3334 3532 3604 3592 comitem

1962 3609 2193 3682 incepto
2207 3623 2482 3668 revocare
2505 3612 2721 3671 furore.
2746 3612 2847 3670 ille
2870 3619 3063 3673 autem
3084 3631 3190 3689 per
3207 3618 3606 3694 episcOpatum

1963 3699 2249 3774 incendia,
2278 3702 2532 3774 rapinas,
2562 3703 2735 3761 cedes
2771 3707 3105 3764 exercebat.
3141 3709 3387 3767 Tandem
3422 3713 3610 3771 archi-

1962 3789 2279 3861 episcopus
2308 3790 2463 3862 cepit
2491 3806 2623 3849 sese
2680 3792 3020 3853 defendere.
3088 3798 3157 3853 Et
3190 3800 3321 3870 quia
3354 3814 3506 3857 nunc
3536 3802 3609 3859 ad

1964 3878 2132 3935 ﬁnem
2167 3893 2437 3951 propero,
2465 3880 2644 3938 multa
2663 3885 3079 3958 pertransiens,
3104 3900 3383 3945 summam
3414 3896 3610 3962 gesto-

1965 3981 2091 4023 rum
2119 3966 2265 4023 hanc
2296 3966 2537 4039 colligo.

2034 4058 2105 4112 20
2166 4054 2390 4114 Rodolfi
2446 4062 2698 4115 montem
2732 4060 2880 4133 (706)
2914 4062 3002 4119 bis
3026 4063 3232 4137 cinxit,
3262 4071 3323 4123 et
3353 4069 3608 4127 secunda

1963 4145 2264 4202 obsidione
2286 4145 2599 4219 destruxit,
2617 4152 2876 4206 castrum
2900 4151 3151 4223 scilicet,
3171 4157 3322 4226 quod
3341 4158 3612 4215 omnibus

1966 4235 2152 4291 modis
2167 4235 2564 4307 insuperabile
2578 4238 2906 4296 videbatur.
2926 4243 3145 4299 Novum
3162 4249 3607 4318 castrum,quod

1963 4324 2229 4381 Mercurii
2267 4340 2432 4383 mons
2458 4325 2680 4382 dicitur
2728 4328 2899 4401 (707),
2930 4330 3242 4404 edificavit,
3277 4334 3487 4392 timens
3536 4351 3608 4393 ne

1963 4414 2343 4472 Namucensis
2363 4420 2616 4473 montem
2641 4417 2801 4474 illum
2823 4425 3160 4494 occuparet,
3184 4423 3338 4493 quod
3361 4425 3528 4496 quasi
3551 4426 3608 4482 in

1964 4504 2141 4561 corde
2173 4509 2348 4562 terrae
2377 4520 2497 4564 suae
2527 4510 2675 4563 erat.
2710 4508 3111 4567 Mandersceat
3149 4513 3436 4585 castrum(
3460 4517 3607 4588 708),

1966 4598 2173 4651 natura
2196 4594 2308 4651 loci
2332 4595 2806 4669 munitissimum,
2828 4600 2986 4672 cepit
3008 4603 3064 4657 et
3088 4615 3269 4676 usque
3292 4603 3363 4661 ad
3386 4603 3611 4663 obitum

1513 4689 1751 4747 VARIAE
1780 4692 2163 4750 LECTIONES
2177 4735 2190 4749 .

283 4781 377 4818 ⁴⁰⁸⁹
406 4782 791 4843 succumbere
821 4795 876 4840 c.
993 4781 1086 4817 “9°
1117 4784 1251 4842 lvvo
1280 4797 1328 4843 ο.
1356 4788 1428 4854 (ι.
1453 4788 1652 4861 eam).
1766 4789 2164 4921 ιῖξῦῗὲεάαηι
2192 4792 2388 4851 deesse
2408 4792 2705 4852 videntvr.
2820 4791 2911 4829 ⁴⁰⁹²
2942 4794 3124 4857 deest.

289 4952 436 5034 (700)
467 4952 546 5034 lle
575 4965 687 5034 qua
718 4948 1141 5034 cf..Z.yllesi‘us:
1174 4951 1444 5011 Defensio
1473 4955 1723 5018 abbatis;
1756 4904 2088 5020 ίιῇίωξῷ,

214 5024 456 5109 peristis
473 5024 547 5109 "SA.
587 5024 899 5109 Maximini,
933 5038 984 5080 c.
1020 5028 1168 5109 3.“.
2038 5034 2186 5109 (704)
2214 5034 2331 5109 _Qf.
2373 5033 2541 5109 Gesta
2573 5039 2748 5093 metr.
2788 5051 2842 5094 v.
2877 5037 2978 5093 140
3006 5051 3142 5109 sqq.

310 5098 435 5163 701)
469 5094 555 5151 Cf.
607 5094 770 5163 Virg.
807 5095 929 5150 )En.
965 5110 1040 5164 vr,
1074 5098 1196 5153 261.

292 5165 434 5247 (70?)
466 5166 761 5247 Sigerum;
813 5165 1334 5247 cui_innocentius
1388 5184 1642 5247 pa_pa__a.
1684 5174 1845 5247 1140.

212 5236 1100 5365 grisvileigig.efsggrnmunitatem
1122 5236 1520 5310 conﬁrmavit;
1549 5244 1854 5301 Hontheim

265 5321 368 5380 ist.
409 5321 451 5380 ι,
488 5323 548 5380 ρ.
591 5321 713 5365 543.

286 5377 443 5450 (703)
468 5377 592 5452 Huc
624 5379 879 5452 pertinet
936 5379 1187 5452 epistola
1219 5388 1321 5440 179
1375 5386 1436 5440 8.
1477 5386 1754 5443 Bernardi
1788 5403 1849 5445 a.

217 5454 277 5527 11
289 5450 730 5527 eoscripta,qua
745 5450 1057 5527 Al_b_ero_nis
1072 5458 1271 5526 partes
1283 5456 1437 5527 apud
1460 5458 1857 5515 Innocentium

214 5521 280 5601 Il
294 5521 505 5601 papam
533 5521 761 5601 tuetur.
801 5521 1088 5601 Ejusdem
1114 5521 1439 5601 argumenti
1486 5532 1581 5601 est
1609 5529 1859 5601 epistola

215 5537 264 5578 ιι
294 5537 501 5654 paesm
533 5537 761 5580 tuetur.
801 5537 1073 5604 ejusdem
1114 5537 1439 5610 argumenti
1486 5537 1582 5610 est
1609 5537 1850 5601 epistola

214 5594 339 5657 180.
444 5607 568 5654 τη.
634 5594 789 5664 Quas
818 5594 949 5653 vxde
1008 5610 1107 5672 ap.
1154 5598 1462 5661 Hontheim
1518 5601 1675 5658 Hist.
1715 5602 1757 5675 I,
1790 5615 1850 5679 p.

2062 5109 2182 5172 70:5)
2214 5105 2510 5162 Viandem.

2038 5178 2187 5255 (700)
2218 5176 2609 5255 Rudolfsberg
2635 5181 3460 5255 arx‘eratLuxemburgensis,
3486 5186 3617 5244 Tre-

1965 5248 2111 5329 viris
2170 5248 2583 5329 haudnprocul
2614 5250 2821 5329 dissita
2846 5252 2924 5329 _ad
2954 5255 3161 5329 _ripam
3222 5248 3377 5314 Sara:
3412 5248 3615 5329 ,err,

1966 5319 2279 5399 Roulmont
2313 5319 2551 5399 dicitur,
2612 5324 2916 5399 Hontheim
2947 5326 2988 5398 l,
3020 5319 3159 5399 pag.
3203 5330 3343 5397 554;
3403 5319 3618 5389 Rodull

1966 5391 2501 5466 ﬁsbcrg,_(_}unthcr
2530 5394 2571 5463 l,
2604 5409 2656 5466 p.
2688 5398 2808 5452 336.

2040 5461 2188 5534 (707)
2222 5461 2564 5535 Montmédy.

2043 5533 2189 5609 (708)
2220 5533 2684 5595 Mandersc‘heid.
