3960 6044
382 174 532 259 1327

983 178 1249 255 casm
1281 172 1635 254 TREVER.
1674 225 1745 234 —
1775 140 2129 250 APPE‘ND.
2151 181 2441 248 .GUSTA
2465 176 2933 250 ALBERONIS
2960 186 3183 251 ARCH

3641 191 3805 253 1328

378 354 548 407 Suum
579 347 846 405 retinuit.
909 344 1251 402 Gerlandam
1312 344 1482 416 (709),
1516 342 1813 399 Zolveram
1872 340 2018 411 (710)
2051 318 2107 378 Α
2137 336 2493 396 municiones
2513 340 2638 410 ejus
2663 340 2905 397 domnus
2926 341 3407 415 archiepiscopus
3435 344 3649 400 comiti
3672 346 3809 401 red-

377 438 554 510 cepit,
588 442 648 494 et
706 440 775 491 30
824 434 1179 491 munitiones
1233 432 1465 490 comitis
1514 430 1893 488 Namucensis
1922 432 2022 485 aut

377 528 534 598 cepit.
567 530 664 582 aut
714 522 1035 580 destruxit.
1074 523 1460 593 Epternacum
1494 534 1724 590 quoque
1753 518 1928 589 cepit,
1965 516 2021 571 in

379 628 493 687 quo
506 628 700 672 comes
714 612 978 669 militiam
992 616 1194 668 tenere
1217 609 1463 667 solebat.
1485 608 1594 664 Sed
1616 609 1767 663 inter
1783 606 2020 677 primam

378 709 436 761 et
466 703 780 760 secundam
812 698 1037 757 Rodulfi
1068 700 1283 755 montis
1313 697 1675 754 obsidionem
1712 695 1865 751 bello
1888 709 2024 750 con-

378 793 566 862 gressi
625 796 760 847 sunt
806 787 1278 858 archiepisc0pus
1334 791 1393 841 et
1447 798 1643 841 comes
1705 784 1760 838 in
1820 786 2022 854 aperto

379 894 602 951 campo.
638 877 801 946 Quod
832 876 947 933 tale
982 876 1110 931 fuit.
1146 876 1285 931 Cum
1325 874 1511 946 primo
1545 872 2024 943 archiepiscopus

378 968 603 1026 Rodolﬁ
636 971 888 1022 montem
925 963 1279 1032 obsedisset,
1331 976 1525 1018 comes
1557 960 1911 1017 Palaciolum
1945 960 2025 1014 in-

378 1057 637 1126 vasit,et
689 1054 876 1125 ignem
928 1053 985 1109 in
1030 1050 1335 1109 ecclesiam
1394 1055 1610 1106 sanctae
1660 1050 1850 1105 Maria:
1900 1047 2024 1117 inji-

373 1146 554 1216 ciens,
588 1143 970 1200 municionem
1010 1155 1243 1212 quoque
1290 1139 1715 1209 archiepiscopi
1754 1151 2024 1193 cremare

376 1235 670 1306 sperabat.
706 1232 844 1299 Quae
895 1231 1041 1285 fama
1072 1243 1203 1285 cum
1235 1228 1305 1284 ad
1356 1227 1858 1298 archiepiscopum
1897 1241 2023 1296 per-

376 1322 653 1392 venisset,
671 1319 975 1376 obsidione
989 1317 1331 1387 soluta,tota
1348 1320 1518 1372 nocte
1540 1315 1869 1387 properavit
1891 1329 2022 1370 cum

378 1410 590 1468 milicia
615 1423 739 1479 sua,
768 1412 832 1464 ut
863 1407 1160 1479 inproviso
1184 1405 1339 1462 hosti
1365 1405 1805 1476 superveniens,
1844 1403 2025 1475 inopi-

380 1506 516 1559 nato
541 1505 764 1556 terrore
784 1510 1073 1555 concusso
1096 1509 1233 1551 suas
1254 1494 1411 1550 vires
1433 1492 1787 1549 ostenderet.
1822 1494 2024 1549 Comes

377 1603 517 1647 vero
546 1603 651 1660 per
694 1586 1106 1658 exploratores
1134 1584 1262 1653 ejus
1316 1582 1679 1654 presentiens
1712 1581 2022 1638 adventum

2136 424 2303 497 didit,
2330 433 2390 484 et
2416 428 2486 484 de
2511 428 2826 500 beneﬁciis,
2853 445 2981 501 quae
3006 432 3059 487 in
3084 436 3416 489 casamento
3446 446 3658 490 comes
3683 433 3807 505 plu-

2137 515 2276 571 rima
2307 520 2578 573 tenuerat
2625 521 2697 575 ab
2729 519 2975 577 ecclesia
2998 522 3359 593 Treverensi,
3394 522 3805 595 archiepisco.

2137 620 2243 675 pus
2274 621 2338 661 ea
2372 606 2626 664 reddidit
2661 623 2787 679 quae
2829 615 3093 682 tempore
3124 610 3297 681 hujus
3328 611 3652 670 discordia:
3680 615 3803 671 suis

2135 708 2246 749 non
2263 694 2505 752 dederat
2533 696 2881 755 fautoribus.
2908 699 3116 770 Sicque
3137 704 3194 755 et
3211 700 3505 756 abbatiam
3530 702 3796 759 obtinuit

2136 786 2193 837 et
2224 782 2294 837 de
2339 784 2550 840 comite
2597 784 2908 855 gloriosam
2954 787 3288 844 victoriam.
3344 789 3489 845 Post
3534 788 3655 846 hoc
3687 792 3795 847 alia

2138 883 2368 940 quoque
2402 870 2581 928 multa
2613 874 2879 944 perfecit.

2207 963 2293 1013 21.
2330 962 2508 1015 Arraz
2554 961 2707 1018 enim
2736 968 2993 1020 castrum
3024 979 3191 1022 suum
3220 981 3414 1023 comes
3448 967 3795 1024 Fridericus

2136 1047 2206 1103 de
2229 1047 2612 1119 Vianna,cum
2638 1052 2812 1108 unius
2828 1053 3009 1110 turris
3032 1060 3233 1111 custos
3247 1056 3318 1111 ab
3333 1055 3795 1128 archiepiscopo

2134 1141 2292 1192 esset
2322 1137 2686 1196 constitutus
2716 1139 2886 1213 (713),
2923 1145 3107 1198 totum
3139 1143 3250 1199 sibi
3283 1149 3713 1215 usurpaverat,
3737 1150 3793 1201 et

2136 1224 2368 1296 rapinas
2387 1225 2599 1283 multas
2632 1228 2686 1282 in
2720 1228 2954 1286 flumine
2984 1230 3219 1287 Mosella
3243 1233 3584 1289 exercebat.
3628 1233 3793 1299 Quod

2136 1313 2346 1369 iterum
2363 1328 2737 1387 recuperans,
2758 1318 3029 1375 comitem
3055 1319 3562 1377 Fridericuminde
3590 1322 3790 1391 ejeeit.

2139 1402 2274 1457 Post
2329 1402 2436 1458 hec
2482 1403 2677 1460 omnia
2727 1406 2972 1462 multum
3025 1407 3347 1465 exhaustus
3395 1407 3493 1442 ⁴⁰⁹³
3542 1415 3794 1482 propter

2138 1503 2374 1559 magnas
2402 1495 2459 1546 et
2493 1493 2687 1547 varias
2718 1508 3010 1566 expensas
3044 1511 3188 1567 quas
3210 1497 3263 1552 in
3292 1511 3508 1567 guerra
3544 1498 3792 1569 fecerat,

2141 1592 2339 1648 pacem
2364 1578 2434 1636 de
2468 1585 2670 1637 cetero
2699 1581 2934 1650 habuit;
2970 1585 3102 1653 quia
3136 1590 3264 1657 post
3297 1586 3402 1642 hec
3428 1601 3608 1643 nemo
3641 1587 3794 1644 bello

378 1677 831 1750 archiepiscopi,
884 1675 938 1731 in
986 1674 1175 1744 fugam
1216 1687 1559 1740 conversus,
1619 1674 1789 1727 nocte
1837 1669 1933 1726 illa
1966 1670 2022 1725 in
2055 1677 2106 1737 13
2140 1666 2326 1737 ipsum
2385 1668 2680 1725 lacessere
2737 1673 3151 1743 attemptavit;
3186 1679 3247 1730 et
3296 1674 3548 1746 plurima
3600 1677 3796 1733 denuo

377 1766 574 1824 villam
603 1764 866 1837 episcopi
908 1761 1177 1819 Witelich
1226 1775 1285 1817 se
1317 1760 1572 1831 recepit;
1621 1773 1804 1829 equos
1835 1764 1893 1813 et
1926 1759 2025 1814 ho—

379 1855 564 1911 mines
591 1852 831 1909 reficere
864 1851 1084 1919 volens,
1111 1855 1167 1905 et
1226 1848 1404 1904 nichil
1434 1847 1794 1919 repperiens,
1830 1845 2022 1902 villam

382 1948 561 2001 totam
592 1939 1024 2004 concremavit;
1058 1944 1114 1993 et
1163 1937 1297 1992 inde
1328 1936 1645 2005 transiens,
1698 1950 1828 1992 cum
1857 1934 2024 2003 juxta

380 2030 673 2088 abbatiam
687 2042 816 2100 quae
830 2026 1162 2083 Claustrum
1186 2023 1402 2080 dicitur
1418 2024 1499 2092 (71
1516 2024 1564 2094 1)
1584 2037 1828 2094 pausare
1849 2022 2025 2079 vellet

378 2123 436 2176 et
451 2130 657 2191 panem
673 2117 1049 2186 frangeret—
1072 2112 1370 2170 famelicus
1387 2113 1538 2167 enim
1554 2116 1773 2182 erat—,
1804 2113 2027 2168 exerci-

378 2214 476 2265 tus
489 2204 913 2277 archiepiscopi
931 2205 1045 2274 jam
1064 2203 1175 2260 sibi
1199 2201 1480 2258 inminere
1494 2202 2022 2273 prenunciabatur;

379 2295 575 2368 etipse
589 2292 1009 2351 velocitercum
1026 2291 1353 2361 suisfugam
1368 2290 1677 2362 arripiens,
1702 2288 1929 2346 cuidam
1954 2289 2025 2344 de

385 2382 665 2441 fratribus
698 2380 768 2437 ad
792 2395 851 2438 sc
872 2386 1083 2437 vocato
1109 2393 1211 2451 per
1236 2377 1660 2450 adjurationem
1686 2382 2027 2434 contestans

382 2473 651 2544 injunxit,
686 2476 749 2529 ut
783 2469 1230 2541 archiepiscopo
1261 2482 1323 2523 se
1347 2466 1681 2537 insequenti
1709 2467 1815 2523 hee
1847 2467 2023 2523 verba

382 2564 659 2619 referret:
703 2561 860 2617 Dens
906 2572 1024 2615 non
1051 2557 1354 2613 meliorem
1385 2555 1540 2612 diem
1583 2556 1681 2611 rel
1703 2554 1924 2611 noctem
1948 2555 2023 2623 ei,

2140 1755 2511 1826 recolligens,
2567 1757 2844 1830 palatium
2896 1775 3064 1817 suum
3113 1768 3173 1817 et
3220 1764 3405 1819 omnia
3452 1771 3660 1821 castra
3693 1781 3795 1823 sua

2137 1843 2322 1900 multo
2357 1845 2489 1901 vino
2519 1852 2575 1903 et
2610 1849 2862 1904 omnium
2887 1849 3229 1907 victualium
3248 1866 3462 1922 genere
3498 1853 3793 1926 implevit,

2137 1945 2228 2002 ne,
2264 1933 2310 1988 si
2346 1934 2477 2004 quis
2523 1948 2652 1991 eum
2696 1936 2910 1992 iterum
2939 1937 3147 2009 injuria
3182 1938 3375 2011 aliqua
3407 1951 3791 2012 provocaret,

2139 2017 2440 2091 inparatus
2468 2020 2846 2079 inveniretur.

2206 2111 2293 2163 22.
2330 2109 2389 2163 In
2461 2109 2667 2168 diebus
2734 2111 2851 2169 illis
2905 2114 3089 2186 (1147)
3147 2116 3428 2187 contigit,
3490 2117 3812 2186 dominum.

2137 2195 2451 2265 Eugenium
2505 2211 2710 2271 papam
2771 2201 2828 2256 in
2882 2202 3181 2259 Franciam
3229 2204 3458 2269 venire;
3513 2206 3612 2262 cui
3668 2207 3791 2279 ipse

2137 2284 2480 2343 Proviniaco
2505 2290 2652 2359 (714)
2675 2303 2804 2345 cum
2838 2291 3216 2362 occurrisset,
3246 2292 3460 2364 pascha
3491 2308 3632 2351 cum
3665 2294 3793 2367 ipso

2137 2372 2394 2430 Parisius
2423 2376 2743 2433 celebravit
2795 2376 2960 2449 (Apr.
2996 2382 3108 2451 20),
3154 2384 3211 2435 et
3244 2380 3320 2436 ibi
3367 2381 3645 2440 ecclesias
3676 2399 3792 2442 sua

2140 2460 2441 2532 privilegia
2475 2468 2535 2518 et
2554 2464 2625 2519 de
2652 2465 2904 2536 primatu
2928 2465 3211 2524 ecclesiae
3234 2483 3355 2526 suae
3375 2475 3437 2525 et
3458 2471 3532 2527 de
3556 2472 3793 2528 abbatis

2139 2550 2324 2605 sancti
2351 2550 2639 2607 Maximini
2681 2556 3018 2611 renovando
3050 2557 3349 2613 roboravit
3379 2558 3564 2630 (715);
3594 2560 3795 2633 ibique

380 2649 606 2709 scilicet
633 2647 1095 2719 archiepiscopo,
1122 2644 1418 2712 concedat,
1454 2657 1637 2713 quam
1664 2643 1809 2700 duos
1825 2644 1953 2700 dies
1974 2643 2036 2697 et
2139 2651 2168 2693 a
2190 2638 2422 2695 domino
2447 2654 2595 2712 papa
2644 2648 2704 2697 et
2726 2657 2753 2698 a
2781 2656 2916 2713 rege
2948 2645 3204 2702 Franciae
3237 2646 3499 2718 Lodoyco
3550 2655 3735 2720 atque
3765 2664 3795 2704 a

381 2738 738 2797 duasnoctes
751 2736 1026 2794 continue
1047 2732 1251 2790 habent.
1292 2732 1404 2797 Qui
1425 2745 1556 2789 cum
1578 2730 1800 2789 duobus
1822 2730 2028 2788 diebus

369 2827 797 2902 jejunaoerim,
822 2824 1006 2882 etiam
1028 2823 1201 2880 tertio
1218 2822 1316 2879 die
1327 2820 1607 2892 pauxillo
1614 2821 1794 2893 panis
1803 2834 1894 2878 me
1912 2822 2029 2878 vel-

382 2912 947 2990 Iomrefocillare,ab
961 2925 1022 2969 eo
1032 2925 1289 2968 nonsnm
1291 2911 1765 2981 permissus.Con
1775 2924 2028 2981 sequens

379 3021 520 3077 ergo
578 3002 1057 3075 archiepiscopus
1112 3000 1405 3067 comitem,
1466 3013 1594 3055 eum
1653 3013 1721 3055 eo
1781 3013 2025 3070 pugnam

380 3110 570 3152 acrem
593 3092 899 3152 commisit.
928 3091 1249 3159 Comesque
1274 3093 1436 3157 terga
1458 3090 1715 3155 vertens,
1741 3086 2026 3144 beneficio

378 3183 598 3241 velocis
628 3182 762 3253 equi
796 3180 892 3236 vix
948 3178 1193 3248 aufugit,
1228 3190 1465 3233 suorum
1520 3172 1784 3247 plurimis
1813 3177 2021 3248 captis,

379 3271 578 3328 multis
638 3270 812 3326 etiam
867 3267 1033 3323 cesis.
1103 3265 1359 3335 Indeque
1422 3263 1898 3334 archiepiscopus
1953 3264 2023 3319 ad

377 3358 602 3417 Rodolﬂ
653 3361 904 3413 montem
956 3357 1283 3419 revertens,
1321 3357 1382 3405 ut
1431 3366 1606 3421 supra
1640 3351 1859 3407 dictum
1908 3356 2020 3423 est,

377 3447 669 3506 destruxit
719 3445 846 3516 (an.
908 3444 1143 3514 11441).
1210 3440 1457 3497 Tandem
1506 3455 1701 3495 comes
1754 3441 2021 3498 omnibus

377 3539 601 3594 viribus
629 3533 924 3603 deficiens,
961 3547 1064 3604 per
1094 3544 1288 3600 regem
1323 3528 1669 3599 Conradum,
1698 3529 1754 3585 in
1787 3531 2021 3601 expedi-

377 3628 593 3683 tionem
622 3620 1154 3679 Jerosolimitanam
1179 3624 1319 3674 tunc
1344 3617 1581 3686 iturum,
1610 3621 1747 3689 aput
1773 3619 2015 3689 Spiram,

375 3716 621 3785 gratiam
646 3711 862 3768 domini
892 3707 1321 3780 archiepiscopi
1342 3721 1547 3777 magno
1574 3706 1774 3763 labore
1798 3708 2021 3764 inultis-

378 3817 488 3875 que
517 3799 828 3860 conatibus
860 3797 1189 3869 requisivit,
1215 3803 1420 3852 etcum
1452 3810 1650 3865 magna
1678 3796 2019 3854 difﬁcultate

377 3889 705 3964 impetravit
724 3907 737 3956 ;
756 3886 1138 3959 jurisjurandi
1163 3885 1444 3956 religione
1468 3884 1839 3958 confirmans,
1866 3887 2019 3957 quod

376 3995 481 4052 pro
521 3980 628 4035 hac
676 3992 854 4035 causa
900 3982 1102 4032 contra
1146 3972 1455 4031 ecclesiam
1505 3975 1915 4030 Treverensem
1951 3975 2019 4034 dc

373 4075 574 4127 cetero
625 4080 781 4124 arma
839 4066 1173 4123 nullatenus
1226 4064 1425 4131 ferret,
1477 4068 1534 4119 et
1587 4066 1737 4132 quod
1792 4062 2017 4120 Rudolﬂ

376 4154 1248 4216 montemnecreediﬁcaretnee
1277 4151 1601 4208 reedillcari
1626 4152 2014 4226 permitteret,

373 4253 430 4303 et
463 4246 616 4319 quod
652 4244 1047 4301 Mandersceat
1077 4256 1366 4313 nunquam
1412 4255 1515 4311 per
1545 4240 1658 4295 vim
1704 4241 1794 4296 vel
1826 4245 2020 4298 extor-

373 4337 593 4392 sionem
646 4333 896 4404 aliquam
947 4336 1242 4402 repeteret
1297 4333 1446 4399 (712)
1507 4330 1608 4401 (an
1665 4331 1819 4400 1146,
1856 4331 2014 4401 Dea,

375 4428 530 4494 1147,
561 4425 753 4493 Jan).
790 4422 1177 4491 Epternaeum
1199 4434 1336 4473 vero
1368 4422 1651 4488 et_cetera
1675 4422 1869 4474 castra
1892 4419 2017 4475 sivo

2139 2727 2353 2783 comite
2380 2728 2711 2786 Theobaldo
2745 2730 2891 2803 (716)
2921 2731 3090 2789 valde
3120 2733 3462 2793 decentibus
3490 2736 3671 2794 donis
3698 2738 3796 2794 ho-

2141 2821 2380 2873 noratus
2410 2820 2519 2873 est.
2555 2817 2810 2890 Indeque
2841 2834 3200 2892 recessurus,
3252 2822 3549 2882 dominum
3583 2839 3792 2900 papam

2140 2905 2209 2960 ad
2239 2904 2467 2961 domum
2499 2921 2660 2963 suam
2703 2907 2991 2965 invitavit.
3029 2908 3314 2967 Clericum
3344 2926 3580 2984 quoque
3612 2929 3793 2985 quen-

2141 2991 2270 3049 dam
2322 2992 2650 3050 Baldricum
2699 2996 2927 3052 nomine
2962 2996 3132 3069 (717),
3179 2999 3447 3068 juvenem
3493 3006 3685 3072 etate,
3722 3003 3790 3059 de

2139 3081 2483 3152 episcopatu
2514 3081 2851 3140 Leodicensi
2903 3099 2974 3140 ex
3002 3085 3246 3142 castello
3276 3085 3604 3146 Florinensi
3634 3090 3788 3163 (718)

2137 3174 2349 3239 crtum,
2375 3186 2504 3227 eum
2531 3171 2848 3228 audivisset
2876 3173 2929 3229 in
2950 3175 3112 3230 curia
3143 3176 3359 3233 domini
3382 3192 3548 3249 papae
3569 3193 3786 3237 causa:

2137 3256 2424 3315 dicentem
2474 3272 2532 3313 et
2579 3274 2718 3332 sepe
2768 3262 3036 3333 apposite
3088 3269 3477 3335 perorantem,
3513 3280 3722 3324 secum
3755 3282 3783 3324 a

2134 3355 2395 3426 Parisius
2426 3357 2716 3414 Treverim
2748 3358 3013 3430 adduxit,
3036 3364 3092 3416 et
3117 3362 3459 3432 magistrum
3481 3364 3782 3422 scalarum

2137 3444 2189 3498 in
2213 3444 2385 3501 domo
2407 3445 2595 3501 sancti
2638 3447 2795 3502 Petri
2819 3448 3161 3517 constituit;
3211 3456 3267 3506 et
3301 3452 3582 3521 quamdiu
3614 3454 3778 3521 vixit,

2132 3531 2301 3588 valde
2331 3548 2460 3590 eum
2494 3547 2691 3591 carum
2740 3539 2798 3592 et
2833 3536 3174 3594 familiarem
3205 3538 3427 3596 habuit.
3462 3540 3581 3597 Nec
3608 3540 3780 3613 longo

2133 3621 2442 3691 iuterjecto
2470 3626 2737 3696 tempore
2768 3624 3073 3695 predictus
3102 3640 3207 3682 rex
3240 3627 3497 3685 Francia
3528 3635 3592 3685 et
3626 3630 3782 3688 filius

2131 3710 2443 3768 Theobaldi
2491 3712 2722 3769 comitis
2753 3714 3059 3771 Heinricus
3104 3716 3414 3772 transitum
3444 3718 3778 3776 habuerunt

2133 3814 2233 3872 per
2263 3800 2457 3856 villam
2490 3802 2677 3859 sancti
2712 3801 2985 3859 Arnualis
3016 3805 3164 3876 (719)
3186 3820 3201 3870 ;
3226 3806 3382 3875 quod
3413 3807 3666 3864 domnus
3696 3822 3781 3863 aro

2131 3888 2538 3960 chiepiscopus
2568 3890 2894 3961 presciens,
2927 3891 3231 3947 servitium
3260 3893 3493 3965 utrique
3512 3909 3777 3953 seorsum

2129 3983 2245 4034 tam
2275 3977 2495 4047 grande
2552 3981 2610 4034 et
2662 3982 2776 4033 tam
2821 3979 3186 4050 magnificum
3237 3982 3589 4055 transmisit,
3627 3985 3778 4055 quod

2130 4066 2275 4137 ipsis
2296 4081 2399 4122 nec
2425 4066 2857 4139 prescientibus
2879 4083 2952 4125 ex
2970 4069 3268 4141 inproviso
3283 4071 3418 4128 dum
3437 4071 3773 4141 offerretur,

2130 4154 2300 4212 valde
2331 4161 2469 4211 sunt
2499 4156 2807 4212 aminirati.

2202 4247 2288 4301 23.
2316 4244 2528 4300 Eodem
2552 4259 2688 4300 vero
2712 4258 2881 4315 anno,
2918 4246 3345 4325 dominicaqua
3362 4254 3662 4307 cantatur.
3692 4250 3772 4305 Ad

2134 4337 2190 4388 te
2222 4332 2427 4402 levavi,
2465 4332 2712 4389 domnus
2764 4346 2912 4405 papa
2941 4335 3237 4405 Eugenius
3266 4337 3557 4393 Treverim
3592 4338 3775 4407 venit,

2133 4423 2285 4478 sicut
2319 4421 2603 4478 invitatus
2645 4437 2674 4477 a
2706 4422 2946 4479 Domino
2995 4424 3439 4497 archiepiscopo
3470 4426 3685 4497 fuerat,
3722 4433 3776 4482 et

1735 4517 1970 4574 νΑΒΙιΕ
2008 4521 2303 4580 LECTION
2309 4520 2408 4576 ES.

442 4619 536 4654 ⁴⁰⁹³
560 4618 850 4677 exhautus
879 4631 934 4674 ο.

1951 4691 2173 4749 NOTAE.

462 4789 586 4861 709)
621 4786 796 4861 Cujus
829 4785 1001 4861 situm
1038 4797 1203 4861 nemo
1238 4782 1480 4861 indicat.

462 4794 586 4861 709)
621 4794 796 4856 Cujus
829 4794 1001 4842 suum
1038 4797 1203 4839 nemo
1238 4794 1480 4864 indicat.
1567 4856 1574 4863 _

442 4794 588 4930 (710)
622 4859 804 4926 Vulgo
835 4856 1039 4930 Zolver
1073 4854 1312 4930 dietum,
1348 4869 1402 4909 in
1436 4855 1734 4930 territorio
1754 4857 2012 4930 ducatus

368 4926 918 4998 Lu'xem'hurgensis,
973 4930 1224 4998 quatuor
1273 4927 1483 4998 leucas
1514 4930 1578 4982 et
1626 4926 1921 4986 dimidiam
1980 4944 2011 4985 a

371 4995 773 5068 Luxemburgo
840 4995 1044 5054 situm.
1119 4997 1303 5068 Supra
1376 4995 1602 5068 collem,
1663 4997 1834 5054 hodie
1908 5000 2013 5058 der

366 5066 804 5142 Zoltwergnopf
843 5068 1083 5142 dictum,
1120 5066 1255 5142 olim
1283 5066 1460 5142 hujus
1492 5067 2010 5142 familiarcastrum

367 5137 679 5210 existebat,
707 5137 875 5209 cujus
895 5137 1393 5210 hodie'nequidem
1421 5138 1631 5195 rudera
1663 5140 1752 5197 vel
1777 5140 2010 5199 minima

366 5219 619 5269 exstant.
655 5215 819 5267 err

440 5287 587 5351 (711)
622 5282 855 5338 Scilicet
891 5280 1285 5346 llimmerode;
1313 5281 1386 5336 cf.
1418 5280 1728 5338 Alberonis
1750 5282 2011 5340 chartam

366 5368 422 5408 a.
464 5356 623 5419 1138,
655 5366 752 5423 ap.
819 5352 1035 5407 llontli.
1093 5352 1240 5423 Hist.
1278 5352 1318 5421 l,
1358 5367 1433 5423 Vp.
1490 5355 1593 5407 539
1625 5372 1637 5408 :
1676 5372 1703 5404 α
1733 5359 1793 5410 et
1825 5353 2010 5413 locum

366 5422 889 5497 11111111121111181111111
922 5422 1221 5497 appellari
1260 5422 1521 5497 fecimus.
1554 5444 1580 5472 ιι

439 5493 582 5577 (712)
616 5492 678 5557 ν.
714 5492 1146 5569 Conradi'r'egis
1167 5493 1418 5573 diploma
1456 5493 1558 5555 hac
1589 5492 1660 5560 de
1692 5509 1755 5561 re
1787 5494 2006 5572 datum,

2123 4788 2427 4845 Hontheim
2460 4787 2604 4845 Hist.
2638 4793 2688 4859 1,

2195 4791 2427 4845 mtheim
2460 4791 2604 4845 Hist.
2638 4793 2688 4859 1,
2725 4803 2777 4860 p.
2811 4791 2931 4844 5:54.

2195 4859 2343 4935 (7_1_3)
2377 4860 2439 4935 V_.
2473 4859 2722 4935 diplgma
2747 4860 2855 4935 hac
2884 4859 2956 4915 de
2988 4874 3050 4916 re
3072 4859 3270 4919 datum
3293 4866 3499 4920 notatu
3530 4862 3778 4935 dignum

2124 4942 2214 5003 ap.
2254 4930 2559 5003 Hontheim
2592 4931 2739 4988 Hlst.
2778 4933 2822 4998 Ι,
2856 4948 2909 5003 p.
2944 4935 3064 4988 557.

2217 5002 2344 5073 714)
2378 5002 2638 5058 Provins.
2862 5002 2869 5003 “

2194 5002 2343 5141 (715)
2374 5072 2613 5141 Eugenii
2644 5070 2858 5129 bullam
2888 5074 3018 5130 vide
3043 5075 3194 5141 apud
3216 5076 3459 5133 Honthei

2216 5070 2343 5142 715)
2374 5072 2613 5143 Eugenii
2644 5070 2858 5129 bullam
2888 5074 3018 5130 vide
3043 5075 3194 5147 apud
3216 5076 3519 5133 Hontheim
3549 5077 3708 5135 Hist.
3733 5079 3772 5145 Ι,

2119 5156 2184 5212 p.
2221 5148 2343 5198 δδδ.

2198 5214 2346 5297 (719)
2381 5212 2661 5297 plesensi,
2695 5217 3037 5297 Carnotensi
3069 5232 3135 5276 ac
3163 5217 3451 5274 Trecensi.

2219 5287 2344 5359 717)
2379 5283 2533 5359 l_.i_bri
2564 5283 2734 5356 hujus
2764 5286 3132 5359 scriptorem.

2218 5354 2344 5413 718)
2379 5354 2658 5413 Plorines.

2195 5428 2343 5502 (719)
2380 5427 2439 5481 ln
2471 5426 2840 5501 Lotharingia
2855 5470 2868 5486 .
