3948 6070
145 281 309 350 1829

752 284 1023 355 GESNA
1062 290 1414 358 TREVEB.
1448 330 1527 343 -
1557 288 1918 358 APPEND.
1956 289 2225 360 casm
2252 289 2723 358 ALBERONIS
2750 270 2998 356 ARCH.

3409 289 3562 359 4380

145 440 399 499 sabbato
448 440 616 514 (Nov.
647 445 737 516 29)
789 449 921 502 ante
972 445 1291 518 predictam
1344 447 1692 507 dominicam
1743 449 1800 507 in
1830 429 1886 491 A
1917 428 2014 500 sit,
2049 428 2298 502 indeque
2329 431 2651 499 revertens,
2694 425 3002 518 missarum
3044 425 3389 501 sollempnia
3429 444 3559 488 eum

142 528 400 588 ecclesia
433 532 622 588 sancti
664 534 933 591 Eucharii
966 536 1287 594 honorifice
1319 538 1654 609 hospitatus
1684 544 1796 596 est.

142 620 208 675 In
260 621 386 693 ipsa
437 628 630 678 autem
682 624 968 682 dominica
1017 627 1185 697 (Nov.
1234 628 1323 699 30)
1375 644 1504 686 cum
1556 630 1801 686 maxima

141 709 526 764 veneratione
575 724 605 764 a
653 709 813 767 clero
864 717 923 768 et
980 714 1197 785 populo
1256 730 1385 771 cum
1445 715 1803 772 inconsueta

146 796 551 865 processionis
608 802 818 855 ornatu
880 806 1052 870 atque
1115 802 1465 859 recordabili
1529 803 1805 876 sollemp-

144 882 335 940 nitate
369 885 425 940 in
460 886 739 957 templum
770 891 857 944 est
893 888 1289 961 introductus,
1337 893 1803 950 conducentibus

145 985 284 1028 eum
325 986 355 1028 a
397 973 624 1030 dextris
674 975 883 1033 domno
929 977 1239 1051 Alberone,
1284 997 1315 1037 a
1358 982 1618 1038 sinistris
1668 998 1805 1039 vero

149 1058 397 1117 Arnull‘o
447 1058 876 1120 Coloniensiuﬁi
926 1067 1386 1142 archiepiscOpo,
1440 1070 1805 1142 preeedcnti'

149 1149 262 1204 bus
322 1163 462 1206 vero
523 1150 723 1207 multis
777 1152 1075 1226 episcopis
1129 1158 1472 1227 Germania,
1535 1160 1801 1231 Belgica,

144 1237 431 1308 Francia,
469 1239 706 1311 Anglia,
752 1243 1120 1315 Burgundia,
1164 1246 1524 1316 Lonbardia,
1560 1249 1800 1319 Tuscia,

143 1328 207 1380 et
236 1340 312 1382 ex
343 1327 497 1382 omni
542 1329 777 1385 natione
811 1346 939 1401 qua
966 1334 1073 1393 sub
1100 1334 1229 1391 celo
1259 1341 1367 1391 est.
1406 1336 1515 1393 Sed
1547 1351 1649 1393 nec
1681 1352 1806 1394 car-

141 1412 372 1472 dinales
424 1430 768 1474 enumerare
819 1419 999 1492 piget,
1052 1423 1148 1493 qui
1200 1440 1329 1481 cum
1381 1425 1616 1482 domino
1657 1440 1802 1498 papa

138 1501 404 1571 Eugenio
435 1503 528 1538 ⁴⁰⁹⁴
560 1507 851 1563 Treverim
905 1516 1210 1567 venerunt.
1266 1512 1385 1567 Viri
1438 1513 1587 1569 enim
1643 1515 1802 1571 fuere

141 1589 333 1661 vultu,
360 1592 584 1663 habitu,
607 1599 801 1665 gestu,
827 1597 1095 1669 scientia,
1119 1600 1380 1657 moribus
1402 1600 1799 1675 honorabiles,

140 1683 201 1732 et
231 1694 336 1750 pro
360 1695 464 1737 sua
488 1697 692 1752 magna
717 1683 1025 1742 honestate
1050 1686 1360 1745 immortali
1387 1690 1803 1749 recordatione

1915 523 2074 575 tanta
2101 519 2299 591 populi
2326 518 2653 589 frequentia
2685 516 2931 588 peregit,
2967 518 3121 588 quod
3146 518 3199 574 in
3226 523 3345 575 tota
3371 519 3559 577 sancti

1913 608 2071 664 Petri
2103 607 2368 664 acclesia
2401 621 2507 663 nec
2539 606 2797 678 spacium
2832 605 2996 677 pedis
3022 622 3269 663 vacuum
3300 608 3561 680 reperire

1916 711 2138 768 posses.
2174 695 2321 763 Quid
2344 696 2393 757 si
2418 695 2695 764 dicerem,
2728 694 2981 765 qualiter
3004 696 3057 750 in
3083 695 3173 751 die
3198 701 3422 766 sancto,
3450 696 3563 753 sol-

1916 784 2126 857 lempni
2161 789 2402 855 peracto
2434 783 2645 853 cilicio,
2679 798 2753 839 ex
2795 798 2903 838 una
2938 789 3103 855 parte
3135 785 3383 841 domnus
3414 800 3560 857 papa

1916 889 2042 929 cum
2069 874 2192 931 suis
2215 873 2633 942 cardinalibus,
2658 878 2717 928 et
2741 887 2809 929 ex
2833 872 3100 944 obposita
3128 879 3292 944 parte
3316 874 3561 932 domnus

1914 963 2392 1035 archiepiscopus
2420 976 2548 1017 cum
2576 961 2695 1018 illis
2724 962 2818 1031 qui
2850 961 2991 1017 illuc
3021 965 3413 1019 convenerant
3444 963 3564 1035 epi-

1916 1050 2128 1121 scopis,
2157 1050 2386 1107 inl‘ulati
2410 1051 2463 1105 in
2488 1051 2704 1106 mensis
2727 1064 2797 1106 ex
2819 1050 3068 1105 adverso
3096 1051 3388 1122 oppositis
3420 1052 3562 1108 resi-

1917 1139 2168 1194 debant?
2205 1140 2325 1205 Qua
2368 1143 2494 1195 arte
2533 1138 2746 1209 aliquis
2775 1143 2865 1194 tot
2894 1141 2950 1194 et
2983 1142 3181 1194 tantas
3221 1145 3562 1211 computare

1916 1236 2087 1299 queat
2113 1231 2435 1301 expensas?
2457 1229 2717 1285 Dicerem
2743 1227 2995 1299 quidem,
3022 1228 3174 1299 quod
3194 1233 3326 1285 ante
3347 1228 3562 1286 domini

1917 1333 2080 1390 papa
2104 1320 2417 1375 adventum
2446 1319 2557 1391 “9°,
2593 1318 2821 1375 domum
2845 1332 2973 1388 qua
2998 1332 3159 1390 papa
3185 1318 3420 1389 dicitur,
3449 1320 3560 1374 tria

1913 1406 2225 1464 habentem
2264 1407 2590 1463 intersticia
2630 1405 2946 1464 secundum
2990 1405 3378 1477 altitudinem,
3413 1408 3559 1463 infra

1916 1510 2018 1551 sex
2065 1496 2419 1553 ebdomadas
2465 1496 2816 1565 construxit,
2846 1501 2911 1552 et
2942 1496 3172 1552 domum
3223 1512 3352 1568 qua
3398 1499 3563 1553 Jeru-

1916 1582 2095 1639 salem
2121 1585 2338 1641 dieitur
2363 1587 2479 1641 fere
2505 1585 2862 1641 destructam
2885 1585 3197 1656 reparavit.
3233 1586 3343 1642 Sed
3367 1599 3562 1657 quam-

1914 1672 2004 1729 vis
2038 1677 2280 1743 taceam,
2312 1688 2407 1729 res
2431 1673 2553 1746 ipsa
2579 1673 2853 1744 loquetur
2874 1677 2929 1729 et
2955 1672 3009 1728 in
3035 1674 3369 1730 memoriam
3397 1689 3561 1731 revo-

143 1768 324 1837 (ligni.
360 1772 495 1827 Haec
524 1775 718 1828 autem
749 1789 950 1829 eorum
982 1781 1118 1832 sunt
1150 1778 1403 1849 nomina,
1444 1794 1571 1850 qua
1596 1781 1803 1854 meliu?
1836 1790 1885 1849 Β
1915 1761 2098 1854 “Et.

140 1856 198 1911 in
248 1855 398 1915 libro
438 1859 575 1916 vita
616 1861 835 1917 utinam
882 1865 1101 1935 scripta
1149 1866 1261 1922 sint
1305 1866 1453 1938 (720)
1493 1887 1504 1922 :
1541 1858 1800 1941 episcopl

138 1944 475 2003 cardinales
512 1965 522 2000 :
557 1947 864 2007 Albericus
901 1951 1249 2021 Hosticnsis,
1287 1954 1553 2012 Himerus
1585 1957 1803 2014 Tuscu-

138 2031 339 2097 lanus;
394 2035 706 2105 presbiteri
742 2055 754 2091 :
789 2038 972 2095 Guido
1023 2042 1387 2113 Summanus,
1445 2044 1800 2102 Haribertus

140 2121 196 2173 S.
236 2122 583 2194 Anastasia,
614 2125 892 2194 magister
931 2127 1283 2196 Guidodens,
1317 2131 1404 2187 vir
1433 2132 1602 2189 valde
1636 2132 1801 2190 litte-

140 2213 327 2279 ratus,
369 2209 559 2281 legum
600 2216 661 2268 et
692 2214 843 2284 juris
891 2216 1136 2287 peritus,
1187 2218 1375 2275 Julius
1411 2218 1466 2275 S.
1510 2221 1795 2278 Marcellb

142 2299 308 2367 ilugo
330 2298 723 2371 Novariensis,
759 2303 1036 2372 magister
1066 2306 1389 2377 Hubaldus,
1428 2308 1796 2367 Gislebertus

139 2385 195 2441 S.
225 2386 417 2456 Marci,
442 2389 729 2445 Jobannes
752 2391 989 2462 Papiro;
1018 2407 1089 2448 ex
1114 2395 1372 2453 moribus
1396 2396 1670 2468 nobilior,
1698 2399 1801 2455 ho-

140 2477 371 2531 nestate
403 2479 461 2530 et
494 2475 850 2535 liberalitate
890 2482 1201 2552 notandus,
1247 2483 1523 2555 specialis
1570 2492 1795 2543 amator

138 2562 650 2634 Theutonicorum,
677 2567 860 2624 Guido
884 2569 1230 2642 Cremensis,
1256 2572 1345 2629 vir
1367 2572 1468 2629 alti
1495 2575 1791 2645 sanguinis

138 2651 427 2723 valdeque
446 2653 686 2711 curialis
707 2660 764 2711 et
785 2656 1067 2715 honestus
1086 2658 1361 2731 dulcique
1378 2661 1649 2733 eloquio;
1672 2663 1794 2720 Odo

142 2739 300 2795 Bone
323 2753 477 2811 case,
500 2744 1005 2804 mansuetissimus
1028 2747 1218 2817 homo,
1241 2761 1312 2804 ex
1330 2750 1604 2807 Romanis
1626 2756 1794 2809 ortus

140 2826 457 2900 nobilibus,
490 2831 758 2889 omnibus
785 2833 1035 2891 affabilis
1057 2840 1113 2891 et
1138 2836 1303 2907 pius;
1336 2838 1625 2896 Jobannes
1657 2856 1795 2911 quo-

141 2931 254 2986 que
294 2917 346 2972 S.
390 2918 581 2976 Maria
629 2935 810 2991 nova,
865 2923 953 2978 vir
1002 2925 1355 2984 dulcissima
1405 2928 1788 2997 affabilitatis,

143 3004 529 3063 sanctimonia
596 3023 937 3081 morumque
997 3014 1379 3071 exornatione
1443 3014 1789 3084 decoratus;

143 3094 459 3165 Gregorius
509 3111 739 3169 quoque
784 3100 837 3154 S.
881 3101 1105 3171 Augeli,
1151 3103 1238 3159 vir
1279 3103 1493 3175 ingenii
1548 3106 1787 3171 vivacis,

142 3188 451 3254 promptus
479 3189 537 3240 et
566 3186 877 3257 expeditus
905 3189 976 3245 ad
1009 3190 1197 3247 omnia
1221 3187 1367 3262 'qua
1406 3192 1702 3251 honestati
1732 3201 1792 3251 et

142 3270 404 3328 ecclesia
428 3273 527 3330 Dei
552 3274 793 3331 utilitati
822 3278 1195 3336 conveniunt.
1228 3280 1375 3347 Quid
1400 3283 1586 3339 dicam
1613 3283 1682 3340 de
1702 3286 1792 3341 Ja-

138 3357 352 3429 cincto,
375 3360 471 3432 qui
491 3375 715 3419 omnem
734 3364 1048 3436 jacinctum
1073 3368 1383 3439 Splendore
1404 3385 1525 3429 sua
1547 3373 1790 3431 virtutis

136 3447 428 3520 vincebat,
466 3450 563 3520 qui
594 3451 809 3523 eloquii
844 3454 934 3511 sui
967 3455 1274 3515 dulcedine
1307 3474 1508 3517 omnes
1540 3461 1597 3516 in
1636 3477 1791 3519 amo-

138 3549 259 3591 rem
299 3536 389 3594 sui
433 3539 725 3612 trahebat,
770 3557 939 3614 quem
982 3545 1185 3603 audire
1229 3551 1405 3617 atque
1434 3549 1656 3621 videre,
1694 3552 1791 3608 ho-

135 3627 421 3681 nestatem
456 3626 685 3686 discere
714 3633 876 3687 erat?
918 3633 1025 3689 Sed
1070 3648 1176 3691 nec
1219 3635 1536 3693 Guidonem
1582 3641 1788 3695 tacebo

136 3711 428 3784 Pisanum,
459 3715 645 3773 virum
671 3719 1191 3789 prudentissimum
1218 3728 1273 3778 et
1303 3725 1665 3797 breviloquio
1694 3743 1790 3783 no-

138 3799 393 3858 tabilem.
427 3804 525 3860 His
554 3807 822 3864 omnibus
851 3809 1329 3884 archiepisc0pus
1356 3827 1457 3884 per
1481 3812 1788 3871 duodecim

134 3888 492 3947 ebdomadas
515 3894 790 3951 continue
810 3895 1060 3967 largitus
1078 3901 1514 3957 estnecessaria
1543 3903 1600 3958 in
1629 3908 1787 3961 tanta

134 3975 551 4050 habundantia,
587 3983 742 4052 quod
769 3984 878 4057 ipsi
910 4000 1138 4057 quoque
1170 3988 1526 4057 fatebantur,
1558 3992 1787 4064 copiam

135 4066 305 4137 pleno
335 4082 519 4126 cornu
551 4071 783 4128 venisse
815 4073 885 4129 ad
920 4075 1098 4146 ipsos.
1135 4075 1283 4142 Quid
1314 4078 1563 4135 referam
1592 4079 1661 4136 de
1687 4096 1785 4138 su-

136 4155 616 4225 pervenientibus
663 4161 1145 4234 archiepiscopis,
1195 4165 1508 4237 episcopis,
1561 4169 1791 4225 abbati-

137 4243 263 4311 bus,
297 4245 822 4320 archidiaconibus,
870 4252 1207 4323 prepositis,
1255 4254 1523 4325 ducibus,
1566 4258 1790 4313 comiti-

133 4330 258 4401 bus,
286 4330 358 4388 ad
381 4332 653 4392 domuum
681 4352 887 4411 papam
911 4341 1202 4397 Treverim
1229 4339 1620 4415 venientibus,
1650 4361 1791 4416 quo-

133 4432 254 4474 rum
279 4434 349 4477 ne
373 4436 547 4479 unum
581 4424 813 4495 quidem
846 4427 1140 4498 largitatis
1169 4429 1408 4500 reliquit
1439 4432 1788 4490 immunem?

1985 1836 2071 1888 24.
2104 1834 2264 1889 Nunc
2294 1833 2364 1888 ad
2392 1834 2499 1890 hoc
2532 1840 2782 1904 transeo,
2814 1833 2969 1902 quod
2993 1832 3262 1890 dominus
3285 1848 3431 1905 papa
3453 1833 3563 1891 Eu-

1912 1921 2120 1990 genius
2137 1935 2166 1977 a
2185 1921 2452 1978 Treveris
2473 1921 2769 1991 recedens,
2793 1920 2989 1978 Remis
3005 1919 3413 1978 celebraturus
3430 1935 3561 1978 con-

1915 2007 2114 2065 cilium
2158 2009 2446 2066 mediante
2489 2009 2931 2080 quadragesima
2967 2010 3234 2081 pervenit
3265 2007 3370 2081 (an
3401 2011 3561 2078 1148,

1910 2095 2094 2153 Mart.
2124 2099 2231 2168 17).
2270 2097 2351 2152 Ad
2385 2098 2535 2168 quod
2562 2096 2871 2154 concilium
2898 2097 3144 2154 domnus
3168 2097 3561 2170 archiepisco-

1913 2200 2021 2256 pus
2052 2185 2266 2242 Albero
2306 2190 2423 2241 tam
2465 2185 2767 2255 magnifice
2799 2186 3085 2257 pervenit,
3120 2187 3273 2257 quod
3305 2187 3558 2243 omnium

1909 2274 2110 2331 oculos
2150 2274 2205 2330 in
2244 2289 2305 2330 se
2354 2279 2410 2329 et
2459 2288 2560 2331 ora
2611 2274 2862 2345 aperuit.
2914 2275 2974 2329 In
3022 2274 3313 2331 camerula
3365 2279 3557 2331 autem

1910 2361 1980 2419 de
2023 2362 2182 2418 corio
2223 2363 2393 2432 facta,
2444 2362 2596 2418 lineo
2638 2375 2827 2433 panno
2877 2363 3230 2420 intrinsecus
3280 2364 3560 2421 decenter

1908 2451 2184 2519 obducta,
2221 2450 2372 2507 inter
2403 2450 2552 2507 duos
2584 2450 2884 2507 ferebatur
2911 2465 3114 2522 equos,
3146 2451 3299 2522 quod
3325 2452 3556 2509 cunctis

1909 2538 2033 2595 visu
2066 2547 2192 2594 erat
2227 2539 2511 2594 mirabile.
2550 2541 2860 2595 Senectute
2899 2540 3049 2596 enim
3077 2553 3192 2609 Jam
3228 2539 3554 2611 laborabat,

1908 2618 2212 2688 longisque
2237 2618 2791 2674 fractus‘deﬁeiebat
2817 2619 3139 2676 laboribus.
3165 2621 3227 2675 In
3251 2620 3356 2676 hoc
3382 2620 3559 2690 igitur

1902 2706 2155 2763 concilio
2181 2707 2339 2778 prior
2362 2707 2418 2763 in
2444 2707 2647 2763 ordine
2678 2708 2908 2763 eunetis
2943 2708 3208 2766 residens
3236 2709 3553 2781 episcopis,

1908 2795 2088 2865 relegi
2112 2795 2181 2851 de
2206 2796 2456 2867 primatu
2490 2782 2792 2852 sedis'sua
2818 2796 3063 2868 plurima
3090 2798 3223 2853 fecit
3253 2797 3557 2869 privilegia

1904 2899 2081 2955 super
2104 2899 2330 2939 omnem
2355 2884 2662 2954 Belgicam,
2693 2884 2929 2940 Galliam
2966 2892 3141 2957 atque
3171 2886 3554 2942 Germaniam.

1904 2973 2127 3040 Quibus
2164 2973 2399 3043 auditis,
2445 2974 2744 3030 Remensis
2786 2973 3262 3045 archiepiscopus
3299 2989 3409 3031 non
3443 2990 3558 3030 me-

1905 3062 2190 3117 diocriter
2220 3062 2491 3119 turbatus
2520 3066 2630 3118 est.
2666 3062 2826 3117 Unde
2857 3067 2915 3118 et
2946 3061 3207 3118 homines
3238 3062 3394 3119 illius
3425 3079 3556 3120 cum

1825 3146 1872 3207 C
1905 3150 2235 3206 hominibus
2256 3150 2376 3206 suis
2398 3150 2788 3206 turbationem
2813 3150 3112 3221 facientes,
3141 3151 3368 3222 aliquos
3384 3166 3455 3207 ex
3473 3152 3558 3209 eis

1905 3239 2380 3295 vulneraverunt.
2430 3239 2592 3305 Quod
2626 3239 2749 3310 ipse
2782 3238 3048 3295 dominus
3081 3240 3559 3312 archiepiscopus

1906 3317 2118 3375 Albero
2139 3318 2306 3374 valde
2329 3319 2519 3375 ferens
2538 3318 2791 3389 indigne,
2814 3319 3167 3388 minabatur,
3191 3319 3555 3393 lvodio(721)

1904 3422 1967 3463 se
1990 3422 2284 3464 sessurum
2306 3411 2364 3463 et
2383 3409 2724 3463 Remensem
2743 3410 3105 3463 vastaturum
3127 3408 3551 3479 episcopatum.

1902 3496 2270 3566 Tandemque
2310 3495 2380 3551 ad
2421 3496 2571 3551 hunc
2613 3496 2781 3551 tinem
2815 3510 2909 3552 res
2938 3500 3027 3551 est
3060 3495 3361 3568 perducta,
3399 3497 3554 3568 quod

1902 3584 2203 3641 Bernensis
2248 3584 2728 3656 archiepiSCOpus
2759 3600 2888 3640 cum
2918 3584 3323 3641 Suessionensi
3355 3584 3424 3640 ad
3459 3585 3556 3641 bo-

1902 3672 2150 3743 Spicium
2187 3671 2451 3744 pervenit
2474 3676 2532 3727 et
2559 3672 2820 3728 homines
2845 3671 2941 3743 qui
2966 3672 3111 3728 hanc
3143 3671 3371 3744 culpam
3401 3688 3555 3729 com-

1904 3762 2180 3816 miserant
2210 3762 2265 3815 in
2291 3760 2417 3829 ejus
2440 3765 2794 3831 potestatem
2817 3760 3001 3817 dedit.

1972 3837 2058 3887 25.
2090 3831 2301 3887 Eodem
2327 3846 2475 3886 anno
2501 3846 2697 3888 mcnse
2722 3831 3085 3903 Septembrio
3106 3847 3236 3888 eum
3262 3832 3555 3903 palatinus

1902 3919 2286 3974 Hcrimannus
2327 3924 2582 3974 castrum
2624 3920 2748 3974 Tris
2782 3919 2931 3989 (722)
2964 3924 3318 3990 occupasset
3348 3924 3403 3975 et
3436 3920 3554 3975 edi-

1904 4007 2051 4064 ﬁciis
2075 4007 2385 4076 ﬁrmasset,
2419 4006 2556 4061 Otto
2581 4021 2777 4062 comes
2797 4006 2869 4062 de
2892 4008 3116 4062 Reneea
3139 4011 3399 4063 castrum
3425 4022 3554 4079 pre-

1903 4097 2120 4152 dictum
2167 4110 2295 4151 cum
2339 4100 2495 4150 terra
2542 4095 2815 4150 attinenti
2850 4094 2981 4150 huic
3014 4094 3459 4166 archiepiscopo
3489 4100 3548 4151 et

1902 4184 2168 4241 ecclesia
2190 4198 2310 4240 sua
2334 4183 2514 4253 dedit,
2554 4188 2609 4238 ut
2647 4183 2770 4254 ipse
2804 4182 2947 4238 illud
2979 4188 3376 4254 recuperaret.
3404 4183 3553 4250 Qua-

1902 4268 2146 4335 propter
2177 4266 2433 4319 castrum
2466 4262 2796 4333 predictum
2829 4260 3079 4318 obsedit.
3123 4260 3423 4319 Palatinus
3450 4277 3547 4319 au-

1904 4359 2016 4408 tem
2057 4350 2327 4407 collectis
2368 4351 2636 4406 omnibus
2674 4349 2899 4407 viribus
2931 4349 3052 4406 suis
3082 4349 3154 4405 ad
3185 4348 3547 4406 liberandum

1899 4444 2156 4497 castrum
2188 4439 2376 4503 venit;
2422 4438 2489 4494 ad
2526 4439 2827 4495 introitum
2860 4437 3043 4508 silva,
3080 4452 3207 4508 qua
3234 4442 3429 4495 castro
3455 4436 3549 4471 ⁴⁰⁹⁷

134 4506 351 4598 Natalis
380 4510 605 4569 Domini
639 4514 1133 4587 sollempnitatcm
1167 4528 1306 4575 tunc
1335 4520 1605 4576 Treveris
1638 4522 1787 4577 cele-
1818 4506 1868 4563 D
1900 4527 2148 4597 adiacet,
2172 4532 2367 4583 castra
2394 4530 2646 4582 metatus
2668 4529 2780 4582 est.
2809 4506 3300 4598 Archiepiscopus
3318 4540 3457 4584 vero
3475 4541 3547 4582 ex

135 4595 357 4651 bratam
383 4600 512 4667 quis
532 4600 609 4656 ita
631 4602 808 4660 dictis
827 4605 1118 4677 explicare
1144 4613 1318 4678 queat
1338 4608 1449 4680 ⁴⁰⁹⁵,
1474 4612 1559 4679 ut,
1579 4613 1666 4680 tu,
1689 4614 1786 4682 qui

134 4696 244 4738 non
274 4684 513 4757 videris,
546 4688 875 4761 intelligere
898 4696 989 4751 vel
1014 4696 1316 4766 imaginari
1349 4699 1577 4770 possis?
1605 4698 1784 4765 Quam

132 4773 302 4858 putas
322 4788 583 4846 pompam
605 4782 997 4848 processionis
1016 4784 1069 4839 in
1094 4785 1185 4840 die
1206 4794 1411 4843 sancto
1432 4788 1636 4858 fuisse,
1655 4803 1783 4845 cum

136 4857 399 4918 dominus
439 4878 582 4935 papa
615 4881 744 4922 eum
777 4882 954 4926 naceo
988 4873 1279 4941 equitans,
1328 4857 1782 4945 procedentibus

132 4947 527 5009 cardinalibus
560 4957 619 5008 et
651 4955 1060 5028 episcoporum
1093 4959 1487 5030 multitudine,
1525 4963 1579 5017 in
1613 4963 1782 5033 cquis

134 5034 263 5091 albo
297 5041 611 5113 eoopertis,
640 5043 711 5099 ad
734 5045 1040 5102 ecclesiam
1070 5048 1256 5107 sancti
1292 5050 1512 5107 Paulini
1548 5066 1781 5122 proces-

1897 4616 2163 4688 opposita
2188 4620 2372 4687 parte,
2400 4616 2523 4671 acie
2550 4615 2834 4673 instructa
2859 4615 3119 4687 equitum
3145 4615 3540 4688 peditumque,

1895 4711 1991 4768 per
2030 4702 2152 4751 tres
2181 4696 2305 4751 dies
2331 4695 2458 4765 ejus
2487 4696 2921 4766 prestolabatur
2949 4696 3281 4753 adventum.
3314 4694 3440 4751 Illic
3461 4695 3541 4750 vi-

1895 4787 2065 4842 deres
2093 4785 2291 4855 galeas
2320 4784 2597 4854 nitentes,
2630 4784 2844 4840 loricas
2866 4784 3177 4856 splendore
3198 4783 3349 4839 diem
3373 4798 3543 4855 supe-

1895 4878 2112 4944 rantes,
2139 4872 2361 4944 clipeos
2383 4872 2668 4928 coruscho
2690 4872 2814 4928 sole
2835 4871 3290 4943 circumpositos
3311 4875 3541 4927 montes

1891 4962 2279 5020 illustrantes.
2308 4963 2352 5017 Ο
2373 4976 2541 5033 quam
2565 4961 2888 5031 intrepidos
2907 4960 3106 5017 vultus
3126 4961 3382 5016 virorum
3401 4975 3535 5017 con-

1888 5050 2176 5121 spiceres!
2213 5052 2391 5116 Quam
2426 5048 2804 5119 impacieuter
2835 5061 3051 5104 moram
3081 5047 3268 5105 hostis
3301 5046 3532 5104 tardan-

1494 5174 1735 5228 VARI/E
1782 5173 2176 5229 LECTIONES.

207 5278 293 5311 “’9‘
328 5279 385 5333 Ε.
419 5296 465 5339 c.
546 5282 637 5316 ⁴⁰⁰⁸
671 5290 807 5354 quat
839 5300 886 5342 ο.
967 5284 1058 5318 ⁴⁰⁹⁰
1090 5285 1341 5343 adventu
1373 5300 1420 5343 ο.
1498 5287 1592 5321 ⁴⁰⁹⁷
1620 5295 1816 5345 eostro
1846 5302 1892 5345 ο.

1726 5403 1946 5460 NOTAE.

209 5541 356 5613 (720)
391 5541 742 5614 Quibuscum
794 5542 868 5598 cf.
919 5543 1387 5614 subscriptiones
1438 5545 1490 5601 in
1541 5546 1780 5613 Eugenii

143 5612 382 5683 chartis,
416 5627 506 5687 ap.
544 5612 800 5669 Giinther
831 5614 872 5681 l,
908 5628 960 5684 p.
997 5617 1117 5679 3l1,
1153 5612 1264 5670 etc.

1965 5546 2113 5617 (721)
2146 5543 2317 5617 lvois.

1966 5614 2113 5687 (722)
2146 5614 2321 5670 Treis.
