3960 6044
400 218 547 287 1331

982 224 1252 294 GESTA
1280 230 1635 297 TREVER.
1666 267 1744 282 --
1773 230 2125 298 APPEND.
2156 231 2425 300 GESTA
2454 232 2925 302 ALBERONIS
2953 234 3196 306 ARCH.

3662 235 3818 305 i882

396 383 939 453 tisferebanttQuze
954 386 1218 459 preludia
1233 386 1478 448 militum
1497 404 1772 448 cerneres
1794 406 2040 464 pugnam
2070 368 2126 429 Α
2154 395 2269 455 cite
2298 396 2672 469 peccatorum
2708 396 3038 457 vestrorum
3076 394 3542 473 confessionem;
3578 398 3648 457 et
3684 413 3813 473 ego,

395 474 793 532 simulantium
829 478 882 532 in
916 478 1124 534 armis!
1170 478 1348 546 Quam
1393 481 1555 538 brevi
1594 481 1794 553 spacio
1831 496 2042 554 equum

396 564 649 622 ferocem
671 566 1032 624 circumferri
1056 567 1313 625 videres!
1341 569 1553 637 Quales
1579 570 1826 627 militum
1849 572 2045 629 obvia-

397 652 588 710 tiones
619 655 674 710 in
706 656 889 726 equis,
928 655 1082 727 quali
1126 658 1323 714 hastas
1366 660 1594 729 fragore
1632 660 1881 716 discindi
1916 676 2045 732 per-

396 743 685 815 Spiceres!
714 744 927 811 Quales
950 746 1184 802 audires
1205 746 1491 805 clamores
1516 738 1719 806 ho'rum
1743 749 2047 821 insequen-

397 832 560 904 tium,
597 832 825 890 illorum
863 842 1023 905 terga
1056 838 1441 894 vertentium!
1488 838 1608 905 Qua
1649 844 1775 895 arte
1815 839 2047 896 simula-

397 925 513 978 tam
545 925 884 980 attenderes
916 924 1127 995 fugam,
1161 941 1328 996 quam
1363 928 1589 984 subitas
1624 928 1794 984 modo
1826 929 2047 997 fugien-

394 1010 540 1067 tium
562 1012 924 1082 reﬂexiones,
942 1014 1288 1086 etprecipiti
1307 1030 1483 1072 cursu
1506 1030 1734 1073 versam
1756 1016 2044 1073 fortunam

397 1115 595 1157 eorum
621 1104 715 1171 qui
736 1101 852 1170 jam
876 1103 1273 1173 sequebantur
1297 1109 1460 1173 terga
1486 1104 1935 1177 impellentium!
1962 1106 2044 1161 Ibi

399 1194 636 1247 notares
654 1189 868 1246 milites
887 1191 1055 1247 modo
1073 1191 1489 1258 condensatos,
1507 1193 1677 1249 modo
1698 1193 1894 1250 subito
1916 1208 2046 1251 sese

401 1288 650 1359 aperire,
667 1288 1177 1361 incursantemquc
1198 1290 1426 1347 hostem
1446 1291 1745 1361 ingeniose
1769 1293 1933 1363 quasi
1957 1307 2072 1359 cer

400 1375 591 1434 dendo
613 1379 668 1434 in
691 1378 879 1435 sinum
911 1380 1196 1451 recipere,
1232 1380 1581 1452 reﬂexisque
1610 1382 1887 1439 cornibus
1917 1396 2046 1438 eum

399 1465 782 1533 concludere;
827 1467 983 1524 mille
1025 1469 1105 1524 ibi
1144 1473 1321 1539 artes,
1364 1469 1521 1526 mille
1564 1470 1801 1527 fallendi
1845 1470 2047 1526 modos

399 1553 624 1612 discere
657 1556 922 1613 dabatur.
969 1546 1205 1614 Interim
1240 1557 1668 1631 archiepiscopi
1710 1559 2049 1631 explorator

400 1645 603 1717 copias
628 1646 867 1716 palatini
892 1651 1299 1717 perscrutatus
1323 1648 1577 1719 advenit,
1614 1649 1708 1720 qui
1744 1648 1903 1706 illum
1932 1648 2047 1717 jam

2148 487 2437 559 potestate
2455 500 2494 545 a
2522 488 2632 543 Deo
2652 485 2818 545 nobis
2841 488 3092 559 tradita,
3109 489 3353 560 faciam
3374 487 3545 547 vobis
3562 504 3680 561 per
3704 490 3814 560 οβ-

2153 576 2310 634 cium
2322 577 2587 634 nostrum
2600 576 3039 648 indulgentiam
3052 578 3526 638 etremissionem
3547 579 3816 636 omnium

2153 664 2500 723 delictorum
2524 666 2868 737 vestrorum,
2892 667 2978 735 ut,
3003 669 3059 725 si
3084 670 3222 740 quis
3242 667 3416 725 hodie
3435 682 3513 725 eo:
3536 668 3660 727 hac
3685 670 3814 725 teu-

2140 756 2348 827 porali
2378 755 2438 811 et
2462 756 2692 813 incerta
2718 756 2848 813 cita
2875 757 3171 827 evocatur,
3207 758 3483 815 transeat
3502 757 3594 814 ad
3615 758 3810 815 melio-

2151 857 2278 901 rem
2304 845 2511 914 vitam,
2545 844 2775 902 scilicet
2799 846 3095 902 aeternam.
3126 846 3279 902 Tunc
3312 862 3442 903 cum
3473 848 3807 919 accepisset

2156 933 2410 989 omnium
2427 947 2785 989 communem
2804 935 3251 1005 confessionem,
3271 933 3644 1006 indulgentia
3668 936 3809 992 facta

2155 1026 2215 1077 et
2233 1020 2620 1091 absolutione,
2646 1022 3113 1079 benedictionem
3133 1038 3308 1095 super
3330 1038 3434 1079 eos
3458 1024 3717 1093 faciens,
3743 1026 3809 1079 ita

2156 1125 2358 1167 omnes
2378 1110 2675 1181 animavit,
2696 1112 2849 1182 quod
2873 1099 3059 1168 nec‘in
3083 1128 3195 1169 uno
3220 1113 3446 1183 signum
3471 1114 3814 1169 timiditatis

2157 1199 2446 1271 apparuit.
2473 1200 2601 1271 ipse
2626 1215 2763 1257 vero
2786 1201 3264 1273 archiepiscopus
3294 1202 3583 1258 vexillum
3615 1203 3812 1259 comiti

2152 1289 2501 1359 Namucensi
2526 1290 2835 1359 commisit,
2862 1304 3093 1347 crucem
3118 1294 3309 1347 autem
3337 1292 3606 1363 propriis
3626 1296 3814 1362 gesta-

2161 1377 2258 1433 bat
2280 1377 2565 1434 manibus.
2590 1379 2722 1434 Haec
2741 1392 2871 1435 cum
2892 1378 2967 1434 ita
2990 1394 3051 1436 se
3070 1378 3371 1449 haberent,
3396 1379 3813 1451 palatinusque

2163 1480 2265 1538 per
2293 1465 2702 1538 exploratores
2731 1467 3014 1524 rescisset
3038 1482 3101 1524 se
3123 1483 3235 1524 non
3260 1468 3529 1525 sufﬁcere
3559 1468 3643 1524 ad
3672 1483 3816 1525 com-

2164 1553 2503 1611 mittendam
2538 1570 2783 1627 pugnam
2811 1561 3014 1613 contra
3035 1556 3190 1613 acies
3214 1557 3292 1612 ita
3315 1557 3633 1626 animatas,
3666 1557 3814 1613 misit

2164 1642 2391 1714 legatos
2413 1643 2481 1700 ad
2504 1645 3029 1717 archiepiscopum,
3050 1648 3110 1702 et
3129 1644 3306 1701 verba
3328 1647 3649 1717 precantia
3675 1660 3817 1701 mau-

405 1734 813 1791 adventantem
851 1739 909 1791 et
959 1736 1029 1791 ad
1073 1752 1321 1807 pugnam
1376 1742 1639 1809 paratum
1692 1737 2046 1810 prenuntiat.
2079 1720 2135 1783 B
2166 1732 2297 1801 dat;
2326 1737 2384 1789 et
2414 1737 2474 1789 ut
2503 1733 2622 1789 cito
2656 1732 2723 1789 ad
2754 1732 2921 1790 finem
2950 1735 3196 1804 veniam,
3225 1733 3334 1790 hoc
3367 1734 3742 1806 impetravit,
3767 1740 3817 1789 ut

407 1822 563 1877 Tunc
592 1820 826 1878 videres
851 1836 1062 1879 senem
1095 1823 1279 1893 illum,
1306 1824 1422 1893 jam
1457 1829 1581 1882 toto
1614 1824 1901 1882 defectum
1928 1839 2053 1882 cor-

412 1924 573 1979 pore,
605 1911 761 1968 acies
792 1912 1051 1983 peditum
1083 1913 1377 1983 ordinare,
1411 1914 1641 1983 equites
1665 1914 1902 1971 militari
1926 1919 2052 1970 arte

408 1995 737 2068 disponere,
755 2004 924 2057 notos
941 2014 1012 2057 ex
1032 2001 1259 2058 nomine
1279 2002 1620 2072 singillatim
1642 2001 1959 2073 appellare,
1982 2002 2053 2058 de

405 2084 623 2155 ignotis
650 2087 746 2158 qui
778 2090 896 2145 sint
924 2090 1007 2145 ita
1037 2090 1425 2161 interrogare,
1458 2095 1518 2147 ut
1549 2106 1618 2147 ex
1652 2091 1776 2162 ipsa
1807 2090 2056 2146 interro-

401 2174 635 2243 gatione
677 2189 790 2231 non
831 2175 1193 2233 solummodo
1232 2178 1525 2244 noticiam,
1561 2178 1734 2234 immo
1764 2177 1941 2235 etiam
1974 2176 2055 2232 fa-

404 2262 799 2320 miliaritatem
834 2265 978 2320 tanti
1013 2265 1298 2337 principis
1330 2266 1441 2322 sibi
1477 2264 1870 2336 adquisivisse
1900 2264 2057 2320 vide-

405 2356 629 2407 rentur.
663 2354 816 2409 Tunc
854 2353 1315 2411 exhortatoriam
1344 2354 1438 2389 ⁴⁰⁹⁸
1468 2355 1813 2424 orationem,
1850 2359 2055 2410 tenens

405 2454 647 2515 crucem
671 2442 1229 2514 archiepiscopalem
1263 2444 1318 2499 in
1354 2444 1640 2511 manibus,
1675 2443 1833 2514 cepit
1865 2440 1936 2497 ad
1969 2456 2059 2496 ar-

408 2533 592 2584 matas
638 2531 795 2587 acies
843 2530 943 2587 tali
994 2531 1163 2588 modo
1211 2532 1403 2588 facere
1438 2552 1449 2586 :
1487 2534 1531 2589 0
1558 2547 1659 2590 eos
1690 2533 1873 2589 amici
1905 2529 2062 2587 beati

404 2616 610 2676 Petri!
634 2620 679 2675 0
696 2621 916 2677 sancte
937 2619 1273 2693 defensores
1296 2621 1582 2678 ecclesia!
1614 2623 1726 2693 qui
1757 2620 1930 2677 hodie
1955 2632 2062 2689 pro

401 2705 522 2761 Deo
543 2707 725 2777 atque
730 2722 845 2778 pro
856 2708 1117 2779 justicia
1141 2709 1426 2766 mortalia
1456 2723 1704 2781 corpora
1734 2709 1935 2765 uestra
1966 2707 2065 2763 ho-

401 2792 535 2851 stili
546 2794 756 2865 gladio
773 2797 1153 2867 opposuistis,
1169 2812 1328 2855 nunc
1339 2797 1722 2855 oeniatcobis
1736 2795 2064 2853 inmentem

407 2880 604 2941 beatus
616 2885 851 2954 Petrus,
867 2887 1038 2957 cujus
1050 2886 1277 2962 milites
1289 2886 1463 2944 hodie
1475 2887 1779 2956 eaistitis;
1800 2884 2064 2942 credatis

409 2985 536 3029 eum
549 2987 679 3031 cum
688 2986 910 3045 magna
923 2976 1262 3032 sanctorum
1274 2976 1515 3033 caterva
1534 2972 1944 3033 inuisibilibus
1958 2973 2064 3029 cli-

2166 1821 2251 1879 sui
2273 1821 2368 1893 qui
2388 1825 2553 1879 erant
2574 1822 2628 1877 in
2648 1827 2843 1879 castro
2863 1823 3012 1881 illesi
3033 1824 3283 1893 abirent,
3306 1827 3364 1878 et
3389 1822 3462 1879 de
3486 1828 3704 1880 castro
3726 1839 3819 1880 suo

2167 1909 2644 1982 archiepiscopus
2667 1925 2828 1967 suam
2852 1911 3113 1983 expleret
3146 1910 3528 1968 voluntatem.

2235 2002 2321 2055 26.
2376 1999 2537 2055 Nunc
2583 1999 2653 2055 de
2703 1999 2961 2056 moribus
3006 2000 3133 2069 ejus
3180 2004 3240 2056 et
3286 2000 3821 2056 consuetudinibus

2168 2102 2349 2159 pauca
2374 2102 2610 2143 narrare
2635 2087 2805 2144 michi
2831 2088 3004 2156 libet;
3036 2087 3255 2145 alienos
3285 2089 3435 2144 enim
3461 2089 3522 2144 in
3545 2089 3819 2144 omnibus

2165 2176 2438 2246 gerendis
2457 2180 2513 2232 et
2535 2176 2702 2233 valde
2717 2177 3032 2233 inusitatos
3052 2192 3244 2234 mores
3263 2177 3540 2233 habebat.
3560 2178 3820 2249 Corpore

2168 2264 2372 2322 tardus
2401 2269 2460 2321 et
2492 2279 2669 2336 opere
2693 2271 2752 2322 et
2776 2280 3045 2322 sermone
3066 2272 3212 2322 erat.
3249 2265 3448 2321 Omnia
3484 2265 3823 2323 diutissime

2170 2355 2546 2425 pertrahebat
2563 2372 2577 2421 ;
2596 2369 2885 2425 nunquam
2905 2354 2995 2411 vel
3017 2354 3323 2411 admodum
3346 2368 3481 2409 raro
3502 2368 3823 2426 properau-

2171 2442 2245 2499 do
2261 2442 2475 2514 aliquid
2494 2443 2722 2513 agebat,
2740 2443 2840 2499 sed
2860 2444 3127 2500 omnibus
3146 2446 3362 2499 tantam
3384 2456 3618 2498 moram
3641 2442 3826 2498 innec-

2174 2532 2352 2601 tcbat,
2380 2532 2529 2603 quod
2561 2532 2755 2603 gravis
2781 2532 2949 2589 valde
2979 2538 3037 2588 et
3068 2547 3332 2589 morosus
3360 2532 3649 2589 omnibus
3680 2531 3827 2588 vide-

2176 2621 2346 2677 batur
2369 2625 2426 2677 et
2448 2621 2668 2678 tedium
2692 2626 2808 2679 tam
2836 2621 2958 2678 suis
2983 2636 3153 2692 quam
3179 2620 3382 2677 alienis
3411 2620 3748 2685 inferebat;
3776 2624 3826 2675 et

2175 2725 2303 2767 cum
2348 2726 2453 2782 pro
2495 2711 2667 2767 nimia
2701 2725 2803 2767 sua
2835 2710 3162 2767 tardatione
3195 2725 3289 2766 res
3320 2708 3615 2779 quelibct,
3666 2724 3829 2780 quam

2176 2798 2519 2870 incepturus
2542 2806 2688 2869 erat,
2722 2799 3029 2871 desperata
3054 2803 3232 2870 esset,
3264 2802 3456 2853 tamen
3481 2803 3706 2868 optato
3732 2798 3829 2853 line

2175 2887 2620 2944 terminabatur.
2656 2888 2769 2945 Nec
2793 2888 2847 2943 in
2872 2886 3243 2956 ambulando,
3268 2900 3372 2942 nec
3400 2886 3454 2940 in
3477 2886 3830 2957 equitando,

2177 2990 2283 3033 nec
2315 2975 2371 3032 in
2404 2976 2764 3046 dormienda,
2806 2990 2911 3033 nec
2943 2976 2998 3032 in
3031 2974 3324 3047 vigilando
3362 2974 3623 3030 aliorum
3657 2974 3833 3031 homi-

401 3060 531 3132 peis
544 3061 1529 3136 hodieoosprotegere;certiestotc
1542 3064 1897 3123 devictoria.
1926 3063 2066 3119 Res—
2099 3085 2146 3147 ρ
2177 3080 2311 3122 num
2334 3071 2611 3123 consueta
2638 3066 2892 3122 tenebat.
2926 3067 2987 3122 in
3010 3064 3357 3122 ambulando
3380 3064 3452 3120 ad
3476 3078 3703 3121 manus
3728 3071 3831 3120 tra-

396 3151 951 3224 picitehocsignum
972 3154 1187 3225 crucis,
1205 3155 1330 3224 hoc,
1346 3156 1615 3226 inquam,
1631 3154 1873 3226 signum
1896 3151 2069 3209 terri.

408 3239 527 3297 bile
542 3241 914 3300 adversariis
928 3243 1005 3299 le
1015 3257 1116 3300 esu
1140 3242 1393 3300 Christi.
1424 3245 1547 3301 Hec
1563 3244 1654 3300 est
1668 3257 1839 3313 crux,
1857 3244 1924 3298 in
1945 3253 2068 3311 qua

407 3330 819 3388 Herimannus
831 3346 1016 3389 comes
1030 3332 1255 3403 palatii
1272 3332 1467 3402 mihij
1474 3332 1854 3403 uraritﬁdeli
1862 3331 2063 3397 tatem,

409 3420 506 3476 die
518 3419 633 3476 illa
648 3434 768 3493 qua
783 3422 1007 3477 adroca
1016 3422 1135 3476 tum
1148 3420 1405 3478 ecclesia
1419 3422 1633 3478 nostra
1648 3422 1836 3490 ipsum
1854 3417 2067 3477 consti-

410 3509 521 3578 tui,
539 3510 635 3566 die
655 3523 776 3580 qua
794 3509 940 3566 illas
955 3510 1110 3565 oires
1126 3509 1422 3579 illamque
1435 3509 1756 3579 potentiam
1774 3510 1827 3565 ei
1841 3507 2066 3565 contuli

403 3611 510 3668 per
531 3611 712 3669 quam
730 3598 897 3653 modo
918 3611 1009 3654 me
1028 3597 1301 3668 infestat.
1344 3598 1503 3655 Tunc
1526 3598 1773 3668 prediri
1796 3599 1849 3653 ci
1871 3598 1935 3655 in
1955 3598 2068 3654 hac

408 3698 577 3742 cruce
599 3699 721 3742 esse
738 3686 810 3741 de
829 3687 990 3757 ligno
1012 3686 1273 3753 Domini,
1294 3685 1359 3741 in
1375 3700 1489 3757 quo
1508 3686 1633 3757 ille,
1654 3688 1827 3758 cujus
1848 3684 1952 3743 hec
1972 3699 2067 3743 sa-

409 3774 719 3831 crosancta
736 3773 1002 3847 refulget
1015 3774 1231 3846 imago,
1259 3774 1329 3831 de
1358 3775 1522 3832 hoste
1551 3774 1800 3832 humani
1825 3777 2065 3845 generis

410 3862 829 3934 triumphavit,
861 3862 1301 3934 multorumque
1327 3864 1667 3921 sanctorum
1698 3864 2066 3921 venerabiles

405 3950 707 4024 reliquias
727 3952 795 4009 in
814 3952 928 4010 hac
949 3966 1118 4010 cruce
1138 3953 1404 4011 indicari
1432 3954 1742 4010 contineri.
1775 3954 1911 4024 Ipse
1931 3966 2066 4010 vero

404 4039 720 4111 palatinas
739 4041 940 4100 tenens
956 4056 1097 4099 man
1110 4057 1200 4098 um
1209 4056 1386 4113 super
1400 4042 1555 4100 hanc
1565 4044 1835 4099 sanctam
1855 4042 2068 4113 imagi-

405 4142 539 4186 nem
549 4130 587 4201 j
594 4131 805 4188 aratas
825 4130 1117 4189 estmichi
1139 4130 1206 4187 in
1228 4130 1350 4188 haec
1370 4131 1551 4188 verba
1577 4151 1588 4185 :
1617 4151 1645 4182 α
1669 4132 1845 4189 Hunc
1869 4131 2070 4188 Domi-

407 4231 569 4289 num,
586 4218 743 4277 hunc
744 4234 857 4290 pro
870 4218 1037 4277 nobis
1051 4220 1427 4290 cruci/tuum,
1448 4219 1712 4290 dooobis,
1733 4221 1961 4277 domine
1973 4233 2072 4276 ar-

407 4308 791 4380 chiepiscope,
808 4309 1249 4381 ﬁdejussorem,
1268 4308 1324 4364 et
1334 4311 1480 4378 juro
1502 4307 1787 4379 oobisper
1806 4310 1935 4380 ejus
1950 4309 2069 4365 cir-

410 4398 613 4461 tutem,
628 4396 786 4467 quod
802 4410 1108 4467 nunquam
1129 4396 1375 4467 aliquid
1396 4398 1598 4453 cvoitra
1619 4410 1716 4454 vos
1722 4397 1985 4468 faciam,
2013 4395 2075 4453 et

408 4485 566 4557 quod
584 4486 651 4541 in
671 4482 941 4542 omnibus
962 4485 1177 4542 vestris
1196 4482 1650 4541 necessitatibus
1671 4484 1899 4543 cunctis
1919 4485 2068 4541 ciri-

411 4574 517 4632 bus
533 4571 680 4630 meis
696 4574 972 4643 omnique
987 4574 1257 4644 potentia
1270 4586 1401 4629 mea
1417 4572 1581 4629 vobis
1591 4573 1864 4645 ﬁdeliter
1887 4573 2069 4632 assis-

411 4675 551 4730 tam.
569 4690 597 4725 »
613 4672 788 4731 Nunc
806 4684 943 4743 ergo
960 4672 1173 4729 sciatis
1194 4684 1390 4728 omnes
1408 4670 1568 4741 quod
1588 4670 1744 4729 hunc
1750 4673 2072 4745 ﬂdejusso-

405 4774 551 4831 rem,
588 4757 898 4818 Christum
920 4758 1147 4817 scilicet
1168 4759 1488 4827 dominum,
1512 4759 1579 4815 in
1609 4759 1724 4817 hac
1751 4773 1865 4816 sua
1892 4773 2071 4818 sacra

409 4849 675 4923 imagine
691 4847 937 4922 portabo
958 4848 1097 4906 ante
1117 4847 1313 4917 illum,
1337 4846 1612 4919 ingeram
1633 4862 1765 4905 eum
1789 4849 1975 4905 oculis
1998 4849 2072 4906 il-

415 4947 555 5018 lius,
588 4946 746 5003 hunc
773 4947 872 5004 sui
886 4944 1228 5016 juramenti
1257 4943 1461 5001 testem
1490 4943 1592 5002 illi
1624 4943 2058 5002 demonstrabo.

411 5035 538 5095 Sed
556 5048 730 5105 nunc,
756 5033 1012 5105 oﬁdeles
1031 5033 1221 5091 Jhesu
1244 5032 1496 5103 Christi,
1522 5032 1630 5103 qui
1650 5032 1837 5089 vitam
1859 5034 1915 5090 et
1931 5048 2070 5092 san-

408 5126 656 5198 guinem
664 5123 927 5181 oestrum
937 5137 1041 5195 pro
1060 5122 1401 5195 defensione
1420 5121 1677 5180 ecclesia
1686 5135 1807 5179 sua
1818 5121 2065 5194 ofertis,

405 5214 732 5286 preparate
750 5212 933 5271 corda
951 5213 1151 5270 castra
1175 5212 1445 5282 Domino,
1474 5210 1757 5268 mandate
1776 5214 2069 5269 conscien-

419 5301 541 5358 tias
556 5304 805 5371 oestras,
827 5300 886 5358 et
902 5302 1053 5372 quia
1071 5314 1188 5357 non
1205 5300 1388 5358 cacat
1404 5300 1473 5357 ut
1490 5299 1858 5369 singillatim
1865 5300 2070 5373 facia-

420 5388 499 5447 tis
520 5389 935 5463 confessiones,
955 5388 1293 5463 generalem
1311 5387 1497 5447 michi
1504 5388 1746 5460 pastori
1763 5388 1954 5445 oestro
1960 5389 2069 5460 fa-

2097 4441 2150 4502 D

2177 3153 2452 3221 hebatur;
2504 3154 2778 3212 sciaticus
2823 3154 2975 3210 enim
3024 3157 3182 3219 erat;
3214 3159 3272 3208 et
3303 3157 3554 3224 prOpter
3586 3152 3831 3209 eandem

2177 3242 2571 3299 infirmitatem
2601 3249 2837 3315 strepas
2870 3244 2926 3298 in
2959 3256 3100 3300 arcu
3133 3241 3311 3305 sellas,
3342 3255 3473 3297 cum
3503 3241 3831 3311 equitaret,

2177 3331 2496 3403 pendentes
2520 3332 2793 3402 habebat,
2825 3336 2885 3388 et
2910 3330 3160 3402 jambam
3189 3329 3483 3386 sinistram
3512 3344 3706 3401 super
3728 3329 3836 3387 col.

2178 3420 2292 3476 lum
2325 3420 2458 3491 equi
2493 3422 2749 3490 tenebat,
2780 3420 2935 3491 quod
2963 3434 3093 3477 cum
3126 3418 3306 3475 morbi
3337 3418 3661 3475 coactione
3694 3419 3836 3474 face-

2177 3512 2289 3575 ret,
2312 3511 2384 3565 ab
2408 3508 2539 3565 aliis
2564 3524 2668 3580 pro
2694 3510 2937 3565 raritate
2972 3509 3162 3564 facere
3191 3507 3526 3563 videbatur.
3560 3507 3764 3564 Noctu
3786 3506 3835 3561 iu

2176 3595 2434 3653 consiliis
2460 3596 2581 3652 sive
2606 3596 2661 3651 in
2685 3595 3102 3652 collationibus
3124 3609 3254 3652 esse
3280 3592 3506 3650 solebat
3544 3607 3748 3664 usque
3770 3593 3835 3649 ad

2176 3681 2554 3741 conticinium
2575 3686 2693 3741 sive
2712 3684 2782 3741 ad
2802 3684 2939 3755 galli
2960 3690 3213 3753 cantum,
3234 3698 3371 3755 sepe
3388 3696 3629 3753 quoque
3650 3696 3834 3754 usque

2176 3772 2231 3829 in
2282 3772 2623 3844 diluculum,
2678 3773 3124 3844 dormiebatque
3174 3771 3477 3844 sepissime
3528 3785 3730 3841 usque
3769 3770 3831 3825 ad

2177 3861 2321 3919 duas
2346 3860 2458 3919 diei
2483 3863 2674 3919 horas.
2711 3862 2791 3917 Ad
2824 3877 3075 3919 mensam
3102 3865 3232 3934 post
3257 3862 3457 3917 horam
3480 3866 3830 3917 consuetam

2160 3951 2343 4009 tarde
2380 3938 2713 4022 accedebat,
2748 3957 2804 4008 et
2840 3951 2940 4008 diu
2971 3950 3139 4007 valde
3182 3950 3238 4006 in
3276 3964 3343 4006 ea
3385 3948 3827 4015 demorabatur,

2179 4038 2532 4111 disputando
2556 4045 2615 4097 et
2638 4040 2988 4097 conferendo
3010 4038 3178 4096 valde
3201 4037 3482 4110 bylariter
3504 4052 3643 4095 cum
3668 4037 3834 4095 cleri-

2178 4129 2264 4186 cis
2295 4129 2417 4185 suis
2450 4128 2520 4185 de
2552 4129 2738 4187 sacris
2776 4129 3088 4201 scripturis
3126 4133 3186 4184 et
3216 4131 3557 4184 sanctorum
3601 4130 3830 4198 patrum

2181 4217 2510 4274 sententiis.
2565 4218 2821 4287 Magnam
2862 4218 3012 4274 enim
3052 4215 3483 4274 multitudinem
3521 4214 3831 4285 religioso-

2181 4321 2307 4361 rum
2328 4308 2383 4362 et
2404 4306 2801 4363 litteratorum
2824 4319 3020 4363 secum
3042 4306 3257 4361 habere
3282 4302 3531 4360 solebat.
3560 4305 3623 4358 In
3647 4303 3828 4361 sacris

2183 4395 2475 4466 mysteriis
2523 4394 2725 4452 altaris
2776 4393 2906 4466 plus
2953 4409 3121 4464 quam
3173 4394 3342 4450 homo
3385 4392 3729 4461 videbatur,
3762 4390 3827 4446 ad

2183 4498 2311 4555 quin
2356 4496 2647 4554 nunquam
2697 4483 2821 4539 sine
2871 4482 3129 4539 lacrimis
3174 4486 3234 4539 et
3282 4481 3525 4537 maxima
3573 4494 3831 4552 conpun-

2181 4572 2376 4628 ctione
2413 4570 2748 4628 accedebat.
2789 4570 3232 4628 Pontificalibus
3273 4570 3425 4626 enim
3468 4568 3833 4626 ornamentis

2184 4661 2445 4731 indutus,
2479 4660 2721 4731 angelus
2751 4658 2974 4715 Domini
3005 4659 3347 4726 videbatur;
3380 4658 3646 4728 angelico
3678 4658 3831 4714 enim

2180 4749 2343 4806 vultu
2370 4749 2690 4819 relucebat,
2721 4751 2778 4805 et
2806 4752 2970 4805 tanta
2994 4748 3301 4805 devotione
3322 4745 3568 4804 celestia
3589 4744 3697 4803 illa
3722 4749 3836 4799 tra-

2180 4839 2379 4894 ctabat
2395 4842 2777 4909 sacramenta,
2804 4838 2958 4908 quod
2977 4852 3106 4894 cum
3129 4837 3184 4893 in
3205 4835 3454 4894 secretis
3472 4839 3831 4902 moraretur,

2180 4927 2672 5000 contemplatione
2694 4932 2755 4984 et
2776 4927 3037 4984 oratione
3060 4926 3243 4984 cmlos
3268 4929 3578 4998 penetrare
3601 4924 3835 4981 videre-

2178 5023 2296 5074 tur.
2333 5017 2469 5074 Cum
2492 5031 2817 5074 sermonem
2842 5016 2913 5073 ad
2941 5015 3215 5089 populum
3246 5015 3485 5083 faceret,
3519 5017 3669 5070 tunc
3701 5013 3833 5087 quia

2180 5104 2385 5162 tardus
2407 5105 2611 5161 eratin
2638 5120 2924 5175 sermone,
2944 5109 3086 5161 tunc
3108 5103 3239 5176 quia
3265 5102 3481 5159 Gallica
3505 5099 3720 5172 lingua
3745 5116 3834 5159 na-

2178 5197 2275 5250 tus
2308 5193 2363 5249 in
2394 5193 2741 5250 Tenthonica
2790 5207 2900 5249 non
2950 5198 3078 5249 erat
3122 5191 3451 5264 expeditus,
3505 5194 3651 5247 tunc
3702 5191 3831 5264 quia

2180 5282 2351 5337 nimis
2381 5282 2663 5354 profunda
2698 5283 3011 5351 tractabat,
3043 5280 3341 5352 explicare
3370 5280 3465 5335 vix
3495 5284 3745 5352 poterat
3774 5294 3829 5336 ea

2181 5385 2310 5441 quae
2348 5374 2606 5442 ceperat.
2642 5373 2704 5427 In
2737 5369 3066 5443 proverbiis
3095 5376 3151 5427 et
3185 5367 3682 5426 similitudinibus
3718 5369 3828 5426 fere

1780 5485 2018 5542 νΑΒιίΕ
2059 5486 2455 5544 LECTIONES.

489 5574 580 5613 ⁸⁰⁹⁸
611 5575 1003 5633 exhortariam
1038 5594 1082 5630 c.
