3948 6070
102 209 278 280 1838
713 213 980 280 GESTA
1009 211 1358 279 TREVES.
1393 247 1469 264 —
1497 210 1852 279 APPEND.
1884 211 2150 281 GESTA
2176 214 2643 284 ALBERONIS
2673 217 2918 287 ARCH.
3367 217 3521 298 1384

62 413 64 424 ,
100 381 249 427 omn
279 381 312 427 ε
338 367 576 429 dicebat
610 383 897 442 macrum
925 384 1101 444 supra
1143 383 1342 430 omnes
1396 367 1493 442 qui
1552 367 1608 426 in
1669 383 1769 428 no.
1794 350 1852 408 Α
1879 351 2370 428 staturierant,se
2400 356 2528 429 ipse
2545 357 2914 416 suoconsilio
2939 372 3051 416 non
3080 356 3517 434 intervenisset,
3623 427 3630 432 _

1877 444 1998 500 Hoc
2029 445 2180 501 enim
2213 445 2268 501 in
2301 449 2730 506 consuetudine
2755 449 3026 519 habebat,
3046 449 3386 521 frequenter
3404 450 3523 508 suf-

1879 532 2184 602 fraganeos
2208 549 2350 592 suos
2378 542 2434 592 et
2471 537 2767 609 principes
2799 553 2865 594 ac
2884 537 3113 594 nobiles
3130 538 3200 594 de
3220 538 3518 609 provincia

1877 633 1980 677 sua
2011 636 2390 694 congregare,
2425 630 2484 681 et
2517 626 2808 698 stipendia
2841 625 3084 696 largiter
3124 626 3242 683 illis
3265 627 3522 684 ammini-

1877 714 2155 779 strare,et
2189 727 2292 784 pro
2321 718 2480 770 statu
2511 715 2780 772 ecclesias
2810 720 2867 770 et
2895 730 3036 786 pace
3066 716 3270 786 patriae
3288 731 3416 772 cum
3438 715 3519 788 ip-

1877 798 1957 855 sis
1987 803 2265 858 tractare.
2303 805 2371 858 Et
2398 803 2552 874 quod
2585 818 2734 861 nunc
2769 805 2964 862 dicere
2995 819 3288 877 ceperam,
3315 806 3516 862 statim

1875 891 2009 958 post
2041 889 2409 960 cpiphaniam
2443 892 2622 949 febris
2644 896 2830 948 acuta:
2877 893 3022 950 diris
3079 893 3391 950 ardoribus
3429 909 3522 951 ac-

59 501 68 540 ,
100 463 305 517 stram
343 464 632 518 venerunt
667 461 1218 518 noliciamhomines
1250 460 1474 532 copiam
1507 461 1764 518 tenebat.

60 609 63 620 ,
100 549 485 607 Elemosinas
519 563 690 622 quam
709 549 1110 621 largissimeet
1131 550 1345 607 cotidie
1363 549 1771 606 faciebat.Phi-

58 683 61 692 .
106 638 452 696 sionimiam
484 637 791 696 admodum
823 639 1068 706 sciebat,
1119 639 1265 696 adeo
1306 643 1366 696 ut
1406 639 1768 696 diversorum

57 771 64 812 ι
105 736 368 802 aspectu
399 728 666 786 vultuum
698 733 928 786 secreta
962 729 1326 785 discerneret
1373 728 1650 785 mentium
1709 730 1770 782 et

56 861 62 900 ι
107 817 474 876 morum.Ad
506 817 734 888 regales
759 817 955 876 curias
974 817 1206 890 quando
1220 819 1514 886 veniebat,
1542 821 1770 888 specta-

55 951 62 990 ,
107 905 320 964 culum
352 907 621 965 omnibus
649 911 776 963 erat
811 907 1019 974 ;solus
1052 907 1435 964 admiratione
1467 906 1676 976 dignus
1691 905 1768 960 vi-

53 1043 58 1082 ,
110 995 399 1063 debatur;
415 997 730 1054 comitatus
743 1001 803 1052 et
823 1011 1093 1069 expensa;
1117 995 1544 1067 magniﬁcentia
1565 1008 1766 1052 omnes

53 1133 57 1152 ,
109 1084 276 1142 alios
311 1085 606 1158 principes
627 1085 981 1142 obscurabat
1013 1103 1027 1152 ;
1055 1085 1306 1155 joconda
1335 1085 1678 1156 loquutione
1707 1087 1768 1138 et

51 1157 58 1246 ξ
113 1157 514 1244 hylarissima
553 1173 1000 1246 proverbiorum
1034 1189 1274 1230 suorum
1315 1172 1766 1245 interpositione

50 1251 54 1328 ¹Ϊ
109 1265 240 1318 tam
273 1277 471 1333 regem
486 1277 656 1334 quam
681 1261 977 1335 principes
1001 1263 1286 1320 letiﬁcare
1301 1259 1770 1320 solebat.Novis-

112 1351 309 1408 simus
339 1355 398 1407 et
426 1351 525 1408 diu
547 1355 924 1422 exspectatus
947 1353 1018 1408 ad
1034 1366 1255 1409 curiam
1284 1351 1377 1408 vel
1407 1351 1478 1408 ad
1505 1351 1765 1422 quelibet

48 1435 52 1512 ξ
114 1439 398 1497 veniebat
423 1439 1100 1512 colloquia,ultimusque
1125 1441 1460 1506 recedebat;
1477 1454 1768 1510 nunquam

48 1587 50 1590 .
117 1530 182 1586 in
213 1529 466 1600 singulis
495 1529 1417 1600 conventibus,nisiauditisaliis,
1446 1544 1614 1586 suum
1637 1543 1770 1600 ape-

48 1613 50 1622 ’
115 1618 317 1676 riebat
341 1617 672 1675 consilium.
706 1620 826 1688 Ego
857 1618 1176 1688 Baldricus,
1208 1619 1304 1690 qui
1346 1618 1493 1675 hanc
1535 1617 1770 1688 scripti«

46 1705 48 1708 ’
116 1707 396 1764 unculam
429 1707 558 1778 feci,
596 1707 692 1764 uni
717 1707 895 1764 curiae
919 1707 1178 1776 interfui,
1214 1723 1384 1778 quam
1420 1709 1765 1764 Francovor-
1791 1722 1850 1785 Β

46 1793 47 1798 “
114 1795 284 1852 dium
305 1795 478 1868 petiit
511 1797 622 1852 sub
646 1809 782 1865 rege
815 1796 1080 1852 Conrado
1107 1797 1251 1867 .723)
1283 1811 1413 1852 cum
1439 1798 1506 1851 40
1523 1796 1767 1852 navibus

110 1883 462 1954 cameratis,
492 1883 1016 1955 exceptisliburnis
1039 1889 1098 1941 et
1130 1884 1453 1942 honerariis
1474 1889 1650 1954 atque
1672 1899 1768 1941 co-

115 1972 416 2044 quinariis
449 1973 694 2030 ratibus.
723 1974 784 2029 In
817 1989 929 2045 qua
950 1974 1113 2030 curia
1137 1979 1170 2032 8
1197 1974 1445 2030 comites
1483 1973 1765 2030 etducem

113 2061 516 2132 Lotharingiae
548 2061 836 2118 Matbeum
868 2067 1044 2132 atque
1081 2063 1409 2119 lleinricum
1442 2061 1647 2119 ducem
1697 2063 1768 2119 de

116 2151 436 2220 Lenburgo
466 2164 662 2208 secum
694 2150 1401 2221 habuit,clericorumqur
1417 2155 1592 2220 atque
1625 2150 1772 2206 mili-

115 2243 247 2296 tum
284 2237 718 2295 multitudinem
748 2243 994 2308 tantam,
1017 2237 1170 2308 quod
1195 2238 1464 2294 omnibus
1490 2239 1589 2310 qui
1612 2238 1772 2294 vide-

120 2329 268 2385 bant
284 2325 745 2382 ammirationem
767 2325 1382 2395 faciebat.Magistrum
1399 2341 1629 2397 quoque
1649 2328 1772 2383 Jar-

123 2414 364 2471 landum
387 2413 736 2470 Bisintinum
769 2414 918 2485 (724)
939 2418 995 2470 et
1030 2414 1370 2484 magistrum
1393 2414 1770 2472 Teodericum

128 2504 551 2560 Carnotensem
581 2502 757 2576 (725),
807 2502 955 2560 duos
988 2503 1134 2559 fama
1165 2506 1226 2559 et
1279 2503 1468 2574 gloria
1501 2504 1773 2561 doctores

124 2592 316 2650 nostri
353 2592 636 2664 temporis
662 2591 1212 2663 excellentissimos,
1230 2607 1428 2650 secum
1455 2594 1508 2648 in
1533 2608 1634 2650 sua
1677 2592 1774 2649 du-

122 2695 271 2739 cens
301 2679 492 2737 navali
525 2685 905 2750 cammenata,
932 2680 988 2736 in
1023 2681 1255 2738 illorum
1287 2681 1686 2754 disputatione
1714 2687 1771 2739 et

126 2770 446 2828 collatione
475 2769 643 2826 valde
676 2769 1003 2827 delectatus
1034 2773 1146 2840 est,
1199 2775 1259 2826 et
1289 2785 1320 2826 a
1350 2771 1510 2827 curia
1542 2771 1771 2827 domum

126 2873 424 2930 reversus,
461 2857 806 2915 decentibus
853 2857 1020 2914 donis
1053 2857 1295 2929 largiter
1320 2859 1640 2916 honoratos
1699 2861 1771 2916 ad

122 2946 358 3020 propria
394 2946 547 3004 letos
568 2945 660 2980 ⁶⁰⁹⁹
682 2947 926 3004 remisit.
963 2948 1083 3003 Hoc
1115 2950 1306 3003 tamen
1327 2949 1524 3005 nescio
1556 2963 1626 3004 an
1660 2963 1772 3006 me-

129 3035 313 3092 moria
329 3035 404 3092 sit
423 3035 680 3106 dignum,
703 3034 858 3106 quod
875 3049 1052 3092 cuma
1079 3035 1340 3108 predicta
1368 3042 1772 3093 reverteretur

121 3123 459 3196 curia,ideo
481 3125 754 3196 quoniam
769 3124 1138 3194 Mogontinos
1171 3140 1386 3182 exesos
1405 3127 1656 3184 habebat
1687 3132 1772 3183 at-

125 3245 240 3303 que
271 3231 514 3287 forsitan
543 3234 874 3301 suspectos,
909 3230 1134 3288 civitati
1197 3230 1430 3288 illorum
1460 3233 1772 3305 appropin-

123 3317 553 3392 quans,vexilla
583 3318 832 3389 singulis
858 3333 932 3376 ex
973 3320 1220 3377 navibus
1263 3321 1431 3392 erigi,
1465 3321 1682 3379 milites
1711 3323 1768 3378 in

124 3407 334 3480 clipeis
366 3423 509 3465 auro
567 3407 944 3480 fulgentibus,
973 3408 1192 3479 loricis,
1225 3409 1429 3480 galeis,
1462 3417 1767 3480 argentum

125 3497 320 3554 nitore
351 3496 788 3568 superantibus.
815 3501 1115 3555 ostentare
1149 3511 1282 3554 sese
1307 3499 1768 3570 precepit;tuhis

126 3591 188 3642 et
218 3585 497 3643 cornibus
526 3597 936 3656 armorumque
959 3587 1213 3658 strepitu
1252 3586 1346 3620 “°°
1370 3592 1430 3644 et
1463 3587 1769 3644 horrisono

126 3674 387 3732 virorum
412 3678 704 3731 concentu
726 3674 1048 3731 adventans
1067 3679 1250 3732 totum
1267 3677 1554 3747 permovit
1570 3676 1772 3732 civita-

126 3768 267 3820 tem.
305 3762 430 3820 lllic
459 3777 532 3818 ex
555 3767 679 3818 tota
703 3763 846 3818 urbe
867 3761 1130 3819 homines
1161 3777 1534 3834 concurrere,
1571 3764 1771 3822 mulie-

129 3867 226 3910 res
255 3849 640 3920 conclamare,
682 3854 740 3905 et
792 3851 956 3920 quasi
1014 3852 1157 3908 urbs
1201 3850 1294 3885 ⁴¹⁰¹
1311 3852 1426 3922 jam
1489 3852 1769 3924 capienda

131 3940 300 4010 foret,
335 3938 592 4010 undique
643 3937 961 3995 tumultum
989 3944 1164 4010 atque
1216 3953 1486 4012 pavorem
1541 3940 1772 4012 conspi-

129 4043 292 4088 σοι-οε
305 4070 320 4086 ο

199 4152 286 4205 27.
319 4143 570 4203 Tandem
598 4143 766 4199 tinem
795 4141 1118 4200 narrationi
1163 4143 1447 4226 facturus,
1481 4144 1551 4202 de
1574 4145 1683 4202 ﬁne
1712 4149 1770 4202 et

131 4235 382 4292 transitu
401 4237 460 4289 et
491 4235 850 4288 testamento
889 4231 1016 4302 ejus
1034 4245 1216 4303 pauca
1241 4233 1446 4289 dicam.
1475 4233 1773 4290 Confluen-

131 4324 227 4381 tize
259 4324 316 4380 in
349 4320 657 4395 epiphania
689 4319 911 4376 Domini
945 4319 1166 4377 curiam
1191 4334 1452 4391 magnam
1481 4325 1769 4393 tenuerat,

1803 3081 1851 3143 C

1872 977 2066 1034 censis
2089 983 2148 1034 et
2179 977 2468 1050 plereusis
2489 979 2582 1014 ⁴¹⁰³
2617 982 2886 1053 passione
2901 983 3283 1054 constrictus,
3303 983 3374 1038 de
3398 983 3513 1040 vita

1875 1065 2146 1124 dubitare
2172 1069 2477 1140 incipiens,
2493 1070 2653 1128 viros
2704 1069 3036 1143 religiosos,
3059 1071 3331 1128 abbatem
3351 1071 3522 1129 Sanc-

1874 1157 1950 1211 tae
1966 1155 2046 1212 Ma
2057 1155 2156 1212 riae
2175 1157 2244 1214 de
2259 1158 2761 1230 Sprinkenebareh
2779 1160 2928 1232 (728)
2948 1159 3322 1229 Richardum,
3348 1159 3523 1216 abba-

1877 1246 1991 1300 tem
2023 1245 2215 1304 Sancti
2248 1248 2516 1304 Eucharii
2559 1248 2902 1319 Bertoll‘um,
2937 1253 2995 1305 et
3029 1249 3348 1320 plerosque
3371 1249 3519 1306 alios

1875 1334 2256 1402 convocavit;
2289 1337 2558 1407 factaque
2589 1336 2844 1392 omnium
2901 1342 3276 1408 peccatorum
3297 1337 3524 1395 confes-

1877 1420 2058 1490 sione,
2085 1423 2215 1479 oleo
2251 1429 2458 1481 unctus
2480 1428 2571 1482 est
2598 1425 2916 1482 secundum
2951 1426 3104 1480 beati
3135 1427 3335 1483 Jacobi
3359 1426 3523 1484 insti-

1875 1509 2188 1582 tucionem,
2225 1515 2280 1568 et
2309 1518 2746 1570 sacrosanctum
2763 1528 2980 1585 corpus
3003 1515 3219 1571 Christi
3258 1518 3523 1588 sumptu-

1878 1612 2225 1668 rus,magnze
2250 1600 2552 1658 fidelitatis
2575 1607 2633 1658 et
2658 1616 2811 1660 verae
2836 1617 2902 1658 ac
2919 1602 3225 1660 catholicae
3277 1604 3410 1660 fidei
3449 1605 3525 1661 si-

1877 1686 2210 1754 gniﬁcativa
2232 1691 2403 1746 verba
2430 1691 2694 1762 protulit.
2713 1689 2803 1748 Sic
2827 1691 2980 1746 enim
3006 1691 3406 1762 magnanimus
3429 1693 3526 1749 he-

1879 1789 1998 1844 ros,
2017 1777 2342 1835 catholicus
2359 1785 2584 1850 pastor,
2604 1781 2973 1837 memoranda
2990 1796 3130 1837 voce
3145 1796 3394 1838 exorsus
3407 1786 3520 1838 est:

1876 1863 2110 1934 Audite,
2149 1865 2394 1937 fratres
2425 1869 2540 1924 mei
2573 1867 2909 1926 larissimi.
2941 1869 3046 1925 Vos
3085 1867 3328 1942 abbatcs
3350 1871 3409 1926 et
3437 1871 3526 1926 vi-

1872 1963 1972 2008 ros
1982 1953 2401 2025 religiososido
2413 1956 2744 2025 convocavi,
2766 1957 2911 2014 utin
2912 1957 3181 2027 presenti
3203 1957 3452 2016 ecclesia
3468 1956 3529 2014 et

1873 2048 1941 2104 in
1962 2041 2294 2102 mucci-sali
2309 2043 2721 2113 inﬂnemundi
2735 2057 2811 2100 ea:
2829 2044 3057 2102 sanctis
3079 2045 3318 2116 angelis
3339 2047 3401 2104 et
3427 2045 3528 2102 lio-

1873 2132 2139 2193 minibus
2161 2131 2576 2202 congreganda
2607 2133 2856 2190 ecclesia
2881 2133 3052 2190 testes
3064 2132 3252 2190 michi
3271 2148 3413 2192 mere
3434 2149 3522 2192 ve-

1874 2236 1959 2280 rre
1967 2220 2120 2294 ﬁdei
2142 2233 2243 2277 ass
2251 2219 2469 2289 istatis,
2486 2221 2544 2276 et
2556 2220 2824 2278 oratione
2835 2221 3050 2292 vestra,
3076 2222 3144 2278 ut
3155 2222 3418 2295 hecﬂdes
3433 2237 3526 2281 me

1877 2309 2404 2382 salvetadjnvetis.
2444 2309 2572 2366 Hoc
2587 2309 2744 2380 quod
2763 2323 3013 2380 presens
3052 2325 3224 2368 cerno
3247 2313 3313 2368 in
3335 2313 3528 2384 specie

1872 2400 2055 2472 panis
2069 2397 2240 2456 credo
2253 2411 2377 2454 esse
2388 2411 2590 2454 rerum
2606 2397 2839 2455 Christi
2843 2397 2978 2468 ﬁlii
2988 2398 3102 2456 Dei
3118 2413 3347 2472 corpus,
3372 2401 3534 2470 quod

1879 2487 2258 2558 invirginali
2273 2485 2404 2542 alvo
2420 2485 3007 2544 illariaintemeratee
3038 2487 3320 2560 virginis,
3336 2488 3532 2546 abiim-

1883 2576 2090 2633 brante
2104 2576 2297 2646 ipsam
2307 2575 2552 2652 Spiritu
2563 2576 2786 2646 sancto,
2820 2576 3192 2634 sicutmanet
3210 2577 3276 2634 in
3293 2592 3530 2650 presen-

1883 2667 1946 2735 ti,
1975 2664 2210 2720 unitum
2223 2663 2491 2720 estverbo
2504 2663 2636 2734 Dei,
2653 2678 2787 2720 vero
2800 2664 2959 2721 Filio
2976 2665 3188 2723 Patris
3212 2667 3525 2736 altissimi,

1880 2771 1916 2828 g
1925 2768 1994 2812 uo
2001 2754 2152 2824 apro
2167 2751 2332 2810 nobis
2347 2755 2411 2809 in
2425 2767 2594 2811 cruce
2606 2753 2918 2824 temporali
2929 2755 3114 2812 morte
3126 2753 3199 2813 ab
3211 2757 3419 2814 anima
3431 2758 3527 2814 de-

1877 2843 2156 2900 relictum
2174 2843 2286 2898 est:
2313 2845 2520 2899 anima
2532 2856 2666 2899 vero
2681 2842 3058 2901 descendente
3069 2844 3152 2901 ad
3163 2844 3412 2918 inferos,
3434 2847 3524 2902 di-

1877 2931 2162 2990 vinitatis
2192 2933 2482 2990 consortio
2506 2931 2570 2986 in
2592 2933 2859 3002 sepulcro
2893 2945 3008 2988 non
3029 2932 3120 2990 est
3146 2933 3522 3004 destitutum,

1879 3021 2150 3078 sicutnec
2161 3022 2367 3078 anima
2385 3020 2452 3076 in
2465 3019 2722 3092 inferno,
2737 3019 3059 3077 secundum
3071 3021 3231 3092 quod
3239 3022 3443 3079 David
3455 3022 3526 3078 de

1879 3109 2006 3180 ipso
2045 3109 2296 3166 testatur
2331 3109 2562 3166 dicens:
2598 3132 2624 3157 α
2676 3110 2966 3174 Quoniam
2997 3123 3114 3166 non
3149 3110 3525 3181 derelinques

1880 3199 2148 3255 animam
2166 3213 2358 3254 meam
2386 3200 2454 3254 in
2467 3199 2725 3270 inferno,
2743 3211 2847 3254 nec
2869 3197 3041 3255 dabis
3060 3199 3336 3256 sanctum
3361 3200 3530 3258 tuum

1877 3287 2523 3358 viderecorruptionem
2557 3287 2749 3354 (Psal.
2770 3289 3058 3357 xv,10);»
3086 3287 3210 3357 hoc,
3249 3287 3523 3360 inquam,

1878 3389 2088 3447 cm'pus
2102 3375 2261 3432 illud
2280 3376 2368 3430 est
2390 3374 2643 3444 Christi,
2661 3374 2820 3445 quod
2849 3373 3023 3431 tertio
3047 3374 3144 3432 die
3168 3375 3525 3445 redivivam,

1879 3465 2087 3521 anima
2111 3464 2394 3520 redeunte
2435 3464 2516 3520 ad
2544 3465 2758 3535 ipsum,
2807 3463 3134 3534 confractis
3166 3463 3374 3522 divina
3403 3479 3528 3537 qua

1878 3543 2157 3600 utebatur
2186 3544 2406 3600 virtute
2438 3544 2728 3600 tartareis
2759 3541 3072 3612 claustris,
3118 3543 3452 3616 ereptisguc
3489 3557 3532 3602 α

1882 3631 2182 3689 diabolica
2183 3630 2777 3704 potestateﬂdelibus
2786 3631 3016 3703 prioris
3027 3631 3232 3701 seculi,
3253 3633 3325 3689 de
3338 3633 3530 3704 sepul-

1881 3719 2397 3794 chraresurrea'it,
2423 3721 2492 3776 de
2513 3720 2699 3794 cetera
2718 3718 3053 3794 immortale
3069 3720 3525 3794 et__inpassibile,

1881 3792 2063 3860 quale
2085 3791 2215 3847 etin
2233 3805 2390 3846 creua
2418 3791 2555 3846 ante
2557 3793 2921 3862 passionem,
2956 3791 3236 3849 manibus
3267 3791 3528 3852 sacrisse

1880 3880 2080 3951 ipsum
2101 3879 2406 3945 tenens,in
2429 3880 2539 3935 lala
2563 3881 2745 3950 panis
2784 3879 2976 3949 specie
3007 3880 3326 3951 discipulis
3361 3883 3527 3940 eden-

1883 3968 2018 4024 dum
2041 3966 2372 4035 distribuit,
2406 3968 2555 4024 dans
2576 3967 2930 4038 impatibile,
2959 3969 3152 4024 tamen
3183 3969 3531 4040 adllucpas-

1880 4069 2080 4124 sue-us,
2107 4055 2428 4126 decensque
2451 4053 2587 4110 illos
2629 4055 2816 4125 liujus
2842 4053 3208 4111 sacramenti
3241 4056 3532 4127 mysteria

1883 4142 2197 4201 celebrare.
2232 4143 2378 4211 Hoc,
2402 4143 2671 4214 inquam,
2713 4154 2925 4212 corpus
2946 4142 3034 4199 est
3077 4142 3330 4214 Christi,
3371 4144 3532 4214 quod

1879 4232 2017 4303 post
2044 4231 2534 4288 resurrectionem
2550 4243 2664 4302 per
2682 4230 3100 4309 quadraginta
3124 4230 3251 4288 dies
3273 4231 3533 4306 discipu-

1887 4319 2269 4392 lis'appar-uit
2284 4319 2399 4376 visi
2405 4319 2521 4375 bile
2532 4319 2714 4390 atque
2727 4317 3040 4389 tangibile,
3059 4318 3116 4376 et
3132 4319 3329 4378 tamen
3341 4320 3533 4379 incor-

132 4416 191 4468 et
221 4417 460 4481 treugas
492 4407 928 4465 intercomitem
961 4406 1032 4462 de
1055 4406 1314 4500 illolbach
1339 4407 1486 4482 (726)
1509 4415 1569 4466 et
1599 4409 1774 4466 comi-
1801 4438 1856 4500 D
1882 4407 2189 4480 ruptibile,
2213 4407 2535 4465 secundum
2553 4407 2884 4500 voluntatis
2908 4421 3030 4464 sua
3037 4408 3386 4500 potentiam,
3405 4423 3532 4481 qua

134 4505 247 4556 tem
271 4499 343 4555 de
371 4499 707 4570 Zeina(727)
731 4499 1040 4568 acceperat
1063 4495 1183 4566 (an.
1209 4500 1364 4566 1152,
1393 4500 1542 4556 Jan.
1569 4499 1652 4568 6.)
1685 4499 1774 4555 Hii
1802 4495 1846 4500 ’
1885 4499 2086 4554 omnia
2105 4509 2472 4568 guecumgue
2488 4495 2854 4568 voluitfecit.
2887 4497 3009 4552 Hoc
3039 4496 3127 4554 est
3159 4497 3537 4571 vereglorijt-

132 4603 237 4662 pro
262 4587 550 4644 Bunnensi
580 4586 864 4643 comitatu
895 4585 994 4642 diu
1025 4599 1298 4656 guerram
1317 4585 1388 4642 ad
1413 4587 1658 4644 invicem
1678 4587 1775 4645 ha-

135 4679 401 4735 buerant.
427 4675 640 4745 quibus
668 4673 800 4730 hinc
831 4673 966 4730 inde
994 4675 1113 4732 fere
1140 4677 1328 4733 omnis
1369 4675 1662 4734 inferioris
1688 4691 1774 4733 re-

131 4763 322 4836 gionis
357 4761 586 4819 nobiles
615 4761 1011 4833 favebant‘m,
1033 4766 1369 4836 terramque
1421 4779 1645 4822 omnem
1679 4779 1775 4821 va-

1885 4587 2083 4644 catum
2105 4585 2165 4641 et
2189 4583 2584 4658 inefabiliter
2598 4585 2930 4657 gloriosum
2965 4599 3196 4658 corpus,
3225 4587 3384 4658 quod
3403 4601 3535 4660 apo.

1882 4674 2055 4734 stolis
2083 4673 2256 4732 viden
2266 4673 2426 4730 tibus
2446 4672 2811 4730 mirabiliter
2833 4674 3200 4746 assumptum
3222 4675 3312 4732 est
3329 4676 3392 4732 in
3403 4676 3532 4748 glo-

1879 4767 2001 4832 ria,
2025 4763 2304 4835 sedetgue
2323 4764 2612 4822 Dominus
2632 4778 2757 4822 cum
2769 4764 3040 4834 Domino,
3054 4763 3254 4822 Filius
3267 4779 3399 4822 cum
3412 4764 3534 4822 Pa-

1492 4881 1728 4936 VARH‘Z
1759 4878 2158 4938 LECTIONES.

200 4965 292 5002 ‘°”
319 4965 402 5024 let
431 4979 478 5024 c.
511 4962 604 4999 “°°
631 4965 945 5038 strepitum
967 4979 1014 5024 c.
1047 4964 1140 5000 ⁴¹⁰ί
1171 4965 1313 5023 urbs
1352 4979 1407 5024 c.
1443 4967 1537 5002 ⁴¹⁰²
1565 4969 1796 5026 favebat
1827 4982 1873 5028 c.
1910 4966 2004 5002 ⁴¹⁰³
2033 4968 2127 5027 ita
2157 4981 2212 5026 c.

1716 5065 1939 5120 ΝΟΤιΕ.

199 5150 344 5223 (723)
376 5149 490 5206 Aut
515 5153 747 5223 a.__1_14‘7,
775 5149 1021 5223 Martio;
1063 5153 1160 5205 aut
1195 5163 1244 5206 a.
1290 5152 1446 5221 1149,
1505 5153 1770 5223 Augusto

135 5220 342 5300 mense
363 5237 455 5300 λγ.
477 5220 658 5300 gare,
687 5220 730 5277 l.
775 5220 1068 5300 1_._,__p.118,
1105 5225 1232 5300 171ἶ

132 5289 730 5422 x13724))f7.5ﬂistoire
787 5289 1075 5348 littéraire
1112 5289 1184 5346 de
1215 5294 1269 5348 la
1329 5291 1564 5364 France,
1628 5296 1768 5350 tom.

231 5406 246 5422 .
283 5379 338 5422 ι).
371 5368 389 5393 ⁶
482 5403 495 5416 .

369 5379 661 5506 ῗέιῗξωηοβ
675 5432 1143 5506 saresberiensis
1159 5432 1258 5506 lib.
1281 5449 1314 5506 _l
1344 5434 1706 5504 Metalog..ca
1718 5450 1771 5506 p.

135 5512 188 5585 ξ,
216 5503 289 5585 de
322 5503 432 5585 hoc
457 5503 817 5585 Theoderico
850 5507 1179 5585 notat,eu_m
1213 5504 1397 5563 fuisse
1428 5503 1778 5563 artiumstu-

134 5574 529 5634 diosissimum
560 5574 654 5632 inv
668 5574 1075 5646 estigatorem.
1117 5578 1307 5634 Wrrr.

1957 5155 2102 5225 (726)
2135 5151 2413 5225 Albertus
2443 5149 2740 5225 comes_de
2771 5148 3034 5225 Molbach
3067 5165 3126 5225 a._
3149 5156 3450 5225 1158-1175
3470 5153 3528 5210 in

1883 5222 2103 5296 chartis
2135 5223 2465 5296 nominatur
2487 5237 2578 5294 ap.
2615 5222 2894 5296 Gunther,
2919 5223 3211 5296 cod._dipl.
3236 5224 3434 5282 Rheno
3462 5255 3533 5268 -—

1883 5295 2103 5350 Mosell.
2137 5293 2258 5350 vol.
2314 5298 2358 5348 1.

1979 5367 2105 5436 727)
2136 5367 2302 5434 Sayn.
2435 5433 2445 5436 _
2907 5435 2917 5436 ί
3020 5433 3031 5436 _
3245 5397 3267 5418 .

1957 5433 2106 5506 (728)
2138 5433 2546 5490 MOnasterium
2596 5449 2645 5491 a.
2711 5439 2846 5492 1107
2896 5433 3239 5504 fundatum;
3273 5450 3326 5492 v.
3390 5437 3539 5494 Hon-

1888 5506 2087 5578 theim,
2121 5507 2163 5577 Ι,
2201 5521 2252 5578 ρ.
2279 5508 2398 5562 483.
