3948 6070
215 176 366 249 1841

1210 183 1686 254 CHRONICON
1715 186 1783 253 Ξ.
1818 184 2180 254 AUBERTI
2208 183 2585 253 ANDAGiN.

3460 180 3615 250 1342

205 339 532 416 historiam,
582 338 879 416 continuo,
908 338 1247 416 saculixm
1283 341 1505 416 calamo
1550 348 1847 416 exaratam
1882 326 1936 387 Α
1965 346 2077 416 561
2116 349 2390 416 excerpta
2441 347 2676 416 tantum
2731 340 2911 416 dedit.
2973 340 3295 416 Secundam
3348 340 3613 416 instituit

210 418 385 485 atque
416 412 756 485 inscriptam
790 431 803 467 :
838 412 1246 485 {Ancipitliber
1283 415 1391 482 qui
1434 415 1853 472 Cantatorium

208 483 452 544 dicitur.
478 484 833 540 Exciderunt
858 483 970 540 duo
998 483 1129 540 folia
1151 489 1237 553 5'2,
1256 490 1340 548 53,
1365 485 1571 553 media,
1598 501 1724 555 qua:
1749 487 1854 542 Re-

213 555 481 633 mualdus
531 556 754 633 Hancar
795 559 929 610 ante
962 556 1076 633 _ho_s
1115 555 1400 633 ducentos
1441 571 1623 633 annos
1664 557 1853 613 adhuc

210 624 462 698 legebat,
493 629 669 698 atque
690 640 865 698 unum
887 624 977 681 vel
1004 625 1167 698 plura
1194 626 1247 681 in
1273 626 1401 693 line,
1429 641 1556 697 quze
1574 626 1690 695 jam
1718 633 1855 683 tunc

214 696 474 756 deerant.
520 696 815 752 Librarius
856 696 1079 753 mendis
1119 712 1227 752 non
1270 696 1499 768 semper
1530 698 1852 764 abstinuit;

214 784 344 842 qua
368 783 472 839 per
493 768 758 842 codicem
778 768 1200 842 autographum
1226 769 1279 824 in
1305 768 1581 842 scedulis,
1617 774 1677 842 ut
1702 769 1857 824 vide-

213 838 333 909 tur,
355 838 579 910 assutis
594 839 863 910 suppleta
881 838 1138 910 videbat,
1156 839 1280 906 ipse
1300 838 1639 895 describens
1658 840 1855 910 inepto

217 911 533 982 aliquoties
570 909 935 980 lecoposuit
967 909 1112 982 (12),,
1134 909 1248 965 alia
1278 910 1473 965 omisit
1506 910 1651 982 (13);
1681 909 1858 982 anno-

218 980 344 1038 rum
380 982 553 1038 etiam
591 994 890 1051 numeros,
925 994 1068 1050 quos
1102 980 1156 1034 in
1188 983 1352 1037 textu
1384 981 1641 1051 exhibet,
1675 981 1732 1036 in
1763 997 1859 1038 co—

217 1052 696 1179 dicejgriginario
733 1050 1049 1124 plerosque
1078 1052 1320 1122 margini
1354 1050 1646 1123 ascriptos
1677 1052 1856 1109 fuisse

217 1137 315 1179 cre
362 1140 377 1178 ι
423 1136 595 1179 erum.

216 1136 595 1180 crediderim.

287 1195 387 1266 1‘)
444 1190 802 1266 Remualdus
851 1193 1077 1249 Hancar
1130 1193 1443 1266 monachus
1500 1194 1553 1249 S.
1613 1193 1855 1266 IIuberti

217 1263 375 1323 circa
405 1280 455 1320 a.
493 1267 632 1320 1630
659 1263 919 1319 codicem
966 1264 1489 1321 Aureaevallensem
1537 1265 1682 1321 satis
1731 1264 1858 1320 dili-

215 1340 422 1407 genter
438 1334 816 1407 transcripsit
833 1334 887 1388 in
907 1334 1166 1390 chartam
1187 1336 1366 1406 ;quod
1386 1336 1683 1407 exemplar
1703 1336 1858 1407 notis

216 1405 635 1478 marginalibus
673 1407 747 1478 ab
788 1405 914 1478 ipso
953 1411 1205 1478 auctum.
1237 1405 1439 1478 postea
1474 1407 1529 1461 in
1557 1405 1856 1478 archivum

217 1476 625 1548 mgistratum
660 1476 852 1548 Sancti
894 1477 1137 1548 Huberti
1168 1476 1421 1548 devenit,
1460 1477 1607 1534 unde
1635 1492 1685 1533 a.
1720 1481 1859 1535 1834

218 1546 548 1605 Bruxellam
596 1546 945 1604 translatum
987 1548 1040 1603 in
1085 1546 1496 1603 bibliothecam
1540 1548 1859 1617 Burgundi-

1967 418 2027 472 P.
2051 415 2121 472 de
2142 414 2400 472 Roba’ulx
2419 415 2489 471 de
2507 415 2775 483 Soumov,
2805 415 3147 484 C’lzroniquo
3167 415 3236 471 de
3255 414 3526 485 l’abbaye
3547 415 3618 472 de

1964 487 2422 544 Saint-Hwbert.
2448 488 2614 543 Brux.
2646 490 2797 553 1847,
2822 492 2874 555 8,
2897 501 2927 542 e
2950 486 3149 543 codice
3176 486 3539 541 Bruxellensi
3560 489 3617 542 1"

1967 574 2095 615 cum
2128 559 2397 613 versione
2430 557 2670 626 Gallica,
2705 559 2796 614 cui
2825 556 3124 626 subjunxit
3161 557 3463 613 historiam
3502 571 3618 614 mo-

1969 629 2209 685 nasterii
2243 644 2273 685 a
2303 628 2415 684 ﬁne
2441 629 2759 685 Cantatorii
2793 630 2862 684 ad
2898 633 3097 684 nostra
3132 641 3315 699 usque
3347 631 3611 699 tempera

1970 699 2298 767 deductam,
2343 700 2866 770 adnotationesque
2899 699 3109 770 adjecit
3142 698 3278 770 vere
3301 698 3486 770 utiles
3519 700 3617 755 bo-

1970 786 2156 840 naque
2199 771 2360 841 fruge
2403 771 2677 840 refertas,
2709 768 3023 840 exquibus
3056 768 3236 826 multa
3279 769 3609 841 didicimus.

1971 842 2247 899 Adhibuit
2279 840 2429 897 enim
2462 841 2691 897 editor:
2720 841 3022 897 Romualdi
3054 842 3278 897 IIancar
3310 840 3615 897 historiam

1971 913 2424 983 manuscriptam
2446 912 2783 968 monasterii
2809 913 2976 982 cujus
3000 912 3125 982 ipse
3151 912 3470 982 prioratum
3489 925 3618 983 ges-

1971 990 2148 1051 serat,
2193 982 2642 1040 cx’Cantatorio
2680 988 2883 1038 nostro
2925 983 3173 1052 aliisque
3217 983 3478 1038 fontibus
3519 982 3619 1039 de-

1971 1055 2231 1111 mesticis
2253 1055 2669 1124 compositam;
2705 1053 3120 1109 Fundationcm
3148 1052 3483 1124 monasterii
3510 1054 3624 1108 An-

1972 1125 2159 1192 daini;
2205 1123 2601 1196 Antiquitates
2634 1125 3102 1196 Andaginenses;
3134 1123 3354 1196 Titulos
3389 1137 3622 1194 posses-

1972 1196 2197 1252 sionum
2221 1195 2413 1251 Sancti
2442 1197 2705 1261 Huberti,
2729 1195 2957 1265 aliaque
2982 1195 3243 1265 quaedam
3268 1209 3400 1251 sate.
3426 1208 3541 1251 xm
3559 1199 3616 1250 et

1970 1282 2105 1323 xvm
2139 1281 2307 1321 manu
2340 1267 2591 1337 scripta;
2629 1267 2780 1322 unde
2809 1267 2958 1337 libre
2989 1281 3091 1337 suo
3124 1280 3383 1334 magnam
3418 1280 3621 1337 procu-

1970 1338 2120 1393 ravit
2167 1336 2498 1393 utilitatem.
2544 1339 2777 1394 Tertius
2826 1336 3196 1393 bibliothecas
3230 1336 3616 1404 Burgundicaa

1974 1410 2284 1479 praefectus
2325 1410 2381 1463 L.
2430 1411 2488 1463 Β.
2529 1410 2607 1463 De
2644 1408 3029 1477 Reiﬁ‘enberg,
3064 1407 3436 1479 Maritimam
3459 1420 3611 1477 pour

1968 1478 2157 1536 {sarcir
2179 1480 2217 1536 ιὶ
2237 1478 2530 1536 l’histoire
2550 1480 2621 1535 de
2641 1481 2891 1548 Namur,
2923 1480 2992 1534 de
3017 1478 3319 1535 Hainault
3335 1479 3392 1534 et
3411 1479 3482 1534 de
3504 1480 3614 1534 [τις

1969 1549 2309 1620 membourg,
2339 1551 2510 1605 Brux.
2542 1553 2694 1619 1847,
2724 1551 3039 1619 in-quarte,
3074 1549 3332 1620 codicem
3360 1553 3382 1604 1
3412 1549 3617 1605 habuit

219 1633 428 1699 camn.
460 1620 672 1699 113,600,
704 1618 868 1699 nobis
893 1618 1041 1699 hanc
1068 1632 1275 1699 novam
1302 1619 1614 1699 editionem
1641 1633 1859 1699 praepa-
1886 1684 1940 1699 ῃ
1973 1621 2225 1699 quidem,
2249 1618 2461 1699 atraro
2485 1618 2769 1687 adhibuit,
2791 1618 3106 1676 contentus
3129 1635 3201 1675 ex
3223 1618 3349 1687 ejus
3375 1634 3618 1699 apogra-

220 1684 920 1763 rentibushumanissime
944 1688 1499 1763 fnittransmissum,
1536 1695 1595 1744 ut
1621 1684 1736 1763 duo
1761 1684 1856 1744 illa
1886 1684 1943 1746 B
1974 1684 2086 1763 pho
2119 1694 2174 1763 1'
2204 1684 2517 1747 editionem
2561 1684 2764 1763 novam

221 1757 605 1831 foliaomissa
632 1760 964 1816 accuratius
990 1759 1122 1815 inde
1150 1774 1457 1830 possemus
1488 1757 1782 1831 Supplere.

293 1830 396 1902 1")
438 1829 609 1889 Aliud
656 1831 1082 1902 apograpbum,
1126 1829 1175 1885 a’.
1235 1835 1382 1902 1737,
1416 1846 1486 1887 ex
1540 1829 1616 1887 1'“
1645 1832 1858 1902 factum

220 1900 469 1959 habebat
509 1900 739 1958 Linotte
771 1900 840 1957 de
873 1900 1204 1971 Peupehan,
1240 1901 1616 1970 magistratus
1650 1900 1863 1957 Bullio-

221 1973 439 2099 geniis,
465 1976 621 2030 teste
643 1973 866 2045 Ozeray
886 1972 1158 2030 Histoire
1172 1973 1254 2028 du
1270 1971 1543 2030 duchéde
1558 1972 1857 2044 Bum’llon,

290 2114 420 2186 1‘“)
452 2113 576 2171 Alia
617 2113 730 2170 duo
774 2114 1104 2186 aprgrapha
1138 2127 1188 2170 a.
1220 2116 1357 2186 1563
1388 2128 1459 2186 ex
1490 2113 1617 2184 ipse
1649 2119 1672 2170 1
1711 2114 1862 2186 facta

224 2184 821 2257 atque'_precura_tori’
855 2184 1346 2257 Luxemburgenisi
1378 2184 1705 2257 Alegatoque
1745 2184 1864 2256 epi-

223 2254 382 2327 scopi
406 2254 734 2327 Leediensis
753 2255 972 2327 tradita
988 2260 1268 2311 memorat
1285 2255 1551 2327 Rebaulx
1573 2254 1704 2327 pgt;
1728 2254 1865 2324 que-

223 2325 349 2384 rum
372 2325 619 2382 alterum
644 2328 895 2383 fortasse
921 2325 1068 2380 idem
1090 2331 1199 2393 est,
1221 2326 1374 2394 quod
1396 2326 1447 2380 in
1467 2325 1713 2381 castello
1740 2326 1865 2381 Mir-

222 2401 354 2454 vart
378 2396 489 2453 sibi
513 2396 699 2453 visum
725 2396 803 2452 ait
825 2398 1031 2451 Dewez
1056 2396 1326 2453 Histoire
1348 2396 1417 2452 de
1438 2395 1612 2466 Zit’ge
1632 2398 1674 2459 I,
1697 2394 1785 2451 54.

294 2467 619 2538 Είόὶιίοηθιη
658 2467 829 2538 primi
870 2467 1123 2523 Martene
1154 2472 1213 2523 et
1246 2467 1474 2523 Durand
1506 2467 1861 2538 amplissima

224 2537 367 2595 Coll.
390 2538 492 2609 IV,
524 2541 637 2609 914
656 2537 1013 2594 curaverunt
1042 2553 1113 2593 ex
1142 2538 1269 2609 ipso
1300 2538 1500 2594 codice
1533 2544 1583 2608 1,
1607 2537 1676 2593 at
1710 2552 1864 2593 men-

224 2609 313 2665 dis
344 2608 577 2664 nimium
610 2608 1000 2679 deturpatam,
1034 2608 1285 2679 capitum
1327 2609 1758 2665 distinctionem
1791 2608 1863 2664 de

222 2694 329 2737 suo
361 2679 756 2737 instituentes.
798 2681 939 2736 Dom
979 2681 1244 2751 Bouquet
1276 2681 1362 2751 XI,
1398 2682 1520 2751 149,
1554 2684 1687 2747 635;
1719 2681 1859 2751 XIII,

2846 1706 3153 1761 reponere,
3198 1704 3366 1759 quam
3407 1697 3617 1760 ectypo

1973 1761 2195 1819 codicis
2219 1769 2242 1819 1
2274 1762 2522 1818 ornavit.
2545 1762 2765 1828 Quarto
2789 1761 3039 1831 denique
3062 1761 3192 1831 loco
3217 1774 3324 1816 nos
3350 1761 3620 1817 Cantato-

1973 1833 2121 1889 rium
2145 1833 2527 1904 proponimus
2549 1848 2619 1888 cx
2642 1833 2771 1903 ipso
2793 1830 2995 1889 codice
3025 1836 3070 1901 l,
3096 1830 3265 1899 cujus
3286 1832 3527 1904 lacunas
3546 1845 3620 1886 ex

1976 1901 2465 1975 1'supplevimus,
2489 1901 2962 1975 orthographiam
2988 1903 3264 1975 intactam
3290 1901 3623 1975 relinquen-

1973 1979 2082 2044 tes,
2115 1972 2377 2046 excepto
2404 1972 2555 2044 quod
2597 1972 2838 2045 simplex
2877 1989 2906 2030 ε
2937 1973 3350 2046 terciedecimo
3390 1972 3617 2046 demum

1974 2046 2189 2102 saeculo
2215 2043 2625 2116 ubivis’scribi
2662 2043 2917 2116 coeptum
2950 2046 3005 2100 in
3036 2058 3083 2101 (ε
3114 2043 3500 2116 mutavimus,_
3520 2044 3621 2099 Ca-

1977 2116 2157 2186 pitum
2192 2115 2625 2171 distinctionem
2667 2114 3013 2186 retinuimus
3049 2129 3195 2183 eam,
3231 2128 3419 2186 quam,
3442 2114 3618 2170 libra~

1974 2183 2141 2243 riusi
2190 2202 2249 2243 se
2280 2201 2393 2242 non
2426 2187 2684 2242 numeris
2732 2187 2833 2243 sed
2889 2185 3103 2241 litteris
3148 2183 3456 2255 inceptivis
3503 2198 3620 2239 ma-

1974 2203 2217 2310 iuscuﬁs
2257 2257 2453 2310 rubris
2496 2257 2773 2310 instituit.
2827 2271 3096 2310 numeros
3126 2255 3514 2310 Martenianos
3543 2254 3616 2310 ob

1968 2254 2217 2327 julculis
2257 2257 2453 2311 rubris
2496 2257 2773 2325 instituit,
2827 2271 3096 2313 numeres
3126 2254 3514 2311 Martenianos
3543 2254 3616 2311 ob

1973 2328 2335 2383 commodum
2365 2327 2648 2383 lectorum
2679 2328 2907 2384 uncinis
2937 2327 3198 2382 inclusos
3228 2330 3616 2396 apponentes.

1974 2400 2035 2454 In
2058 2397 2434 2454 adnotatione
2455 2412 2521 2453 ea
2545 2413 2671 2468 quae
2696 2397 3049 2455 Remualdus
3070 2400 3339 2466 Ilancart,
3364 2397 3619 2468 Martene

1972 2476 2032 2525 et
2064 2471 2139 2524 De
2172 2469 2433 2525 Bobaulx
2468 2466 2584 2540 jam
2624 2469 2944 2525 attulerant
2979 2468 3163 2537 utilia,
3198 2481 3367 2538 quam
3402 2466 3622 2540 brevis-

1975 2540 2118 2596 sime
2150 2537 2570 2610 excerpsimus.
2605 2540 2750 2609 sigla
2782 2540 3013 2596 illorum
3045 2541 3107 2594 Il.
3144 2537 3309 2594 MJR.
3343 2537 3621 2610 religiose

1977 2610 2164 2666 ubivis
2203 2614 2260 2665 et
2297 2608 2677 2681 gratitudims
2726 2626 2897 2668 causa
2946 2610 3339 2676 ascribentes;
3391 2608 3619 2680 reliqua

1975 2687 2172 2738 nostra
2206 2686 2368 2738 sunt.

579 2954 997 3044 INCIPIT
1108 2954 1457 3041 LIBER
1591 2952 1786 3058 QUI
1890 2954 2683 3044 CANTATORIUM
2825 2955 3279 3043 DICITUR

1065 3117 1415 3186 QUALITEB
1447 3118 1720 3175 CREATA
1755 3120 1859 3175 SIT
1893 3120 2147 3176 ΔΒΑΤΙΑ
2179 3119 2423 3176 SANCTI
2454 3119 2776 3175 IIUBERTI.

299 3266 348 3317 1.
383 3262 445 3316 In
469 3274 616 3333 pago
639 3259 1042 3316 Arduennensi
1067 3259 1353 3327 quoddam
1378 3263 1636 3317 castrum
1660 3258 1871 3317 Ambra
1905 3262 1953 3324 C
1985 3261 2216 3334 quidem
2246 3262 2463 3331 exigui,
2490 3259 2592 3317 sed
2625 3259 2881 3317 motibus
2912 3258 3103 3330 arguti
3135 3264 3193 3316 et
3226 3258 3506 3332 expediti,
3542 3262 3629 3316 at-

227 3349 554 3419 dicebatur,
585 3363 652 3405 eo
675 3346 829 3420 quod
853 3348 1320 3405 Amberlacensis
1344 3348 1362 3381 ί
1386 3348 1508 3405 Ilsci
1541 3348 1651 3420 (14)
1684 3348 1872 3421 capud

225 3437 565 3507 haberetur,
600 3437 751 3509 quod
777 3438 1037 3496 funditus
1061 3452 1349 3509 eversum,
1382 3439 1566 3496 Hunis
1592 3439 1874 3496 vastanti-

228 3528 337 3586 bus
393 3526 638 3598 Gallias,
700 3541 802 3600 per
859 3541 1042 3584 annos
1102 3528 1220 3583 fere
1278 3531 1577 3584 trecentos
1631 3528 1871 3597 triginta

229 3623 450 3691 septem
472 3620 585 3689 (15)
607 3617 902 3673 desertum
927 3616 999 3673 ad
1023 3616 1298 3674 nichilum
1323 3618 1656 3675 devenerat.
1683 3618 1868 3687 (Hist.

223 3706 424 3779 Μίδα.)
460 3708 593 3763 Haec
613 3704 636 3737 ³
654 3719 798 3775 gens
822 3706 918 3762 diu
944 3706 1262 3762 inaccessis
1291 3706 1588 3763 montibus
1620 3707 1868 3777 seclusa,

226 3799 494 3867 tempore
523 3792 787 3850 Valentis
826 3794 1199 3866 imperatoris
1238 3794 1539 3866 repentina
1577 3794 1739 3851 rabie
1769 3795 1874 3851 Ge-

227 3882 461 3940 thorum
503 3884 694 3939 terras
736 3882 966 3952 invasit,
1001 3887 1059 3938 et
1092 3895 1196 3937 rex
1225 3895 1424 3939 eorum
1464 3881 1698 3938 Filimer
1741 3888 1874 3940 ante

226 3985 359 4031 cum
382 3970 584 4027 Gothis
601 3970 833 4028 Geticas
855 3976 916 4027 et
936 3970 1185 4028 Sciticas
1207 3975 1398 4028 terras
1421 3970 1724 4042 ingressus
1747 3985 1875 4044 rep-

224 4059 381 4134 perit
415 4059 492 4119 ibi
528 4060 809 4131 quasdam
853 4074 1071 4131 magas,
1115 4074 1260 4131 quas
1298 4060 1618 4117 alirumnas
1648 4060 1870 4130 dicunt,

225 4153 285 4207 et
308 4162 408 4206 eas
428 4152 734 4220 suspectas
756 4147 993 4219 habens,
1030 4162 1130 4220 per
1153 4146 1502 4205 solitudines
1528 4148 1757 4219 fugatas
1778 4162 1874 4204 ex-

226 4236 507 4295 turbavit.
546 4237 684 4293 Cum
708 4236 820 4294 hiis
843 4237 1149 4294 silvestres
1178 4236 1441 4295 homines
1470 4252 1617 4309 quos
1648 4238 1873 4295 Faunos

224 4325 460 4383 ﬂcaries
499 4325 704 4397 dicunt
742 4328 1043 4395 coeuntes,
1088 4325 1193 4382 hoc
1232 4318 1417 4397 genus
1451 4325 1871 4382 ferocissimum

224 4412 379 4471 inter
406 4413 703 4471 Mmotides
727 4411 969 4485 paludes
988 4417 1338 4485 genuerunt,
1375 4413 1531 4485 quod
1564 4418 1782 4470 tetrum
1812 4418 1873 4471 et

224 4501 394 4573 exile,
416 4502 513 4559 vix
535 4502 842 4558 humanam
867 4501 1171 4572 imaginem
1195 4506 1652 4574 repraesentans,
1674 4500 1872 4558 viden-

1983 3366 2096 3423 que
2138 3351 2209 3407 ad
2246 3349 3067 3422 equitandum‘premtissimi,
3109 3349 3367 3420 scapulis
3399 3348 3535 3404 latis
3565 3353 3628 3406 et

1983 3439 2055 3496 ad
2085 3454 2321 3496 arcuum
2353 3439 2752 3495 curvationem
2775 3442 2833 3494 et
2858 3437 3251 3508 sagittandum
3276 3437 3470 3507 periti,
3502 3451 3627 3493 cer-

1981 3528 2209 3585 vicibus
2240 3528 2423 3584 firmis
2451 3533 2509 3584 et
2543 3542 2774 3598 semper
2810 3526 3086 3598 superbia
3126 3526 3363 3596 erectis,
3406 3525 3628 3582 animos

1987 3617 2380 3674 ferocissimos
2426 3617 2708 3673 habentes
2736 3621 2792 3672 et
2828 3615 3085 3673 belluino
3132 3629 3291 3671 more
3336 3614 3622 3670 viventes.

1984 3706 2069 3762 Hii
2095 3722 2226 3764 cum
2249 3699 2458 3763 Athala
2484 3721 2621 3775 rege
2644 3722 2751 3763 suo
2776 3705 2985 3762 divinae
3010 3705 3281 3761 vindictae
3310 3702 3630 3760 necessita-

1984 3795 2183 3851 tibus‘
2207 3795 2663 3864 subservientes,
2709 3795 2842 3851 dum
2887 3793 3198 3851 Galliarum
3240 3794 3416 3849 urbes
3446 3797 3504 3849 et
3535 3806 3631 3848 ca-

1984 3881 2154 3941 stella
2188 3882 2360 3939 simul
2384 3886 2441 3937 et
2464 3883 2748 3939 ecclesias
2778 3886 3101 3951 vastarent,
3135 3882 3241 3938 hoc
3274 3895 3504 3952 quoque
3535 3895 3631 3937 ca-

1983 3976 2165 4028 strum
2186 3970 2241 4027 in
2260 3974 2515 4027 transitu
2536 3985 2640 4027 suo
2661 3971 3097 4027 subverterunt.
3123 3970 3293 4041 (Vita
3307 3970 3627 4041 Beregisi.)

1982 4059 2358 4130 Temporibus
2388 4063 2580 4115 autem
2612 4058 2862 4131 Pippini,
2898 4059 2992 4129 qui
3034 4056 3216 4128 major
3256 4056 3463 4114 domus
3501 4060 3629 4114 erat

1984 4149 2094 4206 sub
2115 4148 2470 4205 Theoderico
2494 4162 2650 4219 rege,
2673 4163 2821 4204 uxor
2838 4147 2964 4217 ejus
2981 4146 3314 4204 Plectrudis
3336 4145 3630 4203 Amberla-

1980 4251 2113 4294 cum
2137 4250 2260 4295 sum
2283 4236 2558 4293 dictionis
2582 4236 2781 4292 [iscum
2804 4236 3048 4307 parabat
3071 4234 3254 4304 adire,
3275 4238 3337 4291 et
3359 4249 3461 4306 per
3484 4249 3630 4306 pra:-

1982 4325 2202 4383 dictum
2236 4324 2424 4382 locum
2464 4325 2777 4395 transiens,
2813 4328 2927 4379 tam
2962 4323 3138 4381 taedio
3169 4326 3334 4380 vaste
3367 4321 3630 4379 solitudi-

1983 4414 2074 4472 nis
2103 4427 2273 4485 quam
2302 4414 2533 4470 fervore
2561 4413 2785 4469 aestatis
2807 4412 3090 4483 confecta,
3126 4411 3339 4467 ibidem
3364 4411 3421 4467 in
3445 4410 3629 4482 pratis

1984 4502 2310 4561 virentibus
2329 4501 2585 4559 decrevit
2606 4500 2963 4572 aliquamdiu
2989 4501 3379 4572 requiescere.
3405 4501 3626 4556 Etcum

222 4591 385 4647 tibus
409 4604 471 4647 se
493 4589 729 4646 nimium
759 4589 1061 4660 ingerebat
1096 4597 1381 4648 terrorem
1404 4591 1602 4648 vultus
1625 4590 1715 4650 sui
1741 4590 1873 4646 hor-
1901 4619 1953 4676 υ
1985 4598 2117 4664 post
2170 4594 2433 4648 exactam
2489 4591 2859 4648 refectionem
2914 4591 3156 4647 comites
3204 4591 3331 4661 ejus
3379 4588 3622 4658 longiori

225 4693 378 4750 rore,
413 4692 483 4735 eo
514 4677 669 4750 quod
711 4681 866 4734 esset
909 4678 1186 4736 deformis
1217 4684 1277 4735 ct
1306 4681 1651 4737 execrandis
1684 4679 1872 4749 nigre-

224 4766 395 4825 diuis.
426 4767 680 4824 Maribus
698 4780 863 4837 genas
886 4767 1259 4825 desiccantur
1279 4768 1300 4802 ³
1324 4774 1633 4841 antequam
1657 4767 1873 4825 lacten-

221 4860 342 4930 tur,
376 4861 438 4916 ut
465 4856 583 4928 jam
606 4860 746 4915 tunc
767 4856 1021 4913 tolerare
1054 4856 1313 4914 laborem
1343 4863 1658 4929 cogantur;
1690 4859 1871 4915 forma

1983 4695 2228 4747 sumpno
2261 4685 2688 4752 premerentur,
2722 4679 2846 4752 ipsa
2882 4679 3169 4737 curiosior
3201 4693 3304 4751 pro
3332 4677 3500 4749 equis
3531 4692 3627 4748 pa-

1983 4768 2304 4840 scentibus,
2336 4783 2407 4825 ne
2431 4783 2534 4841 per
2555 4768 2732 4825 silvas
2760 4772 3132 4839 vagarentur,
3164 4765 3446 4823 neminem
3474 4780 3628 4822 exci-

1984 4862 2115 4916 tans
2132 4858 2254 4916 sola
2275 4858 2561 4925 surrexit;
2586 4858 2871 4931 equisque
2895 4856 3231 4915 recollectis
3249 4856 3367 4928 jam
3390 4854 3623 4925 lassier,

1596 4955 1829 5011 VARUE
1856 4956 2257 5012 LECTIONES.

297 5052 315 5087 ¹
339 5052 434 5125 ita
462 5064 875 5125 corrnmaimts
900 5064 1103 5125 recens
1124 5065 1239 5125 pro
1270 5051 1622 5125 ablacensis.
1704 5052 1726 5125 _’
1757 5053 2409 5110 Haec—subverterunt
2439 5067 2479 5109 α
2508 5052 2761 5110 librario
2788 5051 3177 5125 postlluvium
3211 5053 3486 5125 Lumnam
3517 5051 3631 5125 cel-

226 5121 443 5196 logata,
473 5122 786 5196 sedaignis
813 5137 870 5196 a,
902 5122 956 5196 ι),
987 5136 1038 5193 c,
1057 5121 1233 5196 rem
1252 5137 1356 5179 suo
1382 5123 1787 5196 locegreposita
1807 5125 1971 5196 sunt.
2008 5125 2265 5196 Undejn
2284 5124 2480 5196 codice
2509 5121 2848 5196 originario
2886 5123 2959 5181 ab
3007 5123 3248 5181 auctore
3267 5122 3334 5180 in
3355 5123 3632 5195 margine

224 5192 692 5267 adjecta/uisse
710 5192 1030 5265 conﬁcias.
1099 5192 1121 5225 ⁸
1149 5199 1427 5252 secantur
1456 5192 1619 5253 Hist.
1649 5195 1822 5252 Misc.
1899 5195 1920 5228 ⁸
1948 5196 2044 5252 vel
2072 5194 2348 5252 nutibus?
2386 5195 2559 5252 nibus
2596 5192 2641 5252 1.
2671 5194 2937 5266 jussibus
2970 5196 3050 5252 1"
3090 5207 3299 5253 ecorr.

1804 5280 2005 5340 NOTAE
2019 5325 2031 5339 .

323 5398 389 5452 12
444 5397 502 5452 C.
541 5400 592 5464 1,
625 5398 677 5467 8,
718 5398 805 5453 62.

297 5394 411 5610 ἕπε)
444 5466 502 5523 c.
539 5472 627 5538 7e,
666 5469 755 5523 7s.

325 5539 411 5610 16)
441 5539 672 5597 Αωιπω
709 5550 805 5598 cas

329 5466 411 5538 ιε)
444 5466 502 5523 c.
539 5472 627 5538 76,
666 5466 755 5523 73.

325 5537 411 5611 16)
441 5537 672 5597 Ambra
709 5537 892 5598 castri
934 5538 1150 5598 nullam
1182 5542 1467 5614 praetcrea
1497 5540 1876 5598 mentionem-

1984 5398 2197 5471 iAnveni,
2242 5396 2635 5471 sedﬁneminis
2678 5398 2985 5471 vestigium
3017 5404 3210 5457 manet
3243 5399 3299 5456 in
3327 5398 3466 5456 villa
3495 5399 3630 5457 Am-

1988 5469 2229 5528 berloua:
2255 5470 2310 5525 S.
2342 5470 2604 5529 Huberto
2636 5469 2843 5526 vicina.

2058 5541 2171 5614 (15)
2206 5540 2623 5611 Corrigendum
2651 5545 2774 5599 237.
2807 5543 3059 5600 luncas.
