3948 6070
340 169 495 240 1348

331 327 466 388 dum
499 343 674 402 super
705 341 978 388 acervum
1023 326 1278 403 lapidum
1319 327 1401 385 ibi
1433 328 1580 386 forte
1629 331 1970 399 congestum
2000 311 2054 371 Α

330 419 642 490 resideret,
702 419 986 477 cartulam
1045 418 1348 490 quamdam
1407 417 1640 474 caelitus
1691 417 1971 489 allapsam

329 508 634 581 obstupuit
653 524 849 566 coram
864 524 925 565 se
940 509 1261 564 cadentem.
1280 507 1458 574 Quam
1476 506 1610 562 licet
1629 506 1835 578 pavida
1847 521 1975 562 cor-

331 597 536 670 ripuit,
569 603 628 654 et
659 598 873 654 nemini
904 599 1179 655 comitum
1213 611 1351 654 ausa
1383 595 1625 652 credere
1659 599 1973 665 secretum,

337 689 408 744 ad
460 688 648 744 virum
687 689 1038 760 quantocius
1079 685 1336 742 decrevit
1390 685 1822 742 revertendum.
1875 684 1978 740 Cui

336 791 466 832 cum
502 792 605 848 per
633 778 895 832 ordinem
922 774 1227 831 retulisset
1254 780 1526 831 eventum
1550 773 1834 842 miraculi,
1857 773 1974 843 ille,

337 870 580 922 evocato
600 865 874 934 Beregiso
904 864 1029 920 viro
1060 862 1400 933 venerabili,
1423 863 1517 932 qui
1539 869 1679 919 tunc
1699 863 1751 917 in
1773 861 1866 918 die
1893 876 1982 918 re-

340 955 451 1012 bus
465 957 898 1024 obsequebatur
915 953 1021 1023 eis,
1042 952 1324 1008 cartulam
1349 951 1433 1007 illi
1459 951 1675 1008 obtulit
1693 965 1982 1022 exponen-

343 1044 470 1098 dam
495 1044 624 1100 sibi.
649 1043 964 1100 Consultus
994 1041 1266 1098 sacerdos
1298 1041 1395 1096 Dei
1431 1039 1758 1112 respondit,
1790 1040 1982 1096 locum

342 1147 456 1202 quo
477 1133 678 1188 eadem
698 1130 924 1188 cartula
945 1131 1265 1199 deciderat,
1289 1144 1317 1186 a
1337 1131 1452 1185 Deo
1471 1144 1601 1185 esse
1619 1129 1894 1196 electum,
1911 1142 1984 1183 ex

347 1235 458 1290 quo
506 1219 821 1276 multorum
871 1219 1074 1274 animae
1125 1217 1375 1274 transire
1406 1217 1692 1272 deberent
1714 1217 1782 1272 ad
1808 1228 1986 1285 regna

337 1309 644 1366 caelorum.
679 1307 883 1380 Pipino
917 1321 1054 1363 vero
1085 1307 1491 1376 subjungcnte,
1536 1303 1672 1374 quid
1707 1303 1816 1361 sibi
1852 1303 1985 1358 inde
2064 1371 2072 1380 λ

343 1397 644 1452 videretur
678 1396 983 1466 agendum,
1014 1395 1320 1463 Bercgisus
1348 1398 1512 1464 rapta
1542 1393 1870 1460 occasione,
1900 1395 1987 1446 ut-

344 1491 482 1557 pote
514 1485 612 1556 qui
641 1485 756 1555 jam
787 1484 884 1540 diu
917 1483 1068 1554 apud
1103 1497 1164 1538 se
1199 1482 1624 1538 deliberaverat
1655 1479 1869 1536 mundo
1903 1493 1990 1534 re-

347 1572 490 1630 licto
532 1573 778 1630 liberius
813 1575 930 1628 Deo
973 1587 1202 1640 vacare,
1238 1569 1550 1627 subintulit
1588 1567 1860 1640 principi,
1897 1582 1985 1636 ne,

346 1668 626 1734 quantum
657 1663 712 1717 in
746 1677 808 1717 se
838 1665 1019 1730 esset,
1065 1661 1277 1717 divinae
1318 1659 1692 1730 dispositioni
1735 1659 1986 1726 deesset,
2024 1682 2074 1741 Β

348 1757 614 1824 paratum
657 1766 718 1807 se
752 1750 1130 1806 solitudinem
1180 1748 1337 1803 illam
1387 1747 1760 1803 excolendam
1811 1745 1994 1802 susci-

351 1855 507 1912 pere,
535 1840 583 1895 si
607 1854 732 1894 eam
755 1837 852 1894 ille
877 1839 988 1894 sibi
1011 1836 1379 1894 concederet.
1408 1835 1630 1892 Placuit
1658 1835 1769 1905 (16)
1795 1833 1996 1905 Pipino

350 1929 611 1998 Beregisi
635 1927 1028 1999 propositum,
1064 1925 1202 1981 licet
1231 1930 1577 1995 gravaretur
1607 1925 1932 1980 ammodum
1965 1937 1995 1979 a

349 2032 413 2075 se
445 2033 612 2074 suum
663 2015 937 2072 emittere
990 2015 1378 2070 karissimum.
1415 2013 1520 2069 Illo
1561 2018 1749 2069 tamen
1781 2012 1998 2084 saepius

351 2105 659 2162 insistente
688 2110 750 2162 ut
783 2119 903 2160 rem
939 2103 1286 2175 quantocius
1333 2102 1711 2171 acceleraret,
1759 2101 1999 2172 Pipinus

351 2208 481 2252 eum
513 2194 796 2250 comitatu
827 2191 1133 2249 curialium
1163 2206 1398 2248 suorum
1429 2190 1585 2247 venit
1611 2191 1684 2246 ad
1707 2189 1896 2246 locum
1920 2189 2002 2244 in-

353 2287 542 2340 ventae
571 2281 806 2338 cmlitus
837 2287 1035 2337 cartae.
1071 2281 1154 2336 Ibi
1189 2281 1337 2335 facta
1369 2277 1541 2348 legali
1575 2277 1910 2345 donatione,
1943 2280 1999 2332 et

356 2379 481 2428 rata
528 2386 724 2429 coram
773 2369 1139 2442 principibus
1167 2368 1290 2425 suis
1319 2366 1760 2438 astipulatione,
1813 2365 2001 2422 locum

357 2460 544 2532 ipsum
574 2465 859 2531 perpetuo
879 2457 1206 2515 habendum
1227 2456 1502 2526 Beregiso
1521 2454 1778 2524 donavit,
1799 2459 1856 2510 et
1877 2469 2005 2526 per-

357 2549 626 2608 lusu'atis
669 2548 882 2604 ﬁnibus
908 2548 1166 2618 ejusdem
1206 2545 1557 2613 donationis,
1595 2548 1790 2600 certas
1819 2547 2004 2598 metas

360 2653 464 2708 per
493 2639 808 2694 subnotata
839 2635 1090 2692 conﬁnia
1125 2633 1559 2689 disterminavit
1596 2652 1608 2687 :
1644 2631 1713 2688 ad
1741 2631 2007 2688 meridia-

361 2739 491 2781 nam
524 2724 750 2795 plagam
793 2723 946 2778 inter
985 2721 1314 2778 Divisioncs
1337 2719 1358 2752 ³
1390 2720 1524 2791 (17),
1560 2720 1630 2775 ad
1663 2719 2005 2776 orientalem

362 2813 588 2885 plagam
644 2811 866 2868 Mollem
926 2809 1294 2882 eampellum,
1352 2809 1422 2864 ad
1474 2808 1801 2880 aquilonem
1855 2808 2006 2864 inter

361 2901 753 2973 Campilonem
795 2906 854 2956 et
895 2899 1183 2968 Haletum,
1247 2899 1802 2967 Ferreummontem,
1855 2895 2008 2952 inter

359 2989 664 3047 Nasaniam
695 2993 750 3046 et
786 2992 1060 3045 Awanam
1083 2987 1124 3059 °,
1157 2986 1386 3044 Tabula)
1417 2987 1730 3056 fontanam,
1763 2985 1833 3041 ad
1861 2985 2010 3042 oeci.

361 3079 596 3135 dentem
627 3093 829 3151 rupem
862 3077 1322 3135 Sulmoniensem
1355 3079 1412 3134 et
1447 3074 1683 3132 ﬂuvium
1715 3074 2005 3131 Lumnam.

361 3169 434 3224 At
467 3167 775 3237 Beregisus
802 3166 1099 3224 continuis
1127 3164 1409 3221 insistens
1438 3163 1758 3232 laboribus,
1785 3162 2012 3220 solatiis

361 3256 536 3311 etiam
573 3254 950 3326 quorumdam
982 3253 1238 3310 ﬁdelium
1268 3252 1524 3323 adjutus,
1557 3251 1893 3308 silvestrem
1923 3265 2016 3308 so-

364 3341 671 3400 litudinem
713 3341 987 3415 purgavit
1017 3347 1074 3398 et
1109 3339 1486 3397 habitabilem
1521 3339 1676 3409 fecit,
1710 3353 1818 3396 nec
1850 3339 2014 3410 prius

363 3431 614 3502 abstitit,
664 3447 832 3503 quam
875 3429 1182 3488 ecclesiam
1225 3428 1378 3486 beati
1423 3428 1582 3484 Petri
1615 3428 2013 3500 apostolorum

363 3520 667 3592 principis,
722 3535 850 3591 qua
905 3520 962 3575 in
1010 3518 1256 3591 praefato
1316 3521 1516 3574 castro
1567 3515 1702 3572 olim
1756 3516 2016 3573 funditus

364 3623 567 3665 eversa
595 3609 804 3675 fuerat,
831 3623 859 3662 a
880 3605 1274 3664 fundamentis
1301 3609 1645 3672 restrueret,
1671 3609 1731 3660 et
1751 3603 2018 3662 collectis

367 3711 564 3752 secum
604 3697 902 3766 religiosis
942 3693 1178 3750 clericis
1217 3694 1448 3750 abbatis
1478 3678 1710 3750 nomine
1739 3697 1797 3749 et
1829 3693 2018 3750 ofﬁcio

369 3784 584 3840 ibidem
609 3786 722 3840 Deo
747 3783 1138 3840 militantibus
1164 3786 1464 3855 praeesset.
1511 3781 1774 3852 (Transl.
1797 3783 1866 3839 ις.
1891 3783 2018 3838 Hu-

369 3871 566 3944 berti.)
601 3872 725 3938 Quo
761 3878 894 3945 post
935 3873 1168 3930 labores
1212 3871 1382 3942 hujus
1428 3869 1919 3942 peregrinationis
1947 3869 2020 3926 ad

370 3961 674 4018 Dominum
716 3961 1002 4032 migrante
1043 3962 1180 4034 (18),
1225 3959 1399 4029 longo
1433 3963 1568 4031 post
1598 3965 1863 4030 tempore
1893 3973 2020 4016 suc-

371 4065 638 4107 cessores
679 4049 806 4120 ejus
837 4051 916 4108 ibi
952 4051 1478 4123 perseveraverunt
1514 4047 1569 4103 in
1601 4046 1858 4104 clericali
1901 4061 2022 4104 sce-

373 4143 549 4206 mate,
589 4139 776 4196 donec
819 4139 1110 4196 Ludovico
1155 4139 1253 4194 Pio
1292 4137 1644 4208 imperatore
1677 4135 1795 4191 ﬁlio
1825 4136 2016 4192 Karoli

2043 3032 2090 3094 C

1335 167 1810 241 CHRONICON
1837 171 1902 239 Β.
1938 169 2304 240 HUBERTI
2337 168 2704 242 ANDAGIN

3655 167 3829 237 1344

2084 326 2268 400 Magni
2300 331 2580 400 regnante
2626 327 2817 387 divina
2865 327 3172 402 dispositio
3219 327 3425 388 locum
3478 327 3824 386 eumdem

2084 417 2382 490 ampliavit
2413 419 2523 475 hoc
2560 417 2784 476 ordine.

2153 509 2207 564 2.
2244 506 2344 579 (4.)
2385 509 2522 579 Ejus
2549 507 2662 578 (19)
2696 511 2958 580 tempore
2998 515 3244 580 praeerat
3289 507 3643 580 ecclesias,
3677 505 3826 562 Lee»

2087 597 2270 654 diensi
2293 597 2524 668 quidam
2543 579 2888 654 veneranda:
2911 579 3204 654 memoriae
3227 579 3822 670 episcopustual-

2087 685 2309 743 caudus
2334 686 2389 742 in
2415 686 2814 743 instaurandis
2831 685 2856 720 ’⁷
2879 687 3056 744 rebus
3077 686 3524 744 ecclesiasticis
3563 701 3605 742 a
3621 701 3818 740 mmo-

2089 775 2223 832 dum
2255 775 2556 852 studiosus
2583 774 2621 829 ⁸.
2658 777 2728 832 Et
2761 780 2820 832 ut
2858 791 2962 847 per
2999 791 3306 833 excessum
3337 777 3417 832 de
3455 776 3624 848 ipsa
3673 775 3819 831 [£0-

2092 863 2277 949 diensi
2329 862 2470 920 sede
2519 863 2713 934 aliqua
2745 865 3080 921 necessario
3131 865 3432 936 dicantur,
3491 865 3813 920 eamdem

2091 951 2372 1023 episcOpii
2404 953 2598 1008 sedem
2632 954 2840 1010 beatus
2871 953 3131 1024 pontifex
3161 955 3472 1011 Huhertus
3505 955 3610 1010 ab
3659 954 3814 1009 urbe

2091 1039 2402 1109 Tongrensi
2428 1039 2566 1096 olim
2586 1041 2833 1110 Trajecti
2856 1047 3261 1113 permutatam,
3288 1044 3361 1098 ab
3383 1041 3644 1099 eodem
3677 1041 3809 1097 vico

2093 1129 2402 1184 transtulit
2429 1129 2677 1199 Legiam,
2715 1135 2779 1186 ut
2811 1131 2944 1200 quia
2977 1145 3083 1186 suo
3116 1135 3375 1204 tempore
3413 1144 3698 1201 magna
3733 1131 3810 1184 in-

2096 1215 2334 1273 dustriae
2367 1222 2426 1272 et
2459 1217 2768 1288 potestatis
2807 1219 3014 1288 viguit,
3058 1219 3343 1275 modicam
3383 1218 3707 1276 villulam
3755 1221 3805 1273 ia

2097 1305 2518 1362 nobilissimam
2536 1306 2834 1362 civitatem
2854 1312 2912 1363 et
2931 1307 3124 1364 sedem
3148 1307 3566 1380 episcopalem
3599 1309 3808 1364 susci—

2099 1393 2262 1464 tavit,
2288 1393 2616 1464 ibidemque
2637 1395 2798 1464 leges
2817 1395 3040 1466 publicl
3056 1396 3208 1466 juris
3225 1402 3284 1452 et
3305 1397 3606 1453 forenses
3637 1411 3807 1453 men-

2101 1496 2290 1553 suras,
2319 1498 2444 1553 qum
2469 1483 2655 1539 adhuc
2679 1490 3014 1554 supersunt,
3045 1485 3377 1542 constituit.
3413 1485 3560 1552 Quo
3602 1487 3800 1541 etiam

2101 1587 2230 1628 cum
2267 1586 2368 1643 per
2397 1570 2810 1628 revelationem
2845 1573 3096 1629 divinam
3129 1588 3258 1630 ossa
3291 1573 3797 1645 praedecessori:

2104 1660 2193 1716 sui
2226 1660 2379 1716 beati
2417 1661 2702 1716 Lamberti
2742 1662 3013 1730 martyris
3053 1663 3382 1733 retulisset,
3415 1677 3710 1734 eumque
3744 1664 3792 1718 in

2105 1747 2232 1803 loco
2252 1747 2512 1817 martyrii
2531 1747 2658 1816 ejus
2678 1749 2986 1820 scpcliens,
3002 1749 3310 1807 ecclesiam
3331 1751 3789 1806 condecentem

2107 1850 2282 1908 super
2305 1851 2436 1892 eum
2461 1836 2832 1908 aediﬁcasset,
2857 1839 2913 1894 in
2935 1839 3083 1910 pede
3107 1854 3341 1910 quoque
3364 1839 3790 1896 Publicimon-

2107 1925 2184 1980 tis
2205 1923 2262 1979 in
2287 1924 2502 1980 honore
2530 1925 2678 1981 beati
2704 1926 2860 1981 Petri
2885 1926 3130 1998 apostoli
3157 1926 3444 1998 templum
3477 1927 3780 1988 extruxit.

2109 2012 2207 2069 ubi
2241 2012 2598 2082 migraturus
2631 2012 2700 2069 ad
2733 2015 3031 2071 Dominum
3071 2015 3305 2087 sepeliri
3336 2029 3578 2086 corpus
3610 2029 3782 2072 suum

2111 2100 2444 2158 destinavit.
2478 2101 2654 2172 Cujus
2682 2103 3052 2158 sanctitatem
3079 2119 3208 2160 cum
3235 2105 3444 2160 crebra
3481 2103 3782 2160 miracula

2113 2189 2500 2260 declararent,
2532 2190 2625 2246 16°
2653 2205 2801 2247 anno
2831 2192 3196 2260 migrationis
3225 2207 3346 2250 suae
3373 2193 3496 2263 (‘10)
3523 2191 3782 2248 transla-

2111 2283 2211 2336 tus
2236 2279 2292 2334 in
2319 2278 2623 2336 ecclesiam
2656 2281 2810 2336 beati
2843 2281 3131 2338 Lamberti
3157 2297 3186 2338 a
3212 2282 3485 2354 prodicta
3514 2280 3780 2338 ecclesia

2116 2367 2270 2424 beati
2303 2367 2460 2424 Petri
2495 2367 2598 2438 (an
2624 2369 2773 2441 743),
2809 2369 3020 2426 ibidem
3052 2377 3369 2428 veneratus
3398 2375 3500 2427 est
3544 2385 3659 2444 per
3689 2385 3781 2427 an-

2115 2470 2220 2511 nos
2255 2457 2628 2527 septuaginta
2663 2457 2936 2528 quinque.

2185 2548 2236 2599 3.
2275 2545 2374 2615 (5.)
2405 2543 2667 2613 (Transl.
2697 2547 2767 2604 S.
2791 2546 3094 2620 Huberti.)
3126 2550 3290 2604 Anno
3311 2563 3455 2605 vero
3480 2549 3780 2605 mcarnati

2120 2633 2288 2690 Verbi
2318 2637 2441 2704 8'25,
2487 2641 2766 2704 regnante
2796 2642 2858 2692 ut
2892 2636 3110 2693 dictum
3158 2642 3250 2692 est
3301 2637 3610 2694 Ludovico
3659 2637 3780 2705 Pio,

2118 2736 2248 2778 cum
2275 2722 2423 2778 idem
2448 2723 2722 2794 princeps
2751 2724 3174 2782 ecclesiasticis
3205 2725 3382 2781 rebus
3413 2725 3703 2782 studeret
3729 2725 3780 2780 in

2120 2824 2297 2880 regno
2323 2825 2448 2880 suo,
2473 2813 2958 2882 congregationes
2981 2819 3316 2888 sanctorum
3341 2815 3434 2869 vel
3460 2819 3782 2870 construe-

2119 2902 2211 2954 ret
2261 2898 2352 2954 vel
2400 2899 2535 2956 olim
2587 2907 2960 2958 constructas
3008 2901 3334 2974 ampliaret,
3368 2901 3444 2958 ad
3475 2902 3594 2960 hoc
3628 2902 3778 2958 idem

2120 2988 2404 3057 agendum
2433 2989 2701 3060 exemplo
2723 3004 2828 3047 suo
2853 2989 3196 3048 informabat
3219 2995 3279 3046 et
3299 2989 3610 3048 civitatem
3643 3005 3778 3062 pon-

2123 3075 2310 3133 tiﬁces
2347 3081 2407 3133 et
2449 3077 2876 3148 provinciarum
2925 3079 3238 3152 principes.
3290 3080 3520 3136 [nterea
3572 3078 3775 3136 clerici

2120 3165 2382 3236 praefatae
2404 3165 2569 3223 cellae
2591 3167 2744 3222 beati
2778 3168 3036 3239 Beregisi
3069 3184 3197 3225 cum
3221 3169 3338 3238 jam
3368 3182 3535 3239 paene
3568 3167 3776 3224 deﬁce-

2123 3257 2274 3324 rent,
2309 3258 2516 3326 utpote
2549 3255 2604 3310 in
2637 3259 2753 3312 tam
2786 3261 2950 3314 vasta
2982 3259 3042 3313 et
3073 3256 3256 3313 sterili
3289 3258 3530 3314 heremo
3561 3256 3774 3312 consti-

2125 3341 2257 3412 tuti,
2281 3346 2523 3414 accepta
2545 3345 2852 3401 occasione
2875 3345 2985 3402 sibi
3009 3345 3376 3416 consulendi,
3395 3345 3473 3402 ad
3496 3343 3773 3402 Gualcau-

2124 3429 2257 3486 dum
2283 3431 2657 3488 Leodiensem
2680 3433 3018 3507 episcopum
3041 3448 3104 3490 se
3127 3432 3534 3505 contulerunt,
3559 3439 3619 3490 et
3642 3449 3770 3504 quo-

2126 3519 2297 3576 modo
2341 3521 2683 3591 praedictum
2722 3522 2914 3580 locum
2945 3537 3146 3580 eorum
3178 3522 3372 3579 divina
3407 3521 3766 3592 providentia

2129 3607 2409 3677 elegisset
2451 3624 2713 3680 quasque
2745 3611 2800 3666 in
2831 3625 2901 3667 eo
2935 3614 3280 3683 paterentur
3311 3609 3655 3679 necessitas,
3688 3608 3766 3662 illi

2127 3697 2482 3753 retulerunt.
2501 3698 2755 3756 Lzetatus
2772 3699 2868 3754 ille
2888 3713 2948 3756 se
2967 3699 3256 3755 invenisse
3269 3698 3764 3770 opportunitatem

2129 3783 2304 3840 saluti
2345 3800 2464 3842 sum
2497 3787 2861 3859 providendi,
2895 3787 2942 3845 si
2977 3787 3033 3844 in
3061 3787 3264 3844 eodem
3292 3786 3421 3842 loco
3453 3785 3765 3842 collabora-

2131 3876 2220 3929 ret
2250 3874 2538 3931 voluntati
2573 3875 2803 3946 divinm,
2839 3875 3170 3932 omnimoda
3206 3875 3528 3931 intentione
3561 3875 3617 3928 id
3646 3889 3764 3930 exe-

2131 3961 2344 4032 quendi
2374 3977 2573 4020 curam
2605 3965 2898 4036 concepit,
2929 3968 2990 4020 et
3013 3965 3254 4036 juvante
3287 3965 3402 4019 Deo
3434 3961 3489 4017 in
3526 3977 3762 4034 prasen-

2129 4053 2244 4107 tem
2275 4055 2492 4108 statum
2522 4053 2851 4111 suscitavit.
2878 4056 3015 4110 Nam
3037 4057 3396 4109 commutato
3427 4050 3631 4108 ordine
3657 4051 3763 4106 cle-

2131 4138 2320 4209 ricali,
2351 4154 2500 4196 anno
2525 4141 2831 4198 dominica:
2857 4141 3275 4198 incarnationis
3297 4145 3422 4209 817,
3456 4144 3490 4196 4
3511 4140 3642 4196 ldus
3662 4142 3761 4195 Au-

1742 4287 1978 4342 VARle
2010 4286 2410 4346 LECTIONES.

445 4404 466 4438 ⁸
499 4405 798 4462 diusiones
833 4409 888 4459 1.

387 4491 538 4534 nuus
565 4487 867 4548 superscr.
912 4474 1001 4530 vel
1029 4474 1332 4532 studiosus
1363 4479 1417 4528 1.

973 4403 995 4476 ἦ
1021 4405 1334 4476 Awannam
1362 4401 1530 4473 prio.
1613 4399 1634 4433 τ
1659 4400 2056 4459 ministrandis
2085 4412 2380 4476 superscr.
2416 4407 2618 4464 eadem
2637 4421 2823 4464 manu
2854 4406 2944 4462 vel
2975 4405 3374 4464 instaurandis
3406 4410 3461 4460 1.

3575 4402 3598 4436 ⁸
3627 4407 3759 4460 stre-

1962 4587 2186 4646 NOTIE.

451 4719 565 4792 (16)
597 4716 911 4792 sequentia
942 4720 1146 4792 auctor
1168 4714 1312 4792 Vita;
1336 4713 1578 4792 brevius
1590 4715 1794 4792 narrat
1813 4729 1840 4792 ;Δ
1859 4711 2028 4792 plura

381 4783 666 4860 addit’qui
691 4783 1307 4860 privilegiumPippini
1329 4783 1630 4860 conﬁnxit,
1653 4783 1948 4860 servatum
1969 4783 2026 4860 in

381 4862 514 4919 cod.
565 4853 706 4918 oliui
743 4861 796 4914 S.
833 4853 1098 4924 llu'berti,
1150 4853 1300 4913 nunc
1349 4857 1618 4911 Namure.
1653 4869 1706 4908 n.
1741 4857 1792 4922 5,
1833 4853 1926 4908 fol.
1962 4857 2030 4908 89

379 4934 600 4989 editum
635 4932 689 4986 in
722 4931 898 4986 Mil‘tBl
935 4932 1078 5000 Opp.
1114 4927 1262 4998 Dipl.
1309 4927 1569 5000 ll,_1125.

454 5005 566 5076 (17)
602 5026 620 5052 σι
659 5004 770 5076 Des
804 4992 1118 5076 borne's'en
1155 4992 1767 5076 p'ierre'l'ormaient‘la
1801 4992 2032 5076 separa-

386 5068 506 5128 tion
534 5068 700 5130 cntre
725 5073 776 5127 la
801 5068 1226 5142 seigneurie'de
1248 5068 1598 5124 Neufchatea
1611 5069 1724 5142 umet
1749 5068 2032 5135 quelques

384 5144 628 5213 villages
661 5145 732 5199 de
763 5143 813 5199 la
849 5137 1092 5214 prévdte
1124 5141 1194 5196 de
1227 5142 1537 5214 Bastogne.
1572 5157 1599 5189 ››
1633 5137 1922 5214 Bessum,
1959 5151 2033 5191 ex

390 5207 622 5284 Autiqq.
647 5207 904 5284 Andag'g.
932 5211 1122 5284 medio
1145 5210 1362 5284 sreculo
1385 5207 1634 5284 septimo
1655 5207 1884 5284 decimo
1902 5221 2038 5262 con-

387 5276 644 5355 scriptis.
667 5276 1144 5354 ldem's'equentia
1168 5282 1392 5337 nomina
1409 5276 1668 5355 explicat
1690 5297 1702 5332 :
1722 5276 2036 5355 Μοοζιαυῳ

387 5385 450 5394 —-
474 5348 878 5422 Ukamplon—
893 5348 989 5410 Ha
1000 5355 1242 5409 lleuw--—
1257 5365 1369 5408 eme
1401 5348 1558 5420 ﬁgite
1587 5350 1815 5422 fames
1838 5348 1907 5404 de
1926 5349 2036 5404 mi-

389 5427 563 5482 narat
582 5419 763 5495 defer
779 5438 842 5478 θη
853 5425 947 5495 tre
959 5426 1035 5495 (le
1043 5424 1277 5495 emptae
1295 5419 1716 5495 et_Halleuw-_—_
1730 5419 2038 5495 Nessong

391 5529 459 5538 —
480 5489 736 5555 Ameriae
749 5526 817 5534 —
841 5495 899 5550 ιιι
915 5489 1249 5560 Masble'tte,
1269 5493 1548 5550 ruisseau
1563 5492 1671 5562 qui
1693 5489 1956 5547 traversa
1977 5489 2040 5546 la

2135 4716 2337 4846 12ιέξὲῗῆ
2339 4719 2426 4846 ede
2455 4716 2884 4776 Font-d-Bulat
2909 4748 2978 4758 —
3007 4715 3072 4774 la
3107 4715 3282 4774 recite
3317 4713 3592 4773 Salmaci!
3614 4743 3681 4754 -—
3706 4715 3763 4770 le

2187 4802 2385 4846 οφηυιε.

2213 4859 2324 4931 (18)
2358 4859 2558 4932 Adhuc
2589 4875 2738 4916 anno
2772 4860 2975 4932 quinto
3005 4856 3368 4932 Theoderici,
3403 4856 3438 4910 i.
3473 4859 3651 4932 e_.7'2t
3678 4855 3763 4911 vel

2139 4926 2264 5000 7‘25,
2299 4926 2668 5002 donationem
2699 4926 2926 5002 accepit
2950 4945 2978 4985 a
3002 4929 3334 4985 Grimberto
3364 4926 3586 4994 comite,
3623 4929 3760 4984 teste

2141 5008 2382 5058 auctore
2410 5002 2555 5058 Vitae
2587 5001 2642 5056 in
2677 5001 2940 5072 prologo.

2215 5072 2328 5144 (19)
2361 5075 2477 5128 Hoc
2510 5067 2688 5143 caput
2717 5087 2748 5128 e
2779 5067 3109 5144 Sflluberti
3143 5069 3269 5124 Vita
3293 5067 3758 5144 ettranslatione,

2145 5139 2404 5214 He'rig'eri
2437 5160 2486 5199 e.
2530 5139 2618 5211 28,
2653 5146 2710 5196 ct
2733 5142 2999 5214 Anselmi
3033 5156 3081 5196 e.
3119 5145 3184 5214 id
3211 5139 3592 5196 concinnavit.

2215 5211 2329 5285 (20)
2364 5217 2524 5270 Anno
2555 5218 2585 5268 3
2614 5213 3006 5285 Carlomanni;
3042 5211 3175 5266 anni
3204 5215 3295 5285 75,
3325 5223 3470 5285 quos
3498 5223 3562 5285 ex
3589 5213 3760 5285 trans-

2146 5280 2380 5342 lationis
2440 5285 2680 5341 historia
2740 5283 3010 5354 sumpsit,
3071 5282 3380 5354 terminum
3434 5280 3640 5354 habent
3671 5280 3759 5354 in-

2147 5357 2516 5414 stitntionem
2555 5350 3004 5422 monachorum,
3030 5367 3143 5408 non
3176 5350 3603 5410 translationem
3635 5351 3759 5408 alte-

2149 5441 2295 5483 ram.
