3948 6070
161 236 311 306 1345

1150 234 1624 308 CHRONICON
1654 241 1720 302 S.
1759 235 2120 302 HUBEHTI
2150 234 2542 302 ANDAGIN.

3402 230 3554 298 1346

150 395 303 465 gusti
328 396 384 451 in
407 393 502 452 die
525 396 713 452 sancti
737 390 1031 453 Laurentii
1061 395 1356 466 martyris,
1384 394 1797 451 monachorum
1827 376 1881 430 Î‘
1908 392 2209 449 Trinitate.
2226 393 2300 448 Su
2311 397 2579 464 pererant
2607 392 2720 449 duo
2743 392 2928 449 totius
2950 390 3085 447 anni
3107 390 3411 461 omeliarii,
3434 391 3556 461 qui-

153 483 229 538 ibi
261 484 599 554 religionem
620 484 947 553 constituit,
984 484 1287 555 dispositis
1307 485 1392 540 eis
1415 481 1801 554 possessioni-

155 572 262 627 bus
283 576 342 627 et
368 571 634 642 legaliter
657 572 1013 628 confirmatis
1044 572 1100 627 in
1134 577 1450 644 posterum,
1487 586 1613 642 quae
1642 570 1804 627 suill-

154 664 357 716 cerent
380 659 583 716 usibus
614 660 694 716 ibi
715 661 832 716 Deo
854 660 1251 716 servientium.
1286 660 1683 716 Constitutum
1711 662 1799 715 est

155 748 329 803 etiam
351 762 425 803 ex
442 748 729 805 communi
764 748 1002 805 decreto
1034 752 1100 804 ut
1120 748 1190 804 de
1224 748 1512 804 reditibus
1538 746 1802 804 donatio-

156 851 288 892 num
323 851 449 906 quas
482 836 648 893 factae
682 837 909 893 fuerant
967 838 1138 893 beato
1172 836 1466 906 Beregiso,
1499 836 1571 891 ab
1602 832 1801 892 e'orum

157 924 637 995 procuratoribus
661 925 733 980 ad
756 924 946 982 locum
967 925 1157 997 ipsum
1176 923 1507 979 deferretur
1525 924 1581 979 in
1601 922 1801 978 eadem

159 1010 251 1066 die
275 1011 567 1067 annuatim
591 1011 831 1082 oblatio,
849 1016 910 1069 ut
934 1026 1006 1068 ex
1024 1012 1133 1069 hoc
1157 1011 1213 1067 in
1249 1014 1547 1083 posterum
1571 1014 1627 1066 et
1654 1010 1807 1081 prio-

161 1098 241 1155 ris
271 1100 679 1170 acquisitionis
706 1105 761 1156 et
802 1101 1141 1171 posterioris
1168 1099 1486 1171 adjumenti
1512 1098 1807 1155 discerne-

161 1191 324 1243 retur
345 1187 745 1245 ecclesiastica
770 1190 1092 1261 possessio.
1128 1190 1253 1254 Quo
1285 1188 1420 1245 dum
1446 1188 1645 1259 plures
1671 1201 1807 1243 con-

159 1280 486 1346 currerent,
519 1281 581 1333 ut
613 1277 671 1331 in
701 1281 819 1334 tam
852 1280 1075 1333 remota
1106 1278 1342 1333 heremo
1367 1280 1530 1333 tanto
1560 1275 1807 1332 liberius

159 1369 378 1433 quanto
399 1370 457 1420 et
478 1365 767 1423 secretius
790 1368 906 1423 Deo
928 1371 1227 1435 vacarent,
1256 1366 1488 1436 quidam
1511 1364 1685 1421 etiam
1712 1378 1808 1419 no-

163 1450 401 1507 biliores
425 1451 625 1508 clerici
650 1453 720 1508 de
741 1453 995 1510 ecclesia
1021 1453 1177 1509 beati
1200 1452 1488 1508 Lamberti
1511 1466 1582 1508 eo
1602 1465 1810 1508 conve-

162 1545 393 1609 nerunt,
440 1544 781 1613 mutatoque
831 1541 1035 1598 habitu
1067 1541 1140 1598 ad
1180 1545 1578 1612 contemptum
1612 1538 1808 1595 mundi

162 1640 226 1682 se
258 1626 418 1698 ipsos
444 1628 697 1685 viriliter
719 1629 1116 1687 accinxerunt.
1154 1629 1244 1684 Ilii
1268 1644 1461 1686 secum
1487 1627 1811 1683 deliberate

1913 481 2021 537 bus
2035 481 2354 549 renovatis,
2387 480 2650 536 hiemalis
2664 480 2837 537 datus
2850 484 2944 537 est
2960 480 3014 534 in
3046 478 3558 535 elemosinaeccle-

1913 568 2014 625 site
2037 568 2425 624 Giviniacensi
2450 569 2562 641 (22)
2586 568 2868 624 :estivalis
2888 582 3025 623 vero
3048 568 3258 623 missus
3285 571 3375 622 est
3394 565 3558 622 cellae

1913 657 2138 713 Pirensi
2157 657 2290 728 (23).
2308 659 2386 712 De
2409 657 2792 713 translatione
2822 661 3014 713 autem
3038 656 3189 711 beati
3206 654 3445 711 Huberti
3469 669 3561 710 ce-

1914 751 2041 802 tera
2066 745 2314 802 reticere
2337 747 2695 814 censuimus,
2714 746 2864 815 quod
2882 745 3211 801 evidentius
3223 748 3280 799 et
3298 743 3474 799 latius
3493 757 3559 798 ea

1915 833 2490 904 enumeratejusdem
2512 834 2916 890 translationis
2933 834 3432 905 propriustextus.
3449 828 3561 886 Sed

1916 930 1973 979 et
1999 923 2109 980 hoc
2129 922 2399 981 nimirum
2431 938 2561 980 cum
2597 924 2675 979 sit
2707 928 2899 979 actum
2931 922 3123 977 divina
3152 921 3343 990 gratia
3374 919 3565 991 dispo-

1917 1016 2113 1083 nente,
2150 1012 2311 1068 credi
2368 1011 2757 1083 probabiliter
2786 1014 3006 1083 potest,
3037 1011 3301 1067 eumdem
3332 1009 3564 1064 beatum

1916 1100 2247 1172 pontificem
2263 1100 2318 1155 in
2332 1099 2460 1157 loco
2476 1115 2588 1171 quo
2607 1100 2959 1157 venerabilis
2978 1099 3286 1168 Beregisus
3307 1096 3566 1167 quiesce-

1918 1189 2038 1259 bat,
2070 1176 2132 1246 se
2159 1202 2388 1259 quoque
2429 1188 2686 1245 voluisse
2716 1193 3021 1259 gratanter
3062 1187 3389 1258 quiescere.
3429 1186 3568 1241 Fue-

1920 1282 2054 1334 runt
2087 1277 2337 1348 denique
2366 1278 2837 1349 contemporales
2867 1277 3126 1346 ejusdem
3167 1276 3282 1332 loci
3312 1273 3566 1331 studiosi

1921 1370 2354 1437 cooperatores.
2390 1366 2593 1422 Decuit
2641 1381 2781 1436 ergo
2811 1371 2875 1421 ut
2904 1380 3164 1435 quorum
3186 1364 3321 1419 dum
3353 1363 3409 1417 in
3438 1375 3565 1418 eor-

1921 1469 2064 1525 pore
2088 1460 2389 1511 manerent
2411 1454 2684 1523 viguitab
2700 1454 2946 1510 invicem
2963 1452 3350 1521 familiaritas,
3367 1465 3566 1507 eorum

1923 1544 2100 1600 etiam
2140 1548 2524 1600 veneraretur
2545 1558 2573 1598 a
2600 1543 2911 1599 devotione
2960 1541 3216 1598 fidelium
3241 1542 3297 1595 in
3331 1555 3445 1596 uno
3473 1554 3569 1596 eo-

1926 1631 2056 1687 dem
2088 1631 2216 1687 loco
2250 1632 2551 1687 beatorum
2584 1646 2896 1702 corporum
2922 1630 3198 1685 societas.
3236 1628 3400 1695 Quod
3431 1642 3568 1684 vero

162 1714 409 1772 consilio
422 1716 685 1773 eumdem
700 1717 890 1774 locum
910 1719 1095 1775 adhuc
1116 1716 1421 1774 honestius
1439 1714 1809 1785 sublimandi,
1842 1722 1896 1781 B
1924 1720 2283 1791 temporales
2298 1721 2533 1789 fuerint,
2552 1720 2601 1776 si
2618 1720 2748 1790 quis
2768 1720 2991 1776 certius
3015 1733 3184 1775 nosse
3206 1717 3482 1787 voluerit,
3497 1731 3571 1773 ex

165 1801 488 1873 praesertim
520 1819 650 1861 cum
683 1805 739 1861 in
773 1807 883 1862 hoc
927 1806 1053 1878 ipso
1086 1804 1440 1877 patrocinari
1472 1803 1585 1859 sibi
1616 1816 1814 1874 spera-

167 1897 298 1948 rent
346 1892 599 1949 favorem
640 1894 957 1965 pontificis,
1012 1894 1309 1966 petierunt
1343 1894 1414 1948 ab
1471 1908 1539 1949 eo
1573 1892 1819 1947 transfe-

169 1981 410 2038 rendum
444 1980 543 2039 illo
575 1998 789 2054 corpus
832 1984 986 2039 beati
1018 1982 1283 2051 Huberti,
1318 1983 1654 2038 asserentes
1687 1978 1815 2036 urbi

171 2069 437 2127 sufficere
466 2072 857 2142 patrocinium
882 2072 1037 2129 beati
1062 2070 1371 2128 Lamberti.
1400 2069 1537 2136 Quae
1568 2084 1663 2125 res
1682 2068 1820 2125 licet

173 2173 277 2230 pro
296 2160 384 2215 sui
407 2159 803 2229 magnitudine
829 2160 1066 2217 nimium
1084 2158 1337 2216 difficilis
1356 2158 1659 2214 videretur
1681 2172 1821 2228 pon-

171 2246 333 2317 tifici,
362 2247 555 2304 divina
580 2254 769 2304 tamen
785 2248 995 2319 gratia,
1013 2249 1105 2305 cui
1130 2248 1304 2305 nichil
1328 2251 1419 2303 est
1437 2245 1817 2318 impossibile,

167 2334 345 2405 justis
357 2334 473 2406 peti
483 2335 739 2391 tionibus
753 2336 1102 2392 acceleravit
1117 2335 1554 2391 eifectum.Nam
1570 2333 1821 2390 collecta

172 2422 584 2494 episcoporum
600 2423 821 2493 synodo
846 2423 1184 2496 provinciali
1199 2438 1267 2494 ap
1282 2422 1351 2477 21d
1365 2413 1824 2479 ecclesiam'bea-

177 2514 250 2566 tae
274 2511 463 2569 Mariae
494 2512 843 2582 Aquisgrani
878 2512 1099 2584 palatii,
1126 2512 1454 2568 Ludovicus
1485 2511 1618 2583 pius
1647 2514 1705 2565 et
1738 2524 1825 2566 re-

173 2596 752 2669 ligiosusimperator
767 2600 1057 2655 interesse
1070 2597 1258 2655 voluit
1279 2597 1700 2654 ecclesiasticis
1714 2597 1827 2653 uti-

174 2684 444 2743 litatibus
477 2686 690 2743 ibidem
740 2687 1141 2759 disponendis.
1176 2687 1262 2743 lbi
1293 2701 1423 2743 cum
1455 2685 1824 2743 Gualcaudus

178 2775 425 2831 referret
475 2774 781 2832 consilium
815 2776 886 2832 de
936 2775 1347 2832 transferendo
1396 2788 1641 2847 corpore
1670 2772 1824 2829 beati

178 2863 424 2920 Huberti
456 2864 528 2919 ad
580 2863 769 2920 locum
803 2864 1185 2935 Andaginum,
1222 2862 1415 2920 divina
1447 2862 1827 2935 dispositione

182 2952 447 3025 praedicti
470 2953 749 3024 principis
770 2957 827 3010 et
855 2953 1035 3010 totius
1055 2952 1257 3024 synodi
1283 2952 1415 3008 inde
1436 2951 1827 3008 voluntarium

1926 1810 2114 1879 gestis
2140 1810 2491 1865 Francorum
2517 1808 2629 1880 (24)
2666 1823 2770 1880 per
2799 1812 3063 1879 tempora
3110 1822 3310 1877 regum
3342 1811 3401 1862 et
3419 1806 3574 1877 prin-

1930 1898 2121 1968 cipum
2158 1897 2393 1969 probari
2431 1897 2667 1968 poterit.
2716 1897 2955 1968 Pipinus
2976 1896 3127 1951 enim
3161 1896 3380 1967 primus
3402 1894 3576 1965 hujus

1931 1986 2182 2043 nominis
2206 1989 2315 2043 sub
2345 1987 2618 2043 Lothario
2650 2000 2807 2056 rege,
2843 1986 2941 2057 qui
2973 1985 3082 2042 fuit
3114 1984 3266 2040 filius
3298 1983 3578 2055 Ililperici

1932 2090 2003 2131 ex
2026 2075 2428 2146 Fredegunde,
2455 2075 2571 2132 dux
2593 2081 2653 2131 et
2676 2074 2857 2143 major
2877 2074 3082 2131 domus
3103 2074 3324 2142 extitit,
3346 2073 3582 2143 negotia

1932 2164 2095 2233 regni
2126 2163 2444 2234 disponens
2497 2179 2627 2220 cum
2666 2163 2901 2219 domino
2951 2162 3268 2218 Cuniberto
3297 2160 3580 2231 archiepi-

1931 2266 2112 2324 scopo
2136 2251 2488 2308 Coloniensi.
2524 2252 2630 2318 Qui
2656 2253 2764 2307 sub
2794 2252 3032 2321 regibus
3062 2249 3389 2319 Dagoberto
3411 2253 3468 2304 et
3497 2249 3579 2303 Si-

1932 2341 2164 2410 giberto
2184 2339 2461 2396 nobiliter
2475 2346 2536 2395 et
2550 2340 2845 2410 sapienter
2868 2354 2931 2394 se
2953 2352 3130 2408 agens
3146 2337 3574 2409 perseveravit;

1934 2428 2029 2484 hic
2049 2427 2341 2498 genuitcx
2364 2427 2499 2483 Idda
2520 2442 2702 2484 uxore
2739 2441 2843 2483 sua
2869 2427 3046 2483 nobili
3071 2433 3130 2482 et
3152 2425 3424 2495 religiosa
3455 2426 3577 2480 Gri-

1935 2515 2227 2572 moaldum
2258 2523 2318 2572 et
2351 2517 2619 2585 Beggain,
2654 2520 2714 2571 et
2746 2517 2974 2571 beatam
2998 2514 3360 2570 Gertrudem.
3390 2515 3579 2583 Begga

1934 2618 2074 2661 vero
2098 2608 2276 2675 nupta
2329 2604 2609 2673 Ansegâ€™iso
2634 2604 2769 2659 duci
2800 2605 3000 2673 genuit
3032 2603 3181 2659 hunc
3205 2607 3468 2659 nostrum
3492 2602 3581 2658 Pi-

1938 2693 2135 2765 pinum
2159 2693 2479 2749 secundum
2513 2692 2686 2762 hujus
2709 2693 2978 2761 nominis,
3005 2695 3270 2763 tempore
3305 2690 3580 2747 Hilderici

1938 2788 1998 2839 et
2025 2781 2367 2839 Theoderici
2386 2797 2604 2851 regum.
2635 2783 2750 2838 Sub
2765 2783 2873 2837 hoc
2890 2780 3184 2837 Hilderico
3205 2781 3411 2837 beatus
3427 2780 3584 2836 Lam-

1942 2870 2143 2926 bertus
2163 2871 2559 2939 Tregentcmsi
2581 2868 2603 2902 â¹
2628 2870 2831 2939 viguit.
2854 2868 3244 2925 Theodericus
3262 2873 3455 2924 autem
3480 2882 3585 2924 rex

1941 2962 2003 3015 ut
2045 2962 2172 3014 erat
2222 2958 2545 3014 hebetioris
2603 2958 2839 3028 ingenii,
2898 2958 3178 3014 abusione
3243 2957 3583 3028 nequissimi

182 3040 439 3097 obtinuit
466 3055 790 3106 assensum,
839 3042 1056 3099 indicta
1089 3042 1141 3097 ei
1183 3040 1536 3110 corditione,
1568 3045 1631 3097 ut
1662 3043 1828 3095 tanto
1862 3075 1911 3138 ÎŸ
1942 3036 2202 3107 Ebroini,
2240 3038 2337 3107 qui
2371 3042 2495 3092 erat
2552 3038 2732 3108 major
2788 3036 2997 3093 domus
3051 3037 3198 3107 ejus,
3259 3036 3584 3093 ammodum

183 3128 445 3201 pontifici
463 3131 902 3186 convenientem
927 3130 1233 3202 ampliaret
1256 3131 1556 3198 honorem,
1573 3132 1629 3184 et
1655 3128 1830 3184 colle-

184 3218 300 3273 ctis
324 3217 533 3273 ibidem
559 3219 840 3275 fratribus
868 3223 981 3273 tam
1005 3219 1398 3290 praesentibus
1421 3232 1592 3289 quam
1617 3217 1831 3273 futuris

185 3305 277 3363 vel
299 3306 555 3376 posteris
568 3312 804 3363 curaret
822 3322 1047 3364 omnem
1062 3306 1377 3364 excludere
1391 3306 1826 3363 necessitatem.

186 3395 518 3451 Constituta
550 3409 690 3450 vero
722 3396 815 3451 die
840 3397 909 3452 ad
942 3411 1061 3451 rem
1086 3395 1485 3466 exequendam
1518 3396 1645 3465 ipse
1679 3395 1832 3465 prin-

185 3497 325 3555 ceps
352 3483 619 3539 Lcodium
644 3485 823 3555 venit,
857 3490 1067 3541 etcum
1103 3484 1355 3556 palatina
1384 3490 1499 3540 tum
1525 3484 1701 3540 etiam
1733 3498 1831 3553 po-

187 3572 375 3643 pulari
403 3573 728 3644 frequentia
760 3588 975 3645 corpus
1010 3578 1273 3629 sanctum
1297 3573 1452 3643 quod
1478 3587 1609 3629 cum
1642 3570 1833 3628 loculo

187 3675 291 3716 suo
311 3660 541 3732 lapideo
568 3664 1055 3731 transferebatur,
1073 3662 1447 3717 devotissime
1462 3666 1830 3731 prosecutus,

186 3749 400 3804 Mosam
425 3747 567 3805 illud
594 3750 959 3822 transposuit
979 3765 1108 3805 cum
1134 3750 1345 3805 divinis
1377 3749 1604 3819 hymnis
1634 3752 1691 3803 et
1716 3748 1836 3803 lau-

187 3836 360 3892 dibus
382 3835 501 3906 (an.
530 3840 653 3907 825,
677 3838 841 3909 Sept.
869 3842 980 3910 30)Í¾
1003 3838 1096 3894 cui
1119 3838 1295 3893 etiam
1321 3836 1500 3893 multa
1523 3836 1671 3892 dona
1704 3851 1836 3891 con-

186 3925 325 3983 tulit
348 3925 504 3995 regia
533 3925 867 3996 largitione,
896 3926 1176 3997 quaelicct
1202 3926 1561 3998 depcrierint
1585 3924 1672 3982 vel
1698 3929 1839 3980 tem-

188 4029 391 4087 porum
413 4019 728 4084 vetustate,
752 4015 847 4071 vel
865 4020 1228 4072 vastatorum
1248 4014 1653 4084 distractione,
1669 4028 1738 4069 ex
1751 4013 1839 4069 eis

188 4107 381 4159 tamen
405 4102 668 4174 quaedam
685 4103 900 4159 nostris
924 4103 1109 4160 adhuc
1126 4104 1491 4175 temporibus
1522 4106 1838 4173 supersunt

187 4191 475 4248 ecclesiae.
495 4194 567 4247 Su
576 4192 1044 4263 pcrestoptimus
1057 4199 1395 4249 sanctorum
1410 4190 1841 4261 evangeliorum

189 4285 413 4351 textus,
460 4294 603 4337 auro
634 4279 992 4351 gemmisque
1026 4285 1300 4351 paratus;
1332 4286 1603 4351 superest
1632 4277 1848 4351 psalte-

191 4369 340 4426 rium
365 4384 508 4425 auro
544 4368 830 4440 scriptum
865 4384 968 4441 per
999 4369 1179 4426 denos
1213 4370 1467 4441 psalmos
1497 4368 1847 4440 capitalibus

1943 3125 2095 3197 apud
2120 3127 2368 3181 Francos
2390 3125 2580 3181 viluit.
2610 3126 2722 3181 Nec
2747 3124 2932 3181 multo
2948 3130 3082 3196 post
3106 3125 3457 3193 Hildericus,
3486 3124 3586 3194 qui

1943 3219 2071 3269 erat
2087 3213 2471 3286 potentior,in
2486 3214 2749 3270 venando
2765 3214 3387 3285 interiit,interceptus
3402 3228 3431 3268 a
3447 3228 3586 3283 quo-

1944 3303 2073 3359 dam
2108 3302 2384 3359 Bodilone
2418 3302 2615 3372 nobili,
2654 3318 2821 3373 quem
2851 3307 3054 3358 contra
3089 3302 3273 3372 legem
3303 3302 3586 3372 majorum

1945 3392 2015 3447 ad
2040 3392 2301 3463 stipitem
2327 3392 2567 3461 ligatum
2593 3393 2813 3447 fecerat
2836 3392 3011 3457 caedi;
3046 3396 3102 3447 et
3138 3406 3267 3447 cum
3292 3397 3423 3462 post
3456 3405 3588 3448 eum

1943 3480 2336 3537 Theodoricus
2360 3486 2545 3537 totum
2570 3482 2928 3552 percepisset
2951 3495 3211 3550 regnum,
3239 3480 3416 3536 tertio
3438 3493 3587 3535 anno

1946 3572 2057 3642 ('25)
2082 3570 2404 3641 praedictus
2427 3570 2667 3641 Pipinus
2691 3570 2957 3640 Ansegisi
2982 3575 3037 3626 et
3066 3572 3270 3639 Beggm
3295 3569 3449 3625 ï¬lius
3473 3572 3589 3625 dux

1948 3659 2381 3715 Austrasiorum
2398 3659 2585 3714 factus
2601 3658 2865 3730 invaluit,
2882 3662 2943 3714 et
2958 3660 3196 3714 Beatum
3220 3659 3589 3714 Lambertum

1948 3748 2324 3817 suggestione
2343 3748 2575 3803 ribroini
2595 3752 2650 3803 et
2677 3749 2927 3803 factione
2951 3748 3317 3804 Coloniensis
3331 3748 3590 3818 episcopi

1949 3836 2021 3891 ab
2051 3836 2392 3906 episcopatu
2424 3835 2695 3905 ejectum,
2724 3836 3040 3891 exturbato
3074 3836 3438 3893 Faramundo
3469 3836 3594 3893 sedi

1953 3938 2073 3979 suae
2096 3922 2358 3979 restituit
2381 3927 2512 3995 post
2535 3923 2899 3993 septennium
2924 3924 3157 3994 injustas
3180 3924 3338 3981 illius
3358 3924 3595 3994 ejectio-

1955 4012 2046 4067 nis
2061 4013 2347 4082 sualpse
2370 4026 2601 4082 quoque
2633 4016 2873 4068 sanctus
2906 4013 3171 4082 pontifex
3197 4013 3402 4084 postin
3434 4012 3599 4069 brevi

1958 4114 2063 4171 pro
2096 4100 2436 4156 defensione
2495 4100 2765 4155 veritatis
2795 4106 2855 4155 et
2886 4100 3204 4171 castitatis,
3238 4104 3298 4157 ut
3328 4101 3384 4156 in
3413 4100 3600 4171 gestis

1958 4189 2083 4258 ejus
2103 4184 2337 4259 legitur,
2358 4188 2639 4260 martyrio
2671 4193 2991 4245 coronatus
3008 4190 3306 4260 occubuit,
3342 4189 3510 4260 eique
3541 4190 3599 4245 in

1959 4277 2303 4350 episcopatu
2331 4278 2539 4334 beatus
2584 4277 2883 4335 Hubertus
2931 4278 3233 4335 successit.
3270 4278 3394 4344 Quo
3426 4279 3604 4337 etiam

1963 4372 2223 4438 tempore
2254 4365 2404 4422 dono
2432 4366 2700 4437 praedicti
2732 4366 2921 4437 Pipini
2971 4364 3215 4437 ejusque
3247 4367 3451 4423 uxoris
3480 4366 3604 4423 Ple-

189 4457 411 4514 litteris
460 4434 803 4515 distinctum
846 4434 991 4529 (-21);
1025 4434 1292 4531 superest
1322 4458 1379 4513 in
1412 4473 1527 4514 uno
1556 4434 1849 4513 volumine
1877 4434 1932 4493 D
1961 4434 2189 4512 ctruâ€˜dis
2211 4455 2401 4511 locum
2426 4434 3022 4524 Anclaginumcelitus
3045 4434 3411 4525 designatum
3434 4470 3605 4512 exco-

190 4546 439 4602 maximo
465 4562 643 4618 super
663 4550 853 4603 totum
878 4546 1219 4620 psalterium
1240 4546 1394 4604 beati
1418 4545 1729 4617 Augustini
1752 4560 1850 4601 ex.

191 4634 438 4708 positio;
464 4640 738 4708 superest
762 4640 823 4693 et
846 4636 997 4696 liber
1016 4637 1272 4709 ejusdem
1297 4636 1394 4708 qui
1419 4634 1755 4694 intitulatur
1780 4635 1851 4691 de

1964 4544 2096 4600 lend
2106 4559 2197 4600 um
2222 4543 2531 4613 Beregisus
2548 4543 2826 4615 suscepit.
2845 4545 2915 4599 Et
2938 4544 3069 4615 quia
3086 4545 3292 4601 beatus
3312 4544 3607 4601 Hubertus

1964 4649 2071 4705 pro
2103 4647 2243 4690 cura
2274 4632 2592 4690 animarum
2627 4633 2740 4689 sibi
2767 4632 3013 4705 credita,
3050 4639 3113 4692 ut
3145 4634 3202 4691 in
3233 4634 3353 4692 vita
3376 4632 3502 4703 ejus
3533 4632 3588 4689 le

1557 4732 1794 4793 Î½Î‘Î’Î™á½·Î•
1821 4730 2219 4792 LECTIONES.

262 4833 283 4871 â¹
313 4830 406 4896 ita
434 4844 483 4895 1.
520 4837 575 4893 in
608 4836 957 4910 episc0patu
984 4833 1341 4906 Trajectensi
1374 4837 1447 4890 1'.

1791 4922 2010 4977 NOTIL.

268 5026 382 5096 (21)
413 5027 704 5084 Hactenus
727 5030 996 5096 servatur
1028 5024 1087 5096 in,
1116 5021 1508 5096 Andaginensi
1560 5025 1849 5096 monaste-

199 5092 287 5153 rio
316 5092 800 5169 pretiosissimum
852 5092 1194 5169 psalterium
1246 5109 1387 5149 auro
1409 5092 1853 5169 elegantissime

196 5157 524 5239 exaratum,
551 5184 662 5225 non
688 5184 717 5222 a
745 5157 1032 5239 Ludovico
1055 5166 1169 5236 pio,
1200 5171 1259 5221 ut
1283 5157 1726 5239 creditâ€˜auctor,
1752 5157 1853 5217 sed

198 5253 228 5293 a
257 5236 527 5314 Lolliario
553 5239 735 5314 ipsius
780 5238 898 5293 filio
941 5237 1243 5314 donatum,
1278 5241 1340 5290 ut
1371 5236 1619 5314 probant
1651 5248 1856 5314 versus

199 5311 298 5382 qui
325 5310 490 5365 initio
514 5307 736 5367 codicis
761 5309 1156 5382 reperiuntur.
1187 5309 1363 5382 alitur.
1390 5329 1423 5382 _u
1448 5307 1529 5363 0n
1561 5307 1711 5382 croit
1744 5318 1856 5382 que

197 5375 266 5437 de
298 5395 534 5452 psaume
566 5382 757 5437 existe
789 5375 1000 5452 encore
1033 5376 1401 5452 aujourdfhui
1435 5392 1511 5452 au
1539 5376 1753 5452 village
1786 5375 1856 5429 de

200 5447 523 5522 BoÃ©vange,
541 5456 755 5508 canton
770 5450 839 5507 de
853 5451 1096 5522 Mersch,
1112 5447 1518 5522 grand-duche
1530 5447 1600 5522 de
1618 5447 1858 5522 Luxem-

204 5526 407 5593 bourg,
434 5516 605 5579 entre
639 5523 723 5580 les
775 5522 958 5578 mains
992 5521 1061 5577 de
1084 5516 1160 5577 Îœ.
1195 5521 1470 5591 Neuman,
1505 5516 1750 5577 hÃ©ritier
1781 5518 1857 5575 du

200 5596 400 5670 prieur
420 5594 492 5652 de
514 5593 947 5653 Saint-Hubert.
982 5612 1009 5645 Â»
1044 5593 1110 5652 Î’.

2036 5018 2147 5091 (22)
2179 5019 2479 5099 {Magaw
2498 5033 2647 5074 mon.
2674 5018 2984 5088 virginum,
3012 5017 3067 5073 in
3093 5031 3238 5089 pago
3253 5018 3601 5097 Wabriensi,

1964 5104 2145 5162 prope
2179 5090 2604 5145 Martisvillam.

2039 5160 2151 5231 (23)
2183 5162 2380 5229 Pries,
2415 5164 2577 5216 trans
2606 5161 2815 5216 Mosam
2841 5160 3010 5230 juxta
3037 5161 3333 5216 Macerias.

2037 5235 2147 5302 (24)
2173 5233 2213 5288 Î™.
2249 5246 2298 5288 e.
2338 5232 2706 5301 Fredegario,
2752 5246 2825 5286 ex
2883 5246 2996 5302 quo
3053 5232 3358 5302 sequentia
3390 5231 3603 5302 hausit,

1968 5302 2228 5358 adhibita
2251 5302 2378 5358 Vita
2403 5303 2693 5360 Lamberti
2724 5305 2961 5359 auctore
2986 5303 3309 5373 Sigeberto.
3338 5303 3490 5360 lddas
3504 5319 3607 5360 no-

1969 5389 2097 5430 men
2129 5374 2373 5443 addidit,
2410 5373 2563 5444 quod
2596 5374 2651 5430 in
2683 5374 2812 5429 Vita
2844 5374 2897 5429 S.
2927 5373 3232 5431 Gertrudis
3263 5389 3609 5432 commemo-

1969 5450 2153 5501 ratur.

2042 5515 2155 5589 (25)
2195 5515 2389 5577 Tertio
2417 5529 2573 5575 anno
2603 5515 2800 5575 nescio
2828 5516 2981 5575 unde
3020 5518 3426 5591 assumpserit.
