3960 6044
394 251 547 320 184⁸7

1388 246 1865 314 CHRONICON
1895 249 1962 310 S.
1996 246 2366 325 HUBERTI
2396 240 2789 313 ANDAGIN.

3651 242 3811 308 1348

391 414 551 481 gitur
571 409 703 482 (26),
730 421 834 480 per
855 417 1082 463 omnem
1111 403 1478 461 Arduennam
1507 402 1731 459 studuit
1753 414 2036 458 evacuare
2065 384 2121 447 Α
2147 401 2335 472 nium,
2349 397 3524 473 Bractisguaalionominenuneupam
3540 398 3806 471 episcopi

393 498 811 565 idololatriam,
849 510 976 566 qua)
1015 493 1205 550 adhuc
1237 492 1450 550 ibidem
1491 496 1820 563 supererat,
1852 489 2033 561 liquet

396 587 551 658 quod
582 601 654 642 ex
677 580 1641 653 confrequentatione,commeandi
1658 579 2037 650 uterquefue-

394 678 475 733 rit
496 674 810 732 notissimae
824 672 1195 743 cognitionis,
1214 669 1589 741 ejusdemque
1603 667 1659 723 in
1674 670 1852 725 Deum
1867 667 2037 724 dilec-

390 764 570 822 tionis
602 761 1026 831 etdevotionis,
1058 775 1163 816 nec
1183 759 1371 815 minus
1402 767 1576 814 etiam
1607 756 2035 829 cooperationis

393 854 503 911 hoc
534 854 588 909 in
621 852 747 909 loco
789 851 998 907 divinae
1036 848 1373 912 electionis;
1405 847 1714 917 utriusque
1755 845 2033 901 instantia

395 939 835 1016 praedicationis
860 939 1164 995 fatiscente
1186 937 1425 1009 perfidia
1441 936 1495 992 in
1512 938 1713 992 eodem
1730 934 2034 991 territorio

392 1030 646 1103 profecit
679 1032 1048 1099 augmentum
1077 1026 1412 1083 christianze
1451 1024 1765 1094 religionis.
1792 1023 1953 1080 Unde
1975 1027 2033 1078 et

391 1118 676 1191 largiente
690 1118 929 1174 Domino
952 1130 1287 1173 concessum
1311 1117 1491 1183 est,ut
1508 1128 1653 1184 quos
1667 1113 1792 1185 ipsa
1806 1113 2037 1184 provin-

393 1207 482 1265 cia
515 1206 703 1264 adhuc
733 1206 787 1261 in
810 1219 985 1263 carne
1016 1207 1239 1275 positos
1262 1202 1472 1259 meruit
1496 1202 1711 1257 habere
1742 1199 2031 1270 doctores,

393 1295 631 1354 eosdem
670 1309 800 1352 cum
852 1294 1083 1349 Christo
1135 1298 1446 1362 regnantes
1494 1290 1708 1347 habeat
1747 1287 2037 1362 speciales

392 1390 674 1459 patronos
703 1388 758 1440 et
792 1383 1147 1439 defensores.

464 1480 515 1533 4.
551 1476 653 1547 (8.)
691 1474 916 1541 Quanta
944 1476 1003 1528 et
1028 1471 1181 1542 quali
1208 1469 1529 1540 sagacitate
1553 1468 1701 1524 idem
1725 1467 2037 1539 episcopus

394 1562 764 1621 Gualcaudus
779 1561 968 1618 locum
986 1559 1175 1630 ipsum
1196 1557 1473 1629 ampliare
1490 1556 1805 1626 studuerit,
1824 1555 2038 1627 quibus

392 1652 831 1727 possessionum
864 1648 1215 1718 redditibus,
1244 1646 1336 1702 vel
1367 1661 1439 1702 ex
1462 1645 1699 1717 proprio
1723 1645 2037 1715 fratrisque

2145 490 2316 560 villa,
2339 491 2579 561 Lisura,
2600 490 3043 560 Eaernicorten,
3067 488 3445 561 Sulpiacum,
3463 488 3803 558 Nogarias.
3902 510 3903 525 ι

2144 578 2514 649 Butliesaim,
2542 579 2751 636 cineas
2780 581 2900 637 tres
2918 579 2985 635 in
3013 580 3210 637 castra
3239 578 3405 645 Hoii,
3428 576 3805 634 maniam

2144 682 2329 725 unam
2348 667 2510 740 apud
2529 667 2809 725 Leodium
2828 682 2866 725 a
2886 666 3055 726 nobis
3072 666 3488 735 constructam,
3506 665 3808 721 nemone:
3904 656 3905 729 ξ

2144 756 2377 814 vineam
2391 770 2720 814 unamcum
2733 770 2939 815 mansa
2961 755 3045 814 ad
3052 770 3115 814 se
3115 754 3456 827 pertinente
3466 754 3538 811 in
3569 752 3802 810 territo-
3904 740 3905 753 “

2142 846 2237 902 rio
2258 844 2567 903 Leodiensi
2584 846 2922 917 nuncupata
2962 844 3241 915 Vingitis,
3265 857 3392 901 cum
3412 841 3699 899 omnibus
3708 855 3800 911 ap-

2141 934 2434 1005 penditiis
2445 933 2591 992 suis.
2616 935 2756 990 Item
2782 934 2837 989 in
2862 932 3063 990 eodem
3082 931 3387 1005 privilegio
3419 933 3561 1003 post
3576 945 3759 1003 pauca
3784 950 3795 983 :

2144 1023 2363 1080 Divina
2383 1023 2457 1079 ut
2476 1024 2771 1081 credimus
2787 1022 3057 1092 consilio,
3081 1022 3141 1078 et
3162 1022 3500 1079 nostrorum
3524 1019 3799 1088 ﬁdeliam

2145 1126 2447 1182 consensu,
2466 1112 2767 1170 tradimus
2767 1114 2805 1184 j
2807 1126 2904 1170 am
2913 1112 3197 1185 praefatis
3205 1109 3514 1168 monachis
3525 1108 3700 1166 omni
3710 1123 3801 1166 an-

2144 1215 2218 1258 no
2231 1201 2301 1257 de
2317 1201 2561 1273 argento
2591 1200 2780 1259 libras
2794 1201 3036 1274 viginti,
3062 1201 3123 1258 et
3145 1199 3433 1257 decimam
3445 1199 3518 1255 de
3538 1210 3716 1255 caseo
3735 1211 3801 1253 ea!

2146 1288 2415 1347 omnibus
2425 1288 2594 1347 villis
2603 1289 2825 1347 uasa-is
2836 1288 3307 1359 indominicatis,
3322 1287 3459 1346 etde
3474 1286 3683 1344 tribus
3702 1286 3799 1341 sil.

2150 1377 2228 1435 lis
2248 1378 2537 1437 decimam
2552 1379 2701 1450 cini,
2717 1377 2997 1437 videlicet
3009 1378 3080 1435 de
3095 1376 3465 1451 Gaganheim
3476 1378 3539 1433 et
3547 1374 3801 1433 Bertlia-

2149 1466 2282 1524 hem
2309 1467 2491 1539 atque
2520 1466 2845 1525 C’unerana.
2880 1468 3029 1525 Post
3052 1466 3175 1525 hac
3196 1467 3349 1524 duas
3368 1464 3661 1522 addimus
3701 1464 3798 1532 eis,

2146 1555 2377 1614 scilicet
2396 1558 2696 1615 Taeernas
2713 1556 2819 1629 (31)
2838 1555 3419 1622 etErnau,utamnia
3429 1554 3804 1627 regulariter

2148 1646 2407 1703 virentes
2422 1644 2585 1702 ibiin
2602 1646 2765 1703 uictu
2785 1646 2844 1703 et
2856 1645 3075 1703 vestitu
3085 1645 3235 1703 satis
3254 1643 3615 1716 abundeque
3635 1641 3802 1700 liabe-

393 1743 483 1801 sui
506 1736 961 1809 Erohengoldi10
986 1736 1356 1808 patrimonio,
1390 1735 1492 1791 sed
1516 1738 1573 1790 et
1597 1749 1668 1790 ex
1690 1733 2037 1790 casamentis
2066 1742 2119 1802 Β
2148 1735 2304 1792 rent.
2321 1734 2665 1792 Istaomnia
2683 1734 3195 1791 coramclericiset
3208 1732 3707 1791 laicisnostrisin
3725 1747 3804 1788 eo-

393 1831 506 1902 (27)
537 1845 565 1885 a
583 1827 929 1899 quibusdam
954 1823 1317 1881 secularibus
1339 1823 1682 1892 subtractis,
1709 1822 2036 1879 subsidium

393 1917 755 1975 vivenditam
780 1914 1033 1986 posteris
1046 1927 1213 1982 quam
1235 1911 1622 1983 praesentibus
1639 1915 1921 1981 perpetuo
1943 1910 2041 1967 ha-

393 2003 645 2061 bendum
672 2000 1092 2075 procuraverit,
1110 2000 1155 2055 si
1183 1999 1312 2069 quis
1326 2013 1496 2055 nosse
1511 1997 1784 2068 voluerit,
1803 1998 2039 2053 relectis

393 2092 767 2151 auctoritatis
788 2091 915 2162 ejus
940 2088 1259 2161 privilegiis
1277 2088 1527 2160 pleniter
1551 2088 1856 2145 addiscere
1880 2092 2042 2158 pote-

393 2182 491 2239 rit.
529 2182 667 2249 Quae
701 2179 1006 2253 privilegia
1039 2179 1177 2234 licet
1228 2193 1300 2234 ex
1348 2192 1568 2249 magna;
1600 2176 1933 2234 devotionis
1962 2178 2042 2232 af-

394 2272 554 2330 fectu
588 2269 919 2327 condidisse
948 2268 1269 2337 videretur,
1305 2282 1541 2323 moroso
1574 2271 1765 2322 tamen
1795 2266 2042 2323 consilio

393 2365 453 2419 et
476 2359 691 2431 saepius
724 2357 1006 2415 ventilato
1034 2371 1274 2414 assensu
1305 2356 1446 2412 cleri
1470 2360 1529 2410 et
1548 2360 1788 2412 senatus
1816 2360 1875 2410 et
1905 2369 2042 2425 quo-

397 2463 644 2520 rumque
667 2446 949 2505 nobilium
963 2444 1381 2518 etsapientium
1398 2444 1735 2501 Leodiensis
1748 2443 2038 2511 ecclesiae,

396 2538 498 2597 sed
526 2542 587 2593 et
618 2536 891 2593 consultu
937 2533 1370 2605 metropolitani
1404 2533 1491 2590 sui
1522 2532 1847 2589 Hildeboldi
1882 2531 2045 2587 Colo-

397 2626 622 2684 niensis
645 2624 958 2697 pontificis,
984 2622 1339 2679 auctoritate
1370 2622 1543 2677 etiam
1569 2622 1772 2677 Leonis
1804 2621 2042 2677 Romani

397 2713 694 2787 pontificis
715 2716 775 2769 et
797 2711 1173 2769 attestatione
1220 2710 1492 2767 Ludovici
1519 2711 1630 2781 (28)
1663 2709 1909 2781 piissimi
1945 2710 2046 2764 im-

2148 1837 2285 1880 rum
2301 1822 2621 1895 privilegia
2650 1822 2906 1881 cedimus
2936 1823 2993 1879 et
3017 1836 3365 1895 permanere
3383 1823 3667 1894 cupimus
3689 1822 3801 1877 tam

2148 1912 2371 1969 nostris
2398 1926 2581 1983 quam
2608 1925 3010 1969 successorum
3035 1913 3375 1969 nostrorum
3403 1910 3795 1983 temporibus.

2150 2001 2482 2071 Postquam
2495 2015 2629 2073 ergo
2641 2000 2763 2058 ista
2772 2002 2981 2071 gratia
2997 2000 3105 2057 Dei
3116 2000 3576 2058 rationabiliter
3588 2015 3629 2056 α
3644 1999 3804 2056 nobis

2136 2104 2251 2162 per
2262 2090 2463 2147 omnia
2475 2091 2757 2147 ordinata
2770 2089 2851 2145 ad
2861 2104 2895 2146 a
2904 2103 3037 2147 ures
3052 2089 3393 2160 imperiales
3405 2088 3799 2157 deuenissent,

2147 2178 2617 2251 magnogaeisus
2641 2178 3061 2249 estimperator
3073 2177 3320 2250 gaudia,
3340 2176 3673 2235 canobium
3693 2178 3803 2234 Su-

2141 2267 2337 2339 guilis
2355 2268 2589 2323 nomine
2609 2266 2742 2337 (32),
2767 2268 2833 2323 in
2863 2280 2978 2337 quo
3008 2268 3127 2323 Deo
3149 2266 3362 2323 dicata
3382 2266 3562 2323 erant
3580 2265 3801 2323 monia-

2151 2356 2253 2426 les,
2283 2354 2563 2427 partibus
2583 2356 2806 2411 sancta
2826 2355 3043 2412 Mariae
3064 2355 3120 2411 et
3138 2354 3333 2412 sancti
3346 2353 3659 2411 Lamberti
3679 2369 3799 2411 cum

2149 2443 2417 2501 omnibus
2446 2444 2572 2500 suis
2604 2442 2972 2515 appenditiis
2996 2442 3255 2500 tradidit
3263 2445 3410 2515 jure
3430 2443 3797 2511 firmissimo,

2150 2532 2596 2604 utepiscopatus
2617 2534 2648 2587 1
2654 2534 2731 2589 'an
2733 2531 2973 2603 prensis
2983 2531 3221 2589 sedisin
3232 2531 3398 2588 nullo
3408 2532 3716 2589 minor-ari
3728 2532 3800 2587 ei-

2154 2619 2875 2692 dereturprorebus,q~uas
2886 2620 3200 2679 Deisereis
3212 2621 3804 2692 inmonasteriopra-

2136 2708 2283 2781 fato
2323 2709 2745 2777 concessimus;
2775 2710 2834 2765 et
2855 2709 3098 2779 insuper
3138 2709 3221 2766 ad
3235 2710 3569 2782 praefatam
3596 2710 3804 2767 cellam

398 2802 690 2876 peratoris
712 2800 812 2856 filii
846 2800 1034 2870 magni
1059 2798 1247 2855 Caroli
1275 2797 1667 2870 imperatoris,
1693 2812 1758 2853 ea
1784 2796 2043 2853 condidit
2154 2797 2478 2869 quamdam
2494 2798 2705 2854 sileam
2726 2812 2858 2869 qua
2875 2798 3100 2855 dicitur
3128 2797 3682 2871 Wangisisusmons
3697 2803 3804 2867 (33)

397 2896 458 2949 et
483 2890 763 2948 canonica
785 2888 1227 2945 confirmatione
1251 2886 1567 2942 roboravit.
1587 2888 1656 2941 Et
1679 2893 1742 2942 ut
1768 2885 1957 2956 aliqua
1974 2899 2047 2940 ex
2156 2886 2819 2957 tradidit,eamdemque
2834 2886 3082 2958 legalem
3098 2886 3483 2944 traditionem
3498 2887 3811 2959 imperiali

397 2978 616 3038 eisdem
649 2977 972 3051 privilegiis
1033 2976 1508 3047 intcrponamus:
1543 2976 1677 3045 Res,
1713 2974 1923 3046 inquit,
1954 2974 2053 3031 vel
2142 2974 2469 3047 privilegio
2469 2976 3108 3048 ﬂrmaeitetsiguaait.
3129 2977 3341 3034 Harum
3367 2977 3810 3049 possessionum

394 3065 1040 3141 passegsionesguaad
1056 3065 1319 3121 eumdem
1336 3066 1521 3121 locum
1541 3064 1833 3134 deputata
1853 3062 2048 3120 kacte-
2076 3095 2124 3158 Ο
2156 3064 2397 3119 maxima
2435 3078 2570 3135 pars
2627 3064 2759 3120 huic
2818 3065 3084 3122 ecclesiae
3127 3064 3350 3135 jamdiu
3411 3066 3679 3137 deperiit
3706 3082 3812 3123 non

393 3154 819 3228 nusfueruntj
828 3167 930 3209 ure
954 3154 1295 3214 ﬁrmissimo
1313 3151 1749 3224 delegamus,id
1764 3152 1853 3208 est
1866 3153 2047 3222 Apro-
2085 3151 2123 3158 τ
2154 3151 2339 3209 solum
2353 3152 2629 3209 violentia
2656 3152 3047 3221 saecularium,
3073 3154 3174 3210 sed
3193 3155 3367 3211 etiam
3393 3157 3812 3229 episc0porum

395 3245 552 3303 villa
573 3243 996 3315 (29),Lateilla,
1018 3239 2039 3313 Neliua,Palatiolmn,Gamedella,
2154 3242 2574 3298 Leodiensium.
2603 3243 2973 3299 Gualcaudus
2994 3257 3130 3299 vero
3151 3244 3466 3316 episcopus
3492 3244 3810 3302 Altuenum

401 3327 2042 3404 Telins“,Lesterniois",Rueania,Frandilionis,Gabe-
2152 3330 2420 3386 abbatem
2446 3330 2541 3402 qui
2566 3330 2695 3387 loco
2727 3335 3004 3403 prmesset
3035 3333 3346 3403 ordinavit,
3374 3335 3812 3405 possessiones-

397 3422 567 3494 lium,
594 3422 963 3489 Anseromia,
987 3418 1469 3487 Rumendinis,et
1487 3418 1762 3475 ecclesias
1783 3418 2036 3488 Melsun,
2151 3434 2264 3490 que
2295 3425 2355 3475 et
2403 3419 2671 3476 redditus
2719 3422 2932 3491 quibus
2966 3423 3176 3478 fratres
3207 3421 3604 3479 subsisterent
3642 3423 3809 3494 legali

392 3512 802 3581 Marttlinges,
832 3508 1184 3577 B-uilaidas,
1218 3521 1351 3565 cum
1381 3505 1652 3564 omnibus
1674 3507 2042 3578 appendiliis
2152 3507 2461 3580 privilegio
2484 3508 2752 3564 ecclesiae
2776 3510 2929 3565 facto
2953 3510 3008 3565 in
3037 3515 3381 3583 perpetuum
3414 3513 3815 3569 confirmavit-

393 3601 545 3659 suis.
573 3598 881 3657 Similiter
909 3597 1093 3654 etiam
1117 3595 2043 3667 cansensufrahwmnostrorum
2148 3599 2398 3656 credens
2451 3597 2763 3670 specialius
2811 3596 3326 3670 profuturum'sibi
3384 3600 3670 3672 quicquid
3711 3602 3810 3673 ibi,

394 3687 1208 3758 concessimusetpermanere
1226 3684 1864 3743 aalumuseidemcellce
1884 3685 2045 3743 alias
2152 3689 2281 3745 dem
2304 3691 2545 3758 geretur
2561 3702 2746 3757 usque
2780 3687 2836 3742 in
2858 3690 3022 3743 tinem
3049 3688 3269 3746 saeculi.
3306 3688 3414 3755 Qui
3443 3696 3644 3746 autem
3671 3708 3814 3763 pra:-

393 3791 493 3836 res
514 3775 773 3834 earebus
790 3775 1047 3833 ecclesia
1065 3773 2047 3845 nostraeguaeidelieetnonindo-
2154 3779 2273 3833 fato
2309 3777 2506 3832 abbati
2548 3778 2964 3847 successerint,
3008 3777 3391 3848 velquamdiu
3434 3780 3808 3850 praefueriut,

399 3865 722 3937 minicatce,
745 3864 851 3923 sed
862 3869 925 3922 in
947 3863 1840 3936 beneﬂcioconstitutafuerunt,
1876 3865 1943 3922 id
1960 3864 2052 3923 est
2154 3864 2254 3921 vel
2288 3864 2575 3936 quomodo
2607 3866 2715 3921 sub
2749 3880 3097 3937 unoquoque
3128 3881 3329 3923 eorum
3363 3866 3529 3924 locus
3565 3868 3697 3941 ipse
3714 3874 3813 3925 aut

401 3956 711 4029 Terconia,
752 3954 1071 4013 Teuledum
1093 3953 1227 4025 (30),
1260 3952 1552 4023 Marlida,
1583 3953 1921 4015 Aldamum.
1946 3954 2047 4012 Al-

391 4047 675 4118 eentium,
732 4044 1022 4115 Nentina,
1082 4042 1343 4112 Florias,
1408 4042 1783 4113 Woraonium,
1818 4042 2049 4100 Ardua-

2157 3956 2473 4027 profecerit
2504 3959 2605 4010 aut
2654 3954 2957 4025 defecerit,
3015 3967 3204 4025 neque
3260 3952 3509 4025 legimus
3559 3972 3809 4027 nequea

2158 4058 2449 4114 quoquam
2471 4047 2695 4100 certius
2718 4042 2901 4100 relata
2927 4042 3239 4100 didicimus
3262 4046 3407 4117 (34);
3434 4044 3693 4117 ideoque
3724 4046 3809 4101 his

1746 4166 1984 4223 VARUE
2024 4166 2410 4224 LECTIOMES
2422 4210 2434 4224 .

468 4284 513 4320 ¹⁹
541 4282 965 4343 Ercbenboldi?
994 4284 1066 4341 P.

398 4356 443 4393 "
471 4357 572 4418 vel
595 4355 990 4423 Lestermius;
1020 4353 1203 4430 infra
1230 4367 1279 4415 e.
1315 4352 1709 4412 Lesterneias.

1187 4281 1230 4316 “
1254 4281 1351 4357 ita
1379 4281 1614 4357 ira/rae
1644 4285 1729 4340 32.
1788 4287 1842 4340 et
1857 4283 2070 4357 priail.
2132 4283 2471 4344 Innocentii
2498 4282 2595 4343 II.
2648 4298 2744 4356 ap.
2790 4279 3069 4343 Hircum
3093 4280 3203 4355 IV,
3241 4284 3345 4341 170
3403 4280 3552 4343 C’od.
3614 4283 3810 4344 Teluis

1987 4442 2212 4502 NOTE.

468 4543 583 4616 (26)
616 4542 784 4616 Αροά
818 4542 1047 4616 Surium
1078 4544 1170 4615 VI,
1203 4558 1260 4616 p.
1296 4546 1383 4600 47.

485 4614 581 4673 27)
611 4614 683 4671 Ι.“
702 4629 759 4671 e.
802 4614 1007 4671 feudis.

485 4620 558 4673 27
611 4620 661 4671 Ι.
702 4629 759 4671 e.
802 4620 1007 4671 feudis.

467 4620 584 4758 (28)
614 4687 819 4757 Itaque
851 4686 1002 4741 intra
1051 4699 1111 4742 a.
1176 4686 1282 4740 814
1310 4689 1367 4741 et
1430 4697 1686 4741 mensem
1742 4684 1950 4743 Maium
1983 4698 2038 4741 a.

393 4761 518 4828 8l6,
552 4758 666 4829 quo
699 4758 809 4814 Leo
841 4761 1121 4829 mortuus
1130 4760 1248 4829 est.

470 4824 586 4902 (29)
603 4826 1195 4902 Arville—Loucille,
1211 4824 1555 4902 Nagméfa
1564 4827 2044 4902 liaculﬂemelle,

401 4898 592 4972 Talin,
633 4901 935 4980 Lesterng,
962 4900 1248 4980 Remane,
1280 4898 1627 4980 Krandeup,
1660 4898 2052 4980 mactatam-

394 4968 659 5058 remme,‘
694 4968 1083 5040 Romedenne,
1115 4968 1399 5040 Maissin,
1444 4968 1865 5043 Martelenges,
1896 4973 2050 5028 Bone

618 5044 969 5187 1iﬁernyagne,
992 5112 1276 5187 ‘Z'illeur,
1306 5111 1601 5187 VMarloie,
1659 5114 1803 5186 Aye,
1838 5113 2047 5182 Aaent,

396 5182 659 5253 Nettine,
694 5182 961 5253 Florale,
990 5184 1248 5254 Wanlin,
1266 5182 1564 5254 'Ardenne,
1588 5182 1771 5256 Bra'z,
1792 5182 2050 5256 'Vesgue-

397 5256 574 5329 vilic,
594 5259 818 5325 Lirere,
842 5256 1259 5329 Eoernicourt,
1280 5257 1532 5328 Soulpy,
1565 5257 1821 5329 Nag/ers.
1859 5256 1933 5312 Il.

496 5327 587 5397 31)
624 5329 888 5397 Taoiers,
921 5328 1152 5385 Ernau.
1192 5328 1263 5384 R.

498 5397 589 5470 32)
616 5399 819 5470 sugui
829 5399 898 5454 le.
934 5401 1005 5470 11.

496 5469 586 5541 33)
632 5469 1001 5541 Wayimont._
1019 5469 1083 5524 Η.

497 5473 564 5524 33
632 5473 987 5541 Wagimont.
1019 5473 1083 5524 Η.

497 5473 829 5614 agnorum
852 5538 1183 5614 ca_t_alogum_
1203 5552 1284 5614 ex_
1305 5538 1594 5614 catalogis
1612 5539 1888 5614 abbatum
1908 5541 2049 5614 Pru-

399 5610 729 5688 miensium,
778 5624 854 5669 ex
912 5610 1326 5685 Martyrologio
1358 5610 1603 5684 aliisque
1663 5612 1922 5672 fontibus
1949 5612 2050 5672 do-

472 5326 494 5613 ξ

2078 4549 2132 4609 D
2161 4543 2422 4602 mesticis
2444 4542 2813 4603 concinnavit
2838 4542 3195 4602 Romualdus
3213 4544 3443 4602 Hancar
3464 4543 3518 4601 in
3549 4544 3813 4603 Historia

2161 4616 2582 4689 monasteriis.
2612 4617 2861 4689 AHuberti
2903 4631 3073 4674 manu
3097 4631 3206 4689 sua
3237 4616 3692 4689 scripta,iquam
3720 4617 3819 4674 ha-

2160 4687 2378 4760 buit_P.
2417 4687 2489 4743 de
2520 4687 2804 4757 Robaulx,
2836 4703 2867 4743 e
2897 4689 3063 4760 cujus
3096 4688 3246 4744 libro
3279 4687 3820 4760 uti’liss’imoistum

2159 4757 2487 4828 catalogum
2514 4764 2856 4830 excerptum
2880 4757 2983 4816 hic
3005 4760 3267 4816 sistimus
3293 4775 3306 4811 :
3332 4759 3548 4816 Alveus
3571 4759 3730 4815 obiit
3758 4765 3826 4817 16

2158 4830 2304 4885 Nov.
2354 4832 2476 4885 828.
2528 4829 2859 4887 Tancradus
2910 4830 3269 4887 Prumiensis
3318 4831 3500 4887 abbas
3556 4830 3716 4886 obiit
3760 4836 3821 4889 11

2161 4901 2298 4972 Feb.
2332 4903 2461 4956 829.
2517 4901 2894 4958 Marcuardus
2938 4902 3301 4958 Prumiensis
3330 4901 3659 4972 resignavit
3691 4906 3824 4959 836.

2162 4971 2451 5027 Sevoldus
2478 4972 2622 5027 obiit
2643 4978 2706 5027 13
2736 4976 2859 5028 Jan.
2887 4976 2991 5029 855
3051 4974 3300 5029 Sanctus
3323 4971 3485 5042 Egilo
3514 4974 3832 5031 Prumien-

2162 5043 2246 5099 sis
2280 5043 2599 5113 resignavit
2651 5047 2772 5100 860.
2810 5047 3057 5101 Sanctus
3090 5043 3421 5100 Ansbaldus
3452 5044 3831 5103 Prumiensis

2162 5115 2313 5171 obiit
2344 5119 2410 5170 10
2442 5116 2603 5170 Mart.
2642 5118 2763 5171 887.
2816 5116 3168 5172 Farabertus
3216 5115 3578 5171 Prumiensis
3609 5117 3774 5174 obiit
3806 5124 3826 5174 1

2159 5187 2264 5241 Mai
2301 5201 2414 5256 quo
2438 5200 2587 5241 anno
2615 5187 2899 5243 nescitur.
2933 5186 3154 5256 Regino
3178 5186 3530 5243 Prumiensis
3565 5186 3833 5244 destitu-

2162 5262 2258 5314 tus
2290 5260 2410 5312 894.
2448 5257 2756 5313 Richarius
2788 5256 3107 5328 resignavit
3139 5257 3263 5313 6-20.
3300 5257 3674 5315 Hildrardus.
3711 5261 3831 5316 Frio

2161 5329 2398 5385 dericus
2429 5329 2575 5383 obiit
2607 5332 2727 5386 942.
2787 5329 3065 5386 Albertus
3095 5329 3239 5385 obiit
3272 5332 3401 5384 966.
3464 5330 3829 5389 Heribertus

2160 5401 2307 5455 obiit
2329 5405 2399 5457 20
2420 5400 2524 5455 Mai
2548 5403 2672 5457 990.
2697 5402 3017 5458 Vulbertus
3049 5400 3196 5456 obiit
3227 5402 3295 5457 14
3322 5399 3434 5457 Jul.
3470 5403 3638 5458 1004.
3688 5402 3830 5460 Vul-

2159 5470 2364 5528 hertus
2392 5470 2539 5527 obiit
2590 5476 2745 5528 1006.
2783 5472 3098 5530 Witericus
3129 5471 3276 5529 obiit
3312 5476 3476 5531 1027.
3530 5471 3827 5535 Albertus

2161 5543 2307 5603 obiit
2336 5546 2493 5603 1033.
2528 5543 2917 5603 Reinwardus
2949 5544 3043 5605 ob.
3079 5546 3241 5621 1034,
