3948 6070
185 174 338 238 1857

1182 162 1657 229 CHRONICON
1685 161 1754 226 S.
1797 161 2162 226 HUBERTI
2194 160 2589 225 ANDAGIN.

3439 164 3593 225 1358
3634 134 3653 147 ’

187 353 460 412 altarium
489 349 772 424 personis,
794 348 1054 405 habenda
1078 347 1131 401 in
1156 348 1503 417 perpetuum
1528 344 1832 400 confirma-
1858 326 1918 389 Α
1948 347 1991 400 it
2014 343 2321 414 privilegio
2347 342 2499 399 facto
2521 341 2783 411 ejusdem
2808 341 3156 398 donationis.
3186 342 3590 400 Abbasautem

190 444 273 499 vit
308 442 461 499 beati
497 438 741 496 lluberti
775 436 1038 494 ecclesiae
1092 436 1146 490 in
1182 435 1488 490 Arduenna
1522 433 1649 489 sita
1684 432 1825 501 (δῦ).

192 533 306 589 Nec
342 529 524 587 multo
557 533 688 598 post
739 524 997 597 reposita
1030 530 1119 580 est
1177 521 1443 579 ecclesia
1477 519 1835 576 Laudunensi

195 619 544 677 vicissitudo
577 616 751 685 hujus
781 612 1112 670 donationis
1156 613 1226 667 ab
1257 609 1509 667 ecclesia
1547 608 1698 663 beati
1731 610 1841 665 Hu-

198 709 372 776 bcrti,
396 703 1037 763 videlicetbibiictbeca
1064 716 1169 758 una
1194 700 1378 757 totius
1393 698 1590 753 veteri:
1625 700 1684 752 et
1727 712 1841 753 lOVl

201 795 560 853 testamenti.
596 795 753 850 Hanc
786 806 816 847 a
851 791 1083 848 dcmino
1113 787 1442 846 Gisleberto
1471 786 1846 842 novitercon-

200 885 479 955 scriptam
515 880 832 939 Elinandus
878 879 1144 951 pontifex
1173 892 1303 933 cum
1356 874 1607 931 Josfrido
1640 873 1848 930 Parisi-

201 973 661 1044 censiepiscopo
681 968 920 1026 Colonia
952 967 1187 1023 rediens
1218 971 1275 1022 et
1308 965 1379 1021 ad
1411 978 1519 1019 nos
1549 962 1847 1019 divertens

203 1062 369 1132 vidit,
402 1066 460 1117 et
496 1058 874 1116 laudantibus
911 1069 1037 1112 eam
1071 1054 1303 1111 clericis
1333 1052 1457 1109 suis
1489 1050 1846 1121 concupivit,

201 1152 590 1220 donatamque
621 1146 733 1203 sibi
770 1146 822 1202 in
875 1145 1064 1215 gratia
1123 1141 1400 1215 specialis
1456 1145 1516 1195 et
1552 1142 1850 1210 perpetua

205 1238 475 1296 amicitia
511 1238 663 1294 inter
689 1235 1001 1292 ecclesiam
1044 1232 1473 1288 Laudunensem
1503 1231 1559 1283 et
1594 1234 1852 1283 nostram

206 1327 487 1401 optinuit.
554 1326 682 1381 Fuit
726 1329 919 1380 autem
951 1323 1001 1378 ei
1060 1335 1231 1378 causa
1264 1320 1333 1374 ad
1367 1333 1471 1373 nos
1523 1316 1852 1373 diverteudi

209 1417 374 1489 quasi
398 1414 702 1485 cujusdam
722 1411 903 1482 jocosi
932 1410 978 1444 ²⁸
1000 1414 1247 1466 eventus
1270 1404 1556 1463 miraculi.
1575 1405 1855 1461 Audierat

209 1507 390 1562 abbas
408 1502 801 1560 Theodericus
825 1506 1137 1570 utrumque
1161 1496 1493 1570 pontificem
1518 1508 1619 1566 per
1650 1494 1855 1549 Hoium

210 1593 463 1651 transire
501 1597 559 1649 ut
592 1590 887 1647 Coloniam
919 1589 1085 1659 irent,
1122 1585 1433 1656 missisque
1466 1584 1536 1639 ad
1571 1597 1673 1638 eos
1703 1582 1857 1637 litte-

1949 432 2081 486 data
2108 432 2561 487 commutatione
2584 429 3028 503 prabendarum
3053 430 3263 487 ibidem
3289 430 3453 501 prius
3474 444 3595 486 ser-

1949 517 2246 572 vientibus
2295 515 2547 585 clericis,
2607 530 2677 570 ex
2731 529 3025 570 consensu
3084 515 3276 568 domui
3337 517 3596 570 Manasse

1953 604 2264 658 Remorum
2299 602 2591 673 pontificis
2634 616 2738 673 pro
2768 602 2855 657 eis
2907 601 3221 657 monachos
3249 616 3386 658 suos
3418 603 3473 657 iii
3505 616 3602 659 eo-

1956 692 2085 748 dem
2145 691 2274 746 loco
2327 690 2639 746 substituit
2688 693 2721 744 8
2772 692 2906 746 ldus
2934 688 2976 721 ²⁷
3011 690 3270 759 ijusilem
3329 691 3461 746 anni
3494 688 3593 760 (V.

1963 780 2183 837 Theod.
2223 794 2273 835 c.
2307 783 2395 850 6..)
2445 779 2583 834 Cum
2618 780 2673 834 in
2729 778 3026 848 gallicinio
3081 780 3272 847 gratia
3322 777 3607 833 orationis

1961 869 2208 924 intraret
2256 869 2407 923 idem
2449 870 2631 924 abbas
2679 869 2984 924 ecclesiam
3038 868 3189 922 beati
3238 868 3437 922 Hilarii
3470 869 3603 938 (62),

1960 958 2278 1028 οοηνίεὶιὶι]
2302 971 2371 1012 ea
2394 958 2695 1013 candelam
2720 955 3000 1012 divinitus
3015 957 3275 1025 accendi,
3298 963 3360 1012 ut
3377 936 3609 1012 ubicla-

1962 1054 2123 1102 reret
2154 1046 2462 1102 advenisse
2521 1046 2699 1101 filium
2732 1044 2900 1112 lucis,
2936 1050 3067 1100 ante
3096 1042 3262 1113 cujus
3297 1048 3605 1102 adventum

1964 1135 2177 1190 ibidem
2209 1133 2310 1189 lux
2338 1132 2599 1191 caelestis
2628 1134 2886 1189 emicuit.

2039 1228 2121 1279 16.
2158 1226 2295 1296 (24.)
2352 1224 2678 1299 Prauictus
2728 1238 2956 1294 quoque
3004 1224 3267 1294 pontifex
3321 1226 3613 1282 Manasses

1967 1312 2179 1369 ductus
2208 1313 2397 1381 gratia
2453 1312 2713 1381 religiosi
2747 1314 2996 1383 abbatis,
3028 1328 3099 1368 ex
3130 1329 3412 1370 consensu
3443 1314 3612 1371 cleri-

1966 1416 2169 1457 corum
2201 1402 2464 1457 ecclesia
2497 1401 2801 1457 RemeuSis
2832 1402 3017 1458 altare
3042 1406 3194 1459 beati
3228 1405 3427 1459 Hilarii
3462 1403 3614 1474 quod

1968 1491 2153 1547 estin
2207 1489 2518 1559 Guisliaco,
2570 1506 2700 1546 cum
2750 1495 2976 1562 capella
3033 1494 3369 1565 Guarcensi,
3431 1496 3618 1549 altare

1970 1582 2145 1636 etiam
2179 1587 2395 1636 sancta
2427 1581 2617 1636 Maria
2647 1582 2703 1635 in
2727 1581 3023 1637 Noviando
3052 1584 3165 1653 (63)
3195 1598 3371 1654 super
3405 1585 3618 1641 Mosam

210 1682 295 1738 ris
325 1680 620 1738 mandavit
656 1684 715 1736 ut
755 1693 859 1749 per
906 1676 1211 1733 ecclesiam
1248 1673 1400 1729 beati
1438 1670 1678 1728 lluberti
1709 1669 1859 1725 redi-
1886 1688 1943 1751 Β
1975 1670 2135 1726 dedit
2165 1670 2426 1726 ecclesia
2456 1670 2643 1725 sancti
2674 1671 2938 1741 lluberti,
2967 1677 3025 1727 et
3054 1674 3312 1729 exclusis
3335 1675 3389 1727 in
3416 1688 3622 1746 perpe-

212 1776 370 1828 rent.
409 1770 647 1826 Litteris
677 1773 870 1824 autem
903 1765 1149 1838 perditis
1177 1764 1231 1818 in
1267 1765 1451 1831 Leuga
1482 1775 1610 1832 qua
1642 1760 1859 1816 dicitur

211 1860 352 1917 Mala
384 1859 536 1915 inter
567 1857 773 1912 lloiuin
805 1861 865 1911 et
903 1854 1199 1921 Leodium,
1230 1865 1358 1907 cum
1391 1856 1521 1921 post
1555 1849 1859 1905 duodecim

218 1950 339 2007 fere
371 1948 497 2005 dies
528 1944 837 2019 pontifices
865 1943 1127 1999 redirent
1153 1955 1254 2012 per
1275 1940 1533 1995 eamdem
1561 1938 1732 2008 viam,
1765 1937 1865 1992 ob-

217 2038 351 2094 tulit
383 2037 471 2093 eis
516 2036 704 2090 viator
754 2033 986 2103 quidam
1048 2031 1276 2085 uoviler
1331 2029 1598 2083 inventas
1651 2025 1863 2081 ibidem

216 2127 448 2182 easdem
472 2123 721 2180 litteras.
750 2121 833 2176 liii
855 2127 1048 2177 autem
1074 2133 1183 2174 non
1209 2118 1334 2174 sine
1361 2115 1640 2172 miraculo
1656 2114 1866 2169 divina

220 2214 538 2271 voluntatis
554 2222 750 2270 secum
770 2214 1111 2282 reputantes
1129 2209 1205 2263 rei
1221 2204 1682 2276 eventum,nullo
1698 2204 1867 2259 modo

223 2304 721 2375 prasumpscrunt
764 2298 1221 2372 pratermittere
1250 2294 1482 2352 abbatis
1513 2294 1865 2349 mandatum.

224 2391 532 2447 Venientes
554 2403 694 2445 vero
726 2388 906 2443 abbas
927 2384 1250 2442 oﬂiciosissi
1263 2397 1349 2438 ma
1377 2382 1749 2455 proccssione
1775 2396 1869 2437 ex-

223 2483 400 2554 cepit,
429 2495 530 2553 per
565 2479 799 2535 biduum
834 2482 1101 2533 retentos
1132 2474 1435 2531 afﬂuenter
1476 2473 1704 2542 refecit,
1731 2487 1872 2543 pra-

223 2571 473 2628 sentatis
512 2570 666 2625 inter
699 2566 1096 2638 prandendum
1128 2565 1197 2620 ad
1224 2563 1439 2633 jocund
1468 2567 1648 2617 tatem
1678 2562 1866 2617 ammi-

227 2667 481 2717 rantium
500 2656 697 2728 carpis
716 2655 760 2687 ‘-’°
783 2660 844 2711 et
868 2654 1129 2726 piscibus
1152 2669 1180 2708 v
1207 2653 1315 2711 vis.
1344 2654 1551 2708 Postea
1575 2650 1875 2720 digressos

226 2748 594 2820 impensibus
626 2743 889 2801 ecclesia
922 2745 1237 2799 lllosomum
1281 2756 1463 2812 usque
1492 2741 1699 2796 deduci
1733 2754 1878 2811 pra-

225 2838 404 2909 eepit,
439 2836 663 2907 gratias
695 2838 934 2903 agentes
966 2834 1077 2887 Deo
1109 2846 1213 2902 pro
1244 2836 1485 2901 experta
1517 2829 1783 2899 caritate,
1819 2834 1878 2884 et

228 2926 469 3000 probata
496 2924 549 2979 in
585 2923 713 2978 loco
736 2922 939 2978 eodem
956 2919 1135 2975 nobili
1156 2924 1215 2973 et
1230 2918 1548 2975 Venerabili
1572 2918 1875 2987 religione,

1976 1768 2137 1817 tuum
2171 1760 2507 1816 eorumdem
2565 1760 2837 1816 altarium
2870 1763 3157 1832 personis,
3210 1764 3421 1819 donum
3456 1778 3619 1819 suum

1975 1849 2254 1919 leg.timis
2267 1847 2593 1919 privilegiis
2612 1851 2847 1919 pubiice
2872 1851 3042 1906 t‘..ctis
3058 1857 3115 1905 et
3139 1852 3474 1907 iiiconciiiis
3498 1852 3622 1909 suis

1975 1938 2296 2006 recognitis
2332 1938 2728 1992 confirmavit.
2768 1939 3021 2008 Contigit
3069 1946 3263 1996 autem
3296 1955 3407 1997 non
3441 1944 3623 1997 multo

1974 2035 2129 2099 post,
2165 2032 2225 2081 ut
2280 2025 2555 2081 Adeladis
2591 2041 2733 2082 uxor
2782 2029 3005 2084 Ariiulll
3039 2031 3172 2100 (eli),
3220 2046 3388 2087 soror
3429 2039 3623 2087 autem

1976 2117 2137 2171 Ebali
2162 2116 2520 2185 Roceieiisis,
2557 2116 2829 2171 defuncta
2856 2118 2909 2171 in
2935 2116 3181 2175 introitu
3205 2121 3473 2178 ecclesia
3501 2136 3618 2177 ver-

1978 2219 2080 2261 sus
2102 2205 2426 2259 claustrum
2459 2206 2840 2275 sepeliretur;
2865 2207 3161 2264 Manasses
3184 2223 3413 2281 quoque
3447 2213 3629 2268 frater

1979 2300 2241 2371 ejusdem
2266 2296 2489 2355 Arnulfi
2527 2293 2725 2353 divino
2747 2295 2980 2364 flagello
3014 2298 3405 2368 compellente
3436 2315 3630 2357 mona-

1979 2392 2123 2448 chus
2151 2390 2416 2459 eli‘ectus,
2459 2393 2518 2444 et
2552 2392 2683 2459 post
2737 2387 2883 2443 infra
2917 2402 3170 2445 mensem
3225 2396 3493 2448 mortuus
3524 2391 3630 2446 ibi-

1982 2481 2109 2536 dem
2136 2483 2552 2550 apponeretur.
2585 2480 2761 2532 Erant
2790 2485 3075 2548 praterea
3110 2485 3362 2549 quatuor
3396 2482 3627 2556 fratres,

1983 2569 2437 2638 videlicetllugo
2451 2572 2508 2654 et
2535 2566 2879 2637 Ludovicus,
2899 2568 3222 2624 Rodericus
3248 2573 3627 2645 etliiquinus,

1987 2658 2089 2714 ﬁlii
2121 2659 2411 2714 Richezon
2439 2672 2466 2712 s
2504 2670 2577 2711 ex
2611 2657 2886 2726 Liegarde
2916 2658 3089 2713 amita
3126 2662 3346 2716 Arnulli
3381 2663 3632 2720 comitis.

1987 2751 2200 2805 Horum
2232 2762 2379 2804 unus
2432 2747 2475 2801 Β
2504 2760 2715 2817 qubus
2746 2748 2818 2802 ab
2875 2748 3236 2805 Heribrando
3295 2752 3633 2810 Bulioneusi

1990 2839 2330 2895 interiectas
2350 2839 2419 2892 ad
2439 2844 2615 2909 caput
2632 2837 2926 2907 pradicta
2951 2840 3324 2896 Adeladisest
3342 2844 3631 2913 sepultus.

1991 2926 2135 2981 Hinc
2165 2939 2300 2995 erga
2348 2926 2539 2981 locum
2601 2924 2737 2981 facti
2796 2925 3128 2983 devotiores
3156 2932 3214 2982 et
3271 2932 3549 2987 Arnulfus
3580 2938 3641 2988 et

237 3028 406 3109 (illam
429 3012 549 3109 ,ηίδί
580 3010 783 3109 οουίξξι.
810 3009 1173 3109 Ρτοῦίλεῗξθῐξίν
1209 3007 1369 3109 mino
1404 3007 1594 3077 ωοάο,
1629 3010 1692 3062 ιιι
1722 3020 1883 3062 ³886·
1911 3045 1962 3109 C
1994 3020 2238 3087 nepotes
2266 3015 2411 3085 ejus,
2448 3020 2692 3086 nepotes
2725 3015 2955 3086 quidem
2987 3033 3092 3089 pro
3124 3020 3303 3076 fratre
3335 3035 3440 3076 suo
3465 3021 3639 3077 dede-

238 3102 468 3170 rebant,
503 3098 879 3155 narrantibus
906 3096 1319 3153 credidissent.

308 3194 392 3246 14.
430 3189 565 3259 (22.)
600 3189 760 3241 Anno
819 3185 993 3240 Verbi
1053 3184 1336 3239 incarnati
1393 3186 1547 3253 1074,
1580 3182 1885 3255 Philippus

240 3278 415 3335 etiam
440 3290 542 3332 rex
562 3277 911 3330 Francorum
936 3273 1008 3327 ab
1030 3272 1231 3327 eodem
1247 3273 1459 3328 abbate
1483 3278 1743 3343 rogatus,
1769 3288 1888 3329 om-

242 3381 343 3424 nes
369 3364 627 3437 capellas
649 3362 786 3419 Νονὶ
813 3360 1070 3431 Castelli,
1099 3361 1254 3431 quod
1275 3365 1412 3417 tunc
1436 3364 1695 3433 tenebat,
1716 3363 1887 3419 matri

244 3469 364 3513 sua
395 3453 659 3511 ecclesia
693 3453 879 3508 beata
904 3450 1093 3507 Maria
1118 3465 1245 3521 qua
1270 3456 1362 3507 est
1386 3452 1441 3506 in
1471 3452 1887 3509 Eberneicorte

245 3542 582 3613 recognovit
606 3546 663 3596 et
685 3539 964 3609 reddidit,
981 3554 1199 3611 easque
1222 3539 1525 3612 privilegio
1550 3557 1670 3601 sua
1693 3547 1892 3604 aucto-

247 3633 441 3689 ritatis
481 3646 611 3686 cum
650 3628 931 3701 pradieta
975 3628 1121 3683 cella
1152 3627 1417 3685 ecclesia
1453 3631 1610 3686 beati
1641 3630 1801 3687 Petri
1832 3634 1889 3687 et

248 3720 404 3777 beati
439 3718 683 3775 lluberti
708 3716 1004 3772 habendas
1032 3716 1414 3773 confirmavit.

318 3831 404 3885 15.
442 3825 579 3897 (23.)
616 3830 775 3881 Anno
809 3822 980 3878 Verbi
1016 3822 1302 3878 incarnati
1336 3824 1492 3894 1068,
1527 3824 1768 3882 Arnulfo
1800 3840 1895 3884 co-

250 3915 372 3973 miti
408 3912 774 3970 Chiniacensi
805 3911 916 3983 (60)
950 3924 1022 3966 ex
1071 3911 1422 3982 patrimonio
1479 3926 1585 3971 suo
1618 3928 1897 3984 provene-

252 4010 342 4061 rat
373 4001 522 4060 cella
552 3999 829 4057 Pirensis.
870 3998 977 4066 Qui
1011 3998 1151 4056 licet
1175 4001 1428 4072 juvenis,
1459 4002 1673 4059 ductus
1702 4007 1897 4060 tamen

251 4093 469 4166 optima
501 4091 648 4146 fama
671 4096 731 4145 et
753 4102 949 4145 amore
971 4088 1311 4145 Theoderici
1334 4091 1583 4161 abbatis,
1610 4097 1900 4148 attractus

253 4182 429 4238 etiam
444 4193 589 4252 prop
602 4184 688 4234 ter
711 4176 946 4247 optima
969 4175 1265 4246 religionis
1286 4179 1522 4235 odorem
1537 4180 1899 4251 sepulturam

255 4285 416 4327 suam
442 4269 654 4323 ibidem
679 4266 1062 4336 constituere,
1081 4267 1382 4336 prafatam
1400 4267 1607 4324 cellam
1631 4269 1902 4327 ecclesia

259 4357 413 4415 beati
449 4356 605 4414 Petri
638 4359 696 4411 et
749 4355 903 4410 beati
936 4355 1177 4410 lluberti
1237 4362 1523 4427 perpetuo
1579 4358 1903 4414 habendam

257 4444 524 4518 legaliter
555 4442 814 4514 donavit,
849 4443 1069 4500 addens
1090 4450 1147 4499 et
1181 4445 1455 4515 quicquid
1480 4447 1633 4503 inter
1660 4450 1906 4506 Marbais

257 4541 314 4593 et
350 4535 585 4592 Fanium
617 4533 731 4605 (61)
783 4532 872 4590 sui
903 4537 1032 4591 erat
1057 4532 1230 4606 juris,
1268 4540 1332 4593 ut
1359 4534 1538 4595 latius
1569 4541 1906 4596 continetur

1932 4404 1987 4466 D

1995 3112 2132 3162 runt
2163 3104 2428 3161 ecclesia
2481 3104 2756 3175 quicquid
2790 3105 3080 3162 habebant
3111 3110 3264 3178 apud
3293 3110 3549 3167 Liiiaiuin
3582 3117 3640 3169 et

1997 3196 2326 3263 Carnetum,
2361 3198 2418 3249 et
2477 3202 2743 3263 quartam
2801 3200 3025 3264 partem
3081 3196 3276 3266 pontis
3330 3214 3457 3269 qua
3515 3206 3643 3257 erat

1997 3298 2197 3341 eorum
2225 3281 2378 3354 apud
2427 3281 2723 3338 Gabelium
2757 3284 2901 3353 (65);
2934 3284 3212 3341 Arnulfus
3260 3301 3396 3343 vero
3428 3293 3645 3359 prater

2000 3372 2206 3432 cellam
2256 3372 2572 3440 Pirensem,
2626 3386 2796 3441 quam
2829 3377 2892 3427 ut
2940 3373 3157 3429 dictum
3187 3381 3276 3431 est
3331 3377 3502 3434 beato
3536 3380 3648 3436 llu-

2003 3465 2170 3520 berto
2202 3462 2543 3530 donaverat,
2599 3461 2821 3518 remisit
2872 3462 2927 3517 in
2980 3471 3326 3535 perpetuum
3377 3469 3647 3526 ecclesia

2003 3552 2342 3610 exactiones
2376 3550 2650 3621 quasdam
2674 3551 2746 3606 ab
2770 3550 2985 3622 iniquis
3009 3553 3296 3611 ministris
3319 3563 3648 3615 antecesso-

2004 3656 2131 3700 rum
2161 3654 2396 3698 suorum
2430 3640 2583 3711 apud
2627 3639 2924 3696 Gabelium
2959 3645 3134 3699 rebus
3166 3646 3386 3701 nostris
3418 3647 3649 3719 imposi-

2006 3736 2097 3788 tas
2151 3729 2551 3787 fraudulenter
2604 3734 2663 3786 et
2722 3731 2958 3802 injuste,
3019 3735 3246 3791 scilicet
3303 3739 3376 3793 40
3428 3740 3651 3796 modios

2007 3835 2204 3877 avena
2245 3833 2534 3876 mensura
2583 3826 2819 3891 nostra,
2865 3828 2925 3876 et
2956 3838 3121 3879 unam
3171 3832 3461 3881 carratain
3493 3828 3649 3899 foeni,

2009 3908 2253 3965 alteram
2284 3922 2424 3964 vero
2472 3909 2791 3978 straminis,
2827 3924 2953 3979 qua
3004 3911 3391 3982 exigebantur
3421 3917 3490 3971 ad
3524 3933 3654 3988 pas-

2010 3998 2257 4055 cendum
2276 4010 2488 4067 equum
2504 3996 2757 4066 comitis,
2780 4001 3222 4067 quatuordecim
3241 4003 3414 4058 etiam
3437 4008 3652 4074 garbas

2008 4086 2260 4144 cultura
2310 4085 2759 4156 indominicata,
2818 4092 3042 4157 septem
3100 4092 3302 4161 spelta
3342 4097 3398 4147 et
3430 4102 3653 4165 septem

2013 4190 2231 4244 avena,
2251 4188 2378 4245 qua
2400 4174 2689 4229 dabantur
2710 4174 2985 4246 seabinis,
3012 4182 3069 4232 et
3099 4179 3294 4236 villico
3310 4168 3651 4253 deputatum

2015 4280 2190 4323 unum
2215 4262 2467 4320 modium
2501 4263 2794 4318 frumenti.
2825 4265 3156 4322 Pontenarii
3188 4284 3419 4342 quoque
3445 4289 3575 4328 cum
3602 4276 3655 4329 in

2016 4353 2447 4425 transponenda
2472 4352 2693 4408 decima
2719 4352 3139 4421 injuriarentur
3162 4362 3455 4421 ministros
3473 4368 3657 4426 eccle-

2017 4446 2139 4513 sia,
2165 4443 2436 4499 meliores
2458 4442 2969 4511 garbasviolenter
2986 4448 3282 4518 rapientes
3296 4456 3429 4527 sibi,
3452 4471 3657 4530 agente

2017 4533 2375 4590 Theoderico
2408 4532 2727 4603 praposito
2759 4533 2813 4589 in
2846 4537 3008 4594 curia
3040 4538 3192 4596 beati
3230 4544 3467 4604 Huberti
3506 4569 3658 4610 inan-

1615 4637 1852 4695 νΑΒιιλΕ
1893 4639 2290 4699 LECTEONES.

329 4730 374 4765 ³³
401 4728 648 4785 Jocundi
675 4741 965 4800 superscr.
998 4728 1085 4785 vel
1112 4728 1301 4798 jocosi
1333 4735 1381 4789 1.

1495 4733 1541 4767 ³⁸
1566 4737 1787 4808 capris.
1830 4741 1913 4795 Γ.

2030 4736 2076 4771 ³⁷
2105 4748 2312 4793 nomen
2338 4733 2559 4790 mensis
2578 4733 2762 4792 deest.

1863 4834 2085 4893 NOT/E.

334 4897 444 4971 (59)
474 4897 752 4980 Baianae,
804 4896 1210 4980 Ifugnincozgrt,
1242 4900 1317 4980 Μ
1337 4902 1570 4980 ᾱὶυῗίἰε,
1613 4904 1905 4980 Plverem].

265 4969 608 5040 Pfovaslly,
632 4969 1042 5041 G'uiynicourt,
1067 4971 1502 5043 Jueignic-mrt,
1536 4969 1903 5034 Ranlicaeft.

268 5042 340 5116 La
370 5046 648 5116 donatioii
671 5045 758 5116 cst
798 5046 1106 5116 [apportee
1135 5058 1239 5114 par
1288 5042 1606 5116 BerthOlet,
1642 5047 1790 5103 Hist.
1830 5050 1907 5106 du

268 5112 540 5170 Luxemb.
578 5112 671 5182 ill,
704 5115 772 5167 36
798 5112 862 5166 Β.

340 5185 452 5255 (60)
490 5183 720 5258 eam.
757 5183 1038 5258 _Comi_tem
1060 5184 1137 5258 de
1184 5184 1393 5240 Warck
1423 5185 1680 5258 appellat
1710 5195 1915 5246 auctor

270 5252 415 5326 Vita
433 5252 596 5326 3,37
628 5252 721 5310 ubi
754 5252 878 5310 hac
910 5256 1168 5311 breviter
1199 5259 1406 5326 tangit.
1461 5252 1475 5258 ’
1497 5252 1514 5257 “
1738 5308 1741 5311 ,

341 5324 458 5407 (lli)
487 5324 1116 5407 Memmiana/mima.
1148 5327 1207 5407 bi
1219 5324 1384 5407 itera
1400 5329 1739 5407 donationis
1754 5347 1817 5407 As.
1844 5333 1880 5390 d
1894 5375 1908 5390 .

270 5394 447 5478 edita
477 5400 610 5452 sunt
643 5396 701 5452 in
744 5394 887 5454 Coll.
922 5397 1111 5469 Ampi.
1145 5398 1188 5468 ι,
1219 5400 1325 5456 472
1356 5406 1414 5456 et
1444 5401 1500 5457 in
1531 5402 1709 5460 Mirai
1742 5403 1912 5477 Opp.,

272 5466 420 5536 Dipl.
452 5466 543 5536 lV,
577 5468 700 5524 δοι.

368 5535 455 5611 62)
485 5535 549 5596 In
578 5536 720 5597 villa
743 5536 932 5611 Pinc».

2089 4902 2785 4983 (ωλθαίῖιρίᾳη-Ψανοθ
2826 4918 3006 4983 prope
3039 4906 3335 4983 Macerias,
3371 4914 3659 4977 Noneion.

2015 4976 2359 5035 aw-illeuse.
2398 4975 2768 5042 Privilegium
2815 4976 3121 5033 ediderunt
3154 4975 3405 5040 Mai-tene
3438 4994 3493 5041 et
3529 4975 3642 5047 Dur

2028 5048 2171 5103 Coll.
2218 5047 2403 5116 Ampi.
2441 5048 2480 5113 l,
2534 5038 2655 5112 495,
2717 5050 2912 5101 datum
2945 5062 3000 5101 a.
3068 5054 3222 5121 1079,
3259 5038 3663 5119 sed—alterum

2028 5125 2419 5205 prmsu‘atuai
2451 5120 3037 5205 exstitisseeportet,
3065 5120 3435 5205 namexﬁne
3458 5136 3669 5205 capitis

2024 5189 2272 5279 ξρρὲςεξ
2290 5189 2784 5279 ,ίξέθθέἷεξδέἒέῗδθ
2817 5196 2956 5279 ἓξὲίί
2981 5198 3246 5279 ί.⁴ΞΨΡ⁰¹’³
3274 5189 3657 5279 "amnica;

2028 5259 2387 5327 Lcediensis,
2424 5259 2519 5328 qui
2554 5259 2704 5313 sedit
2735 5277 2788 5314 a.
2821 5259 3141 5322 1075-109i.

2097 5330 2400 5424 (demam.
2438 5329 2853 5388 Chiniacensis.
2890 5366 2955 5377 -—
2988 5338 3261 5397 Roceium
3293 5346 3383 5400 est
3417 5345 3650 5424 Roussy

2028 5395 2406 5458 ad'Axonam.
3181 5395 3187 5396 7
3229 5395 3260 5397 ”
3299 5395 3378 5400 ’⁷⁷
3417 5395 3670 5424 ’⁷⁷⁷⁷⁷⁷³⁷

2098 5474 2212 5545 (65)
2243 5473 2457 5546 ιίαφιν,
2487 5471 2789 5545 Car-Mere,
2817 5476 3009 5537 Οἰνεῖ.
3050 5480 3115 5539 R.
