3948 6070
393 160 545 236 1359

1389 156 1869 233 cnnomeoxv
1898 160 1966 230 s.
2000 98 2355 228 essent.
2393 155 2788 230 ANDAGIN.

3650 157 3827 232 1360

385 325 543 383 davit
601 340 703 383 eos
756 325 959 383 venire
1016 293 1289 382 Amulius
1345 337 1559 393 comes,
1617 338 1690 380 ex
1739 319 2006 393 optimati
2060 302 2118 364 Α
2147 318 2463 392 presbiter,
2496 319 2776 379 decimam
2812 328 3104 381 sartorum
3147 318 3261 381 sibi
3291 330 3541 384 conatus
3573 324 3826 384 abstra-

387 416 497 471 bus
528 415 654 472 suis
684 416 995 486 Riquinum
1052 417 1114 471 et
1142 412 1468 484 Algoldum,
1525 412 1943 469 Theodericum
1974 414 2035 465 et

388 510 690 566 Albertum
737 520 933 563 secum
994 504 1072 561 ibi
1130 504 1366 574 habens,
1411 509 1470 559 et
1530 502 1750 577 indicta
1804 498 2035 555 bannall

385 598 726 657 evocatione
756 595 940 652 totius
977 592 1338 650 Gabeliensis
1363 591 1700 664 potestatis,
1748 588 2038 659 adjuravit

2148 412 2315 478 here;
2343 411 2494 468 unde
2516 428 2645 469 cum
2678 413 2880 482 viginti
2913 415 3126 483 garbas
3156 413 3520 487 abstulisset,
3545 415 3824 476 Theode-

2148 501 2305 557 ricus
2336 504 2758 573 superveniens
2783 505 3134 576 praepositus
3160 505 3245 561 illi
3279 520 3407 562 cum
3441 508 3703 564 maxima
3740 509 3821 564 in.

2149 589 3214 685 dignationequodinven‘itresiduqm
3245 592 3491 653 decima
3526 601 3821 653 constan.

388 685 817 757 antiquioreset
835 680 1472 752 melioresinterposito
1488 683 1853 736 sacramento
1867 678 2037 732 factae
2146 679 2481 737 terinduxit
2499 680 2711 737 horreo
2734 680 3020 752 ecclesize,
3044 678 3294 753 eumque
3316 682 3387 739 ad
3405 684 3818 757 episcopalem

389 774 499 834 sibi
557 772 874 842 lldelitatis,
920 775 980 829 ut
1039 770 1335 826 edicerent
1397 770 1448 823 ei
1504 768 1809 824 veritatem
1868 764 2042 835 hujus

387 861 853 921 consuetudinis.
879 859 968 916 Illi
991 859 1172 917 locuti
1196 874 1325 915 cum
1342 857 1591 914 consilio
1609 854 2035 927 responderunt

390 951 588 1009 comiti
615 965 718 1023 per
731 949 1077 1006 Rodericum
1103 946 1480 1019 praepositum
1506 950 1564 1001 et
1589 946 1902 1000 Gobertum
1936 942 2041 998 vil-

392 1040 589 1109 licum,
615 1039 767 1094 sicut
799 1042 968 1094 erant
1015 1035 1289 1106 adjurati,
1315 1034 1646 1092 exactiones
1675 1034 1819 1090 istas
1841 1033 1912 1088 ab
1936 1032 2042 1088 ini-

392 1129 524 1199 quis
553 1125 838 1183 ministris
870 1125 1235 1182 dominorum
1268 1138 1397 1179 esse
1441 1123 1707 1179 inventas
1737 1128 1796 1177 ct
1824 1122 2037 1193 injuste

2150 768 2503 825 audientiam
2535 770 2721 826 edixit
2771 785 2966 828 secum
3023 773 3243 828 venire.
3297 774 3575 830 Evocatis
3611 779 3817 829 autem

2151 857 2582 927 antiquioribus
2601 858 3113 931 vicinis,episc0po
3129 860 3281 932 apud
3297 867 3568 918 sanctum
3586 863 3815 918 [luber-

2150 949 2271 1001 tum
2297 947 2679 1003 commoranti
2700 952 2949 1019 uterque
2980 963 3042 1003 se
3062 950 3471 1019 praesentavit;
3499 950 3582 1005 ibi
3609 965 3813 1007 coram

2150 1032 2250 1089 illo
2264 1039 2633 1091 sacramento
2651 1034 3034 1092 veridicorum
3049 1038 3425 1108 comprobata
3439 1038 3815 1108 veritateju-

2149 1120 2301 1178 dicio
2319 1123 2966 1181 Bosonisarchidiacom
2980 1125 3293 1195 Raguenus
3309 1127 3612 1196 presbiter
3628 1126 3812 1199 publi—

390 1223 450 1275 et
484 1215 881 1274 fraudulenter
920 1213 1186 1272 ecclesiae
1220 1213 1542 1284 impositas,
1576 1212 1629 1268 ei
1664 1212 1793 1268 ideo
1818 1211 2038 1282 judicio
2146 1211 2567 1280 camjustitiam
2601 1212 2736 1268 fecit
2769 1212 3125 1269 Theoderico
3162 1214 3383 1284 abbati,
3408 1214 3671 1284 etjussu
3692 1216 3812 1287 epi—

389 1320 613 1375 eorum,
636 1305 682 1362 si
706 1304 945 1376 justicia
988 1307 1345 1371 servaretur,
1378 1299 1761 1357 omnimodo”
1784 1300 2038 1357 adnichi-

392 1394 614 1451 laudas.
648 1393 771 1450 Hiis
819 1407 1017 1450 comes
1062 1390 1300 1460 auditis,
1363 1390 1638 1459 Vigonem
1697 1389 2034 1458 magistrum

392 1484 691 1543 scabinum
721 1482 936 1553 garbas
987 1484 1263 1551 acceptas
1313 1494 1383 1534 ex
1416 1477 1644 1535 cultura
1702 1477 2034 1534 deminicali

393 1573 732 1630 videntibus
783 1569 1013 1627 cunctis
1046 1568 1286 1640 proprio
1342 1567 1495 1624 collo
1529 1567 1663 1623 fecit
1725 1567 1944 1623 referre
1976 1572 2035 1622 et

2149 1299 2311 1372 scopi
2333 1300 2612 1356 decimam
2647 1315 2818 1370 quam
2848 1301 3172 1357 abstulerat
3208 1317 3314 1359 suo
3336 1303 3617 1361 vehiculo
3644 1305 3810 1360 redu-

2146 1389 2296 1442 ctam
2331 1388 2586 1458 propriis
2611 1388 2879 1445 manibus
2898 1389 2951 1443 in
2976 1390 3189 1445 horreo
3220 1390 3489 1446 ecclesiae
3509 1392 3802 1460 reposuit.

2219 1477 2303 1532 17.
2339 1476 2472 1543 (24.)
2504 1477 2848 1533 Namucensi
2881 1478 2994 1549 (71)
3026 1479 3349 1548 comitatui,
3389 1478 3528 1534 licet
3561 1480 3803 1549 injuste,

2150 1565 2492 1635 subjaccbat
2524 1566 2862 1621 centenaria
2893 1565 3123 1635 justitia
3156 1568 3534 1639 Anseromiac,
3561 1575 3628 1624 et
3658 1569 3807 1625 vice-

394 1673 681 1734 reponere
711 1659 769 1715 in
818 1660 1030 1715 horreo
1064 1656 1218 1713 beati
1271 1656 1534 1712 Huberti.
1593 1656 1865 1722 Quaedam
1894 1671 2034 1712 vero
2062 1658 2118 1718 B
2147 1653 2425 1709 comitum
2449 1652 2729 1709 violentia
2761 1654 3129 1724 aﬂligebatur
3157 1656 3326 1711 nimis
3353 1657 3628 1714 ecclesiae
3651 1658 3806 1713 fami-

393 1765 599 1821 venna,
642 1763 771 1819 qum
808 1747 964 1819 apud
1012 1760 1113 1802 eos
1144 1745 1359 1802 dicitur
1405 1744 1624 1814 radius,
1661 1745 1715 1800 in
1750 1745 1890 1801 Huia
1945 1748 2034 1817 66)

395 1840 662 1907 habetur,
692 1842 751 1892 et
801 1848 1180 1906 quaecumque
1221 1839 1465 1904 captura
1515 1834 1759 1904 piscium
1794 1833 1872 1889 ibi
1908 1850 2037 1904 pro-

397 1925 627 1983 venerit
657 1940 687 1982 a
718 1938 868 1980 nona
921 1922 1223 1979 dominicae
1272 1922 1463 1977 noctis
1497 1937 1679 1992 usque
1739 1922 1808 1977 ad
1837 1936 2039 1993 vespe-

398 2029 520 2071 ram
555 2012 856 2085 sequentis
884 2011 1020 2082 diei,
1050 2025 1214 2067 suum
1257 2009 1370 2082 (67)
1399 2015 1489 2065 est
1522 2008 1789 2066 ecclesiae
1822 2016 2038 2066 nostra;

396 2117 469 2159 ex
495 2098 923 2158 consuetudine
980 2098 1197 2163 veteri;
1230 2104 1291 2153 et
1343 2096 1574 2168 quando
1632 2096 1782 2153 idem
1838 2098 2038 2154 radius

396 2189 736 2246 ﬁrmabatur
767 2189 879 2259 (68)
903 2202 933 2244 a
957 2186 1151 2243 villico
1179 2191 1402 2254 nostro,
1437 2185 1708 2256 exigebat
1730 2186 1841 2241 sibi
1872 2188 2040 2243 obso-

396 2279 551 2336 nium
585 2276 817 2335 comitis
839 2275 1090 2332 villicus.
1118 2275 1231 2331 Has
1256 2288 1457 2331 omnes
1485 2273 1801 2343 injustitias
1834 2289 1903 2330 ne
1926 2289 2042 2329 am-

399 2367 551 2440 plius
579 2379 610 2421 a
640 2377 931 2437 quoquam
965 2362 1363 2433 exigerentur,
1420 2361 1651 2417 bannali
1684 2363 2041 2419 anotoritate

395 2469 590 2511 comes
618 2452 947 2522 interdixit,
998 2450 1360 2523 pontenariis
1403 2450 1772 2507 constituens
1805 2450 1876 2506 de
1912 2466 2043 2507 una-

395 2537 1597 2614 quaquecarrata,transponendtedecimae
1623 2539 2042 2608 unamgarbam

396 2631 681 2702 accipere,
701 2634 760 2685 et
783 2629 832 2685 si
857 2627 994 2700 quid
1028 2627 1217 2685 minus
1252 2627 1425 2682 fuerit
1450 2625 1521 2682 de
1540 2626 1767 2696 integra
1789 2630 2041 2696 carrata,

396 2717 691 2774 dimidiam
741 2715 826 2773 illi
854 2715 900 2749 ”
935 2714 1266 2786 provenire,
1324 2714 1478 2770 sicut
1537 2714 1822 2786 placuerit
1885 2715 2047 2770 mini-

396 2810 524 2863 stro
553 2804 842 2875 ecclesize,
875 2809 935 2860 et
965 2803 1074 2859 boc
1114 2802 1240 2859 sine
1272 2800 1388 2858 ulla
1429 2802 1849 2858 decertationc.
1881 2803 2047 2858 Dein-

397 2894 468 2952 de
500 2907 694 2950 comes
743 2905 850 2963 pro
882 2891 973 2948 bis
1019 2895 1074 2946 et
1115 2890 1245 2945 aliis
1275 2889 1577 2959 injustitiis
1602 2889 1665 2957 ³ο,
1713 2904 1858 2959 quas
1889 2891 1981 2947 vel
2015 2907 2044 2945 a

2150 1738 2243 1795 lia.
2282 1741 2482 1797 Acturi
2528 1754 2736 1798 causas
2779 1742 2953 1811 hujus
2983 1740 3307 1797 exactionis
3351 1741 3709 1799 Guillelmus
3739 1744 3806 1799 de

2148 1828 2343 1885 Virvia
2389 1844 2516 1885 cum
2574 1830 2918 1886 llerimanno
2949 1835 3005 1886 et
3058 1831 3236 1886 fratre
3287 1830 3415 1899 ejus
3442 1831 3706 1887 Rodull’o
3740 1832 3804 1886 de

2150 1917 2408 1973 Houbaia
2441 1919 2554 1989 (72)
2596 1919 2688 1973 die
2735 1919 3006 1976 condicta
3038 1919 3140 1974 illo
3187 1926 3620 1989 convenerunt,
3658 1927 3714 1976 et
3752 1922 3801 1976 in

2150 2005 2478 2062 dominicali
2512 2007 2672 2062 curia
2720 2022 2958 2078 porcum
2995 2022 3168 2062 unum
3202 2007 3569 2064 invenientes
3602 2009 3661 2063 in
3693 2023 3803 2065 cce-

2150 2109 2276 2150 nam
2310 2109 2472 2152 suam
2528 2096 2715 2153 occidi
2766 2100 2826 2151 et
2860 2096 3051 2167 parari
3096 2095 3429 2166 jusserunt.
3474 2096 3803 2153 Bullientes

2149 2196 2358 2239 carnes
2388 2184 2532 2240 satis
2564 2184 2783 2241 multus
2815 2184 2965 2253 ignis
2998 2189 3315 2254 suggestus
3341 2187 3665 2256 coquebat,
3703 2186 3799 2241 sed

2156 2270 2314 2328 nullo
2337 2272 2507 2328 modo
2531 2272 2777 2343 decoqui
2799 2276 3100 2343 poterant,
3133 2278 3190 2327 et
3226 2273 3513 2329 ministris
3536 2273 3613 2329 de
3648 2288 3803 2329 more

2153 2361 2642 2430 attemptantibus
2657 2375 2777 2431 eas,
2796 2361 3146 2418 cruditatem
3162 2376 3321 2418 suam
3346 2369 3403 2417 et
3420 2363 3803 2432 sanguineum

2155 2449 2454 2504 horrorem
2487 2449 2851 2518 ingerebant.
2890 2450 3185 2506 Caenaturi
3215 2450 3432 2505 domini
3465 2465 3601 2506 cum
3632 2451 3804 2506 tadio

2156 2536 2526 2593 afﬁcerentur
2553 2536 2725 2606 hujus
2775 2539 3226 2609 eitpectationis,
3262 2553 3470 2594 carnes
3506 2537 3643 2594 illas
3676 2554 3809 2609 qua-

2157 2625 2490 2696 lescumque
2518 2632 2717 2681 essent
2745 2626 2856 2682 sibi
2880 2626 3185 2696 jusserunt
3216 2627 3447 2698 apponi,
3492 2628 3599 2684 sed
3645 2641 3807 2683 coena

2157 2714 2356 2769 eadem
2384 2714 2499 2769 illis
2522 2714 2724 2771 ultima
2748 2714 2886 2771 fuit:
2924 2730 3051 2770 nam
3086 2714 3479 2773 Guillelmusa
3513 2715 3802 2772 daemonio

2157 2807 2430 2873 arreptus
2453 2808 2511 2858 et
2539 2802 2789 2858 Virviam
2824 2803 2878 2857 in
2902 2803 3230 2872 gestatoria
3249 2803 3472 2860 relatus
3504 2804 3805 2860 miserabi-

2158 2890 2296 2946 liter
2324 2890 2644 2962 expiravit;
2695 2891 3078 2947 llerimannus
3126 2906 3260 2949 vero
3291 2896 3351 2947 et
3382 2892 3681 2949 Rodull‘us
3713 2892 3808 2949 ali-

397 2997 460 3040 se
487 2982 580 3040 vel
612 2994 642 3036 a
671 2980 794 3038 suis
848 2979 1187 3050 recognovit
1227 2978 1410 3035 factas
1464 2978 1754 3047 ecclesiae,
1814 2979 2042 3049 culpam
2077 3010 2125 3073 Ο
2158 2979 2429 3050 quamdiu
2462 2993 2591 3036 cum
2628 2979 2802 3035 nimio
2843 2978 3042 3035 dolore
3071 2981 3429 3052 superstites
3460 2980 3806 3037 defecerunt

397 3086 560 3129 suam
589 3068 898 3127 confessus
927 3074 1016 3124 est
1049 3068 1304 3139 publice,
1331 3076 1392 3122 et
1424 3066 1635 3122 Ottone
1670 3067 1789 3123 lilio
1820 3082 1926 3123 suo
1957 3080 2045 3123 se-

396 3174 526 3217 cum
553 3157 808 3215 deducto
830 3155 1071 3213 veniens
1093 3155 1165 3212 ad
1191 3156 1627 3224 monasterium,
1656 3154 2044 3211 Floherimon-

397 3255 513 3306 tem
547 3246 659 3317 (69)
709 3260 838 3302 cum
871 3243 1087 3300 familia
1118 3251 1176 3301 et
1210 3242 1537 3301 molendino
1579 3242 1816 3299 donavit
1869 3244 2041 3298 beato

399 3336 658 3391 ﬂuberto
689 3332 957 3403 legaliter
994 3330 1335 3387 habendum.
1380 3330 1508 3386 Filii
1531 3345 1763 3401 quoque
1793 3330 1883 3386 sui
1906 3330 2042 3386 dex-

398 3431 545 3479 tram
579 3436 757 3494 super
785 3420 969 3492 majus
1021 3420 1202 3475 altare
1233 3418 1387 3476 beati
1420 3418 1576 3473 Petri
1614 3417 1949 3488 applicavit,
1981 3422 2043 3474 et

405 3521 461 3567 ut
488 3512 678 3569 omnia
696 3524 823 3583 qua
841 3509 1028 3567 eidem
1043 3507 1306 3564 ecclesiae
1321 3506 1659 3575 donaverat,
1677 3505 1769 3562 vel
1792 3504 2041 3576 injustas

399 3601 737 3659 exactiones
753 3607 808 3655 et
833 3595 1292 3655 consuetudines
1308 3608 1453 3666 quas
1475 3595 1895 3665 annullaverat,
1916 3595 2041 3665 ipsc

399 3689 574 3745 etiam
599 3685 982 3757 jurejurando
1005 3684 1057 3740 ei
1090 3681 1458 3739 conﬁrmaret
1494 3682 1732 3754 proprio
1766 3682 2042 3753 orejura-

400 3786 531 3833 turo
562 3774 825 3844 dictavit,
884 3771 1274 3845 praesentibus
1306 3770 1382 3825 ibi
1420 3771 1766 3841 quibusdam
1799 3771 2041 3843 optima-

400 3866 558 3922 tibus
585 3864 725 3922 suis.
764 3861 1062 3919 Gabelium
1116 3865 1309 3922 autem
1355 3859 1533 3916 semel
1592 3859 1648 3915 in
1680 3859 1928 3916 dicendo
1959 3860 2042 3914 in-

396 3953 603 4024 gressi,
655 3951 886 4008 videtur
936 3949 1078 4006 utile
1129 3949 1543 4005 notillcandum
1590 3949 1870 4019 posteris,
1902 3948 2038 4004 licet

400 4046 812 4115 praeoccupato
864 4038 1069 4096 ordine
1101 4037 1397 4107 narrandi,
1447 4036 1585 4107 quid
1618 4037 1698 4092 ibi
1727 4035 2043 4107 contigerit

398 4138 665 4202 tempore
693 4128 910 4185 domini
956 4125 1212 4183 Heinrici
1268 4125 1558 4198 episcopi.
1621 4124 1785 4180 Omni
1818 4125 2040 4181 decima

403 4220 749 4289 ubicumque
775 4217 968 4288 jaceat
1025 4215 1177 4271 intra
1210 4213 1488 4270 bannales
1545 4214 1821 4270 terminos
1851 4214 2040 4270 totius

401 4306 642 4377 Gabelii,
676 4309 906 4362 constat
936 4318 1068 4360 esse
1092 4305 1162 4359 ab
1192 4302 1434 4372 antiquo
1464 4302 1732 4358 ecclesiae
1759 4302 1911 4358 beati
1936 4303 2042 4358 Hu-

401 4396 573 4453 berti.
624 4394 790 4466 Apud
838 4390 1035 4451 villam
1064 4405 1204 4448 vero
1251 4389 1560 4447 Fiscalium
1590 4394 1709 4464 (70)
1741 4391 1955 4448 excisis
1983 4392 2039 4447 in

400 4484 620 4541 foreste
676 4482 876 4552 sartis,
928 4481 1173 4538 fecunda
1207 4479 1285 4535 ibi
1317 4484 1671 4551 provenerat
1701 4480 1938 4536 messis.
1978 4482 2039 4536 ln

400 4574 549 4630 hanc
580 4574 897 4644 irrepserat
948 4570 1200 4627 latenter
1249 4570 1559 4640 Ragnenus
1587 4568 1844 4640 ejusdem
1886 4568 2040 4627 villae

2068 4350 2124 4414 D

2155 3068 2280 3123 sine
2306 3067 2645 3139 poenitentia
2661 3072 2721 3122 et
2744 3066 2931 3123 dirina
2957 3068 3373 3137 recognitione.
3391 3068 3518 3124 Hiis
3540 3070 3808 3141 probatis

2158 3154 2434 3212 Albertus
2463 3170 2658 3210 comes
2681 3155 3057 3211 Namuceusis
3078 3171 3206 3212 cum
3235 3156 3291 3211 in
3324 3155 3641 3212 Arduenna
3667 3157 3803 3213 silva

2157 3248 2485 3299 moraretur
2506 3243 2692 3313 gratia
2716 3243 2985 3313 venandi,
3011 3245 3454 3301 etveneratione
3476 3245 3587 3301 loci
3618 3245 3804 3301 diver-

2155 3334 2304 3386 teret
2329 3346 2458 3389 cum
2491 3345 2669 3387 uxore
2692 3345 2794 3387 sua
2818 3331 2936 3402 lda,
2968 3346 3094 3403 quas
3118 3333 3282 3404 prius
3310 3334 3496 3389 fuerat
3521 3349 3679 3390 uxor
3708 3333 3804 3390 du-

2153 3420 2238 3475 cis
2265 3420 2552 3475 Frederici
2576 3421 2708 3492 (73),
2736 3418 2804 3474 ad
2825 3419 3129 3476 ecclesiam
3154 3421 3309 3476 beati
3334 3422 3606 3491 Huberti,
3630 3423 3803 3478 Theo-

2153 3507 2585 3564 dericusabbas
2608 3508 2951 3580 praedictum
2968 3508 3309 3565 comitatum
3330 3510 3697 3565 Anseromiae
3709 3524 3801 3581 cp-

2152 3596 2325 3652 tinuit
2350 3598 2422 3652 ab
2443 3596 2529 3652 eis
2572 3601 2857 3667 perpetuo
2881 3596 3294 3653 remittendum
3326 3596 3593 3655 ecclesia
3621 3600 3802 3667 (circa

2152 3702 2250 3740 (Li.
2292 3688 2467 3757 1066).
2503 3686 2579 3740 Ea
2615 3692 2804 3740 tamen
2849 3685 3185 3742 conditione
3213 3684 3257 3718 ⁸¹
3288 3686 3643 3756 interposita
3672 3687 3798 3743 huic

2154 3774 2501 3843 remissioni,
2532 3780 2592 3829 ut
2635 3773 2839 3843 viginti
2861 3773 3088 3830 modios
3110 3788 3307 3831 avena
3332 3779 3555 3831 nostra
3580 3787 3801 3830 mensu-

2155 3878 2232 3917 rae
2256 3863 2609 3934 praepositus
2631 3862 2984 3918 Anseromiaa
3009 3863 3336 3933 quotannis
3352 3863 3692 3920 exsolveret
3712 3877 3800 3918 co-

2154 3950 2403 4019 mitatui,
2450 3948 2679 4005 villicus
2726 3964 2863 4006 vero
2908 3949 3062 4005 villae
3112 3949 3183 4006 de
3233 3964 3583 4022 unaquaque
3634 3951 3797 4008 domo

2152 4037 2414 4108 ejusdem
2442 4037 2764 4109 potestatis
2811 4038 3062 4094 modium
3095 4053 3271 4095 unum
3304 4053 3506 4095 avenas
3538 4039 3794 4110 exigeret

2155 4141 2258 4197 pro
2287 4125 2586 4198 praedictis
2609 4125 2814 4182 modiis
2834 4126 3038 4196 viginti
3055 4127 3450 4199 reponendum
3466 4126 3793 4185 dominicali

2154 4216 2352 4271 curiae.
2387 4216 2455 4270 Et
2480 4216 2603 4271 haec
2625 4211 2885 4271 conditio
2916 4214 3142 4272 firmata
3173 4220 3263 4272 est
3287 4216 3538 4274 maxime
3558 4231 3796 4288 poscen-

2154 4303 2312 4360 tibus
2342 4303 2597 4374 villanis,
2633 4303 2729 4374 qui
2761 4317 2864 4375 per
2887 4305 3251 4362 exactionem
3283 4306 3604 4362 comitatus
3635 4305 3796 4364 nimis

2152 4392 2550 4463 gravabantur
2573 4391 2646 4447 ab
2685 4392 3001 4448 extraneis.
3028 4422 3097 4432 —
3127 4394 3246 4450 Hoc
3268 4394 3445 4450 etiam
3470 4398 3735 4465 tempore
3753 4390 3797 4424 ³²

2158 4480 2477 4538 Willelmus
2505 4494 2702 4537 comes
2746 4480 3207 4538 Normannorum
3257 4480 3573 4538 debellatis
3602 4480 3801 4551 Anglis

2157 4569 2347 4626 factus
2367 4573 2454 4625 est
2483 4583 2582 4625 rex
2603 4581 2802 4624 eorum
2820 4585 2834 4633 ;
2859 4567 2976 4638 qui,
3003 4582 3075 4624 ne
3099 4568 3362 4637 ingratus
3378 4575 3542 4626 esset
3560 4569 3801 4626 honoris

1765 4693 2001 4750 VARUS
2031 4692 2433 4753 LECTIONES.

463 4857 510 4893 ’⁸
535 4856 767 4916 omnino
800 4859 884 4915 1'.
1000 4856 1046 4889 ²⁰
1076 4853 1195 4912 illis
1230 4856 1309 4912 1‘.
1426 4854 1473 4889 '°
1495 4853 1741 4925 justitiis
1774 4860 1827 4910 1.

1946 4854 1985 4887 δι
2027 4855 2285 4912 conditio
2319 4858 2375 4911 1.

2491 4851 2536 4885 ³⁸
2564 4852 2804 4912 deestl.
2846 4857 2923 4911 1‘.

1986 5008 2206 5064 NOTA'...

468 5157 581 5228 (66)
610 5156 698 5214 La
723 5152 991 5228 Houille,
1027 5151 1365 5228 atllue_nt_de
1396 5150 1447 5206 la
1479 5151 1692 5228 biense,
1726 5150 1822 5221 qui
1857 5148 2039 5221 prend

396 5239 458 5282 ss
479 5222 701 5285 'so'urce
731 5226 1043 5282 au-dessus
1071 5223 1143 5279 de
1172 5222 1446 5278 Gedinne.
1481 5223 1547 5277 R.

468 5295 602 5368 (67).
636 5295 760 5368 l._e.
793 5298 1113 5368 proprium,
1148 5293 1317 5368 modo
1349 5291 1624 5368 loquendi
1648 5292 1836 5368 inboc
1859 5304 2037 5362 opere

396 5363 609 5439 passim
628 5363 831 5439 obvio,
866 5363 929 5424 u't
961 5380 1013 5422 c.
1048 5372 1133 5421 19.
1169 5366 1226 5421 in
1253 5365 1386 5437 ﬁne,
1419 5363 1471 5422 c.
1502 5367 1571 5419 2'7
1598 5363 1783 5420 initio.

490 5439 581 5511 68)
611 5437 864 5511 gmw.

487 5506 575 5583 69)
605 5506 962 5568 Fxo/timent.
991 5507 1057 5569 tl.

2220 5153 2334 5291 270)
2365 5147 2692 5207 Fac/mus.
2728 5151 2795 5205 ll.

2244 5224 2329 5290 71)
2363 5219 2496 5276 Haec
2530 5234 2716 5290 usque
2747 5234 2795 5276 at

2244 5219 2329 5290 71)
2363 5219 2496 5276 Haec
2530 5234 2716 5290 usque
2747 5221 2816 5276 ad
2867 5220 3289 5279 remittendum
3316 5222 3577 5285 ecclesia
3627 5230 3801 5285 etiam
3900 5224 3901 5279 ἢ

2148 5291 2301 5347 inter
2330 5291 2602 5367 Miracula
2651 5292 2706 5345 S.
2738 5290 2981 5367 lluberti
3030 5305 3081 5348 c.
3133 5294 3200 5348 28
3249 5292 3548 5367 leguntur,
3602 5298 3711 5356 ubi
3737 5314 3800 5356 ex

2148 5367 2351 5419 nostro
2380 5361 2580 5419 addita
2609 5375 2745 5419 esse
2776 5362 3072 5420 existimo.

2219 5432 2332 5579 (72)
2378 5432 2598 5515 νέατοι,
2629 5433 2959 5514 ῌοπίΙισκα.
2986 5433 3052 5517 ιζ,

2240 5504 2332 5579 73)
2363 5502 2772 5577 Lotharmgue,
2807 5518 2903 5579 qui
2934 5504 3049 5564 obu

2240 5502 2332 5581 73')
2363 5502 2772 5577 Lotharingiaa,
2807 5502 2903 5583 qui
2934 5504 3083 5564 obiit
3098 5507 3256 5572 toea.
