3960 6044
215 310 359 375 1361

1214 305 1692 374 CHRONICON
1723 304 1785 371 S.
1825 302 2188 372 HUBERTI
2216 306 2607 375 ANDAGIN.

3414 268 3616 371 ’1362

214 484 243 525 a
274 468 391 525 Deo
420 464 532 526 sibi
555 461 775 536 collati,
803 477 903 539 per
935 464 1198 523 coenobia
1225 465 1408 522 totius
1438 459 1657 534 Anglize
1684 461 1851 520 unde~

1978 446 2133 539 1418.
2161 442 2297 539 (26.)
2331 446 2530 539 Gozilo
2561 460 2757 539 comes
2812 442 3080 505 Bohaniae
3122 444 3233 517 (75)
3268 444 3420 520 apud
3475 444 3619 539 Mar:

214 572 447 631 quaque
478 556 737 613 evocatis
769 556 1235 628 praeceptoribus
1260 554 1571 624 religiosis,
1598 553 1859 608 ordinem

215 650 495 721 perfectae
529 647 828 717 religionis
855 647 947 704 vel
988 646 1241 703 instituit
1276 645 1362 701 vel
1408 642 1768 713 reformavit,
1804 647 1860 699 ct

216 753 320 811 per
340 737 651 795 exterioris
666 736 1047 793 amministrat
1064 736 1211 790 ionis
1234 733 1279 766 ⁸³
1306 734 1467 803 leges
1499 732 1766 802 publicas
1790 730 1860 786 ad

213 827 386 884 civile
418 826 597 884 decus
655 825 940 882 excoluit.
1004 826 1156 881 Idem
1184 840 1284 881 rex
1308 828 1372 880 ut
1418 828 1546 880 erat
1575 822 1773 893 largus
1804 822 1859 877 in

214 915 494 982 donariis,
532 927 660 970 cum
722 913 775 968 in
835 912 1250 984 solempnitate
1292 912 1551 984 paschali
1620 910 1858 967 militem

215 1004 521 1074 quemdam
556 1003 783 1059 videret
806 1016 934 1058 cum
951 1002 1333 1058 ollerentibus
1355 1016 1464 1056 non
1480 1001 1710 1066 offerre,
1730 1014 1860 1056 evo~

214 1096 410 1149 catum
466 1090 979 1159 interrogavitcur
1006 1106 1115 1145 non
1172 1089 1569 1154 olferret;illo
1627 1102 1849 1160 respon'

214 1181 389 1238 dente
412 1181 523 1238 sibi
556 1180 758 1236 deesse
784 1178 937 1249 quod
970 1183 1168 1250 posset
1227 1180 1459 1249 offerre,
1498 1194 1598 1234 rex
1626 1182 1858 1235 centum

216 1269 398 1326 libras
420 1268 788 1326 denariorum
824 1267 1093 1338 illijussit
1126 1267 1359 1335 deferri,
1379 1281 1523 1337 quas
1547 1266 1643 1322 ille
1670 1267 1721 1322 in
1746 1266 1861 1322 cla-

218 1358 370 1415 mide
404 1373 507 1416 sua
546 1362 850 1430 susceptas
893 1358 1017 1414 sine
1065 1358 1422 1414 retractione
1452 1371 1628 1428 super
1675 1355 1860 1413 altare

216 1463 417 1504 omnes
448 1449 562 1503 Deo
592 1447 825 1503 rbtulit.
862 1446 1101 1503 Miratus
1136 1463 1235 1503 rex
1267 1462 1393 1502 cum
1420 1446 1637 1502 ceteris
1668 1448 1860 1501 astan—

217 1536 377 1593 tibus
405 1535 571 1592 fldem
608 1534 928 1606 offerentis,
964 1534 1241 1606 quicquid
1294 1534 1546 1606 pascalis
1604 1533 1859 1589 muneris

216 1626 327 1682 sibi
352 1625 555 1681 eodem
585 1623 841 1681 delatum
874 1629 986 1691 est,
1021 1624 1189 1679 militi
1216 1623 1496 1679 restituit.
1546 1654 1597 1663 -ο
1639 1622 1858 1679 Britan-

217 1713 345 1770 nico
376 1712 420 1746 ³⁸
453 1713 681 1770 cuidam
703 1711 914 1769 clerico
940 1712 1298 1782 lllarhodoni,
1331 1727 1461 1771 cum
1492 1711 1859 1768 recumberet

1977 529 2151 593 lidam
2186 537 2591 597 dominicalem
2626 538 2856 597 domum
2890 538 3181 596 violenter
3219 539 3411 611 fregit,
3453 544 3510 597 et
3545 536 3614 596 ad

1980 626 2255 698 placitum
2292 642 2458 685 suum
2492 628 2943 687 abususibidem
2969 628 3296 700 quibusque
3341 628 3615 695 inventis,

1980 730 2073 771 res
2104 716 2277 771 etiam
2294 718 2715 774 ecclesiasticae
2734 718 2964 774 familiae
2993 717 3356 775 satellitibus
3391 717 3515 775 suis
3536 716 3619 775 di-

1979 803 2275 875 ripiendas
2291 805 2574 877 permisit,
2610 810 2669 863 et
2701 795 2830 863 eum
2846 811 3113 864 coenatus
3136 806 3619 877 protraheretno-

1976 897 2126 949 ctem
2156 894 2305 963 joeis
2334 900 2393 950 et
2423 896 2792 952 sermonibus
2807 901 3046 968 repente
3068 895 3618 967 percussusultione

1976 981 2168 1037 divina
2204 984 2258 1039 in
2290 984 2419 1055 ipso
2451 985 2804 1056 crepusculo
2837 984 3024 1041 finivit
3053 986 3227 1041 vitam
3260 985 3389 1056 (an.
3433 982 3613 1053 1064).

1974 1071 2132 1128 Uxor
2161 1072 2288 1142 ejus
2337 1074 2740 1131 Ermentrudts
2768 1073 2841 1130 de
2888 1074 3199 1131 commisso
3251 1073 3464 1130 dc-mini
3526 1073 3615 1129 sui

1974 1160 2248 1218 humilem
2279 1162 2741 1222 satisfactionem
2760 1164 2932 1220 beato
2948 1164 3205 1220 [Iuberto
3218 1166 3277 1219 et
3296 1161 3488 1218 abbati
3513 1175 3619 1233 per

1974 1250 2294 1321 optimates
2324 1265 2467 1309 suos
2499 1252 2879 1321 mandavit,et
2918 1254 2976 1308 ut
3011 1252 3222 1307 ibidem
3254 1266 3472 1322 corpus
3492 1251 3619 1321 ejus

1975 1339 2326 1408 sepeliretur
2354 1341 2838 1413 expetiit.Abhas
2870 1355 2939 1397 ex
2981 1340 3227 1397 consilio
3285 1340 3528 1397 fratrum
3559 1343 3616 1395 et

1973 1429 2360 1485 satisfactioni
2395 1436 2455 1488 et
2488 1431 2755 1502 petitioni
2814 1430 3037 1500 annuit,
3071 1430 3418 1501 sepultoque
3459 1428 3620 1486 Gozi-

1972 1517 2127 1585 lone,
2162 1518 2512 1575 Summeium
2547 1518 2824 1577 allodium
2856 1533 2986 1576 cum
3046 1524 3229 1576 matre
3260 1517 3511 1576 ecclesia
3558 1522 3619 1574 et

1974 1606 2188 1662 familia
2222 1606 2294 1663 ah
2326 1608 2712 1666 Ermentrude
2745 1623 2927 1666 uxore
2959 1606 3137 1677 illius,
3163 1612 3222 1664 et
3244 1609 3478 1664 Conone
3510 1607 3618 1663 Ro-

1974 1693 2157 1765 dulfo,
2192 1695 2432 1753 Widone
2451 1700 2511 1752 et
2542 1696 2790 1753 Henrico
2822 1695 2956 1753 filiis
2988 1693 3619 1765 ejus.legalitereccle-

215 1803 283 1857 ad
302 1801 609 1874 prandium
632 1800 1317 1871 Guillclmircgis,delata
1334 1806 1424 1856 est
1448 1802 1519 1856 ab
1545 1799 1856 1857 bibendum
1889 1806 1943 1866 Β
1974 1783 2074 1874 sla?
2106 1783 2381 1874 (ξοηθῐυιη
2416 1784 2727 1874 θοαυίεῑνῑι
2749 1785 2883 1853 (76-)
2926 1785 3041 1874 Sub
3096 1783 3298 1841 θοάθῐη
3355 1790 3618 1874 ιθωβοιῗθ

212 1895 485 1961 argentea
520 1888 564 1922 ³⁸
596 1890 781 1955 navis;
815 1905 982 1961 quam
1035 1890 1168 1947 dum
1230 1890 1282 1945 in
1314 1905 1479 1945 manu
1506 1892 1753 1958 teneret,
1777 1892 1862 1943 ta-

211 1979 321 2036 lem
357 1979 428 2034 de
461 1977 556 2034 illa
580 1992 812 2035 versum
846 1978 994 2034 dixit
1027 1997 1039 2032 :

283 2086 403 2143 Nec
421 2086 559 2156 pice
582 2098 688 2142 nec
706 2085 895 2142 clavis
923 2085 1052 2155 eget
1069 2085 1193 2142 [nec
1217 2085 1506 2155 argentea
1526 2083 1704 2141 navis

215 2175 379 2243 Hugo
440 2172 818 2243 Lingonensis
866 2172 1181 2244 episcopus
1233 2173 1344 2241 (74)
1406 2170 1857 2242 Hierosolymam

218 2262 430 2331 iturus,
466 2261 534 2317 ad
566 2261 954 2331 expetendum
988 2261 1095 2317 vim
1117 2260 1446 2317 subsidium
1486 2259 1750 2316 eumdem
1777 2275 1851 2316 rc-

215 2364 346 2419 gem
380 2349 543 2417 adiit,
576 2348 746 2419 eique
781 2348 945 2419 quasi
976 2349 1046 2405 ad
1063 2348 1365 2405 decentem
1385 2348 1633 2419 gratiam
1665 2348 1863 2418 hujus-

219 2437 370 2493 modi
404 2436 820 2494 salutationem
856 2437 1237 2509 praesentavit
1270 2457 1282 2491 :

282 2555 360 2611 Si
394 2552 531 2624 quis
560 2552 629 2608 in
658 2553 799 2608 ante
826 2552 989 2609 videt
1019 2554 1127 2623 qui
1156 2554 1210 2610 te
1248 2552 1672 2623 circumspicit,
1709 2566 1785 2608 ea:
1812 2560 1866 2609 te

297 2639 551 2710 Colligit
578 2641 720 2697 ante
745 2653 1067 2707 comes,re:c
1095 2641 1262 2697 modo
1281 2653 1465 2698 catur
1495 2641 1627 2697 erit.
1814 2662 1817 2665 <

219 2774 356 2839 Quae
387 2773 515 2829 laus
539 2771 852 2829 multorum
879 2772 1072 2829 favore
1096 2773 1362 2844 exposita
1384 2772 1859 2845 etjcommendata

224 2874 353 2917 cum
389 2860 702 2933 placuisset
726 2860 871 2931 regi,
898 2859 1128 2930 longum
1161 2865 1251 2917 est
1293 2862 1599 2917 memorari
1641 2866 1781 2932 quot
1806 2863 1859 2915 et

218 2949 453 3020 quantis
491 2948 660 3006 donis
686 2950 1021 3021 episcopum
1072 2950 1471 3006 honoraverit.
1514 2950 1666 3006 ldem
1704 2952 1862 3019 Hugo

218 3051 348 3094 cum
367 3050 607 3108 puerum
641 3036 945 3108 quemdam
971 3035 1862 3107 ordinassetexorcistam,Hugo

221 3124 622 3196 Lugdunensis
652 3124 1124 3195 archiepiscopus
1181 3129 1239 3181 et
1272 3126 1538 3181 Romana:
1595 3124 1862 3182 ecelcslce

220 3212 449 3283 legatus
472 3211 730 3270 eamdem
762 3212 1185 3268 ordinationem
1216 3213 1865 3270 nimisindiscreteirri-

218 3289 666 3370 tamjudicavit,
703 3299 1127 3372 ipsiquepucro
1146 3307 1421 3373 acceptos
1444 3302 1624 3357 semel
1643 3302 1863 3374 gradus

219 3403 323 3445 sua
352 3387 722 3444 ordinatione
756 3388 1017 3446 iteravit.
1052 3390 1207 3445 Hanc
1241 3389 1503 3460 injuriam
1522 3390 1608 3448 sui
1639 3391 1864 3462 episco-

220 3494 327 3553 pus
352 3478 611 3535 mordaci
655 3477 789 3548 joco
819 3478 1085 3550 removit,
1113 3484 1168 3535 et
1209 3479 1538 3551 hujusmodi
1590 3480 1744 3537 sales
1776 3495 1865 3537 ar-

215 3568 589 3640 chiepiscopo
621 3567 676 3623 in
711 3566 914 3624 faciem
941 3568 1143 3638 rejecit
1172 3587 1184 3622 :

286 3703 365 3760 Si
391 3703 615 3773 veteres
641 3713 930 3773 renovare
944 3701 1179 3773 gradus
1208 3709 1277 3757 ut
1320 3704 1591 3773 carmina
1650 3705 1859 3768 nostis.

297 3771 463 3844 (Inde
488 3786 660 3844 reum
683 3771 1245 3844 me‘quis‘queuteus
1262 3771 1859 3844 praefudicatltosds,

288 3843 430 3900 Jam
447 3842 615 3914 uideo
637 3841 797 3914 quod
814 3841 1130 3914 'quicquid
1167 3841 1286 3912 ago
1309 3844 1541 3899 mutare
1558 3845 1812 3914 potestis
1842 3841 1863 3909 λ’

288 3914 411 3972 Sed
440 3912 601 3970 doleo
624 3912 784 3984 quod
810 3912 927 3984 non
955 3912 1123 3971 ualeo
1139 3914 1235 3968 cet
1248 3926 1427 3984 nosse
1455 3912 1785 3984 quodestis.

287 3983 368 4055 Si
381 3984 602 4055 priscae
616 3983 873 4055 pietatis
895 3996 1065 4055 amor
1092 3996 1191 4039 vos
1220 3983 1600 4055 detinuisset,

290 4054 372 4112 Et
390 4054 629 4112 serra/In
654 4054 764 4123 qui
791 4054 978 4110 vester
999 4066 1159 4110 eram
1188 4067 1305 4111 non
1318 4054 1695 4123 deseruisset,

291 4125 411 4183 Pro
435 4137 619 4197 puero
653 4124 793 4181 licet
809 4125 1030 4197 enimio
1061 4137 1177 4197 non
1206 4126 1539 4197 essetagen
1554 4127 1700 4183 tum.

288 4193 640 4267 Ponti/laena
667 4196 798 4253 sine
806 4193 1046 4266 judicio
1070 4194 1160 4252 sic
1190 4193 1651 4267 destituendum,

292 4265 447 4331 Quid
475 4267 691 4323 latuit?
713 4265 852 4338 qua,
872 4278 1056 4323 causa
1089 4266 1245 4338 fuit?
1259 4267 1402 4338 fuit
1428 4268 1605 4325 utilis
1627 4265 1768 4324 crdo

288 4339 405 4395 Per
432 4352 525 4394 me
545 4337 1052 4409 quiquartus,per
1077 4337 1330 4464 eostfuit
1363 4341 1430 4397 in
1471 4339 1852 4396 decaclwrdo.

288 4408 397 4464 l’am
411 4409 703 4464 decimare
715 4406 875 4464 ouod
885 4408 1172 4464 estnoteri
1202 4409 1596 4464 .multumoue
1612 4410 1852 4464 benigne

257 4408 397 4465 Jam
411 4406 703 4480 decimare
715 4406 875 4478 quod
881 4406 1052 4480 estpo
1059 4406 1215 4480 terit,

291 4480 431 4537 Tres
450 4478 679 4550 poterit
706 4478 995 4550 prastaré
1019 4479 1253 4550 gradus
1275 4484 1329 4536 et
1346 4478 1616 4553 psallere
1657 4478 1852 4553 digne.

1224 4409 1596 4482 multumgue
1612 4410 1859 4482 benigne
1887 4403 1939 4463 D

1974 1871 2140 1927 simul
2178 1876 2369 1943 coepta
2399 1878 2488 1929 est
2516 1873 2637 1929 fieri
2664 1876 2798 1929 octo
2819 1873 3067 1928 turrium
3099 1877 3542 1944 corona,etqu:e
3563 1873 3614 1928 in

1975 1964 2142 2029 prato
2173 1964 2260 2016 est
2295 1960 2349 2016 in
2382 1962 2604 2017 honore
2636 1961 2790 2018 beati
2823 1959 3029 2031 Egidii
3076 1959 3363 2031 accelesia,
3416 1974 3618 2018 murus

1974 2062 2205 2118 quoque
2231 2049 2387 2104 circa
2406 2049 2819 2106 monasterium
2838 2048 2933 2117 qui
2951 2047 3122 2104 nimia
3138 2051 3434 2105 vetustate
3456 2062 3616 2121 paene

1973 2140 2133 2191 totus
2160 2142 2491 2207 corruerat,
2524 2137 2849 2193 claustrum
2884 2150 3116 2207 quoque
3138 2141 3195 2192 et
3229 2136 3469 2208 scripta.

2053 2245 2135 2296 l9.
2177 2244 2309 2316 (~27).
2332 2242 2914 2299 Adeladiscomitissa
2947 2241 3268 2298 Araeleonis
3297 2242 3613 2297 fueratfilia

1974 2321 2333 2379 nobilissima
2351 2323 2518 2380 ducis
2531 2322 3071 2392 Thcoderici,soror
3086 2337 3226 2377 vero
3242 2320 3615 2393 Sigifridi(77)

1975 2410 2160 2478 patris
2195 2412 2523 2468 marchissae
2556 2410 2855 2467 Bcatricis.
2892 2409 3074 2480 Hujus
3106 2409 3338 2481 quidam
3382 2409 3618 2467 cubicu-

1973 2495 2157 2555 larius
2190 2513 2219 2554 a
2292 2499 2494 2555 rabido
2554 2514 2695 2556 cane
2737 2513 2967 2563 morsus
2996 2501 3052 2554 et
3088 2498 3358 2568 infectus,
3428 2498 3613 2555 solum

1976 2587 2126 2656 quod
2158 2593 2464 2658 supererat
2497 2605 2549 2643 Cl
2587 2587 2901 2645 remedium
2934 2586 3166 2651 salutis,
3219 2586 3289 2642 ad
3320 2586 3473 2643 beati
3507 2587 3616 2643 Hu-
3654 2650 3663 2657 ,

1974 2665 2127 2722 berti
2164 2668 2546 2737 patrocinium
2582 2667 2868 2737 confugit.
2906 2666 3042 2736 Ejus
3072 2666 3223 2721 enim
3254 2665 3408 2738 apud
3440 2667 3612 2723 Deum

1977 2746 2202 2803 meritis
2217 2747 2282 2801 ha
2295 2748 2534 2803 beturin
2555 2747 2682 2803 loco
2701 2746 2902 2804 eodem
2925 2745 3222 2815 singulare
3244 2745 3612 2817 privilegium

1973 2827 2237 2894 probata:
2261 2827 2518 2895 virtutis,
2576 2830 2633 2882 ut
2666 2826 2711 2881 si
2745 2826 2876 2896 quis
2909 2825 3162 2882 infectus
3188 2839 3385 2881 morsu
3426 2824 3614 2880 rabidi

1972 2904 2136 2960 canis
2165 2909 2265 2959 aut
2293 2906 2409 2976 lupi
2435 2906 2977 2975 autcujuseumque
3010 2903 3196 2960 insani
3224 2903 3616 2975 peccoris,tllo

1973 2993 2317 3061 confugiens
2336 2994 2554 3050 incisus
2580 2994 3078 3064 fuerit,ritumque
3106 2991 3363 3063 ejusdem
3389 2991 3618 3048 incisio-

1972 3080 2551 3153 nisservaverit(7R),
2571 3082 2697 3138 sine
2726 3082 2903 3137 dubio
2920 3081 3118 3138 evadit
3152 3079 3471 3151 periculum
3493 3094 3617 3136 cer-

1894 3158 1943 3218 C
1971 3168 2213 3228 tissimm
2242 3171 2567 3239 mortis.Et,
2587 3175 2649 3227 ut
2686 3185 2785 3241 per
2814 3184 3120 3226 excessum
3151 3183 3284 3226 vera
3308 3169 3617 3240 probemus

1971 3272 2104 3314 esse
2127 3274 2256 3329 quae
2280 3259 2548 3329 dicimus,
2587 3258 2836 3315 vidimus
2869 3257 2975 3329 ipsi
3009 3256 3223 3314 nostris
3252 3256 3618 3328 temporibus

1973 3346 2370 3417 duosjuvenes
2402 3347 2474 3404 de
2509 3363 2654 3419 pago
2677 3346 3023 3415 Hasbanico,
3044 3345 3146 3417 qui
3182 3344 3380 3401 infecti
3414 3359 3444 3399 a
3472 3358 3610 3415 quo-

1972 3435 2102 3492 dam
2127 3451 2269 3493 cane
2298 3437 2523 3506 rabido,
2556 3451 2624 3492 ne
2639 3435 2711 3491 ad
2743 3435 3014 3492 meritum
3043 3433 3195 3490 beati
3228 3432 3619 3490 Huberticon-

1975 3523 2240 3594 fugerent
2261 3525 2490 3582 seducti
2505 3529 2639 3581 sunt
2655 3538 2685 3580 a
2701 3524 2948 3594 quodam
2968 3522 3322 3594 presbitero;
3347 3521 3617 3593 promisit

1973 3628 2112 3670 vero
2130 3615 2217 3670 eis
2231 3613 2544 3685 quibudam
2575 3612 3072 3669 incantationibus
3093 3615 3152 3667 et
3177 3610 3619 3667 medicamentis

1972 3702 2385 3758 certitudinem
2418 3701 2709 3769 sanitatis,
2746 3704 3105 3771 acceptoque
3130 3698 3262 3754 inde
3291 3697 3614 3765 commodo,

1975 3791 2110 3847 fecit
2143 3805 2243 3846 eos
2268 3792 2581 3861 persistere
2632 3788 2810 3855 domi,
2844 3788 3321 3858 confugientibus
3380 3787 3512 3844 aliis
3545 3787 3616 3843 ad

1971 3879 2277 3935 ecclesiam
2296 3878 2447 3933 beati
2477 3876 2841 3947 Huberti,qui
2872 3876 3616 3933 videlicetabeodemcane

1973 3967 2204 4022 fuerant
2227 3964 2424 4020 infecti
2452 3983 2464 4017 :
2492 3964 2707 4035 quibus
2721 3962 2877 4019 sanis
2907 3963 3315 4029 redeuntibus,
3350 3963 3617 4034 praedicti

1967 4053 2210 4123 juvenes
2227 4052 2392 4109 furiis
2406 4058 2465 4108 et
2480 4050 2785 4108 doloribus
2803 4049 2998 4106 vexati
3016 4056 3325 4122 coeperunt
3339 4050 3614 4120 insanire,

1972 4149 2032 4198 ut
2066 4142 2186 4214 lupi
2222 4141 2467 4211 ululare,
2504 4146 2566 4197 ut
2602 4154 2775 4197 canes
2804 4139 3042 4209 latrare,
3076 4139 3290 4209 vixque
3321 4138 3392 4194 ad
3426 4154 3618 4194 mona-

1970 4230 2213 4286 sterium
2230 4229 2465 4286 deducti
2498 4233 2554 4283 et
2589 4227 2666 4283 ibi
2695 4226 3348 4296 mortui,videntibuset
3377 4227 3616 4284 audien-

1972 4318 2129 4375 tibus
2162 4318 2534 4374 incusserunt
2559 4319 2772 4372 metum
2798 4315 3028 4370 maximi
3055 4315 3339 4371 horroris.
3361 4314 3471 4371 Sed
3504 4314 3609 4371 hoc

1970 4422 2075 4478 per
2105 4420 2427 4463 excessum.
2447 4405 2768 4461 Prmdicws
2784 4407 2976 4459 autem
2990 4402 3394 4460 cubicularius
3410 4402 3615 4459 Adcla-

1970 4493 2062 4551 dis
2078 4509 2149 4550 ex
2164 4507 2323 4551 more
2347 4493 2570 4549 incisus
2584 4497 2644 4547 et
2687 4492 2880 4548 soluto
2918 4491 3243 4563 eapitalitio
3267 4492 3380 4563 (79)
3406 4506 3616 4547 servus

1584 4631 1621 4684 V
1634 4634 1668 4686 Α
1683 4630 1816 4687 811E
1860 4629 2257 4688 LECTIONES.

284 4722 327 4755 ³³
348 4722 899 4799 amministrationes
928 4731 978 4782 1.
1011 4724 1055 4759 ³⁸
1073 4726 1407 4784 Britannico
1437 4758 1503 4768 —
1524 4728 1690 4799 navis
1698 4728 1840 4799 post
1867 4727 2117 4799 psallere
2150 4726 2319 4797 digne
2351 4722 2639 4783 collocata
2667 4723 2816 4782 sunt
2838 4724 2906 4781 in
2934 4721 3095 4781 Lsed
3103 4736 3216 4795 per
3272 4724 3615 4780 litterarum

210 4796 392 4866 signa
423 4792 811 4865 transposita.
841 4795 887 4829 ³⁸
949 4811 1125 4853 aurea
1182 4811 1475 4870 superscr.
1512 4798 1601 4855 vel
1635 4792 1912 4870 argentea
1950 4803 2004 4854 1.

1799 4903 2022 4962 NOTAE.

304 4999 395 5069 76)
421 4998 549 5069 Alio
571 4998 802 5055 nomine
825 4998 1018 5055 dictus
1043 4999 1368 5056 Rainardus
1398 5004 1718 5058 1065-1085.

304 4999 395 5069 76)
421 4998 549 5056 Alio
571 4998 802 5055 nomine
825 4998 1018 5055 dictus
1043 4999 1368 5056 Rainardus
1398 5004 1718 5058 1065-1085.

221 5096 229 5103 -
282 4998 397 5197 ξπέ
415 5068 707 5196 Βᾴλοῐᾳηθ,
734 5069 1108 5180 dependanee
1131 5070 1204 5126 du
1233 5071 1419 5139 bourg
1432 5070 1501 5126 de
1517 5073 1854 5172 Rochel'ort‘

221 5153 308 5197 aut
398 5145 504 5197 tant
587 5155 619 5197 e
668 5139 806 5197 cbef
828 5139 943 5197 heu
972 5139 1048 5197 du
1072 5141 1330 5197 dovenne
1374 5142 1624 5197 Bohama
1648 5186 1662 5197 .
1694 5143 1854 5197 Mar-

211 5139 343 5283 ?ouyie
362 5139 504 5267 aitait
565 5139 619 5197 le
668 5139 943 5197 cbet‘élieu
972 5139 1048 5197 du
1072 5141 1330 5213 doyenne
1374 5142 1662 5209 Bohania;
1694 5143 1854 5200 Mar-

377 5289 393 5349 )

281 5279 393 5421 $76)
427 5279 575 5352 Dipl.
611 5279 1112 5338 ediditBertbolet
1140 5282 1236 5351 III,
1268 5284 1546 5353 Preuves,
1580 5298 1635 5355 p.
1668 5286 1757 5339 29.

304 5350 399 5421 71)
425 5352 543 5408 Imo
568 5350 888 5412 Friderici:
923 5351 1093 5410 vidua
1143 5352 1473 5410 Waleranni
1502 5370 1647 5411 com.
1703 5357 1757 5411 Al

304 5350 399 5423 71)
425 5350 543 5423 Ιωό
568 5350 847 5423 Friderici
869 5368 888 5423 ς
923 5351 1093 5410 vidua
1143 5350 1473 5410 waleranni
1502 5350 1647 5411 eoin.
1703 5357 1852 5413 Ara;-

207 5418 395 5481 lednis
416 5422 540 5479 sive
572 5421 931 5479 Arlunensis.

281 5496 405 5566 (78)_
444 5493 743 5566 Hactenus
769 5496 1106 5566 perseverat
1128 5493 1283 5566 apud
1316 5496 1375 5550 S.
1411 5495 1727 5552 llubertum
1753 5494 1847 5552 ille

208 5562 779 5633 ritus'incisionisJa
805 5562 993 5621 taille.
1044 5562 1320 5622 Nimirum
1351 5566 1555 5622 rabils
1615 5566 1846 5623 animali

207 5635 437 5707 mersis,
470 5639 605 5709 post
626 5634 892 5710 deposita
916 5633 988 5691 ad
1017 5635 1378 5693 sacerdotem
1408 5654 1439 5706 ξ)
1468 5642 1845 5702 ~eata,sacr.i

1967 5000 2372 5058 communione
2404 5000 2644 5057 refectis
2670 4999 2731 5053 fit
2762 5013 2891 5056 cum
2911 4997 3301 5054 instrumento
3344 4996 3397 5052 in
3423 4997 3612 5053 fronte

1966 5087 2144 5142 parva
2170 5072 2460 5140 incisio,et
2494 5072 2548 5142 in
2567 5070 2809 5142 vulnere
2829 5068 3110 5142 inseritur
3132 5066 3423 5142 particula
3443 5068 3612 5124 stulte

1964 5138 2018 5198 S.
2051 5142 2316 5211 lluberti,
2349 5138 2516 5212 quam
2538 5141 2718 5212 linteo
2742 5140 2813 5196 ad
2844 5138 3357 5212 fronte-malligato
3388 5152 3494 5212 per
3519 5156 3616 5212 nos

1961 5229 2089 5272 vem
2120 5212 2247 5270 dies
2301 5208 2479 5268 mersi
2534 5211 2826 5281 deferunt,
2853 5208 3332 5267 certaminterim
3382 5208 3609 5266 vivendi

1962 5285 2248 5342 rationem
2309 5283 2714 5346 observantes,
2761 5281 2997 5338 indubie
3028 5282 3151 5338 sani
3207 5285 3605 5339 revertuntur.

1963 5356 2144 5424 Ilujus
2167 5354 2341 5411 etiam
2365 5354 2517 5411 ritus
2537 5352 2795 5410 meminit
2812 5356 3019 5424 auctor
3049 5351 3182 5408 libri
3207 5350 3608 5410 Miraculorum

1961 5426 2014 5481 S.
2052 5423 2457 5497 lluberti,cap.
2498 5427 2565 5481 14
2584 5426 2735 5497 apud
2758 5423 3074 5497 Iohannem
3105 5424 3342 5481 Roberti
3368 5424 3442 5479 Μ.

2032 5498 2143 5577 (170)
2195 5496 2268 5550 La
2288 5492 2986 5577 prestatio_u'_degnandée
3006 5493 3271 5577 _a‘_toute
3314 5506 3608 5577 personae

1960 5565 2176 5636 taillée,
2205 5565 2303 5638 qui
2333 5566 2596 5623 obtcnait
2633 5565 2682 5622 le
2716 5566 2854 5622 titre
2889 5566 2957 5620 rle
2995 5565 3238 5622 Peterin

1962 5637 2218 5695 Hubert.
2260 5637 2331 5692 Β.

2028 5653 2195 5695 ιιοεθτ
2206 5679 2218 5691 ο
2260 5653 2304 5692 ιι
2320 5680 2331 5691 .

3402 5563 3610 5621 Saint-
