3948 6070
372 299 521 362 1863

1364 294 1845 374 CHRONICON
1874 308 1938 374 S.
1968 298 2337 381 HUBERTI
2365 320 2757 389 ANDAGIN.

3632 332 3798 396 1364

366 465 552 524 sancti
578 465 919 527 effectusad
943 468 1175 528 missam
1195 475 1592 531 matutinalem
1617 476 1903 537 deductus
1924 487 2017 539 est
2046 447 2100 508 Α
2132 477 2275 532 urbe
2306 477 2821 549 Remensi,valenti
2846 481 3157 541 admodum
3190 485 3336 555 Viro.
3371 488 3432 541 et
3468 470 3801 557 promptis-

365 557 904 614 communirandus.
930 561 1185 617 lntuitus
1218 566 1408 618 autem
1429 566 1643 624 fratres
1663 568 1928 627 ordinate
1958 576 2014 626 et

367 649 1145 713 reverenterconsistentes,
1172 651 1447 707 inclinato
1481 656 1696 727 capite,
1730 673 2014 729 nusquam

367 737 569 793 oculos
630 736 1012 799 declinantes.
1047 752 1246 795 eorum
1281 740 1333 796 in
1362 742 1658 801 offerendo
1689 747 2015 805 ordinatam

367 827 801 885 successionem
834 832 893 882 et
927 826 1391 901 devotionem,in
1421 833 1611 889 eundo
1637 838 1693 891 et
1720 836 2019 894 redeundo

368 918 748 988 compositam
801 918 1148 983 gravitatem
1207 921 1552 980 ammiratus
1576 930 1665 980 est
1711 942 1765 981 ιη
1814 927 1920 997 eis,
1960 934 2021 984 ut

368 1011 496 1062 erat
529 1007 616 1061 vir
649 1005 969 1074 szecularis,
1006 1010 1170 1077 quasi
1208 1010 1509 1080 quamdam
1535 1012 1839 1083 imaginem
1872 1031 2020 1073 mor-

366 1095 704 1152 tiﬁcationis
737 1113 750 1161 ;
786 1111 1173 1168 reversusque
1225 1100 1293 1155 ad
1353 1100 1642 1158 dominam
1676 1119 1858 1174 suam,
1892 1121 2019 1175 quas

366 1185 595 1241 viderat
626 1186 674 1240 ei
707 1187 1085 1242 renuntiavit.
1123 1186 1225 1243 Illa
1280 1191 1630 1259 quantocius
1665 1193 1835 1249 missa
1870 1195 2018 1265 lega-

368 1273 524 1330 tione
549 1274 616 1330 ad
655 1274 1180 1346 abbatem,magnis
1205 1279 1482 1348 precibus
1513 1285 1576 1336 ut
1601 1281 1670 1337 ad
1703 1296 1763 1339 se
1793 1284 2018 1339 veniret

370 1364 645 1435 eptinuit,
697 1364 1055 1435 veniensque
1091 1368 1357 1424 nuntium
1379 1370 1666 1427 adventus
1709 1372 1796 1428 sui
1823 1373 1890 1428 ad
1928 1389 2020 1429 eo-

372 1453 653 1508 mitissam
680 1455 992 1525 prtemisit.
1016 1456 1154 1511 Viso
1187 1456 1389 1512 nuntio
1411 1459 1820 1516 muliervirilis
1845 1462 2018 1517 animi

370 1546 430 1597 et
462 1557 588 1612 quze
622 1543 855 1598 conseia
889 1545 1146 1613 propriae
1171 1544 1497 1603 nobilitatis
1534 1547 1755 1605 nullius
1772 1551 2020 1607 curabat

371 1629 712 1699 dignitatem
746 1632 838 1688 vel
905 1646 1210 1701 personam
1244 1634 1369 1703 ejus
1403 1637 1704 1705 temporis,
1761 1638 2020 1695 surrexit

372 1720 655 1775 velociter
683 1724 740 1775 ut
757 1726 1101 1778 occurreret
1125 1721 1343 1788 abbati;
1374 1724 1721 1782 mirantibus
1741 1726 1875 1783 ﬁliis
1893 1726 2020 1795 ejus

2131 565 2276 622 sime
2304 567 2479 637 hujus
2501 571 2648 627 artis
2670 574 2726 626 et
2763 573 3132 642 peritissimo.
3151 574 3489 631 zEdiﬁcavit
3511 579 3576 630 et
3602 574 3801 629 altare

2130 654 2183 708 in
2210 656 2429 712 honore
2461 665 2676 716 sancta;
2704 666 2761 716 et
2796 661 3107 720 individuae
3158 662 3461 718 Trinitatis
3495 663 3568 719 ad
3611 663 3801 733 pedes

2132 744 2285 799 beati
2321 747 2586 818 Huberti,
2621 750 2714 805 ubi
2748 756 2808 807 et
2841 750 3084 806 maxima
3148 757 3355 808 sancto
3398 767 3493 806 um
3538 752 3797 822 pignora

2129 831 2422 903 deposuit.
2460 835 2596 902 Qua:
2628 838 2816 894 omnia
2851 854 2960 894 non
2981 838 3162 896 multo
3202 846 3337 911 post
3358 841 3661 896 Henricus
3680 840 3799 910 epi-

2130 938 2360 994 scepus,
2388 930 2690 996 assumpto
2740 941 2935 983 secum
2995 930 3292 984 Franeoue
3344 928 3797 998 Bellagradensi

2131 1013 2405 1082 pontiﬁce
2440 1014 2573 1085 (8|),
2607 1016 2919 1084 quisecum
2954 1020 3093 1074 tunc
3126 1018 3408 1088 temporis
3443 1017 3793 1074 morabatur

2130 1100 2411 1172 Leodii,in
2448 1119 2563 1172 mag
2579 1118 2651 1163 na
2679 1104 2864 1175 gloria
2884 1105 3162 1163 etlaetitia
3197 1105 3512 1164 dedicavit.
3532 1107 3791 1165 Perfecit

2128 1190 2303 1247 etiam
2339 1192 2656 1262 pradictus
2681 1195 2862 1250 abbas
2891 1194 3152 1251 tabulam
3181 1210 3416 1252 auream
3436 1199 3580 1253 ante
3606 1196 3791 1264 majus

2130 1279 2334 1349 altare,
2370 1281 2519 1350 quod
2552 1287 2642 1339 est
2672 1282 2725 1337 in
2761 1282 2982 1341 honore
3007 1284 3161 1341 beati
3189 1285 3345 1340 Petri
3370 1283 3787 1355 apostolorum

2131 1368 2430 1439 principis,
2458 1385 2623 1441 quam
2649 1371 2784 1427 olim
2807 1379 3068 1443 cmperat
3098 1372 3377 1429 Albertus
3405 1374 3794 1436 abbas,occa-

2129 1458 2291 1514 sione
2324 1461 2931 1518 conterendicalicem
2984 1478 3159 1518 unum
3210 1477 3450 1518 aureum
3505 1462 3787 1517 librarum

2128 1546 2356 1619 viginti,
2393 1549 2487 1619 qui
2519 1554 2763 1607 eotenus
2796 1556 3193 1627 permanserat
3238 1552 3292 1607 in
3354 1552 3507 1620 loco,
3540 1553 3795 1608 donatus

2130 1636 2264 1693 olim
2301 1637 2473 1694 beato
2506 1639 2764 1694 Huberto
2798 1655 2826 1695 a
2869 1639 3157 1697 Ludovico
3191 1641 3292 1697 Pio
3354 1641 3553 1696 Karoli
3610 1641 3789 1710 Magni

2133 1725 2507 1797 imperatoris
2542 1726 2678 1783 ﬁlio.
2708 1727 2882 1784 Plura
2916 1733 3106 1784 autem
3143 1727 3385 1786 donaria
3409 1743 3526 1785 non
3562 1734 3787 1784 tantum

374 1807 623 1865 Fulcone
656 1814 714 1863 et
742 1808 1108 1866 Gualeranno
1134 1827 1262 1881 quae
1312 1817 1467 1868 esset
1502 1814 1651 1884 apud
1687 1830 1810 1870 eam
1862 1817 2021 1872 novi-
2050 1807 2103 1868 B
2134 1813 2187 1869 in
2222 1819 2466 1883 argento
2492 1820 2549 1870 et
2575 1829 2944 1885 auro,verum
2977 1817 3152 1872 etiam
3181 1816 3232 1872 in
3268 1832 3410 1872 auro
3457 1817 3651 1873 textis
3704 1830 3787 1872 or-

374 1897 518 1953 tatis
549 1898 723 1965 hujus
756 1899 1078 1967 veneratio,
1132 1915 1333 1955 eorum
1382 1906 1714 1959 sustentata
1762 1904 2021 1961 brachiis

375 1985 600 2041 obviam
638 1986 924 2055 processit
958 1987 1176 2057 abbati,
1209 1987 1514 2059 visumque
1546 2005 1674 2046 cum
1697 1992 1818 2062 jam
1854 1994 1925 2048 ab
1954 2008 2021 2049 ea

376 2079 569 2146 posset
598 2074 806 2143 audiri,
870 2074 1147 2131 inclinato
1178 2076 1368 2146 rapite
1428 2077 1749 2136 humillima
1809 2081 2024 2138 saluta-

373 2163 533 2217 tione
566 2161 877 2218 honoravit
904 2180 917 2226 ;
942 2168 1000 2218 et
1032 2178 1159 2219 cum
1194 2168 1325 2234 post
1369 2166 1691 2223 orationem
1753 2167 2025 2227 licentius

379 2249 596 2320 alloqui
649 2265 778 2305 eum
815 2256 1060 2320 posset:
1118 2250 1389 2321 Gratias,
1444 2252 1652 2323 inquit,
1712 2268 1823 2327 ago
1893 2255 2023 2326 tibi,

378 2337 740 2394 venerat/£219
781 2339 972 2409 pater,
1005 2341 1181 2411 cujus
1207 2341 1477 2411 ﬁliorum
1531 2343 1768 2398 tantum
1816 2343 2026 2400 audivi

375 2426 746 2495 religionem,
783 2428 1242 2497 tamquerarum
1285 2429 1470 2499 Imsz
1518 2431 1710 2487 nostri
1751 2433 2029 2502 temporis

381 2518 604 2574 suum:
616 2518 1176 2587 opinioaisodmvm.
1204 2518 1463 2588 Cumque
1481 2534 1783 2576 renumera
1795 2527 1878 2576 ret
1899 2537 2026 2591 qua:

382 2606 667 2662 retulerat
698 2607 749 2662 ei
776 2606 1175 2664 cubicularius
1196 2623 1357 2677 suus,
1392 2612 1448 2665 et
1486 2624 1587 2679 per
1631 2615 1828 2666 mutua
1853 2610 2030 2667 aediﬁ-

381 2704 630 2760 cationis
663 2703 953 2774 colloquia
979 2705 1335 2774 aliquamdiu
1366 2706 1421 2762 in
1481 2707 1718 2763 Domino
1776 2708 2028 2764 delecta-

383 2794 828 2863 rentur,obtulit
858 2794 1053 2848 abbati
1074 2793 1379 2851 ecclesiam
1405 2795 1474 2851 de
1501 2795 1638 2852 ﬁsco
1664 2796 2025 2867 Anslaro(80)

383 2886 669 2954 perpetuo
698 2882 1018 2938 habendam
1050 2882 1104 2937 in
1132 2898 1274 2940 usus
1304 2883 1570 2953 fratrum,
1608 2886 1869 2955 praefatis
1894 2884 2029 2942 ﬁliis

382 2973 510 3040 ejus
542 2972 2023 3031 laudantibuseteonﬁrmanlibushoeidemdonum.

382 3060 598 3118 Videns
630 3062 808 3117 abbas
840 3062 1065 3131 cepiam
1093 3077 1427 3132 magnorum
1459 3063 1712 3133 lapidum
1741 3063 1793 3118 in
1830 3064 2027 3119 funda-

2133 1903 2419 1958 namentis
2449 1909 2509 1958 et
2531 1902 2718 1963 libris.
2753 1906 2868 1959 tam
2895 1919 2924 1960 a
2958 1905 3200 1974 praefato
3236 1905 3524 1975 principe,
3556 1918 3733 1972 quam
3758 1918 3786 1958 a

2135 1990 2468 2047 Gualcaudo
2503 1991 2777 2061 pontiﬁce
2808 1993 3142 2049 eidemloco
3165 1992 3376 2049 collata
3410 1994 3651 2049 fuerant
3667 2006 3787 2062 qua

2136 2078 2225 2134 vel
2255 2079 2702 2136 inhabitantium
2736 2081 3103 2152 simplicitas,
3128 2082 3219 2138 vel
3242 2085 3665 2138 extraneorum
3700 2082 3787 2136 ab~

2136 2167 2333 2223 batum
2361 2168 2472 2239 (82)
2535 2156 3107 2240 aut‘prmpositorum
3137 2170 3443 2240 dissipavit
3480 2170 3784 2226 temeritas

2137 2260 2237 2311 aut
2269 2256 2594 2327 asportavit
2622 2272 2728 2327 per
2764 2258 3098 2314 abusionem
3123 2262 3179 2315 et
3211 2258 3606 2327 cupiditatem
3628 2256 3785 2313 etfre-

2137 2357 2269 2409 nata
2305 2353 2674 2424 impudenter
2706 2355 3091 2412 licentia.Sed
3121 2360 3179 2413 et
3214 2354 3326 2427 ipsi
3366 2356 3599 2412 nostris
3658 2359 3788 2411 tem-

2137 2442 2381 2512 poribus
2414 2442 2667 2500 vidimus
2723 2445 3003 2514 quosdam
3046 2460 3190 2514 quos
3254 2458 3358 2499 nec
3405 2443 3786 2499 nominandos

2137 2531 2490 2601 censuimus,
2527 2532 2805 2601 quiquasi
2840 2531 3575 2589 occasionenoncurandae
3598 2538 3784 2587 vetus-

2134 2619 2279 2674 tatis
2311 2619 2490 2675 multa
2516 2620 2903 2677 incenderunt
2923 2636 2990 2677 ex
3015 2622 3231 2678 eisdem
3257 2621 3604 2676 aurotextis
3628 2633 3785 2675 orna-

2138 2709 2371 2777 mentis,
2429 2722 2492 2763 re
2540 2714 2887 2764 autemvi-ra
2916 2710 3024 2764 hoc
3056 2708 3236 2765 moliti
3297 2707 3634 2778 cupiditate
3666 2709 3783 2763 auri

2136 2796 2346 2853 exinde
2380 2797 2662 2865 rapiendi.
2699 2797 2845 2862 Quid
2873 2798 2943 2854 de
2976 2797 3256 2854 librorum
3290 2796 3672 2867 dispersione
3703 2795 3785 2851 vel

2138 2884 2522 2943 distractione
2557 2887 3153 2955 memorandum,cum
3184 2892 3240 2941 et
3259 2886 3452 2956 ipsum
3478 2899 3630 2941 auro
3649 2884 3785 2941 scri-

2139 2977 2299 3043 ptum
2334 2971 2859 3044 psalterium,quod
2886 2973 3151 3029 Ludovici
3189 2972 3567 3042 imperatoIis
3603 2972 3784 3028 fuerat

2140 3062 2461 3133 proprium,
2493 3063 2621 3132 ejus
2655 3062 2901 3131 imagine
2947 3063 3001 3117 in
3064 3061 3352 3132 principi)
3418 3060 3783 3129 insignitum,

385 3154 580 3206 mento
605 3150 823 3206 veteris
854 3151 1142 3219 quondam
1203 3151 1478 3220 civitatis,
1516 3167 1666 3208 nunc
1700 3156 1892 3208 autem
1923 3167 2028 3222 pro
2060 3161 2110 3224 α
2139 3151 2290 3222 apud
2320 3154 2520 3207 urbem
2553 3150 2877 3207 Tullensem
2914 3151 3091 3207 fuerit
3124 3150 3444 3217 venditum,
3510 3149 3682 3218 quasi
3735 3149 3783 3203 in

384 3237 614 3295 castelli
648 3238 935 3294 moenibus
959 3237 1334 3308 adbreviatis,
1353 3245 1700 3307 suggerente
1727 3239 2030 3296 Lamberto

386 3326 620 3395 majore,
655 3341 726 3382 ex
757 3326 976 3383 eisdem
1011 3325 1304 3395 lapidibus
1325 3327 1589 3405 ecclesiae
1622 3327 1824 3383 donari
1858 3341 2031 3398 expe-

384 3416 475 3472 tiit
511 3421 788 3499 quantum
815 3415 1111 3472 sufficeret
1129 3415 1198 3471 ad
1230 3415 1673 3473 aediﬁcationem
1699 3417 1905 3485 criptze
1940 3415 2029 3471 vel

386 3505 650 3561 claustri.
685 3504 958 3560 Libenter
998 3503 1093 3559 illa
1157 3504 1306 3574 quod
1340 3505 1648 3574 petebatur
1687 3503 1977 3559 concessit
2014 3520 2028 3569 ;

387 3593 490 3650 sed
514 3599 570 3649 et
604 3593 892 3663 operariis
923 3592 1205 3661 ecclesiae,
1233 3593 1507 3663 quamdiu
1535 3592 1610 3647 ibi
1636 3598 2026 3658 morarentur,

387 3686 442 3738 et
480 3681 791 3751 hospitium
835 3687 889 3736 et
923 3682 1140 3737 victum
1182 3680 1466 3751 promisit.
1501 3680 1818 3751 Respondit
1852 3680 2034 3738 abbas

388 3770 610 3841 gratias
642 3770 741 3826 Dei
776 3769 1181 3840 omnipotenti,
1204 3768 1542 3842 Adeladi,et
1572 3769 1708 3825 ﬁliis
1724 3769 1849 3839 ejus
1876 3784 2033 3825 reVe-

389 3865 589 3917 renter
617 3858 980 3928 valedixit,et
1017 3859 1087 3917 ad
1115 3860 1531 3916 monasterium
1558 3857 1757 3914 rediit.
1792 3860 2034 3929 Moxque

389 3973 418 4012 a
456 3957 995 4015 Leodiocaesoribus
1015 3958 1347 4027 conductis,
1366 3958 1609 4029 criptam
1632 3963 1689 4013 et
1709 3956 2034 4013 claustrum

318 4070 321 4071 ν
391 4045 447 4101 in
477 4050 823 4118 priesentem
855 4050 1069 4102 statum
1112 4045 1464 4116 composuit,
1501 4044 1762 4100 advectis
1794 4044 1865 4098 ab
1897 4045 2037 4099 Ara-

392 4134 576 4192 leonis
608 4134 935 4203 columpnis
961 4150 1088 4191 cum
1113 4133 1409 4204 capitellis
1458 4139 1516 4187 et
1550 4133 1716 4188 basib
1762 4147 1790 4188 s
1818 4132 1938 4189 suis
1976 4136 2038 4187 et

394 4223 663 4280 altarium
700 4223 931 4279 mensis.
958 4222 1134 4279 Auxit
1161 4221 1335 4277 etiam
1369 4221 1627 4278 oratoria
1659 4234 1689 4277 a
1721 4221 1948 4278 dextris
1979 4225 2039 4277 et

394 4327 421 4367 a
458 4312 714 4370 sinistris
745 4311 1034 4377 ecclesia);
1068 4315 1128 4367 et
1150 4325 1178 4366 a
1203 4309 1677 4381 dextr'squidem
1707 4308 2036 4365 memoriam

398 4401 582 4456 beatae
618 4401 804 4458 Maria
830 4400 901 4456 ad
937 4400 1185 4456 medium
1218 4399 1403 4456 altare
1438 4413 1598 4455 nova:
1648 4398 1854 4467 criptte
1884 4403 2039 4454 tran-

395 4488 584 4553 stulit,
619 4495 676 4543 θ’,
712 4487 919 4542 ibide
954 4487 1138 4543 altare
1163 4487 1349 4544 sancti
1382 4487 1655 4554 Stephani
1712 4492 2037 4557 protomar-

394 4577 545 4649 tyris
576 4576 906 4645 substitu't,
951 4591 979 4630 a
1006 4576 1259 4632 sinistris
1318 4591 1455 4632 vero
1487 4575 1818 4631 memoriam
1884 4574 2038 4632 beati

398 4664 625 4722 Martini
661 4668 720 4719 ut
775 4665 964 4720 fuerat
996 4663 1253 4733 reliquit,
1289 4663 1618 4734 ibidemque
1670 4663 2042 4719 extrinsecus

400 4769 606 4811 novun
639 4753 960 4810 oratorium
992 4752 1307 4820 exstruxit,
1341 4753 1494 4821 quod
1529 4751 1745 4807 eicitur
1791 4751 1862 4807 ad
1916 4766 2045 4808 sau-

399 4850 549 4902 ctam
577 4842 921 4910 Jerusalem,
964 4856 1032 4897 eo
1063 4839 1214 4912 quod
1265 4840 1566 4897 doninieze
1610 4841 1928 4911 sepulturae
1986 4844 2044 4897 et

402 4931 855 4990 resurrectionis
887 4930 1184 4987 contineat
1206 4943 1542 5001 expressam
1577 4927 2040 4984 similitudinem.

400 5021 758 5079 Illuminavit
788 5034 1016 5093 quoque
1040 5020 1293 5077 oratoria
1336 5033 1462 5089 quae
1513 5022 1890 5075 exstruxerat
1925 5016 2049 5089 pul-

407 5111 713 5168 cherrimis
771 5109 1069 5180 fenestris,
1105 5109 1354 5180 quodam
1399 5109 1626 5178 Rogero
1661 5107 1953 5165 conducto
1977 5104 2049 5161 ab

2138 3244 2337 3295 extera
2372 3238 2664 3308 provincia
2696 3239 2963 3295 securius
2995 3238 3073 3294 ibi
3109 3238 3438 3295 celandum.
3475 3238 3678 3292 Divina
3709 3241 3763 3291 ta

2141 3342 2269 3382 men
2303 3326 2615 3397 dispositio
2659 3327 2925 3382 restituit
2984 3325 3127 3381 illud
3181 3325 3447 3382 ecclesiae
3505 3339 3632 3380 suae
3689 3325 3785 3379 boc

2142 3415 2332 3472 modo.
2371 3416 2549 3470 Mater
2574 3414 2767 3470 domui
2832 3429 2995 3485 papae
3046 3415 3253 3471 Leonis
3309 3415 3377 3470 1X
3413 3414 3531 3481 (83)
3591 3411 3787 3467 venale

2142 3504 2284 3560 illud
2320 3504 2621 3560 inveniens
2646 3504 2807 3573 emit,
2844 3508 2903 3559 et
2934 3504 3122 3561 eidem
3158 3502 3273 3558 tilio
3314 3518 3422 3558 suo
3459 3508 3595 3557 tunc
3660 3502 3790 3557 Bru-

2142 3593 2298 3663 noni,
2332 3598 2394 3649 ut
2428 3592 2481 3646 in
2512 3606 2579 3648 eo
2602 3592 2857 3663 psalmos
2889 3592 3222 3647 addisceret
3247 3590 3610 3660 dispensavit
3646 3608 3660 3657 ;
3689 3590 3787 3646 sed

2141 3698 2269 3740 cum
2304 3682 2359 3737 in
2395 3681 2504 3737 alio
2535 3681 2802 3751 quolibet
2836 3680 3118 3750 psalterio
3148 3686 3209 3736 et
3232 3679 3404 3751 plane
3451 3678 3700 3748 legeret,
3733 3688 3789 3735 et

2144 3770 2312 3827 facile
2329 3770 2482 3839 quod
2503 3769 2767 3825 discebat
2785 3768 3144 3835 redderet,in
3167 3766 3267 3822 illo
3288 3774 3382 3822 tan
3398 3775 3515 3822 tum
3540 3767 3791 3822 incurre-

2146 3860 2244 3915 bat
2271 3857 2423 3914 talcs
2444 3857 2888 3925 offensiones,ut
2912 3855 3088 3911 nimio
3112 3855 3290 3911 tasdio
3315 3869 3344 3910 a
3370 3855 3628 3910 lectione
3643 3853 3793 3910 vide-

2145 3953 2308 4005 retur
2341 3946 2611 4002 deﬁcere.
2632 3945 2871 4001 Nolebat
2899 3959 3050 4001 enim
3076 3944 3329 4015 Spiritus
3353 3943 3793 4011 sanctus,cujus

2145 4034 2455 4093 electionis
2481 4048 2582 4090 vas
2613 4034 2764 4090 idem
2803 4048 2943 4104 puer
2979 4033 3212 4089 futurus
3263 4039 3413 4100 erat,
3448 4046 3522 4088 ne
3550 4031 3793 4100 alicujus

2147 4123 2434 4194 sacrilegii
2468 4128 2745 4179 contactu
2768 4123 2859 4178 vel
2895 4122 3236 4191 ignoranter
3270 4120 3792 4178 contaminaretur.

2148 4215 2386 4271 Mil-ante
2411 4228 2547 4269 vero
2571 4216 2755 4267 matre
2790 4212 2874 4269 sic
2935 4212 3112 4268 ﬁlium
3159 4211 3215 4266 in
3260 4208 3542 4282 psalterio
3600 4208 3796 4264 adver-

2149 4303 2285 4371 sari,
2322 4301 2543 4358 audivit
2579 4300 2853 4370 vulgante
2904 4301 3048 4356 fama
3111 4300 3290 4356 fuisse
3324 4298 3467 4354 illud
3530 4296 3797 4354 ecclesia:

2150 4391 2302 4451 beati
2331 4390 2549 4446 llubert
2579 4431 2594 4457 ,
2618 4394 2675 4443 et
2701 4388 3005 4459 multiplici
3023 4389 3392 4444 anathemate
3416 4401 3519 4457 per
3539 4384 3801 4439 diversas

2070 4517 2120 4576 D
2151 4486 2424 4557 regiones
2457 4485 2743 4557 publicam
2777 4484 2905 4555 ejus
2936 4485 3315 4555 quaestionem
3349 4483 3497 4540 ﬁeri.
3555 4482 3674 4535 Nec
3705 4478 3805 4576 diu

2152 4578 2373 4629 morata
2408 4575 2477 4628 ad
2514 4572 2699 4628 locum
2725 4572 3419 4644 preperavit,puerumqu
3445 4590 3454 4603 -
3481 4583 3687 4627 secum
3714 4570 3809 4625 de-

2153 4663 2341 4730 duxit,
2370 4667 2428 4716 et
2449 4661 2874 4717 absolutionem
2898 4661 3071 4730 hujus
3102 4676 3128 4716 s
3154 4675 3224 4716 ne
3249 4659 3601 4730 ignorantiae
3622 4659 3809 4714 humi-

2155 4750 2289 4806 liter
2344 4748 2752 4820 expostulans,
2798 4748 3141 4820 psalterium
3190 4747 3457 4804 ecclesiae
3521 4747 3809 4802 reddidit.

2156 4837 2383 4895 Obtulit
2414 4837 2589 4893 etiam
2614 4852 2718 4908 pro
2751 4836 3378 4893 satisfactionelibrum
3415 4849 3595 4890 unum
3622 4850 3818 4892 sacra-

2157 4934 2504 4996 mentorum,
2540 4941 2634 4997 qui
2671 4930 2874 4997 postea
2899 4924 3151 4981 donatus
3183 4927 3276 4978 est
3309 4922 3585 4978 ecclesiae
3626 4922 3819 4979 beata

2157 5030 2385 5087 semper
2419 5014 2660 5084 virginis
2691 5013 2900 5083 Mariae,
2924 5027 3050 5084 qua:
3082 5027 3183 5069 sua
3209 5011 3323 5083 (84)
3354 5014 3439 5068 est
3472 5011 3647 5065 beati
3716 5014 3822 5067 [lu-

2161 5104 2313 5161 berti
2343 5104 2496 5177 apud
2522 5102 2841 5160 Gabelium.

1981 5200 2183 5259 NOTIE
2196 5242 2209 5257 .

479 5312 585 5382 (80)
613 5311 846 5369 Ληιὶθν.
885 5313 958 5369 R.

480 5378 593 5462 (81)
626 5382 766 5462 Quis
784 5383 887 5462 _hie
921 5382 1114 5462 fuerit,
1136 5395 1427 5462 nusquam
1461 5379 1648 5462 inveni
1677 5397 1692 5448 ;
1721 5394 1792 5439 eo
1816 5378 2051 5462 nomine

407 5452 670 5524 episcopi
707 5454 978 5510 Albarum
1014 5451 1448 5521 Maritimarum,
1480 5454 1645 5511 Zara
1671 5451 1934 5519 veccltz'a,
1995 5451 2048 5506 iu

410 5522 712 5579 Dalmatia.
771 5529 831 5579 et
881 5524 1155 5579 Albarum
1213 5523 1515 5579 Iuliarum.
1597 5522 1941 5579 Uarlsbmta.
1996 5521 2050 5578 in

410 5523 712 5593 Dalmatia,
771 5529 831 5579 et
881 5524 1155 5581 Albarum
1213 5523 1515 5593 Iuliarum,
1597 5523 1941 5592 Uarlsbmy,
1996 5523 2050 5578 in

409 5594 845 5675 Transylvania,
880 5595 1081 5673 nescio
1100 5595 1378 5675 ari-etiarn
1406 5594 1563 5675 alba;
1596 5594 1808 5663 chiae,
1840 5591 2052 5675 Stult}

410 5662 835 5735 weissenbmy,
863 5663 952 5719 usi
982 5668 1136 5719 sunt.
1155 5664 1297 5719 Num
1322 5664 1565 5733 Belgrad
1588 5679 1640 5719 v.
1690 5662 1882 5735 supra
1933 5662 2047 5719 col.

2233 5310 2346 5449 g2.)
2376 5375 2751 5449 Prumienses
2800 5373 3112 5448 aliquando
3175 5372 3589 5444 Andaginense
3630 5386 3823 5432 mona-

2163 5448 2409 5507 sterium
2442 5448 2667 5504 rexisse
2698 5448 2984 5503 feruntur.

2234 5524 2346 5592 (83)
2381 5517 2700 5592 Heilewide
2724 5522 2969 5592 vocatur
3017 5532 3047 5574 a
3109 5515 3389 5584 Wiberto,
3416 5512 3749 5575 comitissa
3774 5524 3822 5570 ut

2162 5589 2379 5660 ferunt,
2411 5589 2864 5660 Dasburgensis.

2235 5662 2347 5733 (8L)
2364 5658 2419 5718 ’1.
2452 5674 2502 5715 e.
2539 5658 2797 5731 propria.
