3960 6044
273 271 432 340 i869

1274 270 1750 340 CHROVICON
1780 266 1847 337 Β.
1882 267 2250 336 HUBERTI
2271 267 2663 336 ANDAGIN.

3520 265 3674 335 18⁸70

271 426 599 488 deserviret
627 424 1040 485 monachorum
1073 427 1333 498 utilitati,
1367 426 1503 485 licet
1532 427 1642 485 hoc
1671 428 1910 499 frustra,
1941 403 2000 468 Α
2027 427 2474 486 exhortantihus
2496 428 2690 495 cessit,
2724 430 2781 485 et
2805 441 2935 486 cum
2959 422 3272 483 Godefrido
3292 421 3363 482 ad
3388 424 3669 483 scrinium

269 519 420 577 sicut
446 524 504 576 et
529 517 642 574 alia
670 518 853 574 omnia
888 532 1051 588 paene
1084 517 1305 574 fecerit.
1338 519 1475 573 Nam
1499 518 1571 573 ab
1594 519 1823 588 abbate,
1851 523 1914 575 ut

271 608 691 677 destinaverat,
744 606 1060 663 Virdunum
1093 606 1404 675 deductus,
1456 622 1587 663 cum
1618 608 1805 665 adhuc
1834 607 1917 663 vi-

269 711 414 753 vens
444 696 658 752 ibidem
695 700 1043 765 moraretur,
1079 710 1459 765 qua‘cumque
1488 697 1833 767 promiserat
1862 697 1913 751 ei

270 787 552 842 mentitus
606 791 695 842 est
747 784 918 853 filius,
961 791 1021 842 et
1060 785 1112 839 in
1147 786 1454 856 dampnum
1508 786 1640 842 vitae
1689 800 1809 841 suae
1859 790 1918 841 et

268 874 510 930 honoris
530 873 750 930 oblitus
768 878 856 929 est
884 873 1297 930 misericordiae
1318 879 1377 929 et
1394 874 1680 933 veritatis.
1708 875 1916 931 Factus

174 992 179 994 -
268 961 419 1018 enim
444 962 560 1032 jam
601 966 804 1033 potens
834 961 1182 1018 hereditatis
1216 967 1495 1033 paternae,
1528 963 1919 1021 dissimulavit

267 1049 601 1109 meminisse
624 1051 761 1119 quid
797 1065 859 1105 se
894 1056 1182 1121 praesente
1216 1056 1275 1106 et
1308 1051 1581 1108 laudante
1606 1053 1921 1124 deputave-

267 1144 359 1195 rat
382 1143 546 1209 pater
564 1138 950 1209 redemptioni
971 1138 1173 1195 animae
1194 1154 1333 1197 suae.
1364 1141 1798 1210 Suggerebatur
1815 1146 1865 1199 ei
1888 1157 1916 1197 a

268 1226 617 1297 quibusdam
644 1241 882 1282 suorum
911 1241 1112 1282 revera
1138 1226 1477 1295 infidelium,
1510 1230 1673 1298 quasi
1700 1230 1765 1285 ad
1791 1246 1920 1299 gra-

264 1314 429 1382 tiam,
479 1330 592 1371 non
647 1315 859 1371 debere
908 1329 1037 1370 eum
1092 1316 1335 1386 perdere
1387 1316 1632 1373 militum
1682 1332 1918 1376 suorum

267 1402 606 1471 amicitiam,
642 1402 698 1458 in
733 1416 900 1457 manu
948 1417 1148 1458 eorum
1200 1418 1360 1458 suam
1410 1411 1680 1460 constare
1728 1405 1921 1462 valen-

264 1490 430 1562 tiam,
457 1490 745 1547 defecisse
774 1497 995 1561 patrem
1031 1505 1197 1546 suum
1227 1505 1254 1545 a
1280 1506 1457 1549 sensu
1487 1494 1719 1563 proprio
1746 1495 1799 1548 in
1825 1510 1921 1550 ex-

264 1580 491 1648 tremis,
546 1580 882 1635 consuleret
928 1580 1128 1650 potius
1176 1580 1353 1635 rebus
1384 1582 1526 1647 suis,
1560 1597 1728 1650 quam
1763 1583 1921 1639 illius

267 1666 604 1737 obtempera
616 1673 700 1721 ret
723 1666 1140 1722 deliramentis.
1163 1668 1251 1722 Sic
1269 1667 1555 1725 deductus
1575 1683 1605 1725 a
1628 1671 1915 1727 sententia

266 1755 569 1812 servandae
602 1754 859 1825 pietatis,
893 1754 964 1809 de
996 1754 1356 1826 disponenda
1385 1756 1695 1813 clemesiua
1734 1760 1916 1829 patris
1947 1760 1981 1820 1

267 1841 738 1914 interpellantem
760 1857 822 1899 se
841 1843 1109 1898 abbatem
1137 1842 1348 1899 callide
1371 1846 1697 1915 suspendit,
1723 1862 1917 1917 quam-

266 1932 363 1989 diu
398 1932 627 2003 quidem
664 1936 829 2002 pater
863 1932 1206 2001 supervixit.
1254 1934 1585 2002 Supervixit
1616 1949 1756 1990 vero
1798 1938 1918 1993 fere

266 2035 369 2093 per
402 2034 674 2077 mensem.
715 2020 955 2076 Virduni
992 2024 1055 2075 i3
1092 2020 1376 2076 Kalendas
1400 2022 1652 2077 Januarii
1686 2024 1918 2081 terribi-

268 2109 404 2164 liter
456 2109 661 2165 cazlum
712 2109 987 2175 intonuit,
1024 2114 1081 2163 et
1118 2109 1169 2163 in
1205 2109 1522 2176 crastinum
1564 2112 1678 2166 vita
1720 2114 1919 2169 deces-

266 2198 344 2252 sit
385 2196 505 2265 (an.
549 2200 701 2266 1069,
736 2198 870 2253 Dec.
905 2197 1017 2268 2i).
1060 2198 1215 2253 Tunc
1254 2199 1485 2253 tandem
1512 2198 1710 2266 junior
1739 2201 1918 2257 Gede-

266 2285 453 2342 fridus
477 2285 571 2355 qui
596 2290 753 2342 esset
778 2285 1070 2356 apparuit,
1091 2290 1147 2339 et
1176 2291 1515 2343 recurrente
1535 2287 1604 2341 ad
1625 2303 1687 2343 se
1706 2288 1915 2345 abbate

265 2389 373 2446 pro
402 2378 754 2430 testamento
777 2374 1100 2429 ordinando
1124 2374 1382 2430 defuncti
1405 2376 1611 2445 patris,
1647 2392 1758 2433 non
1792 2382 1917 2433 tan-

266 2468 386 2519 tum
433 2462 741 2518 consilium
776 2468 829 2517 et
865 2461 1143 2518 auxilium
1194 2477 1358 2518 suum
1395 2464 1478 2520 illi
1513 2467 1761 2535 negavit,
1810 2467 1911 2522 sed

266 2551 442 2607 etiam
475 2550 644 2607 minis
676 2554 732 2606 et
767 2550 997 2620 injuriis
1026 2566 1053 2605 a
1088 2566 1150 2606 se
1196 2553 1641 2609 absterrendum
1673 2552 1719 2587 ⁸⁹
1751 2560 1914 2625 puta-

262 2639 367 2696 vit.
396 2639 655 2695 lnferens
679 2639 937 2707 instanti,
960 2640 1067 2695 hoc
1087 2641 1382 2708 negotium
1408 2657 1516 2697 non
1543 2641 1670 2710 ejus
1697 2646 1912 2714 tenipo-

264 2727 346 2784 ris
368 2742 519 2794 esse,
552 2742 702 2784 nunc
725 2742 836 2783 non
864 2743 982 2784 suae
1010 2727 1248 2784 utilitati
1280 2731 1590 2785 convenire
1624 2732 1912 2788 monachi-

261 2830 387 2873 cam
437 2817 946 2884 congregationem
1004 2817 1346 2886 disponere,
1398 2823 1457 2872 et
1509 2818 1770 2875 militiam
1820 2822 1905 2876 sui

265 2904 588 2962 ducaminis
611 2908 997 2975 postponere;
1030 2919 1157 2974 quae
1184 2905 1264 2960 illi
1291 2910 1454 2976 pater
1476 2907 1730 2963 curanda
1755 2923 1909 2964 com-

265 2993 508 3049 miserat
534 2993 678 3048 bene
699 2995 956 3053 curaret,
988 2993 1235 3049 alterius
1260 2996 1600 3051 intentionis
1623 3012 1817 3052 curam
1844 3012 1906 3053 se

2028 516 2320 574 dividendi
2343 510 2600 576 thesauri
2626 517 2720 574 vix
2742 518 3077 590 compulsus
3105 516 3377 573 accessit.
3412 514 3671 572 Godefri-

2025 604 2135 662 dus
2154 608 2364 665 ablatis
2382 609 2514 665 inde
2532 614 2650 679 sep‘
2669 608 2921 677 ingentis
2940 605 3191 664 marchis
3210 604 3436 674 argenti
3461 604 3516 659 in
3538 616 3672 660 can-

2028 697 2304 767 delabris,
2340 699 2393 754 in
2420 698 2655 769 scyphis
2676 703 2731 752 et
2757 697 3023 755 scutellis
3045 696 3293 765 aliisque
3317 692 3672 750 utensilibus

2027 789 2224 855 variis,
2255 788 2449 844 abbati
2484 792 2679 844 cetera
2714 787 2974 857 reliquit,
3010 801 3075 842 ea
3108 790 3300 841 tamen
3335 780 3671 838 conditione

2030 882 2093 936 ut
2123 894 2187 934 ea
2222 878 2555 948 disponeret
2595 882 2865 946 respectu
2896 874 3123 931 consilii
3154 873 3263 930 sui.
3302 869 3557 928 Consilio
3592 874 3675 925 ta-

2029 982 2154 1023 men
2182 967 2525 1023 Heribrandi
2549 966 2851 1024 castellani
2879 964 3238 1033 aliorumque
3263 959 3518 1017 fidelium
3543 972 3674 1015 suo-

2032 1073 2177 1123 rum,
2214 1057 2308 1126 qui
2342 1057 2393 1112 ei
2426 1061 2749 1125 suggerunt
2778 1071 2848 1110 ne
2889 1054 2972 1110 sic
3004 1053 3313 1109 inhumane
3342 1046 3672 1105 annnllaret

2028 1145 2398 1203 elemosinam
2452 1145 2634 1214 patris
2665 1145 2751 1200 sui
2787 1158 2964 1211 super
2995 1141 3334 1213 praedictam
3388 1151 3672 1195 summam

2030 1218 2305 1303 argenti,‘
2339 1234 2626 1302 disposuit
2679 1233 2877 1289 abbati
2932 1235 2990 1286 et
3050 1229 3497 1287 successoribus
3550 1225 3675 1294 ejus

2032 1325 2245 1381 Bcllam
2287 1323 2495 1380 vallem
2539 1323 2651 1395 (95)
2690 1337 2819 1378 cum
2864 1320 3073 1377 familia
3104 1324 3161 1375 et
3193 1320 3382 1374 banno
3411 1318 3469 1372 et
3496 1328 3679 1372 omni-

2032 1415 2141 1470 bus
2188 1414 2400 1468 finibus
2429 1417 2485 1468 et
2517 1412 2890 1477 acquestibus
2939 1408 3079 1476 suis,
3121 1407 3193 1463 ad
3233 1420 3380 1476 opus
3427 1404 3674 1459 fratrum

2031 1501 2485 1558 deservientium
2534 1503 2649 1557 Deo
2683 1500 2736 1553 in
2776 1499 3022 1555 ecclesia
3074 1495 3229 1552 beati
3276 1492 3466 1556 Petri;
3521 1488 3674 1560 quod

2031 1590 2261 1645 vadium
2294 1590 2489 1658 quiete
2520 1591 2591 1644 ab
2621 1589 2707 1644 eis
2738 1602 3065 1658 possessum
3100 1588 3189 1640 est
3218 1580 3488 1653 quamdiu
3523 1578 3672 1635 idem

2031 1678 2377 1734 Gndefridus
2402 1678 2638 1733 advixit.

2100 1770 2186 1822 2'.
2224 1767 2359 1836 (34.)
2396 1768 2531 1822 Erat
2562 1780 2673 1821 non
2713 1765 2885 1832 longe
2916 1779 2944 1818 a
2981 1760 3181 1829 majori
3214 1756 3461 1815 ecclesia
3498 1755 3674 1810 ﬁscus

2011 1855 2372 1911 .Caviniacus
2423 1854 2535 1925 (96)
2586 1868 2655 1909 ex
2688 1850 3037 1923 patrimonio
3084 1844 3380 1903 Richeldis
3425 1845 3678 1898 Montan-

2028 1945 2111 1999 :'s
2142 1944 2479 2011 comitissze,
2514 1957 2642 2011 quae
2674 1941 2909 1997 viduata
2949 1936 3230 1994 Balduino
3265 1936 3477 2005 juvene
3515 1929 3680 1987 Flan-

2030 2033 2329 2087 drensium
2379 2032 2591 2086 comite
2640 2030 2760 2093 (an.
2812 2029 2993 2097 1070),
3050 2024 3324 2080 Flandras
3375 2020 3673 2087 amiserat,

2027 2121 2223 2176 occiso
2259 2120 2374 2173 filio
2406 2134 2510 2174 suo
2546 2118 2783 2173 Arnulfo
2812 2132 2839 2171 a
2873 2121 3083 2186 patruo
3111 2113 3238 2183 ejus
3269 2111 3531 2167 Roberto
3561 2105 3680 2161 Fri-

2029 2223 2169 2263 sone
2203 2210 2323 2273 (an.
2356 2212 2508 2269 107i,
2535 2205 2667 2263 Feb.
2696 2205 2807 2267 22),
2841 2217 2943 2274 per
2975 2216 3178 2258 manus
3205 2198 3507 2265 cujusdam
3542 2195 3672 2250 Ger-

2029 2296 2268 2351 badonis
2299 2294 2360 2350 ‘°.
2396 2295 2500 2359 Qui
2544 2293 2827 2348 Gerbaldo
2858 2306 2967 2347 non
3002 2288 3186 2345 multo
3224 2291 3356 2359 post
3396 2284 3672 2341 confusus

2025 2383 2379 2439 conscientia
2416 2388 2594 2437 tantae
2628 2379 2930 2447 injustitize
2963 2382 3024 2432 et
3057 2374 3406 2432 temeritatis
3435 2372 3670 2426 Romam

2025 2471 2214 2542 petiit,
2251 2476 2310 2525 et
2344 2486 2545 2526 manus
2579 2470 2790 2537 quibus
2823 2465 3117 2521 dominum
3161 2476 3324 2519 suum
3369 2457 3676 2513 interfece-

2025 2562 2115 2614 rat
2141 2559 2351 2614 domno
2383 2574 2446 2627 pa
2461 2573 2543 2628 pm
2566 2556 2845 2623 Gregorio
2865 2555 2981 2622 νη,
3020 2567 3125 2624 pro
3152 2547 3490 2622 poenitentia
3524 2544 3676 2612 ejus-

2024 2648 2152 2702 dem
2177 2646 2440 2702 criminis
2465 2643 2897 2701 detruncaudas
2926 2641 3161 2698 obtulit.
3199 2634 3513 2706 Gregorius
3541 2647 3675 2691 exe-

2022 2734 2315 2789 cutionem
2350 2734 2522 2799 hujus
2552 2730 3015 2787 detruncationis
3045 2727 3324 2795 magistro
3352 2732 3671 2793 coquorum

2021 2834 2257 2876 suorum
2293 2820 2523 2890 publice
2554 2818 2866 2875 commisit.
2904 2816 3124 2872 Educto
3151 2810 3495 2869 Gcrbodone
3526 2805 3574 2840 ‘°
3601 2804 3674 2861 ad

2016 2923 2244 2979 poenam
2303 2924 2472 2979 quam
2528 2908 2867 2963 decreverat
2920 2904 3062 2975 pati,
3115 2900 3457 2973 praedictum
3509 2893 3671 2949 mini‘

2019 3002 2203 3054 strum
2229 3012 2374 3067 papa
2403 2995 2662 3051 revocari
2694 2993 2989 3064 praecepit,
3013 2991 3184 3061 eique
3207 2992 3437 3045 secreto
3462 2980 3678 3061 edixit:-

264 3080 530 3136 actitare.
580 3080 767 3135 Talem
811 3085 1043 3150 tamque
1086 3083 1335 3137 subitam
1373 3098 1560 3139 rerum
1594 3093 1910 3141 commuta-
1943 3112 1989 3169 α
2021 3092 2082 3142 ut
2117 3085 2163 3141 si
2196 3084 2424 3140 elevato
2459 3084 2612 3139 ferro
2645 3082 2839 3152 aliquo
2882 3081 3048 3136 modo
3089 3078 3356 3134 manibus
3399 3073 3574 3130 motis
3602 3071 3674 3128 ti-

266 3168 482 3229 tionem
508 3168 685 3225 abbas
708 3169 1035 3239 obstupuit,
1071 3172 1127 3224 et
1159 3170 1323 3239 quasi
1348 3176 1665 3227 monstrum
1688 3174 1771 3229 sic
1793 3188 1822 3228 a
1846 3188 1911 3230 se

268 3256 563 3313 diversum
596 3256 930 3326 indignatus
960 3257 1279 3313 exhorruit.
1314 3259 1391 3312 Ne
1426 3263 1612 3315 tamen
1643 3276 1743 3331 per
1766 3261 1911 3317 hanc

266 3344 560 3416 repulsam
603 3345 903 3402 videretur
944 3344 1227 3402 defecisse
1259 3360 1287 3401 a
1324 3347 1605 3417 promissa
1645 3347 1755 3405 ﬁde
1797 3364 1914 3406 ser-

264 3432 473 3502 vanda,
526 3432 949 3489 Heribrandum
1001 3433 1290 3489 seniorem
1340 3439 1691 3505 ceterosque
1741 3450 1914 3508 pares

263 3522 463 3591 castri,
515 3536 660 3592 quos
710 3521 939 3578 fidelius
990 3521 1192 3578 ducem
1245 3523 1500 3580 coluisse
1553 3526 1914 3597 meminerat,

262 3609 685 3680 interpellavit,
720 3614 783 3665 ut
814 3625 1010 3666 secum
1044 3611 1113 3665 de
1148 3612 1383 3680 negotio
1430 3613 1614 3682 patris
1659 3613 1919 3668 Godefri-

264 3696 398 3754 dum
441 3697 1016 3753 adratiocinarentur
1056 3713 1159 3754 eos
1200 3699 1500 3755 conduxit.
1551 3700 1653 3756 Ille
1683 3702 1916 3757 tandem

262 3784 488 3856 pudore
519 3784 840 3852 convictus,
887 3786 1191 3854 respondit
1227 3788 1629 3856 possessiones
1667 3788 1921 3845 denomi-

264 3876 456 3943 natas,
492 3887 635 3943 quas
666 3871 882 3929 milites
912 3873 999 3928 sui
1035 3874 1452 3943 stipendiarias
1501 3877 1799 3943 tenebant,
1856 3892 1919 3934 se

263 3975 369 4019 nec
403 3960 553 4017 velle
583 3975 690 4018 nec
719 3975 890 4031 posse
922 3962 1271 4018 subtrahere
1304 3964 1659 4034 tenentibus,
1691 3967 1923 4023 Astine'

264 4053 383 4104 tum
419 4049 532 4118 (94)
566 4062 704 4104 vero
735 4063 862 4105 cum
898 4049 1086 4104 hanno
1109 4054 1166 4104 et
1190 4049 1473 4109 comitatu
1497 4053 1552 4106 et
1577 4052 1727 4106 omni
1766 4052 1922 4107 fami-

267 4135 336 4192 lia
386 4140 445 4192 et
495 4143 746 4207 quaestu,
779 4141 838 4191 et
888 4137 1311 4193 denominatam
1368 4142 1590 4207 partem
1642 4140 1916 4207 Chevoni,

268 4223 570 4280 bannalem
602 4238 834 4295 quoque
866 4225 1123 4280 cambam
1161 4224 1529 4281 Bulouiensis
1568 4226 1756 4295 burgi,
1791 4241 1918 4297 quae

266 4309 485 4367 nullius
525 4316 693 4366 erant
736 4310 907 4377 feodi,
950 4311 1281 4368 elemosinae
1324 4314 1507 4384 patris
1541 4314 1631 4369 sui
1663 4329 1724 4369 se
1760 4330 1919 4371 reco-

264 4411 545 4468 gnoscere
586 4406 643 4455 et
685 4400 1049 4469 confirmare,
1086 4399 1353 4455 relictum
1397 4416 1536 4457 vero
1578 4402 1914 4458 thesaurum

2021 3174 2258 3229 tubaret
2289 3171 2567 3228 continuo
2596 3185 2696 3227 eas
2731 3169 3044 3233 incideret;
3086 3167 3130 3224 si
3162 3180 3301 3222 vero
3328 3164 3673 3220 constanter

2022 3261 2393 3332 persisteret,
2441 3258 2741 3330 patientia:
2782 3255 3157 3327 persistentis
3199 3253 3397 3310 statim
3441 3252 3673 3305 retento

2026 3349 2142 3405 ictu
2181 3353 2467 3419 parceret,
2500 3345 2768 3402 Gerbodo
2800 3344 2869 3400 ad
2904 3345 3083 3401 ictum
3128 3342 3408 3413 perstitit,
3451 3335 3678 3396 statim-

2027 3452 2136 3508 que
2171 3435 2515 3493 incolumem
2549 3436 2866 3505 deputatus
2907 3445 3222 3503 pereursor
3261 3442 3424 3500 papae
3464 3438 3676 3497 repra-

2028 3523 2297 3581 sentavit.
2333 3522 2586 3577 Laztatus
2621 3533 2762 3590 papa
2790 3519 2875 3576 sic
2901 3516 3241 3589 provenisse
3273 3510 3673 3585 paenitentiam

2028 3610 2405 3679 Gerhodonis,
2460 3624 2662 3665 manus
2708 3623 2852 3677 quas
2901 3603 3330 3663 detruncandas
3377 3598 3675 3657 obtulerat

2024 3699 2137 3767 jam
2188 3713 2294 3753 non
2345 3712 2478 3754 suas
2527 3697 2629 3753 sed
2676 3695 2898 3753 Domini
2951 3708 3079 3750 esse
3121 3689 3424 3761 judicavit,
3458 3701 3677 3759 praece-

2032 3787 2230 3856 pitque
2270 3786 2319 3841 ei
2366 3790 2425 3840 ut
2469 3799 2571 3853 per
2615 3784 2908 3840 dominum
2960 3783 3252 3849 nugonem
3305 3776 3671 3833 Cluniensem

2031 3874 2296 3928 abbatem
2349 3875 2672 3937 revertens,
2731 3870 2974 3927 referret
3017 3868 3067 3924 ei
3111 3880 3335 3922 omnem
3388 3864 3468 3919 rei
3521 3861 3674 3918 ordi-

2031 3975 2178 4029 nem,
2213 3974 2388 4029 seque
2416 3959 2541 4028 ejus
2570 3957 2813 4013 consilio
2842 3956 3131 4013 crederet.
3168 3953 3268 4009 Ille
3300 3951 3372 4006 ad
3403 3951 3671 4007 abbatem

2029 4048 2281 4110 veniens,
2335 4047 2461 4116 ejus
2506 4044 3016 4102 exhortationibus
3063 4039 3333 4109 credidit,
3376 4042 3435 4094 et
3466 4039 3672 4108 postea

2030 4135 2278 4191 eximius
2311 4134 2421 4190 sub
2451 4148 2521 4189 eo
2554 4133 2869 4188 monachus
2918 4129 3133 4187 claruit
3182 4126 3315 4198 (97).
3367 4122 3670 4181 Comitissa

2030 4237 2169 4278 vero
2208 4222 2399 4291 gratia
2442 4220 2722 4276 Flandras
2764 4217 3169 4290 recuperandi,
3204 4219 3261 4269 et
3295 4212 3474 4269 filium
3507 4224 3671 4267 suum

2030 4308 2282 4364 occisum
2319 4306 2670 4371 vindicandi,
2712 4304 3037 4376 Philippum
3071 4304 3424 4358 Francorum
3454 4310 3669 4368 regem,

2032 4396 2219 4466 ipsum
2253 4408 2482 4465 quoque
2515 4392 2885 4449 Godefridum
2929 4391 3131 4447 ducem
3167 4394 3226 4445 et
3256 4386 3553 4442 Albertum
3583 4397 3676 4440 co-

263 4500 454 4542 rerum
498 4488 624 4557 ejus
667 4489 961 4544 mobilium
996 4488 1047 4543 in
1094 4489 1403 4558 praesentia
1436 4504 1635 4544 eorum
1673 4504 1733 4545 se
1767 4490 1916 4546 velle
1946 4461 1999 4522 D
2032 4491 2225 4546 mitem
2274 4492 2689 4546 Namueensem
2740 4487 3068 4556 multosque
3110 4484 3259 4541 alios
3292 4480 3673 4550 Lotharingiae

266 4587 392 4630 cum
444 4574 657 4637 abbate
707 4575 996 4643 dividere;
1048 4575 1155 4632 hoc
1188 4576 1270 4632 illi
1306 4576 1413 4646 iam
1447 4577 1760 4647 sufﬁceret,
1811 4593 1915 4634 nec

269 4673 329 4719 se
360 4660 610 4731 amplius
641 4676 816 4729 super
854 4663 968 4719 hiis
1008 4665 1364 4721 molestaret.
1419 4664 1779 4722 Adhortatus
1820 4667 1915 4722 ab-

270 4746 372 4803 bas
407 4753 469 4803 ut
501 4748 730 4803 interim
765 4764 892 4818 quae
923 4753 1396 4809 concedebantur
1426 4754 1773 4825 susciperet,
1816 4769 1913 4810 ne-

270 4847 377 4905 que
394 4833 664 4905 juvenem
690 4836 1035 4908 quandoque
1060 4840 1477 4895 meliorandum
1503 4846 1904 4913 exasperaret,

2028 4583 2086 4633 et
2117 4578 2372 4634 Franciae
2403 4576 2699 4648 principes
2727 4575 3012 4630 adversus
3044 4574 3359 4629 Rohertum
3392 4567 3669 4634 condixit,

2031 4671 2227 4721 taxato
2251 4665 2497 4734 singulis
2520 4663 2708 4734 pretio
2731 4663 2989 4733 ejusdem
3018 4657 3425 4717 condictionis.
3461 4656 3669 4711 Fuerat

2026 4759 2217 4811 autem
2243 4754 2561 4825 praedictus
2592 4753 2772 4808 abbas
2804 4750 2976 4819 longo
3010 4754 3144 4805 ante
3174 4752 3438 4817 tempore
3461 4748 3521 4798 et
3548 4741 3671 4798 Bal-

2024 4843 2202 4899 duino
2242 4848 2299 4899 et
2342 4841 2601 4899 Rieheldi
2653 4841 2797 4895 adeo
2850 4836 3151 4894 familiaris
3188 4839 3248 4890 et
3288 4832 3541 4888 dilectus
3608 4833 3671 4884 ut

1628 4972 1860 5028 VARUE
1905 4973 2300 5031 LECTIONES.

336 5061 382 5096 "
414 5062 868 5121 absternendum
905 5070 951 5121 1.
1031 5064 1077 5098 ‘°
1104 5067 1195 5123 ita
1228 5071 1276 5121 1·

1862 5190 2080 5247 ΝΟΤιΕ.

274 5316 454 5445 Η
514 5318 804 5392 Assemy,
873 5325 934 5378 et
1001 5320 1293 5394 Gicogne,
1359 5323 1525 5393 juxta
1597 5321 1907 5379 Sedanum.

340 5458 452 5530 (95)
517 5459 897 5530 Βθὶζθυεαιιω.
933 5462 998 5518 R.

341 5529 453 5599 (96)
526 5529 853 5603 L'Maiyny.
887 5533 950 5589 Β.

2099 5322 2212 5393 (97)
2244 5320 2545 5393 Arnulfum
2576 5336 2604 5377 a
2639 5318 3393 5393 Gerbodoneinterfectum
3424 5332 3585 5393 esse,
3610 5322 3670 5393 et

2029 5389 2208 5449 totam
2236 5394 2305 5448 de
2329 5391 2438 5449 hoc
2464 5393 2853 5448 narrationem
2886 5389 3106 5446 eisdem
3132 5390 3249 5446 fere
3275 5390 3472 5447 verbis
3497 5389 3673 5445 refert

2031 5462 2397 5590 Giséegertus
2431 5463 2485 5518 in
2519 5464 2725 5519 Chron.
2764 5461 3097 5533 Harmoniae,
3130 5461 3220 5518 ed.
3257 5464 3339 5518 Du
3372 5459 3677 5518 Chasteler

2030 5550 2084 5607 p.
2154 5574 2171 5603 ,
2242 5576 2255 5588 .
