3960 6044
349 305 492 371 1871

1350 296 1829 370 CHRONICON
1859 297 1927 366 8.
1961 292 2328 365 HUBERTI
2357 293 2751 363 ANDAGIN.

3611 293 3767 352 1372

341 455 687 517 multotiens
737 456 811 516 ab
854 455 941 516 eis
990 461 1290 528 exoratus,
1341 454 1677 528 aliquandiu
1730 452 1996 512 Flandris
2024 434 2079 498 Α
2108 449 2298 521 ciniis,
2332 465 2462 508 cum
2492 450 2698 508 ex-hoc
2739 446 2880 506 nihil
2922 447 3048 520 ipse
3092 444 3427 518 profecerit,
3467 442 3762 504 callidiori

340 549 672 604 moraretur
703 562 832 604 cum
869 547 1002 616 illis,
1038 553 1098 602 et
1127 551 1344 618 preter
1377 544 1555 601 multa
1603 543 1840 600 donaria
1873 543 1997 614 qui-

344 635 452 692 bus
507 635 578 691 ab
630 641 881 706 utroque
930 637 1162 692 redibat
1211 636 1553 704 honoratus,
1601 633 1714 689 duo
1757 632 1990 699 allodia,

344 724 569 782 scilicet
593 724 948 781 Sulmodium
975 727 1087 796 (98)
1111 724 1256 781 satis
1273 723 1610 791 contiguum
1639 721 1995 778 monasterio

337 817 395 870 et
435 814 649 870 Tavers
685 811 741 868 in
784 813 1089 882 Hasbania,
1140 812 1310 882 legali
1362 811 1676 867 donatione
1726 809 1994 867 ecclesiae

343 901 496 959 beati
531 901 771 958 Huberti
806 902 861 958 in
892 905 1236 974 perpetuum
1269 899 1480 956 collata
1513 899 1780 969 cptinere
1813 912 1992 954 mere-

344 995 506 1046 retur
526 990 657 1062 (99).
682 992 750 1046 Et
769 1005 897 1047 cum
916 990 1177 1047 eamdem
1199 989 1555 1046 comitissam
1579 987 1718 1043 licet
1739 1003 1768 1044 a
1795 989 1993 1058 priore

341 1083 633 1151 potestate
694 1077 974 1151 dejectam
1031 1078 1246 1150 saepius
1299 1083 1490 1133 tamen
1551 1077 1857 1146 reviseret,
1923 1090 1994 1151 ex

341 1147 520 1239 priori
551 1147 803 1225 amicitia
836 1147 1146 1224 occasione
1179 1165 1474 1238 praedictae
1506 1165 1913 1222 conductionis
1949 1147 1993 1195 ⁸¹

340 1255 708 1312 Caviniacum
740 1256 943 1313 flscum
970 1255 1062 1310 illa
1089 1255 1138 1310 ci
1166 1255 1220 1310 in
1247 1255 1418 1310 vadio
1451 1251 1852 1324 accipiendum
1889 1266 1994 1323 per

337 1343 706 1400 Lambertum
757 1345 1030 1414 majorem
1082 1344 1313 1399 obtulit.
1369 1343 1622 1398 hastatus
1665 1343 1844 1397 abbas
1881 1341 1991 1416 sibi

337 1431 536 1489 offerri
584 1432 976 1502 Caviniacum,
1024 1446 1190 1503 quem
1239 1432 1353 1501 jam
1403 1431 1503 1488 diu
1549 1429 1990 1486 desideraverat

336 1519 605 1577 ecclesiae
638 1521 1074 1591 acquirendum,
1108 1526 1393 1591 praesente
1424 1524 1483 1574 ct
1519 1525 1810 1575 annuente
1846 1519 1994 1574 duce

339 1607 650 1664 Godefrido
690 1609 1037 1679 quingentos
1077 1609 1364 1666 bizantio;
1407 1610 1533 1666 auri
1570 1610 1639 1665 de
1674 1607 1990 1664 elemosina

335 1697 520 1768 patris
575 1699 663 1754 sui
725 1698 1029 1754 Caviniaco
1088 1699 1491 1769 superposuit,
1543 1703 1601 1752 et
1653 1698 1736 1753 sic
1787 1697 1988 1753 fiscum

2109 540 2408 597 aversione
2459 539 2849 596 imminentem
2902 537 3012 594 sibi
3063 538 3258 594 acrius
3306 537 3492 593 vitare
3543 535 3754 606 carpit.

2109 631 2358 686 Coactus
2381 629 2613 685 tandem
2638 629 2817 683 abbas
2841 628 2911 684 de
2933 642 3000 682 eo
3023 627 3356 698 deSperare,
3384 630 3445 681 ut
3470 629 3605 680 erat
3628 623 3763 680 ami-

2106 717 2380 773 cissimus
2417 717 2650 773 domino
2692 716 3040 772 llerimanno
3077 715 3415 771 Metcnsium
3455 714 3759 784 episcopo,

2109 805 2400 877 disposuit
2427 821 2556 862 cum
2579 820 2647 862 eo
2670 806 2904 860 Romam
2931 804 3014 858 ire
3039 804 3206 874 (102),
3229 802 3429 858 volens
3454 803 3523 856 de
3541 807 3758 858 eventu

2106 908 2300 950 rerum
2354 909 2555 966 papam
2611 893 2946 963 Gregorium
3001 893 3094 947 Vll
3147 889 3475 959 consulere,
3509 894 3569 945 et
3611 889 3760 945 inter

2105 982 2356 1038 eundum
2391 982 2462 1039 de
2492 982 2708 1038 eisdem
2748 996 2919 1050 agere
2964 995 3094 1036 cum
3137 978 3450 1035 marchissa
3493 977 3758 1034 Beatrice

2109 1071 2227 1141 (an.
2267 1071 2448 1141 1074).
2487 1070 2734 1140 lngressi
2789 1070 2937 1125 viam
2987 1069 3182 1124 Roma:
3232 1081 3403 1138 pasea
3452 1065 3758 1122 celebrare

2105 1159 2431 1228 certabant,
2486 1158 2584 1214 sed
2643 1157 3011 1213 tardantibus
3071 1171 3171 1212 eos
3229 1154 3602 1227 quibusdam,
3667 1155 3756 1224 qui

2107 1246 2353 1302 obsonia
2377 1246 2654 1318 episcopo
2679 1246 2948 1301 certatim
2976 1244 3406 1316 impendebant,
3439 1244 3508 1299 ad
3538 1242 3756 1298 Lunen-

2105 1349 2223 1391 sem
2251 1343 2478 1406 portuin
2507 1341 2899 1406 pervenerunt
2935 1335 3170 1405 majoris
3200 1332 3583 1390 hebdomadas
3619 1331 3756 1388 feria

2107 1423 2303 1494 quinta
2339 1424 2499 1495 (Apr.
2530 1426 2636 1494 17).
2676 1424 2757 1479 lbi
2782 1423 3039 1478 occurrit
3071 1421 3185 1478 illis
3214 1421 3442 1490 legatus
3477 1420 3759 1476 marchis-

2107 1526 2184 1567 ste
2215 1513 2515 1580 Beatricis,
2548 1529 2674 1566 cum
2710 1512 2985 1583 precibus
3012 1511 3183 1565 etiam
3215 1509 3346 1566 filia:
3377 1509 3505 1578 ejus
3534 1507 3760 1564 Matbil-

2107 1598 2216 1669 dis,
2264 1604 2324 1656 ut
2371 1600 2530 1656 Pisas
2565 1601 2947 1666 divertercnt,
2995 1603 3052 1654 ut
3095 1597 3246 1669 apud
3286 1612 3386 1652 eas
3430 1597 3755 1666 proximum

2109 1701 2277 1758 pasce
2297 1687 2833 1759 sollempnizarent.
2857 1685 3170 1743 Consultus
3184 1686 3364 1742 abbas
3383 1685 3454 1740 ab
3473 1685 3757 1756 episcopo

336 1787 602 1842 eumdem
654 1786 885 1842 interim
917 1787 1027 1842 sub
1059 1787 1313 1842 testibus
1362 1786 1658 1856 legitimis,
1716 1784 1990 1840 videlicet
2020 1782 2073 1843 B
2107 1775 2245 1846 quid
2279 1776 2411 1832 inde
2437 1776 2739 1832 videretur
2763 1775 2891 1845 sibi,
2930 1775 3231 1846 respondit
3266 1773 3362 1828 ille
3396 1787 3505 1828 non
3539 1773 3758 1830 debere

339 1873 612 1942 Segardo,
650 1874 911 1942 Arnulfo,
946 1874 1218 1941 Gozuino,
1245 1880 1301 1929 et
1325 1873 1650 1942 Tietboldo,
1680 1874 1732 1927 in
1757 1873 1991 1929 vadium

337 1962 579 2023 accepit.
608 1961 905 2018 Richeldis
929 1975 1067 2017 vero
1092 1977 1220 2017 cum
1245 1963 1478 2018 amissis
1501 1966 1586 2017 tot
1610 1960 1884 2032 expensis
1909 1961 1992 2016 ni'

339 2048 454 2104 cbil
488 2049 855 2121 profecisset,
900 2050 1096 2119 fugato
1128 2050 1302 2106 etiam
1338 2050 1605 2121 Philippo
1637 2055 1987 2106 Francorum

337 2151 473 2207 rege
507 2153 536 2194 a
570 2139 828 2194 Roberto
864 2138 1121 2207 Frisone,
1156 2139 1226 2194 ad
1259 2139 1556 2194 dominum
1591 2138 1986 2194 Theoduinum

333 2225 701 2282 Leodiensem
734 2227 1071 2298 episcopum
1107 2241 1170 2282 se
1200 2227 1472 2296 contulit,
1508 2231 1566 2281 et
1598 2227 1652 2282 ei
1686 2227 1986 2283 Montcnse

334 2318 590 2370 castrum
634 2329 762 2370 cum
807 2315 958 2370 omni
1001 2315 1219 2371 honore
1252 2313 1332 2370 illi
1376 2315 1644 2384 subjecto
1671 2313 1738 2384 ",
1770 2319 1985 2371 sanctas

337 2402 526 2458 Mariae
568 2408 888 2472 sanctoque
931 2403 1234 2458 Lamberto
1274 2403 1539 2460 eumdem
1572 2401 1806 2458 obtulit.
1847 2403 1984 2468 Quae

335 2491 626 2562 coemptio
685 2491 966 2548 ecclesias
1028 2490 1311 2562 episcopii
1381 2490 1581 2546 aﬂlixit
1640 2490 1985 2559 gravissime

335 2576 592 2649 (100-1),
653 2583 913 2635 nostram
978 2592 1206 2648 quoque
1274 2577 1548 2649 spoliavit
1610 2592 1680 2633 ex
1738 2578 1983 2635 maxima

336 2671 520 2735 parte.
554 2667 900 2722 lntendebat
926 2666 1076 2722 enim
1118 2665 1416 2722 Comitisea
1459 2667 1686 2734 viribus
1725 2665 1981 2736 episcopi

335 2751 617 2810 adversus
668 2753 982 2809 Robcrtum
1017 2767 1081 2809 se
1121 2751 1338 2823 aliquid
1393 2767 1562 2824 posse
1614 2751 1824 2821 moliri,
1879 2751 1983 2808 sed

334 2853 444 2896 non
481 2839 806 2912 praevaluit.
842 2840 1151 2898 Venditum
1185 2844 1375 2896 tamen
1408 2847 1664 2897 castrum
1698 2855 1826 2896 cum
1861 2839 1984 2896 suis

336 2927 690 2999 appenditiis
722 2929 776 2984 in
807 2927 1039 2985 feodum
1072 2927 1315 2999 recepit.

332 3031 351 3038 ”
399 3037 489 3090 25.
523 3033 660 3105 (35.)
692 3035 1079 3091 Grassabatur
1107 3035 1327 3090 interea
1359 3033 1668 3090 discidium
1699 3033 1854 3090 inter
1886 3034 1984 3090 ab-

2103 1864 2333 1931 gravari
2354 1862 2747 1934 dignationem
2770 1877 2988 1932 magnas
3009 1860 3328 1933 petitionis,
3356 1874 3546 1930 neque
3566 1860 3758 1915 differ-

2103 1955 2192 2006 ret
2224 1950 2507 2007 invitatus
2539 1964 2870 2018 occurrerc,
2901 1965 3029 2006 cum
3057 1949 3350 2018 negotium
3377 1947 3634 2004 adeundi
3661 1961 3757 2002 eas

2101 2039 2464 2097 incumberet
2502 2041 2783 2110 utrisque.
2821 2040 2912 2095 Sic
2936 2038 3298 2095 divertentes
3320 2037 3485 2093 Pisas
3511 2037 3758 2092 honora-

2100 2127 2300 2184 biliter
2341 2130 2599 2200 suscepti
2643 2134 2780 2185 sunt
2811 2143 2838 2184 a
2875 2133 3058 2183 matre
3099 2132 3155 2184 et
3189 2141 3218 2182 a
3250 2126 3387 2195 tilia,
3430 2127 3580 2182 satis
3621 2127 3759 2181 emi-

2097 2217 2398 2272 nentiores
2424 2219 2639 2274 ceteris
2671 2217 2993 2274 curialibus
3023 2215 3209 2270 habiti
3243 2216 3296 2270 in
3329 2214 3534 2271 eadem
3568 2216 3754 2271 curia.

2097 2304 2156 2359 In
2190 2304 2559 2361 exsolvendis
2609 2303 2942 2376 pascalibus
2991 2302 3193 2360 officiis
3243 2308 3648 2358 convenerant
3681 2303 3758 2357 ibi

2095 2398 2317 2462 septem
2352 2393 2637 2464 episcopi,
2674 2393 2900 2463 hiisque
2931 2391 3200 2447 omnibus
3231 2391 3582 2461 postpositis
3607 2389 3762 2446 cele-

2097 2478 2280 2535 britas
2305 2481 2612 2536 missarum
2637 2479 2942 2537 dominicae
2965 2478 3421 2536 resurrectionis
3443 2479 3570 2549 (an.
3596 2481 3757 2544 1074,

2091 2568 2237 2638 Apr.
2270 2572 2380 2624 20.»
2426 2568 2621 2624 oblata
2653 2573 2746 2626 est
2775 2567 2993 2638 agenda
3031 2568 3376 2623 Herimanno
3405 2567 3758 2622 Metensium

2093 2655 2390 2728 episcopo.
2425 2655 2668 2714 Videres
2693 2661 2909 2727 praeter
2930 2655 3294 2712 saecularium
3326 2654 3756 2712 confluentium

2094 2743 2451 2815 multiplices
2477 2743 2715 2814 glorias,
2751 2745 3102 2800 clericorum
3136 2743 3348 2799 diversi
3381 2742 3615 2799 ordinis
3649 2743 3761 2798 fre-

2094 2831 2411 2902 quentiam,
2449 2831 2843 2888 ecclesiastici
2887 2831 3193 2888 ministerii
3235 2844 3368 2886 vasa
3410 2830 3538 2886 auri
3579 2836 3640 2885 et
3673 2845 3760 2886 ar-

2090 2919 2251 2990 genti
2286 2919 2730 2990 quamplurima,
2767 2919 2984 2975 diversi
3019 2923 3337 2989 apparatus
3361 2922 3563 2974 vestes
3589 2932 3759 2989 pere-

2091 3009 2308 3076 grinas,
2347 3007 2669 3062 Beatricem
2702 3012 2762 3062 et
2793 3007 3122 3062 Matliildem
3158 3007 3551 3078 procedentes
3583 3009 3753 3076 quasi

336 3121 525 3178 batem
547 3127 608 3179 et
630 3102 856 3191 ducem,
889 3123 1034 3178 duce
1065 3122 1297 3193 quidem
1323 3139 1351 3177 a
1381 3122 1489 3178 fide
1516 3123 1665 3192 patri
1696 3122 1980 3194 promissa
2013 3125 2060 3187 C
2093 3103 2396 3194 °"_.i_“3dam
2448 3102 2862 3194 d0_mina“0_ni_3
2914 3103 3320 3194 praefecturae
3369 3103 3667 3194 EPiSFOPO
3697 3102 3749 3157 ίη

332 3211 562 3267 omnino
587 3210 914 3278 deficiente,
943 3211 1153 3267 abbate
1177 3225 1313 3267 vero
1337 3216 1398 3266 ut
1420 3225 1544 3266 eam
1568 3210 1896 3266 exsolveret
1927 3210 1979 3265 in

333 3297 770 3368 emancipandis
801 3297 1088 3355 condictis
1126 3299 1198 3354 ab
1239 3313 1309 3354 eo
1350 3299 1820 3369 possessionibus
1851 3313 1984 3354 con-

334 3390 561 3442 stanter
578 3387 865 3455 exigente.
889 3385 998 3442 Sed
1019 3401 1205 3458 neque
1228 3387 1505 3442 frustrata
1529 3394 1617 3442 est
1639 3386 1984 3456 imprecatio

333 3475 536 3545 patris,
564 3487 753 3545 quam,
783 3479 839 3531 ut
861 3474 1078 3530 dictum
1099 3480 1209 3542 est,
1234 3473 1353 3528 lilio
1374 3474 1692 3530 moriturus
1717 3473 1980 3542 ingessit,

332 3562 602 3631 imposita
632 3561 963 3618 conditione
985 3562 1120 3617 vitae
1143 3576 1261 3618 suze
1284 3567 1341 3617 et
1368 3561 1635 3625 honoris;
1673 3575 1800 3615 nam
1838 3575 1984 3616 uxor

331 3648 456 3715 eius
487 3647 738 3704 Matildis
779 3663 848 3704 eo
890 3648 1097 3704 relicto
1141 3649 1592 3717 Langobardiam
1635 3646 1827 3716 rediit,
1881 3662 1985 3705 sae-

332 3726 580 3797 piusque
631 3727 941 3784 mandante
993 3727 1200 3784 marito
1234 3731 1296 3783 ut
1329 3727 1568 3791 rediret,
1626 3741 1740 3783 non
1794 3727 1981 3784 solum

334 3827 444 3870 non
467 3815 916 3885 obtemperavit,
952 3829 1150 3871 verum
1174 3814 1358 3870 edixit
1387 3815 1703 3878 mandenti,
1741 3821 1802 3871 ut
1825 3815 1893 3872 ad
1921 3830 1985 3872 se

331 3900 429 3958 ille
452 3901 698 3968 veniret,
732 3906 789 3958 et
817 3902 966 3959 sicut
991 3915 1052 3958 se
1075 3910 1308 3959 curaret
1342 3917 1574 3973 capsam
1605 3903 1981 3974 reliquiarum

331 3989 514 4061 patris
543 3989 629 4046 sui
665 3989 942 4047 Bonifacii
976 3990 1083 4046 sibi
1117 3990 1391 4047 deferret.
1429 3990 1718 4047 Seductus
1751 3990 1847 4046 ille
1882 4004 1983 4061 spe

330 4077 708 4135 concilianda)
744 4078 855 4134 sibi
900 4077 1181 4148 conjugis,
1215 4079 1513 4150 praefatam
1545 4093 1779 4149 capsam
1814 4081 1986 4135 ebur-

329 4177 491 4220 neam
521 4180 649 4221 cum
683 4165 945 4235 reliquiis
975 4165 1173 4222 abbati
1204 4164 1492 4221 violenter
1523 4165 1766 4222 abstulit
1788 4172 1847 4221 et
1871 4167 1979 4221 Ma-

330 4251 496 4308 thildi
521 4252 745 4322 retulit,
779 4254 984 4309 relicto
1008 4258 1200 4308 tamen
1226 4252 1396 4309 altari
1423 4253 1570 4324 quod
1601 4254 1789 4309 fuerat
1815 4268 1976 4324 papte

326 4339 625 4397 Johannis.
663 4339 772 4396 Sed
805 4355 910 4396 nec
942 4341 1024 4397 sic
1056 4340 1286 4410 quidem
1310 4342 1460 4411 apud
1495 4356 1617 4396 eam
1653 4341 1976 4397 maritalem

2096 3191 2196 3246 tali
2232 3205 2436 3263 pompa
2462 3191 2667 3246 missas
2691 3189 3048 3259 celebrante,
3084 3190 3266 3245 abbas
3289 3190 3344 3244 in
3368 3188 3622 3259 quodam
3654 3203 3751 3245 an-

2091 3277 2228 3348 gulo
2249 3293 2312 3334 se
2333 3277 2583 3346 celabat,
2603 3282 2810 3349 aperto
2829 3279 3020 3348 capite
3042 3279 3190 3334 satis
3217 3278 3513 3334 humiliter
3533 3289 3750 3334 vacans

2093 3365 2436 3437 psalmodiae
2489 3381 2616 3423 cum
2674 3367 2978 3422 Lamberto
3030 3365 3245 3434 majore
3277 3371 3334 3422 et
3366 3366 3606 3421 minore.
3645 3366 3751 3420 Ma-

2095 3453 2300 3510 thildis
2332 3453 2810 3525 circumspiciens
2843 3453 3229 3524 deprehendit
3259 3455 3528 3509 abbatem
3562 3454 3748 3508 latere

2096 3540 2480 3610 laborantem,
2512 3546 2568 3598 et
2605 3543 2774 3598 nichil
2809 3541 3030 3611 glorias
3071 3548 3186 3596 tam
3231 3541 3451 3597 festivae
3492 3546 3750 3596 ostenta-

2094 3629 2274 3684 tionis
2303 3636 2625 3686 curantem.
2663 3630 2993 3686 Assistebat
3028 3643 3169 3685 vero
3199 3629 3249 3683 ei
3278 3629 3331 3683 in
3364 3629 3749 3684 decantandis

2097 3715 2334 3786 psalmis
2350 3715 2621 3772 dominus
2643 3716 2951 3773 Anselmus
2972 3722 3108 3788 post
3129 3715 3514 3772 Alexandrum
3538 3729 3747 3786 papam

2096 3805 2402 3860 ordinatus
2426 3804 2697 3860 Lucensis
2719 3805 3053 3876 episcopus,
3078 3804 3167 3858 vir
3184 3803 3489 3861 admodum
3517 3802 3749 3874 religio-

2097 3915 2215 3970 sus,
2251 3906 2305 3958 et
2334 3915 2443 3956 non
2469 3900 2652 3956 multo
2681 3907 2808 3970 post
2835 3899 2984 3956 felici
3011 3915 3251 3957 excessu
3286 3900 3750 3956 clarescentibus

2098 3988 2390 4045 miraculis
2423 3989 2575 4043 inter
2607 3993 2844 4044 sanctos
2867 4003 2896 4044 a
2920 3989 3160 4044 Domino
3192 3992 3548 4047 assumptus.
3587 3989 3750 4044 Hunc

2097 4078 2164 4132 ad
2197 4077 2465 4132 abbatem
2501 4075 2679 4145 misit,
2713 4081 2771 4131 et
2807 4081 2869 4132 ut
2901 4077 3173 4148 superius
3215 4076 3560 4133 ascenderet
3597 4089 3752 4132 man-

2095 4163 2272 4220 davit.
2299 4165 2368 4218 Et
2389 4178 2519 4220 cum
2543 4164 2839 4220 obedienti
2865 4164 3036 4220 sedes
3061 4164 3314 4231 deesset,
3342 4163 3638 4220 Mathildis
3663 4178 3753 4219 as-

2095 4266 2338 4322 surgens
2358 4251 2409 4307 ei
2435 4266 2616 4321 suam,
2656 4257 2711 4306 ut
2745 4259 3119 4322 eratparata,
3156 4252 3504 4320 transmisit,
3541 4251 3754 4306 miran-

2093 4341 2253 4396 tibus
2303 4339 2534 4394 cunctis
2565 4353 2691 4408 qua:
2723 4344 2880 4394 esset
2912 4353 3159 4410 persona
3187 4343 3367 4394 tanta;
3421 4338 3575 4410 apud
3627 4353 3752 4394 eam

328 4426 573 4496 gratiam
621 4426 895 4498 optinuit,
947 4433 1303 4498 spretusque
1335 4428 1406 4483 ab
1440 4443 1502 4483 ea
1535 4434 1590 4483 et
1629 4427 1857 4484 inactus
1904 4429 1977 4483 ab
2012 4467 2060 4524 υ
2094 4426 2419 4496 dignitatis.
2439 4427 3101 4482 Discessurusautemin
3121 4427 3755 4498 crastinum(Apr.21),

334 4513 494 4570 Italia
529 4514 951 4584 Lotharingiam
989 4515 1179 4571 rediit.
1225 4516 1506 4572 Conscius
1541 4531 1678 4572 vero
1711 4531 1772 4570 se
1807 4517 1984 4572 abba-

332 4606 446 4657 tem
471 4602 707 4671 gravius
728 4601 1039 4659 offendisse
1061 4618 1167 4675 pro
1191 4603 1403 4660 ablatis
1426 4610 1761 4660 sanctorum
1789 4610 1978 4674 patro-

2092 4529 2223 4570 cum
2257 4515 2308 4568 ei
2344 4514 2496 4568 inter
2535 4518 2730 4570 cetera
2774 4512 3188 4568 familiaritatis
3227 4513 3536 4584 colloquia,
3588 4513 3760 4570 dece-

2096 4607 2254 4673 ptum
2278 4616 2336 4658 se
2357 4617 2384 4656 a
2409 4599 2723 4657 Godefrido
2742 4601 2812 4656 de
2831 4601 3143 4657 elemosina
3165 4602 3353 4672 patris
3371 4600 3434 4669 “,
3454 4600 3551 4656 illa
3575 4616 3763 4673 super

1702 4693 1935 4748 νΑΒιΑε
1971 4691 2366 4748 LECTIONES.

401 4786 442 4819 “
495 4787 604 4857 leg.
648 4786 1053 4843 condictionis.

321 4859 518 4928 paret.

1150 4789 1193 4820 ⁸²
1240 4787 1597 4844 contradens
1635 4788 1930 4846 excidisse
1965 4787 2224 4845 videtur.

2323 4784 2367 4818 ⁸³
2415 4790 2880 4856 conquereretur
2923 4786 3014 4842 vel
3050 4785 3229 4842 aliud
3259 4785 3380 4840 tale
3410 4786 3610 4842 deesse
3641 4800 3753 4856 ap-

1917 4929 1959 4981 Ν
1968 4926 2138 4982 ΟΤ.·Ε.

407 5023 521 5160 (98)
557 5023 702 5079 alias
729 5023 931 5104 Smyz.
970 5024 1032 5078 H.

429 5096 519 5160 99)
553 5096 890 5150 Donationis
936 5107 1032 5160 pra

429 5093 890 5166 99)Donationis
936 5098 1292 5166 praeceptum
1325 5110 1368 5148 s.
1397 5093 1460 5166 id.
1496 5093 1808 5166 ediderunt
1849 5096 1988 5166 Pop-

340 5177 485 5236 pens
528 5165 795 5236 inlitirmi
839 5165 1008 5236 Qpp.,
1041 5164 1186 5236 Dipl.
1225 5164 1312 5228 ιν,
1355 5165 1470 5232 185,
1508 5164 1760 5219 Martene
1791 5170 1850 5219 et
1881 5164 1989 5222 Du-

342 5232 484 5305 rand
521 5233 662 5290 Coll.
703 5232 959 5305 AmleI,
992 5237 1114 5289 487.

415 5303 641 5368 (100-1)
676 5303 882 5361 Eadem
940 5306 1059 5360 fere
1119 5305 1292 5359 verba
1353 5304 1568 5360 habent
1626 5304 1992 5360 Gislebertus

343 5387 395 5454 p.
431 5376 480 5452 9,
517 5377 574 5454 ει
605 5374 864 5454 frigidius
896 5378 1101 5454 Aureae
1132 5374 1321 5454 Vallis
1345 5389 1393 5430 c.
1439 5380 1488 5443 3,
1527 5375 1619 5445 qui
1648 5375 1848 5430 damna
1879 5388 1992 5428 ma-

338 5443 486 5511 joris
517 5443 792 5500 Ecclesia
827 5444 994 5501 Leod.
1029 5451 1348 5501 enumerat.

418 5513 566 5584 (102)
605 5514 763 5584 Conf.
811 5515 994 5570 Vitam
1035 5515 1245 5571 Theod.
1293 5516 1380 5582 ιν,
1423 5518 1601 5570 47-49.
1649 5515 1732 5570 lbi
1763 5527 1992 5584 quoque

347 5581 714 5654 privilegium
740 5599 768 5640 a
796 5584 1076 5654 Gregorio
1104 5581 1371 5656 prasens
1396 5585 1724 5641 obtinuisse
1755 5581 1990 5653 dicitur,

2140 5024 2249 5079 uod
2302 5024 2422 5077 Kal.
2477 5022 2637 5077 Maiis
2695 5025 2828 5078 1073
2881 5025 3076 5078 datum
3109 5028 3220 5078 est.
3252 5025 3331 5077 Eo
3363 5031 3553 5079 autem
3601 5038 3768 5080 anno

2149 5093 2413 5163 regorius
2444 5108 2480 5148 x
2513 5093 2632 5163 Kal.
2670 5093 2793 5148 Mai.
2831 5093 3059 5150 electus
3089 5101 3200 5161 est,
3237 5093 3531 5163 paschalis
3563 5094 3770 5150 Domi-

2100 5162 2230 5219 nica
2283 5163 2390 5220 fuit
2425 5178 2462 5218 ll
2495 5162 2613 5217 Kal.
2658 5163 2894 5232 Aprilis.
2946 5162 3338 5220 Theodericus
3388 5179 3528 5234 ergo
3559 5165 3613 5234 si
3648 5181 3772 5222 cae-

2101 5241 2224 5290 tera
2250 5235 2342 5290 hic
2367 5240 2526 5289 recte
2553 5241 2784 5288 narrata
2809 5239 2962 5300 sunt,
2987 5235 3220 5289 Romam
3245 5241 3379 5290 ante
3401 5233 3769 5291 electionem

2101 5304 2360 5373 Gregorii
2412 5303 2669 5373 reliquit.
2725 5304 2847 5371 Quo
2899 5305 2960 5359 fit
3010 5310 3069 5360 ut
3123 5305 3234 5359 iter
3262 5305 3390 5374 ejus
3420 5319 3470 5358 a.
3509 5308 3650 5360 1074
3678 5310 3771 5361 sit

2101 5374 2558 5439 attribuendnm,
2615 5374 2810 5430 nescio
2842 5389 2911 5444 an
2944 5375 3117 5429 etiam
3172 5375 3555 5444 privilegium.
3614 5376 3768 5432 Nam

2101 5459 2150 5499 a.
2189 5447 2327 5500 1075
2358 5443 2622 5500 excludit
2653 5443 2902 5515 epistola
2936 5443 3194 5514 Gregorii
3236 5461 3366 5500 mox
3407 5460 3774 5502 commemo-

2103 5515 2299 5570 randa.
