3960 6044
192 282 352 346 18⁸73

1196 256 1679 345 CHRONICON
1710 271 1781 338 s.
1815 268 2183 340 nucem
2211 267 2603 342 ANDAGIN.

3455 265 3607 333 13⁸74

183 445 305 505 hiis
337 442 628 503 deminum
662 461 869 518 papam
902 446 1325 505 consulendum
1358 445 1681 518 respondit,
1702 447 1758 502 et
1785 446 1850 500 ut
1880 408 2157 509 Avigilia
2192 436 2645 509 sollempnitatis
2698 435 2852 496 beati
2897 435 3143 496 Huberti
3173 444 3306 495 cum
3360 436 3607 497 honesta

188 536 514 593 faciliorem
530 537 748 592 aditum
768 538 1057 593 inveniret
1073 538 1222 607 apud
1243 551 1371 593 eum
1388 536 1849 608 cptinendi,qu:e

188 625 393 692 vellet,
445 626 676 683 litteras
704 627 755 683 ei
816 628 1259 697 deprecatorias
1319 626 1672 697 composuit,
1708 637 1852 692 quas

188 715 521 786 apostolico
545 706 815 771 redderet
840 731 909 772 ex
936 716 1163 773 nomine
1190 716 1497 783 Mathildis,
1546 714 1762 771 indicta
1795 719 1852 776 ei

190 803 534 861 conditione
561 821 661 873 per
684 820 745 861 se
773 805 1151 874 redeundi,et
1177 796 1304 877 quae
1321 806 1431 861 sibi
1449 804 1848 861 cvenirentilli

188 893 507 949 referendi.
560 895 809 951 Veniens
833 911 971 965 ergo
1014 897 1248 951 Romam
1275 911 1403 951 cum
1429 895 1725 966 episcopo,
1760 894 1853 950 lit-

189 987 355 1039 teras
385 984 678 1041 Mathildis
730 987 1110 1056 przesentavit
1145 985 1494 1057 apostolico.
1526 988 1584 1042 et
1622 999 1723 1054 per
1754 997 1852 1040 eas

188 1073 638 1129 commendatus
656 1079 959 1141 gratanter
982 1080 1293 1146 susceptus
1313 1079 1403 1131 cst
1431 1076 1502 1131 ab
1525 1089 1611 1130 eo.
1631 1076 1741 1129 Per
1764 1088 1852 1129 se—

189 1161 351 1229 ptem
372 1165 562 1216 autem
597 1163 722 1218 dies
754 1163 808 1218 in
838 1165 993 1220 Urbe
1026 1163 1383 1231 demoratus,
1410 1168 1468 1219 et
1494 1162 1664 1231 cujus
1694 1167 1851 1218 esset

184 1245 328 1303 vitae
351 1253 412 1304 et
443 1251 751 1319 probitatis
780 1257 1148 1323 perspectus,
1175 1252 1320 1307 adeo
1345 1253 1535 1308 factus
1566 1255 1659 1308 est
1691 1264 1851 1322 pasz

185 1332 466 1403 dilectus,
492 1343 551 1395 ut
577 1340 669 1397 die
703 1341 944 1410 quadam
988 1343 1059 1398 ab
1088 1342 1228 1397 hora
1256 1343 1439 1413 prima
1469 1341 1522 1396 in
1558 1355 1723 1396 sacra
1754 1353 1850 1395 ca-

186 1425 344 1494 pelta
378 1442 503 1497 quae
561 1428 778 1486 dicitur
809 1429 877 1485 ad
938 1434 1208 1486 sanctum
1266 1429 1638 1485 Laurentium
1674 1428 1846 1507 (103),

185 1516 289 1573 ubi
324 1532 453 1572 cum
487 1515 766 1572 sandaliis
797 1516 1101 1573 dominicis
1135 1517 1463 1573 retinentur
1486 1516 1679 1586 capita
1714 1530 1851 1585 apo-

186 1604 477 1661 stolorum
510 1604 667 1659 Petri
701 1609 757 1660 et
805 1604 993 1669 Pauli,
1047 1606 1272 1675 pariter
1302 1604 1410 1661 soli
1471 1604 1848 1661 considentes

189 1693 374 1750 amica
398 1692 809 1748 vicissitudine
839 1691 1052 1749 divinis
1074 1693 1326 1763 eloquiis
1349 1692 1742 1760 intenderent,
1776 1707 1845 1747 eo

184 1797 379 1852 usque
411 1786 476 1838 ut
504 1788 675 1838 nocte
721 1781 1173 1852 supervrnieute
1206 1786 1466 1838 armatus
1498 1782 1673 1837 Urbis
1704 1795 1849 1851 prae-
1875 1755 1929 1815 Β

185 1872 382 1929 fectus
416 1885 561 1941 papa
611 1870 856 1938 jubente
888 1870 955 1925 ad
988 1869 1305 1941 hospitium
1369 1884 1537 1925 suum
1573 1870 1842 1925 abbatem

183 1974 316 2016 cum
352 1959 473 2015 suis
521 1958 850 2013 reduceret.
898 1959 1059 2014 Unde
1093 1963 1149 2013 et
1186 1958 1338 2013 inter
1378 1962 1579 2013 cetera
1611 1973 1737 2025 quae
1771 1959 1843 2013 ab

183 2063 257 2104 eo
291 2047 475 2117 gratia
513 2046 930 2103 familiaritatis
962 2047 1206 2117 expetii,
1267 2046 1635 2117 privilegium
1666 2046 1841 2103 etiam

185 2135 532 2207 apostolicae
581 2135 934 2192 defensionis
965 2134 1233 2192 ecclesia:
1265 2150 1383 2191 sure
1416 2132 1842 2191 auctorizatuni

187 2224 466 2297 optinuit,
502 2228 565 2280 ut
595 2222 862 2280 ccclesize
896 2225 1162 2279 Romanae
1194 2225 1415 2278 ﬁrmata
1451 2228 1511 2279 et
1540 2224 1840 2279 defcnsata

1963 528 2358 600 processione,
2389 528 2822 597 responsorium
2869 527 3043 607 Oriens
3075 528 3473 599 apostolorum
3511 529 3607 586 de-

1961 623 2253 680 cantante,
2284 616 2548 674 ecclesiae
2583 617 2798 674 intul't.
2835 619 2903 673 Et
2935 631 3002 673 ex
3034 623 3175 674 tunc
3206 617 3260 672 in
3286 617 3488 672 eadem
3512 616 3607 674 die

1959 706 2653 763 cumcommemoratione
2680 705 2912 775 Benigni
2938 705 3209 778 martyris
3228 705 3603 773 Divioncnsis,

1964 794 2184 850 Claudii
2240 809 2471 866 quoque
2518 794 2920 851 celebritatem
2978 794 3256 864 agendam
3316 791 3603 851 communi

1962 896 2206 940 assensu
2242 882 2715 953 congregationis
2747 883 3021 940 instituit.

2031 1011 2126 1063 26.
2164 1006 2311 1076 (36.)
2336 1007 2473 1063 Cum
2513 1022 2654 1063 vero
2685 1007 3019 1064 Throduino
3044 1005 3343 1063 Leodiensi
3377 1006 3602 1077 episco-

1963 1097 2035 1166 po
2069 1094 2300 1152 litteras
2333 1110 2495 1166 papae
2526 1112 2630 1166 pro
2658 1096 2969 1153 Godet‘rido
2999 1096 3050 1151 ei
3094 1095 3300 1153 missas
3333 1094 3604 1151 tradidis-

1962 1190 2074 1253 set,
2106 1188 2161 1239 et
2199 1183 2371 1255 paulo
2402 1189 2533 1255 post
2561 1184 2923 1256 privilegium
2959 1185 3274 1240 Romanum
3304 1182 3457 1253 quod
3476 1183 3604 1251 ejus

1960 1270 2339 1328 concessione
2368 1275 2428 1327 et
2455 1272 2629 1328 laude
2678 1270 2941 1328 ecclesiae
2996 1270 3149 1333 beati
3184 1270 3425 1326 Huherti
3457 1270 3605 1341 opti‘

1961 1362 2188 1426 nuerat,
2223 1360 2386 1430 quasi
2409 1359 2795 1429 eongavisuro
2818 1359 3152 1423 obtulisset,
3185 1359 3255 1414 de
3286 1373 3454 1415 manu
3478 1358 3605 1426 ejus

1959 1448 2189 1519 accepit
2214 1448 2353 1503 illud
2402 1447 2847 1505 archidiaconus
2876 1448 3042 1515 Boso,
3071 1446 3165 1502 cui
3202 1446 3467 1503 etomnia
3499 1461 3603 1503 sua

1959 1535 2326 1606 procuranda
2376 1536 2522 1592 idem
2552 1537 2865 1607 episcopus
2904 1534 3238 1591 crediderat
3267 1534 3599 1605 specialius,

1961 1629 2021 1678 ut
2054 1628 2181 1678 erat
2226 1625 2530 1680 confectus
2563 1625 2743 1680 senio.
2779 1624 2930 1681 idem
2966 1625 3114 1680 Boso
3144 1623 3474 1694 abbatijam
3499 1622 3599 1679 diu

1962 1711 2218 1767 infensus
2246 1718 2392 1781 erat,
2426 1726 2497 1768 eo
2554 1712 2708 1782 quod
2743 1711 3111 1783 praebendam
3146 1725 3313 1766 unam
3370 1710 3600 1767 cuidam

1958 1799 2157 1870 nepoti
2187 1814 2293 1855 suo
2334 1800 2596 1856 Nasaniae
2634 1800 2964 1871 expetierat
3012 1814 3116 1855 nec
3159 1798 3600 1869 impetraverat,

1957 1886 2109 1942 unde
2140 1891 2197 1942 et
2253 1887 2502 1944 collecto
2534 1887 2718 1944 livore
2777 1886 3140 1945 occasionem
3175 1900 3238 1943 se
3269 1886 3599 1942 vindicandi

1955 1975 2247 2032 attentius
2283 1977 2601 2045 quierebrt.
2638 1975 2920 2047 Explicita
2967 1989 3107 2045 ergo
3157 1979 3317 2032 carta
3341 1979 3401 2031 et
3430 1972 3606 2030 oﬂ‘en-

1956 2078 2055 2119 sus
2078 2063 2294 2131 ignotis
2319 2063 2429 2118 sibi
2454 2064 2526 2119 ad
2557 2063 2863 2132 legendum
2887 2064 3061 2133 notis,
3106 2063 3319 2133 quibus
3344 2062 3609 2119 conscri-

1954 2150 2173 2206 buntur
2205 2151 2506 2221 privilegia
2539 2152 2808 2207 Romanae
2832 2151 3207 2208 auctoritatis
3242 2151 3387 2219 (105)
3414 2170 3426 2205 :
3452 2151 3603 2219 Non,

1953 2238 2419 2308 inquit,dubinm
2432 2240 2580 2311 quin
2595 2240 2736 2297 hinc
2752 2238 3602 2311 lateatalimjusfmudispm

189 2312 407 2370 auxilio
431 2318 489 2365 et
513 2312 889 2377 auctoritate,
908 2312 1143 2368 immota
1168 2311 1493 2367 stabilitate
1519 2310 1841 2367 monastico
1949 2326 2415 2398 stigium,'quod
2436 2310 2652 2398 mque
2683 2328 2840 2385 θεῖαι
2865 2327 3168 2385 barbaries
3198 2325 3414 2385 harum
3437 2326 3605 2384 ποια..

188 2402 380 2460 ordini
410 2401 461 2456 in
488 2405 834 2471 perpetuum
860 2400 1229 2470 persisteret.
1256 2404 1312 2454 et
1337 2400 1386 2455 ei
1407 2400 1521 2466 jam
1548 2400 1759 2455 donata
1784 2403 1841 2455 et
1948 2429 2101 2472 mm.
2138 2416 2383 2484 Raptum
2416 2416 2489 2470 al,
2512 2429 2614 2471 ore
2638 2417 2765 2485 eius
2796 2414 3037 2471 verbum
3071 2414 3233 2485 quasi
3256 2414 3325 2470 ad
3356 2414 3603 2483 gratiam

192 2490 400 2547 amodo
426 2488 687 2545 donanda
716 2490 1082 2544 anathemate
1112 2494 1333 2544 zeterno
1364 2488 1718 2559 interposito
1754 2488 1844 2543 fir-

192 2578 369 2633 miter
416 2582 772 2633 constarent.
809 2578 927 2632 Hoc
960 2576 1107 2632 idem
1141 2576 1505 2646 privilegium
1542 2591 1686 2647 papa
1719 2590 1748 2631 a
1780 2590 1842 2632 se

198 2665 482 2722 dictatum
531 2665 675 2720 etin
731 2664 962 2734 publico
1021 2666 1380 2721 consistorio
1434 2666 1845 2719 Lateranensis

198 2754 400 2826 palatii
432 2754 582 2823 quod
609 2752 845 2809 dicitur.
889 2753 969 2809 Ad
997 2753 1319 2825 speculum,
1351 2768 1546 2810 coram
1580 2751 1847 2825 pluribus

195 2846 490 2918 episcopis
512 2852 571 2901 et
593 2846 992 2903 eardinalibus
1015 2846 1566 2904 ecclesizeRomanze
1588 2844 1846 2915 recogni-

194 2940 317 2990 tum
338 2939 394 2992 et
420 2934 1091 3003 relectum.subscripsit
1120 2950 1284 2989 manu
1310 2935 1545 3005 propria
1567 2932 1843 2991 :Miscrai

196 3024 386 3081 tiones
409 3024 540 3093 tu”,
592 3023 858 3090 Domine,
897 3037 1073 3094 super
1119 3024 1319 3079 omnia
1340 3037 1511 3091 opera
1536 3023 1663 3078 tua.
1706 3025 1843 3079 Cum

1954 2502 2205 2559 dicentis
2233 2502 2508 2574 palatina;
2538 2518 2712 2559 canes
2739 2507 3119 2574 exceperunt,
3149 2506 3457 2559 censentes
3479 2500 3606 2579 dili-

1952 2591 2186 2660 gentius
2203 2591 2586 2661 perscrutand
2600 2590 2873 2660 um,quod
2890 2594 2949 2646 ut
2966 2588 3194 2646 difficile
3210 2588 3280 2645 ad
3295 2588 3601 2658 legendum

1953 2678 2263 2735 videbatur
2296 2679 2602 2735 incertum.
2639 2678 2885 2734 Tandem
2926 2678 3157 2734 easdem
3190 2682 3360 2733 notas
3389 2676 3604 2733 sensim

1945 2772 2401 2837 perscrutantes
2418 2766 2493 2820 hii
2512 2767 2606 2835 qui
2624 2767 2775 2822 inter
2787 2765 3469 2837 clericosjactitabantur
3483 2779 3607 2835 per-

1956 2853 2334 2924 spicaciores,
2353 2854 2867 2925 deprehenderunt
2887 2868 3004 2909 rem
3028 2857 3088 2908 ut
3108 2857 3256 2923 erat,
3275 2851 3500 2908 scilicet
3519 2866 3606 2907 ec-

1957 2941 2193 2998 elesiain
2213 2942 2364 3019 beati
2385 2941 2623 2998 tluberti
2641 2940 3355 3010 speeialiusmancipatam
3373 2941 3604 3009 aposto-

1955 3029 2083 3087 licze
2106 3029 2449 3098 defensioni,
2473 3032 2810 3098 aeternoque
2832 3029 3201 3084 anathemate
3225 3026 3602 3084 interdictum

200 3127 336 3170 vero
370 3126 400 3167 a
449 3111 685 3167 condita
744 3111 1055 3167 Godefrido
1114 3111 1495 3182 promissione
1550 3110 1730 3165 abbas
1785 3124 1846 3166 se
1878 3107 1926 3169 C
1955 3117 2303 3187 cuicumque
2328 3131 2592 3188 personm
2614 3115 2705 3173 vel
2732 3116 3031 3187 potestati,
3064 3131 3134 3171 ne
3158 3116 3286 3184 quis
3315 3115 3367 3170 ei
3392 3129 3606 3186 praesu-

197 3198 615 3257 absolvendum
673 3203 1039 3269 exposceret,
1076 3200 1209 3270 quia
1242 3200 1293 3254 in
1328 3214 1391 3256 ea
1423 3198 1707 3269 explenda
1743 3198 1844 3254 filii

196 3287 325 3358 ejus
373 3287 649 3344 auxilium
709 3287 817 3343 sibi
851 3288 1102 3356 deesset,
1154 3286 1516 3360 apostolicus
1572 3301 1680 3342 non
1712 3301 1847 3342 con-

198 3376 405 3441 sensit,
465 3375 566 3432 sed
618 3376 838 3431 Annoni
873 3374 1199 3433 Coloniensi
1233 3380 1289 3433 et
1321 3374 1654 3431 Theoduino
1712 3376 1847 3430 Leo-

200 3463 383 3521 diensi
419 3464 758 3535 apostolicze
805 3466 1177 3521 auctoritatis
1235 3465 1511 3520 formatas
1568 3462 1847 3534 epistolas

198 3552 535 3619 destinavit,
581 3558 645 3609 ut
677 3552 1048 3608 Godcfridum
1080 3552 1147 3608 ad
1179 3553 1288 3608 hoc
1317 3552 1465 3622 quot
1492 3551 1644 3621 patri
1679 3550 1847 3607 mori-

199 3645 334 3697 turo
380 3641 722 3697 condixerat
748 3639 1182 3707 exsolvendum,
1209 3637 1300 3694 vel
1330 3638 1576 3695 consilio
1609 3637 1847 3695 inclina-

203 3732 351 3793 rent,
378 3728 467 3783 vel
488 3728 890 3784 eccles‘astico
906 3727 1231 3783 ministerio
1257 3725 1680 3783 inohedientem
1695 3740 1821 3781 com

199 3815 509 3888 pellerent.
534 3817 828 3871 Reversus
852 3816 1031 3872 abbas
1056 3830 1159 3887 per
1183 3814 1533 3881 Mathildcm,
1553 3820 1610 3869 ut
1636 3817 1685 3868 ei
1711 3828 1847 3869 con-

201 3903 451 3973 dixerat,
500 3904 748 3962 exsolvit
800 3904 850 3960 ei
902 3903 1423 3960 commendationis
1451 3917 1570 3959 su:e
1597 3901 1841 3970 gratias,

202 3993 461 4050 referens
493 4008 621 4063 quae
676 4007 747 4049 ex
799 3993 1092 4048 sententia
1124 3992 1204 4047 illi
1238 3993 1424 4049 omnia
1459 3990 1608 4062 apud
1641 4003 1844 4060 papam

202 4087 626 4153 provenerant;
690 4079 784 4136 illa
816 4081 951 4137 licet
981 4081 1272 4138 nolentem
1328 4078 1682 4149 aliquamdiu
1715 4092 1844 4134 eum

203 4184 398 4226 secum
431 4169 695 4238 retinuit,
747 4174 807 4225 et
834 4167 1031 4226 casula
1066 4184 1173 4225 una
1208 4167 1337 4224 alba
1372 4182 1499 4236 quze
1534 4167 1718 4223 fuerat
1748 4166 1846 4222 do-

202 4257 338 4314 mini
376 4273 537 4329 papae
572 4257 778 4314 Leonis
813 4258 900 4316 IX.
945 4256 1345 4313 subdiaconali
1374 4270 1604 4325 quoque
1652 4254 1845 4309 tunica

204 4360 365 4419 papa;
398 4346 671 4417 Stephani
721 4345 817 4417 qui
870 4345 1065 4401 dictus
1098 4344 1233 4401 olim
1289 4343 1616 4400 Fridericus
1665 4342 1846 4396 frater

1958 3208 2072 3262 mat
2098 3204 2405 3275 dampnum
2428 3204 2641 3259 inferre
2661 3203 2755 3260 vel
2776 3202 3064 3272 injuriam,
3099 3202 3193 3259 vel
3214 3203 3269 3258 in
3295 3201 3605 3272 acquisitis

1957 3292 2049 3350 vel
2081 3293 2133 3347 in
2164 3291 2557 3363 acquirendis,
2620 3297 2800 3361 utque
2833 3291 3207 3347 monachicus
3230 3289 3375 3346 ordo
3435 3289 3515 3345 ibi
3547 3290 3602 3345 in

1956 3385 2302 3453 perpetuum
2320 3382 2435 3436 Deo
2459 3379 2751 3437 deserviat
2777 3380 2927 3435 liber
2948 3380 3136 3437 totius
3159 3376 3599 3448 inquietudinis.

1959 3469 2042 3525 Ad
2072 3470 2195 3526 haec
2228 3471 2376 3526 Boso
2410 3472 2576 3540 rapta
2626 3468 2931 3525 occasione
2978 3466 3369 3533 insimulandi,
3428 3469 3607 3537 caput

1958 3573 2122 3615 suum
2158 3558 2428 3628 quatiens
2476 3572 2606 3613 cum
2638 3556 2934 3627 suspiriis,
2967 3559 3027 3611 et
3086 3555 3329 3611 maxima
3357 3554 3474 3625 jam
3507 3554 3606 3610 diu

1956 3653 2147 3716 erepta
2181 3645 2577 3715 indignatione
2606 3644 3007 3712 succlamavit,
3054 3644 3322 3700 abbatem
3354 3641 3607 3699 Theode-

1958 3734 2139 3789 ricum
2192 3734 2487 3790 abbatiam
2521 3733 2705 3790 sancti
2744 3731 2982 3789 l'uberti
3015 3731 3246 3788 omnino
3278 3728 3607 3801 prodidisse

1957 3822 2213 3876 Romano
2241 3820 2516 3889 pontiﬁci,
2535 3820 2842 3876 ecclesiam
2878 3818 3324 3875 Lcodiensemin
3348 3818 3457 3874 hoc
3480 3817 3607 3888 ipso

1958 3907 2280 3963 incurrisse
2304 3908 2614 3978 dampnum
2642 3905 3033 3975 intolerabile,
3058 3911 3135 3975 et,
3159 3905 3271 3962 nisi
3293 3906 3607 3976 episcopus

1954 3993 2198 4065 ejusque
2224 3993 2425 4050 fideles
2451 3994 2738 4050 maturius
2761 3991 3172 4058 advugilarent,
3199 3991 3375 4047 nichil
3398 3991 3509 4046 sibi
3533 3990 3605 4047 dc

1957 4088 2119 4139 tanto
2143 4081 2363 4138 honore
2387 4082 2668 4138 hactenus
2690 4080 2885 4136 habito
2904 4079 3277 4136 remansisse.
3310 4076 3609 4133 lntellexit

1956 4184 2027 4227 ex
2060 4170 2289 4242 privato
2321 4169 2456 4225 odio
2489 4170 2670 4225 abbas
2702 4168 2989 4239 publicam
3024 4167 3135 4223 sibi
3159 4165 3435 4224 suscitari
3470 4166 3609 4221 invi-

1960 4258 2131 4328 diam,
2175 4262 2233 4313 et
2276 4258 2614 4328 indignatus
2641 4272 2706 4313 se
2737 4254 3034 4312 criminari
3068 4258 3281 4326 praeter
3313 4253 3609 4310 conscien-

1959 4347 2122 4414 tiam,
2157 4347 2460 4416 respondit
2493 4348 2835 4402 constanter
2860 4342 3035 4413 hujus
3065 4340 3447 4411 malignitatis
3478 4357 3611 4398 con-

205 4435 389 4491 fuerat
435 4433 600 4491 ducis
632 4434 925 4490 Godefridi
963 4433 1229 4503 majoris;
1264 4449 1293 4489 a
1329 4447 1390 4490 se
1423 4431 1842 4502 digredientem
1875 4454 1930 4516 D
1956 4435 2242 4505 jecturam
2274 4447 2379 4489 nec
2409 4448 2472 4490 se
2505 4432 2804 4502 quaesisse,
2834 4444 2934 4487 nec
2959 4429 3346 4499 apostolicum
3374 4443 3611 4486 conces-

204 4522 529 4579 bonoravit.
564 4525 674 4579 Nec
706 4526 932 4578 tantum
981 4524 1089 4579 hac
1118 4522 1241 4579 sola
1294 4523 1419 4578 vice
1448 4519 1635 4590 gratia
1668 4517 1846 4574 curize

203 4610 363 4668 illius
384 4610 651 4666 ecclesiae
675 4616 889 4667 nostrae
912 4611 1155 4681 profuit,
1182 4610 1283 4667 sed
1316 4614 1371 4666 et
1401 4615 1659 4679 tempore
1686 4621 1847 4678 papae

206 4697 518 4754 Alexandri
552 4698 617 4764 ll,
652 4712 779 4753 cum
817 4697 962 4753 idem
995 4698 1174 4754 abbas
1198 4698 1375 4752 Roma
1402 4696 1636 4752 rediens
1658 4694 1846 4749 diverv

203 4790 359 4842 teret
387 4783 457 4840 ad
490 4788 730 4840 matrem
777 4790 836 4840 et
869 4783 1040 4839 ﬁliam
1082 4784 1233 4855 apud
1269 4785 1640 4840 Fraxinutum
1674 4782 1845 4852 (104),

206 4889 319 4944 quo
365 4877 817 4930 construxerant
866 4872 1282 4928 monasterium
1340 4873 1753 4928 monachorum
1789 4872 1845 4926 in

206 4962 450 5034 Alpibus
478 4961 819 5034 Appennini,
867 4977 968 5033 per
1023 4966 1245 5033 septem
1280 4961 1405 5016 dies
1435 4960 1730 5029 detentus,
1769 4961 1846 5015 ibi

206 5050 421 5107 cotidie
445 5050 623 5122 pallio
648 5064 761 5106 uno
805 5056 1142 5107 muneratus
1161 5055 1253 5106 est
1274 5051 1346 5105 ab
1369 5049 1472 5105 eis.
1498 5051 1559 5105 In
1584 5049 1676 5105 die
1710 5063 1846 5105 vero

209 5139 586 5209 digressionis
609 5152 727 5195 sua)
749 5138 882 5194 data
898 5144 987 5196 est
1002 5153 1175 5210 capsa
1191 5151 1299 5194 una
1314 5139 1569 5194 eburnea
1586 5136 1848 5207 reliquiis

210 5226 429 5284 Claudii
453 5225 727 5297 martyris
758 5226 1032 5298 pretiosa,
1071 5241 1237 5297 quam
1262 5240 1456 5283 secum
1487 5226 1769 5282 revehens
1792 5224 1847 5278 in

1960 4523 2142 4588 sissc;
2166 4524 2435 4577 venirent
2454 4520 2804 4590 quicumque
2824 4518 3186 4589 eligerentur
3207 4516 3502 4573 fideliores
3519 4531 3610 4573 ec-

1960 4610 2155 4667 clesiae
2173 4608 2527 4677 Leodiensis,
2549 4614 2809 4680 paratum
2836 4622 2899 4663 se
2921 4607 3158 4664 Romam
3179 4606 3390 4675 redire,
3410 4604 3608 4676 Ibique

1960 4698 2045 4754 eis
2067 4699 2449 4769 probaturum
2479 4697 2708 4768 publice
2735 4695 2953 4752 crimen
2977 4695 3131 4766 quod
3153 4694 3261 4749 sibi
3289 4693 3611 4764 imputaba-

1959 4791 2056 4843 tur
2080 4786 2257 4843 nichil
2288 4801 2452 4853 esse;
2482 4800 2547 4841 ea
2579 4789 2771 4840 tamen
2804 4782 3160 4852 conditione,
3196 4789 3260 4840 ut
3290 4779 3607 4838 secundum

1960 4889 2159 4931 sacros
2188 4889 2443 4931 canones
2476 4886 2676 4944 pcenas
2714 4873 2869 4928 falsae
2900 4870 3347 4939 criminationis,
3379 4883 3441 4926 se
3476 4884 3608 4938 pur-

1955 4967 2110 5033 gato,
2147 4962 2552 5019 criminatores
2588 4960 2978 5018 exsolverent.
3016 4957 3330 5015 Praesensit
3364 4959 3513 5013 Boso
3544 4970 3607 5011 se

1958 5067 2065 5108 suo
2093 5051 2439 5122 capiendum
2474 5049 2704 5120 laqueo,
2754 5051 3066 5119 actumque
3097 5046 3168 5103 de
3200 5061 3282 5115 se,
3337 5046 3386 5101 si
3416 5047 3608 5103 Romae

1958 5142 2419 5211 prosequeretur
2477 5135 2707 5192 abbatis
2736 5133 3076 5192 reclamatio
3138 5133 3315 5205 (106).
3355 5134 3608 5190 Locutus

1959 5228 2156 5297 itaque
2186 5240 2316 5282 cum
2346 5223 2611 5294 consilio,
2639 5238 2750 5279 non
2799 5237 2861 5278 se
2884 5226 3183 5279 assuetum
3205 5222 3478 5291 Romano,
3504 5221 3605 5289 ait,

1793 5325 2011 5382 NOTAE.

302 5422 427 5490 103)
462 5421 520 5475 In
552 5420 769 5491 palatio
797 5420 1190 5477 Lateranonsi.

309 5494 429 5560 104)
459 5492 837 5560 Frassz'noro,
870 5492 923 5546 in
956 5491 1172 5547 ducatu
1204 5492 1527 5550 Mutinensi.

281 5502 408 5563 (104
459 5502 837 5560 ιτναεετπονο,
870 5506 923 5546 m
956 5502 1172 5547 ducatu

279 5502 429 5636 (105i
460 5561 907 5632 Langobardicis
938 5560 1175 5619 litteris.

2033 5422 2182 5491 (106)
2215 5421 2447 5491 Factum
2482 5422 2672 5474 tamen
2704 5425 2987 5491 es_t;inam
3033 5415 3613 5491 Gregoriusaepisto-

1963 5492 2016 5547 la
2042 5484 2116 5560 ἸΙ,
2142 5484 2230 5559 61,
2253 5504 2381 5560 quae
2402 5490 2540 5545 data
2584 5494 2674 5545 est
2708 5505 2742 5545 χ
2762 5489 2882 5545 Kal.
2911 5491 3046 5560 Apr.
3073 5503 3123 5544 a.
3150 5484 3309 5560 1075,
3334 5484 3615 5543 Théodui-

1965 5559 2108 5617 num
2126 5559 2395 5618 hortatur
2417 5573 2488 5616 ne
2510 5560 2781 5617 abbatem
2806 5559 3094 5633 privilegii
3119 5559 3279 5616 illius
3295 5571 3472 5635 causa
3495 5569 3611 5612 am-
