3960 6044
434 275 587 343 13⁸15

1424 280 1905 358 CHRONICON
1933 286 2001 356 Β.
2035 286 2406 361 HUBERTI
2437 291 2831 364 ANDAGIN.

3709 301 3843 364 1376

429 410 534 471 sed
554 378 1119 490 Leodiensijudicio;
1152 415 1363 478 nemini
1396 417 1574 479 licere
1597 419 1950 481 audientiam
1982 437 2038 482 re

2179 401 2248 462 in
2269 403 2509 466 C'hrtsto
2530 405 2652 469 πιιο
2672 403 3255 479 Theoderico,abbati
3272 409 3842 473 monasteriisancii

425 500 676 562 clamare
702 509 822 564 tam
853 509 1070 580 subito,
1094 509 1206 566 nisi
1235 512 1490 583 episcopi
1519 513 1633 584 sui,
1665 513 1910 570 maxime
1929 530 2068 572 vero

427 594 857 663 metropolitani
872 605 1217 666 gravaretur
1229 599 1830 671 judicio.Rcc0gnovit
1844 603 2070 675 episco-

426 694 536 751 pus
566 679 702 738 licet
731 699 908 740 senex
940 687 1224 745 invidiose
1253 689 1636 761 calumpniari
1667 693 1972 760 abbatem;
1997 708 2066 750 ne

427 771 615 825 tamen
660 771 959 830 videretur
997 776 1386 834 indiseussum
1432 782 1882 848 praetermittere
1913 781 2064 851 quod

423 858 1134 935 putabaturdampnosum
1158 867 1698 940 ecclesiae,praelixit
1719 869 1868 925 diem
1893 869 2066 938 hujus

422 943 804 1008 discussionis
821 953 1077 1022 agendae.
1112 957 1360 1014 Retento
1394 958 1571 1027 igitur
1605 974 1802 1015 secum
1836 957 2068 1029 privile-

418 1032 536 1103 gio,
563 1037 830 1094 abbatem
874 1041 1112 1113 dimisit,
1143 1049 1201 1100 et
1232 1051 1462 1102 ceteros
1503 1048 1745 1104 abbates
1779 1046 2066 1118 episcopii

419 1138 548 1182 cum
563 1125 1081 1190 archidiacouis.ut
1099 1131 1166 1188 ad
1187 1134 1476 1204 praeﬁxum
1493 1136 1641 1192 diem
1657 1137 2071 1193 venirentcon“

419 1213 665 1269 vocavit.
702 1216 926 1273 Interea
957 1220 1103 1276 Boso
1135 1221 1464 1280 declamare
1488 1224 1544 1279 in
1573 1225 1753 1294 clero,
1789 1240 2064 1296 spargere

418 1315 594 1358 voces
618 1301 673 1358 in
694 1305 928 1374 populo,
964 1312 1176 1376 quanta
1211 1309 1560 1379 malignatus
1583 1319 1676 1369 est
1707 1313 1975 1370 inimicus
2009 1314 2062 1369 in

416 1395 639 1458 sancto,
689 1393 784 1460 qui
817 1396 1186 1452 commissam
1229 1399 1338 1454 sibi
1372 1401 1662 1456 abbatiam
1715 1403 2064 1459 subduxerit

417 1483 636 1535 sanctae
658 1480 847 1538 Maria:
869 1488 1191 1556 sanctoque
1214 1487 1538 1545 Lamberto.
1557 1492 1811 1558 Vagante
1848 1505 2061 1562 passun

416 1568 477 1620 ut
511 1581 679 1624 suum
713 1585 843 1626 cum
879 1573 1020 1628 fama
1073 1575 1424 1643 vulgabatur
1455 1578 1684 1633 abbatis
1713 1579 1964 1646 infamia,
2004 1585 2059 1634 et

416 1651 552 1710 licet
573 1657 726 1725 apud
771 1673 834 1712 se
887 1661 1030 1716 bene
1059 1662 1170 1717 sibi
1195 1664 1488 1720 conscium
1513 1681 1646 1722 vera
1681 1670 1946 1723 tueretur
1979 1667 2062 1721 in-

2179 493 2351 551 Petri
2361 495 2675 568 sanctique
2691 496 3408 571 HubertiAndaginensis
3424 500 3494 558 in
3507 501 3840 560 Arduenna

2177 584 2508 654 constituti,
2523 585 2770 660 suisque
2781 587 3222 647 successoribus
3230 589 3613 662 regulariter
3625 590 3837 648 ibidem

2174 669 2219 704 “
2232 671 2602 731 intrantibus
2614 675 3052 748 inperpetuum.
3072 678 3538 747 Nulli/Metium
3555 680 3658 738 est
3667 683 3734 737 in
3747 681 3834 737 ds-

2177 758 2270 816 bio
2289 761 2440 832 quin
2457 763 2623 820 sedes
2645 765 2990 836 apostolica,
3013 781 3076 822 eo
3098 767 3258 838 quod
3278 767 3713 827 “urticersalis
3729 785 3831 826 m-

2178 847 2266 905 ter
2276 849 2602 908 etomnium
2623 854 3011 911 ecclesiarum
3013 857 3296 926 princeps
3308 857 3413 919 est.
3432 857 3725 916 omnibus
3742 859 3832 916 hoc

2165 937 2311 1007 jure
2321 951 2392 994 ac
2403 937 2603 996 debita
2619 941 3026 1000 sollicitudine
3026 958 3288 1016 praeesse
3307 945 3538 1016 debeat,
3564 963 3692 1004 non
3717 948 3782 1004 ut
3795 947 3829 979 “

2177 1038 2277 1082 eas
2300 1027 2531 1104 tantum
2557 1030 2866 1088 catholica
2891 1031 3211 1102 religionis
3237 1033 3464 1090 unitate
3491 1037 3824 1106 concludat,

2175 1113 2280 1168 sed
2293 1116 2567 1182 generali
2587 1119 3103 1189 circumspectione
3134 1121 3316 1178 etiam
3345 1121 3420 1178 ab
3445 1122 3573 1181 hiis
3594 1137 3826 1196 quaee:-

2177 1198 2260 1254 tri
2267 1213 2469 1258 nsccus
2487 1206 2903 1272 promoventur
2912 1221 3028 1278 pro
3047 1221 3160 1264 sua
3180 1207 3544 1266 auctoritate
3561 1212 3763 1268 salcet
3781 1214 3828 1268 et

2174 1289 2427 1346 muniat.
2449 1290 2616 1348 [nter
2637 1307 2789 1364 quas
2811 1293 3012 1351 tamen
3041 1309 3171 1352 cum
3185 1295 3392 1368 plm'es
3411 1297 3822 1366 inveniantur,

2172 1387 2306 1444 quis
2325 1377 2574 1446 speciali
2603 1380 2658 1436 et
2679 1384 2930 1454 propria
2961 1385 3461 1442 commendatione
3489 1387 3563 1444 in
3583 1387 3822 1445 tutelam

2173 1471 2437 1540 ejusdem
2456 1474 2618 1530 sertis
2639 1478 2972 1546 apostolica
2990 1494 3052 1536 se
3073 1481 3467 1550 contulerunt,
3495 1483 3570 1538 ut
3583 1482 3818 1554 speciem

2172 1559 2429 1616 caritate
2445 1561 2709 1619 etstudio
2725 1578 2848 1622 suae
2859 1566 3072 1623 matris
3089 1567 3378 1640 ampla/cce
3392 1583 3819 1643 usquequaque

2171 1649 2498 1706 securiores
2512 1652 2569 1706 et
2579 1651 2886 1711 liberiores
2898 1669 2932 1711 a
2941 1655 2972 1710 b
2983 1657 3142 1714 omni
3153 1656 3550 1730 infestatione
3558 1663 3818 1718 consiste-

416 1742 704 1808 uocentia,
761 1745 1171 1814 indignabatur
1206 1754 1396 1807 tamen
1433 1754 1796 1810 mendaciter
1825 1758 2056 1825 gravari
2086 1749 2142 1810 B
2170 1736 2485 1825 νξηίνθπαδ
2499 1739 2625 1796 "ut
2642 1741 2889 1813 dignum
2911 1743 3158 1813 θναττίία
3182 1746 3450 1804 Romana
3465 1749 3817 1820 “nepa”

416 1825 721 1885 nichiltale
736 1834 1012 1890 merentis
1031 1835 1329 1902 patientia.
1350 1840 1590 1895 Przeilxa
1608 1841 1700 1895 die
1715 1845 2061 1900 convenien-

418 1911 570 1969 tibus
591 1917 873 1984 evocatis,
901 1919 1024 1990 ipse
1056 1938 1283 1993 quoque
1313 1942 1443 1982 cum
1463 1927 1814 1985 Theoderico
1839 1923 2061 2002 praepo-

415 2001 532 2058 sito
563 2007 620 2059 et
647 2010 896 2076 utroque
920 2009 1226 2068 Lamberto
1249 2015 1402 2070 omni
1429 2017 1597 2071 modo
1625 2019 1859 2074 veritati
1883 2001 2060 2077 conli-

414 2102 516 2146 sus
547 2090 728 2147 alluit.
755 2093 1309 2156 Discutiendietiam
1339 2102 1624 2173 privilegii
1649 2107 1947 2177 exemplar
1970 2125 2058 2166 se-

411 2190 540 2233 cum
564 2177 796 2245 detulit,
825 2188 886 2240 ut
912 2185 1042 2253 quia
1065 2187 1561 2260 calumpniatores
1591 2193 1716 2262 ejus
1735 2209 1931 2252 secum
1957 2197 2058 2254 fin-

411 2272 618 2322 xerant
641 2268 859 2338 aliquid
877 2279 1307 2333 monstruosum
1329 2278 1546 2348 ignotis
1567 2281 1620 2336 in
1646 2297 1716 2340 eo
1746 2283 1924 2340 celari
1958 2302 2056 2342 no-

414 2352 508 2422 tis,
543 2358 774 2413 eunctis
805 2359 999 2427 legere
1029 2363 1363 2422 volentibus
1387 2367 1782 2428 innotesceret
1806 2375 2056 2432 assuetis

409 2443 806 2514 conscriptum
839 2447 1075 2506 litteris.
1121 2452 1292 2510 Lecto
1327 2455 1511 2524 palam
1544 2457 1798 2528 itemque
1831 2461 2052 2519 relecto

411 2528 735 2601 privilegio,
753 2537 958 2590 etcum
979 2536 1174 2595 delato
1188 2541 1503 2612 exemplari
1520 2547 1699 2601 verbo
1715 2547 1787 2602 ad
1809 2549 2049 2606 verbum

406 2624 764 2706 comparato,
786 2623 1709 2701 ventilantibusquibusqueinter
1723 2650 1786 2692 se
1804 2637 2051 2706 pruden-

408 2703 566 2762 tibus
608 2720 987 2780 quaacumque
1020 2712 1072 2768 in
1097 2727 1166 2770 eo
1199 2718 1666 2789 continebantur,
1693 2703 1868 2779 nichil
1897 2725 1949 2780 in
1979 2741 2048 2782 eo

408 2791 711 2850 Leodiensi
727 2796 990 2855 ecclesiae
1005 2799 1344 2873 deperiisse,
1375 2805 1549 2862 nichil
1564 2809 1832 2866 abbatem
1848 2812 2049 2869 adver-

405 2894 507 2936 sus
529 2895 653 2936 eam
684 2883 1109 2954 deprehensum
1133 2896 1226 2946 est
1259 2893 1648 2962 machinasse;
1680 2902 1738 2954 et
1770 2915 1900 2956 cum
1927 2901 2044 2969 jam

404 2981 514 3024 non
546 2983 618 3024 ex
651 2971 894 3029 Bosonis
951 2976 1107 3047 odio,
1161 2979 1261 3034 sed
1295 2995 1365 3037 ex
1420 2989 1795 3042 evocatorum
1823 2987 2045 3057 judicio

2171 1823 2374 1895 etesia,
2403 1827 2966 1902 tantaqucprotenit
2984 1833 3250 1904 undique
3261 1835 3612 1906 diligentia,
3635 1838 3816 1894 utam»

2167 1909 2347 1968 nibus
2379 1917 3060 1990 munimentaprccsidii,
3086 1923 3392 1980 nonnullis
3413 1938 3654 1997 quoque
3683 1939 3815 1997 gra-

2169 1997 2312 2054 tiam
2347 2002 2647 2074 conferret
2682 2007 2962 2078 augendi.
3012 2009 3204 2080 Cujus
3239 2010 3332 2066 rei
3342 2011 3627 2082 plurima
3653 2013 3812 2072 nobis

2165 2090 2436 2159 exempla
2465 2093 2834 2152 sanctissimi
2855 2096 2976 2153 ciri
2995 2098 3394 2169 reliquerunt,
3417 2101 3699 2172 qui,ante
3717 2116 3813 2160 nos

2163 2183 2231 2239 in
2249 2178 2365 2237 illa
2387 2193 2568 2251 quam
2584 2181 2854 2240 dia-imus
2869 2185 3198 2256 apostolica
3216 2186 3350 2244 sede
3355 2187 3696 2260 fulgentes,
3711 2205 3811 2262 pro

2163 2269 2380 2326 honore
2401 2271 2785 2327 ecclesiarum
2798 2273 2910 2330 Dei
2929 2273 2986 2329 et
3005 2275 3375 2332 multatione
3389 2290 3603 2334 earum
3622 2279 3810 2350 magis

2162 2371 2340 2429 quam
2355 2371 2468 2428 pro
2481 2358 2610 2414 cita
2631 2360 2740 2416 aut
2758 2359 2956 2418 salute
2983 2375 3100 2420 sua
3123 2363 3378 2422 solliciti
3393 2365 3702 2437 fuerunt;
3717 2382 3807 2425 su-

2158 2445 2479 2517 scipientes
2498 2449 2862 2505 monasteria
2900 2450 2959 2506 et
2975 2451 3348 2509 venerabilia
3373 2453 3499 2511 loca
3520 2456 3594 2513 in
3610 2456 3810 2528 patro-

2159 2533 2388 2590 cinium
2415 2535 2753 2605 apostolica
2781 2537 3168 2609 defensionis,
3199 2540 3260 2596 et
3282 2542 3709 2612 conjirmantes
3747 2557 3811 2600 ee

2153 2623 2420 2694 propriis
2441 2623 2810 2695 privilegiis,
2853 2627 3146 2696 quatinus
3185 2641 3262 2684 ea:
3297 2629 3612 2688 cotidiana
3653 2632 3811 2690 tran-

2155 2709 2467 2780 quillitate
2487 2711 2802 2770 ardentius
2828 2716 2896 2770 in
2921 2714 3222 2771 devotione
3251 2715 3472 2774 dicina:
3496 2721 3811 2778 servitutis

2155 2797 2213 2853 et
2249 2799 2314 2854 in
2353 2797 2511 2856 omni
2551 2799 2694 2858 bono
2723 2802 3099 2872 proﬁcerent.
3139 2803 3268 2870 Qua
3299 2804 3365 2862 in
3390 2819 3460 2862 re
3483 2821 3672 2878 quam
3691 2812 3805 2880 pie,

2151 2900 2330 2957 quam
2347 2887 2942 2960 sanctefeceruntget
2955 2893 3202 2950 illorum
3214 2893 3385 2951 nobis
3403 2895 3676 2956 ostendit
3685 2899 3810 2970 glo-

2148 2974 2270 3043 ria,
2309 2979 2368 3030 et
2393 2976 2586 3046 ipsius
2613 2979 2707 3035 rei
2736 2977 2858 3034 tam
2883 2979 3194 3039 fructuosa
3214 2983 3448 3054 gratia.
3482 2984 3652 3041 Nam
3681 3001 3807 3044 cum

397 3069 578 3111 causa
605 3060 883 3128 penderet
919 3064 1170 3136 abbatis,
1204 3067 1258 3122 in
1291 3067 1396 3125 hoc
1419 3071 1647 3129 tandem
1679 3075 1960 3145 majorum
1983 3082 2038 3134 et

399 3142 700 3172 ηιηιζιι-...κ
752 3152 1037 3172 -Α..ι-..ι3-
1109 3169 1268 3172 A_,-,,
1357 3157 1392 3172 ι.
1451 3160 1489 3172 η
1880 3165 1892 3172 .
1975 3166 1986 3172 -

2169 3061 2418 3120 iratoria
2441 3064 2506 3120 in
2529 3079 2676 3136 pace
2705 3066 2766 3122 et
2787 3066 3232 3140 tranquillitate
3261 3071 3594 3128 consistunt
3637 3075 3705 3130 et
3727 3088 3805 3132 ec-

399 3142 702 3202 meliorum
751 3152 1042 3207 sententia
1100 3157 1418 3224 consensit,
1451 3160 1717 3220 Romanae
1770 3142 2038 3222 ecclesiae

2169 3150 2492 3209 :lesiastica
2509 3151 2793 3225 beneficia
2801 3169 3091 3226 pauperes
3108 3157 3341 3215 Christi
3355 3159 3665 3230 nutriunt,
3684 3164 3806 3220 tum

400 3233 697 3303 proprium
715 3250 846 3292 esse
869 3239 939 3294 de
955 3241 1226 3299 omnibus
1243 3245 1529 3316 judicare,
1552 3249 1729 3307 nullis
1744 3266 1882 3308 vero
1905 3253 2040 3310 liee-

398 3333 458 3374 re
487 3319 558 3376 de
589 3322 713 3392 ejus
753 3325 991 3392 judiciis
1021 3335 1344 3388 retractare
1369 3353 1381 3388 :
1433 3350 1543 3392 non
1573 3342 2034 3398 succensendum

393 3405 610 3476 abbati,
627 3411 779 3480 quod
795 3411 1058 3470 ecclesia:
1076 3431 1196 3473 sum
1223 3422 2034 3489 procuraveritdefensionem

391 3497 451 3550 et
479 3495 755 3553 auxilium
809 3501 1147 3570 apostolicae
1202 3507 1588 3580 auctoritatis,
1647 3526 1776 3568 cum
1839 3531 1944 3572 nec
1977 3517 2034 3572 in

391 3595 567 3639 sensu
590 3598 694 3640 nec
718 3584 772 3640 in
798 3589 977 3643 verbo
999 3590 1318 3648 excluserit
1342 3595 1596 3652 debitam
1611 3599 2031 3668 subjectiouem

387 3670 654 3726 ecclesiae
697 3674 1051 3733 Leediensis.
1088 3680 1428 3749 Indignatus
1460 3684 1546 3740 sic
1573 3702 1732 3744 suam
1762 3691 1905 3748 Boso
1937 3693 2032 3750 ad-

389 3770 597 3812 versus
610 3759 879 3818 abbatem
893 3764 1296 3834 conjecturam
1323 3774 1898 3849 extenuari,arrepto
1917 3782 2032 3851 pri-

387 3841 600 3912 vilegio
633 3845 703 3903 de
729 3848 916 3905 medio
938 3866 1218 3911 consessu
1243 3871 1306 3912 se
1338 3841 1644 3917 subduxit.
1673 3841 1810 3934 Ipso
1835 3841 2029 3926 tamen

384 3929 662 4002 episcopo
691 3935 1046 3996 reclamante
1073 3946 1128 3998 et
1164 3943 1501 4014 indignante
1525 3963 1653 4005 cum
1679 3929 1894 4011 ceteris
1925 3973 2032 4014 cur

381 4018 555 4112 talem
582 4021 848 4112 injuriam
877 4027 1092 4084 faceret
1118 4032 1336 4102 abbati,
1366 4035 1544 4092 vellet
1566 4037 1769 4108 nollet,
1799 4042 2032 4112 privile-

377 4107 533 4174 gium
570 4109 798 4179 publice
850 4113 1146 4173 laudatum
1181 4123 1242 4174 et
1271 4122 1699 4180 auctorizatum
1737 4107 2018 4188 reddidit.

377 4195 574 4251 Soluta
597 4201 992 4273 contentione,
1011 4205 1191 4262 abbas
1214 4208 1519 4267 absolutus
1541 4215 1806 4286 recessit,
1824 4218 1906 4273 sic
1929 4234 2027 4276 ex-

381 4282 595 4340 inanita
628 4287 1058 4348 existimatione
1112 4293 1194 4348 illi
1227 4295 1475 4366 objecta)
1506 4282 1933 4362 criminationis
1964 4312 2021 4364 et

375 4373 746 4442 comprobata
770 4389 906 4446 erga
929 4378 1236 4436 ecclesiam
1260 4387 1514 4442 nostram
1533 4390 1890 4448 auctoritate
1916 4396 2023 4452 Ro-

378 4473 556 4513 manae
571 4459 946 4550 defensionis.
975 4468 1074 4524 Est
1095 4475 1286 4526 autem
1304 4471 1634 4542 bujusmodi
1653 4479 1738 4548 pri
1748 4478 2016 4550 \ulegium

373 4541 426 4598 in
453 4543 734 4614 superiori
762 4551 964 4620 pagina
990 4541 1406 4628 conscriptum,
1430 4562 1581 4630 quod
1606 4541 1696 4618 hic
1719 4571 1812 4620 est
1837 4541 2019 4624 inter-

370 4632 696 4704 ponendum
722 4653 733 4688 :

439 4778 764 4852 Gregorius
783 4784 1105 4856 episcopus,
1121 4800 1328 4845 servus
1337 4803 1646 4850 sercocum
1660 4797 2016 4868 Dei,dilecto

2148 3251 2281 3294 vero
2309 3239 2444 3296 laus
2472 3241 2592 3296 Deo
2633 3241 2814 3312 digne
2821 3244 3144 3313 promitur,
3179 3245 3240 3301 et
3258 3245 3523 3304 remedia
3539 3252 3804 3319 peccatu-

2145 3339 2283 3382 rum
2304 3327 2427 3382 tam
2446 3328 2604 3385 vicis
2625 3343 2803 3400 quam
2831 3331 3136 3404 defunctis
3165 3334 3612 3404 impenduntur.
3641 3337 3804 3393 Unde

2146 3425 2250 3470 nos
2270 3414 2336 3468 in
2365 3414 2568 3470 eadem
2593 3417 2730 3473 sede
2758 3420 3105 3490 apostolica,
3145 3435 3262 3477 non
3289 3423 3510 3479 nostris
3536 3426 3800 3481 meritis‘

2143 3500 2249 3557 sed
2259 3501 2324 3556 di
2330 3502 2469 3558 cina
2484 3503 2664 3560 locati
2678 3507 2909 3576 gratia,
2926 3509 3184 3578 suscepti
3195 3509 3375 3579 oﬁcii
3387 3509 3646 3567 debitum
3671 3527 3801 3569 eos»

2143 3587 2499 3660 siderantes,
2527 3593 2853 3663 praefatum
2881 3596 3323 3659 monasterium.
3357 3599 3456 3654 cui
3482 3601 3568 3668 tu,
3589 3601 3803 3656 dilecte

2130 3677 2237 3748 fili
2259 3678 2317 3733 et
2341 3681 2774 3748 praenominate
2794 3682 2965 3751 abba,
2994 3697 3252 3756 praeesse
3271 3687 3668 3759 dignosceris,
3705 3692 3803 3746 tuo

2139 3767 2356 3834 rogatu
2368 3767 2434 3822 in
2447 3767 2695 3824 tutelam
2715 3769 3052 3840 apostolica
3070 3772 3231 3830 sedis
3253 3774 3585 3832 etnostram
3605 3779 3801 3835 etsuc-

2142 3866 2431 3910 cessorum
2444 3857 2782 3913 nostrorum
2793 3858 3196 3930 defensionem
3203 3863 3704 3933 suscepimus,con
3709 3868 3801 3930 ἠγ

2139 3943 2370 3998 mantes
2379 3943 2438 3998 et
2449 3943 2894 4002 corroborantes
2913 3947 3034 4004 sibi
3043 3962 3156 4019 per
3172 3963 3394 4019 prses-.72
3404 3951 3486 4009 tis
3501 3953 3793 4023 paginam

2135 4029 2467 4109 privilegii,
2513 4031 2822 4088 ecclesiam
2848 4036 3070 4092 sanctae
3084 4035 3302 4094 Mariae
3320 4052 3498 4109 super
3517 4043 3559 4095 Α
3569 4053 3791 4097 sonam

2137 4109 2321 4165 sitam
2339 4108 2486 4180 (107)
2501 4110 2558 4166 et
2569 4111 2879 4170 ecclesiam
2889 4115 3086 4172 sancti
3097 4117 3358 4188 Sulpitii
3368 4108 3547 4188 super
3555 4119 3790 4177 Mosam

2138 4196 2286 4266 (108)
2318 4197 2662 4268 ceterasque
2685 4203 3089 4271 possessiones
3127 4204 3249 4260 tam
3287 4205 3354 4261 in
3390 4207 3564 4264 villis
3605 4223 3790 4280 quam

2135 4283 2399 4341 castellis
2438 4285 2758 4358 ceterisque
2779 4289 3046 4347 ecclesiis
3078 4291 3135 4348 et
3155 4294 3336 4351 terris
3364 4294 3548 4351 cultis
3565 4297 3678 4352 aut
3698 4298 3788 4352 in-

2133 4371 2314 4429 cultis
2337 4385 2440 4428 seu
2469 4375 2535 4429 in
2554 4374 2822 4432 omnibus
2851 4377 3026 4436 rebus
3049 4379 3360 4438 mobilibus
3381 4382 3440 4438 et
3464 4383 3788 4441 immobili-

2049 4450 2102 4512 D
2134 4458 2258 4530 bus,
2282 4475 2436 4530 quas
2456 4475 2612 4520 nunc
2626 4461 2774 4531 jure
2796 4467 3246 4535 possitet‘3aut
3258 4471 3326 4526 in
3339 4472 3648 4541 posterum
3670 4474 3792 4528 Deo

2127 4547 2448 4605 miserante
2495 4551 2785 4622 nequiret,
2830 4555 3114 4624 quatinus
3171 4561 3374 4617 omnia
3410 4559 3491 4615 ad
3529 4575 3790 4618 commu-

2127 4649 2257 4692 nem
2272 4637 2600 4694 utilitatem
2605 4639 2890 4711 fratrum
2917 4643 3072 4700 inibi
3090 4646 3791 4718 Deofamulantiumsub

2127 4724 2224 4808 tuo
2264 4725 2608 4808 tuorumque
2641 4741 3041 4788 successorum
3078 4735 3375 4806 regimine
3413 4737 3470 4792 et
3506 4750 3790 4808 congrua

2126 4801 3791 4887 dispensationesemperinconc-ulsaillibataqueperma-

2121 4889 2321 4946 neunt.
2344 4891 2423 4948 Si
2443 4894 2576 4964 quis
2595 4907 2732 4952 vero
2749 4909 2974 4967 reg-um,
2990 4900 3373 4972 sacerdotum,
3394 4903 3784 4976 clericorurn,

431 5024 860 5128 Lenafglgicgﬁﬁ
868 5029 965 5128 ξ
981 5036 1056 5128 1;“
1068 5035 1228 5128 ditio,
1235 5037 1708 5128 glossguasejeci
1722 4971 1898 5128 ἔ
2482 5049 2592 5128 hui
2599 5066 2666 5128 us
2675 5052 2840 5128 priet
2848 5056 3010 5126 legit,
3028 5060 3186 5128 quod
3196 5073 3272 5116 ea:
3291 5075 3398 5118 ms.
3414 5062 3480 5118 ις’.
3503 5063 3778 5122 Huberti

357 5094 1312 5198 aefgr‘zﬁufgqugﬂn:unus
1333 5109 1471 5198 opp.
1491 5094 1640 5198 alii,
1655 5094 1708 5170 ‘i
1722 5094 1858 5182 ne;
1871 5094 2580 5198 sustinuimus:
2599 5094 3010 5198 Ζὶἷιῖυῗ
3023 5094 3269 5198 Fcis"?
3292 5094 3424 5188 ’ίῗέὶῖ

355 5163 398 5195 ⁴⁸
425 5166 518 5222 ita
546 5163 800 5240 correcti;
820 5163 1021 5229 eadem
1045 5163 1438 5245 auctoritate}
1468 5163 1690 5237 utadd
1723 5163 1828 5240 eas
1840 5163 2066 5243 ’63⁷ιὶίῖ
2169 5163 2223 5222 ῖῖ
2237 5163 2340 5247 ἴιιῖ
2353 5163 2568 5248 omnes:

2646 5137 2762 5180 ίοιι.
2799 5137 2987 5198 Ampi.
3023 5137 3074 5198 1,
3109 5137 3233 5186 b'l3.
3313 5137 3424 5188 “a.
3458 5147 3593 5203 quae
3631 5137 3770 5194 illi.

2646 5192 2690 5226 ⁸⁸
2713 5196 2812 5253 hic
2822 5197 3047 5256 desinit
3064 5201 3370 5274 exemplar
3396 5203 3574 5259 illud.

1943 5257 2165 5312 NOTAE.

355 5299 842 5394 pilusmol_estare
872 5312 1033 5370 velit.
1073 5314 1451 5394 Qompertum
1465 5321 1555 5378 est
1572 5321 1757 5394 nobis,
1786 5299 1993 5394 inquit,

352 5441 506 5532 def;
521 5447 794 5532 Δλτλζαρᾳνιο
810 5441 1044 5524 ᾔνοριθν
1055 5441 1448 5532 priuilegium
1459 5441 1994 5532 'q'iiib'i'i'aiis'izl

348 5517 1024 5598 coepitsedencusamus
1035 5517 1994 5598 e‘um,qu5dcontraﬁdetrimentum

349 5585 408 5648 et
425 5585 702 5646 honorem
719 5593 978 5653 ecclesiae
996 5596 1112 5654 tua
1121 5585 1728 5672 usurpauit/iiii;

355 5333 510 5372 μιιυδ
535 5333 842 5366 ιιιυισδιδιᾙ
874 5333 1033 5370 νθιιι.
1073 5333 1445 5388 compertum
1465 5333 1555 5378 εει
1572 5333 1757 5387 φιοοῐε,
1786 5333 1993 5394 inquit,
2105 5343 2238 5388 mus
2281 5333 2340 5388 et
2401 5347 2506 5403 Thy

353 5372 816 5458 tfﬁgnélmelias
835 5386 1210 5458 quorundam
1239 5390 1486 5447 consilio
1505 5393 1997 5453 intulisseabbati
2105 5402 2266 5457 omni
2296 5403 2506 5458 trnnou

2511 5335 2790 5415 ani-usui
2835 5352 2947 5408 per
2969 5339 3154 5398 uittas
3195 5355 3326 5398 eum
3346 5345 3408 5400 in
3426 5357 3576 5415 pace
3617 5349 3682 5404 et
3704 5351 3774 5406 in

2431 5405 2754 5475 quillilate.

2175 5471 2325 5611 $107)
2359 5473 2416 5527 In
2441 5471 2896 5534 ’Eberneicurte.

2203 5543 2323 5611 108)
2357 5543 2680 5602 Pirensem.

2203 5543 2323 5612 108)
2357 5543 2680 5602 Pirensem.
