3960 6044
178 184 327 247 i377

1174 168 1649 238 CHRONICON
1679 167 1745 233 S.
1785 166 2145 233 HUBERTI
2176 162 2566 235 ANDAGIN.

3424 154 3577 240 1378

175 337 444 394 iudicum
463 349 534 390 ac
551 332 935 391 εωσκὶανίίιηι
945 343 1336 404 personarum
1362 328 1519 385 hanc
1538 323 1820 382 constitu-
1851 321 1907 375 A
1939 321 2181 378 busdam
2217 324 2536 381 curialibus
2565 325 2690 381 suis
2723 326 2954 382 vadium
2986 326 3324 385 humillimas
3348 328 3576 385 satisfa-

174 426 358 483 tionis
368 424 584 481 nostra
591 422 880 494 paginam
893 420 1292 490 agnoscentes,
1301 433 1330 475 c
1342 434 1359 463 π
1368 418 1508 474 ntra
1528 429 1656 473 eam
1666 413 1825 470 veni-

170 528 240 571 re
260 514 653 584 temptaverit,
681 512 995 582 potestatis
1028 511 1386 579 honorique
1405 508 1504 564 sui
1528 504 1828 576 dignitate

175 601 401 670 careat,
423 614 630 672 reumg
639 615 707 656 ue
717 615 778 657 se
799 598 1249 670 divinojudicio
1265 596 1520 653 existere
1541 594 1611 649 de
1626 605 1826 664 perpe-

179 692 344 749 trata
362 689 692 760 iniquitate
712 689 1036 760 cognoscat,
1060 693 1113 743 et
1139 687 1263 743 nisi
1283 687 1377 742 vel
1395 698 1464 741 ea
1485 697 1616 754 qure
1627 681 1701 739 ab
1724 681 1829 736 illo

179 778 486 836 suntmale
496 776 703 834 ablata
712 776 1068 844 restituerit,
1090 777 1185 832 vel
1194 776 1382 846 digna
1393 772 1744 843 paenitentia
1758 770 1830 825 il-

184 867 349 924 licite
377 868 515 924 acta
538 866 859 938 deﬂeverit,
885 881 922 921 a
942 863 1355 922 sacratissimo
1372 874 1604 932 corpore
1622 860 1678 915 et
1695 872 1830 915 san-

174 956 364 1027 guine
382 955 494 1012 Dei
519 954 743 1011 domini
754 953 799 987 "
816 953 1208 1024 redemptoris
1228 952 1420 1007 nostri
1438 950 1586 1007 Jesu
1600 946 1834 1004 Christi

181 1044 419 1102 alienus
433 1045 558 1112 nat,
576 1043 758 1114 atque
769 1043 835 1099 in
846 1043 1059 1099 (sterno
1073 1041 1348 1097 examine
1362 1039 1455 1096 dis
1464 1037 1835 1095 Motaultzo

177 1133 244 1189 ni
260 1131 586 1204 subjaceat.
608 1132 852 1189 Cunctis
867 1132 1063 1188 autem
1065 1132 1103 1202 j
1108 1132 1242 1187 usta
1253 1126 1625 1185 servantibus
1646 1124 1834 1180 eidem

182 1222 321 1291 loco,
337 1234 469 1292 pan:
490 1220 716 1278 domini
732 1220 927 1277 nostri
944 1220 1089 1277 Jesu
1104 1219 1357 1283 Chr-isti,
1375 1215 1547 1272 utnic
1552 1215 1835 1286 fructum

180 1309 340 1367 bona
362 1310 619 1367 actionis
630 1308 1015 1380 recipiant,”
1027 1306 1190 1379 apud
1210 1304 1553 1363 districtum
1564 1301 1835 1375 judicem

164 1400 423 1469 pramia
452 1399 685 1456 (eterna
707 1398 864 1460 pacis
884 1396 1219 1464 inveniant,
1244 1398 1442 1451 Amen.
1473 1388 1830 1460 Subscripsit

176 1494 373 1543 autem
425 1501 595 1543 manu
626 1485 864 1557 propria
906 1485 1151 1540 domnus
1191 1495 1377 1553 papa:
1410 1478 1833 1537 Miserationes

184 1575 316 1644 ture,
359 1576 624 1644 Domine,
656 1588 837 1644 super
861 1573 1062 1629 omnia
1089 1585 1269 1642 opera
1291 1570 1413 1627 tua.
1436 1571 1587 1625 Bene
1606 1565 1821 1624 valete.

1936 414 2151 470 ctionis
2180 428 2328 482 genu
2360 414 2507 469 ﬁexo
2540 414 2821 485 porrexit,
2850 431 2909 472 se
2936 431 3187 488 errasse,
3219 432 3281 473 se
3303 431 3579 488 peccasse

1936 501 1997 557 in
2032 504 2209 557 Deum
2240 506 2298 556 et
2331 507 2553 573 patrem
2585 518 2752 560 suum
2785 509 2875 560 est
2932 505 3261 571 confessus,
3318 519 3578 562 errorem

1940 605 2352 661 quoquesuum
2387 590 2595 647 amodo
2624 606 2687 646 se
2712 596 3114 648 correcturum
3143 593 3460 663 professus.
3487 594 3583 649 Mi-

1943 685 2106 736 ratus
2131 681 2312 735 abbas
2355 684 2415 735 et
2442 679 2674 736 laetatus
2702 680 2756 735 in
2784 681 3152 751 Domino,qui
3177 681 3246 736 ad
3272 680 3424 752 quod
3456 683 3582 737 vult

1942 766 2184 822 inclinat
2225 767 2406 823 corda
2448 769 2703 824 omnium
2748 768 2997 824 ﬁliorum
3032 769 3342 840 hominum,
3377 784 3583 840 sugge-

1943 862 2110 913 rente
2136 856 2413 927 episcopo
2438 857 2570 912 duci
2594 856 2907 912 recredidit
2934 857 3087 928 quod
3105 858 3213 915 sibi
3239 863 3583 929 porrexerat

1944 945 2267 1012 vadium,in
2283 946 2462 1001 verbo
2489 945 2713 1001 scilicet
2754 946 3004 1002 viventis
3033 946 3219 1003 adhuc
3252 947 3436 1018 patris
3469 947 3579 1019 sui,

1946 1047 2060 1103 quo
2084 1047 2214 1089 eum
2240 1033 2609 1102 adiuraverat
2633 1033 2695 1103 ‘1,
2724 1034 2858 1090 vitae
2881 1048 3002 1090 sure
3033 1039 3090 1090 et
3125 1034 3363 1089 honoris
3385 1036 3585 1091 condi-

1946 1121 2103 1176 tione
2120 1122 2467 1192 interposita
2486 1140 2500 1186 ;
2527 1122 2721 1177 statim
2746 1122 2844 1177 ille
2871 1137 2973 1192 pro
2989 1123 3098 1178 hiis
3113 1137 3239 1192 quae
3254 1123 3324 1179 de
3343 1124 3584 1194 praefato

1947 1210 2225 1266 thesauro
2246 1209 2605 1267 subduxerat
2620 1210 2837 1279 abbati,
2858 1211 3070 1266 Bellam
3090 1211 3297 1268 vallem
3325 1211 3394 1267 ad
3413 1226 3582 1267 usum

1946 1299 2191 1354 fratrum
2220 1299 2272 1355 ei
2331 1299 2621 1370 deposuit,
2656 1305 2716 1356 et
2745 1299 3053 1355 ecclesiam
3105 1300 3310 1356 Montis
3341 1300 3587 1355 Medicu-

1946 1387 2028 1442 sis
2061 1388 2203 1455 (109)
2263 1402 2390 1443 cum
2420 1389 2612 1443 tribus
2660 1389 2876 1444 mansis
2907 1393 3082 1445 terrae
3118 1390 3287 1444 beato
3319 1390 3495 1445 Petro
3528 1389 3585 1444 in

1948 1481 2290 1547 perpetuum
2326 1476 2733 1547 possidendam
2768 1478 3035 1547 lcgaliter
3058 1476 3324 1533 tradidit.

2015 1564 2101 1617 28.
2139 1563 2275 1634 (39.)
2309 1565 2518 1620 Eodem
2580 1580 2727 1621 anno
2778 1566 2959 1636 (1075,
3007 1567 3148 1622 Jun.
3181 1566 3272 1638 23)
3306 1567 3588 1625 Theodui-

185 1663 410 1720 Datum
438 1663 758 1721 Lateranis
798 1664 866 1719 in
886 1661 931 1696 ⁵ο
948 1662 1094 1718 Kal.
1128 1659 1286 1718 Maii
1302 1674 1403 1715 ver
1422 1671 1637 1715 manus
1659 1654 1830 1711 Petri
1859 1667 1914 1727 Β
1946 1668 2054 1708 nus
2089 1652 2420 1709 Leodiensis
2470 1653 2783 1724 episcopus
2830 1655 2945 1709 vita
3005 1654 3280 1711 decessit.
3338 1661 3584 1726 ortaque

183 1751 407 1811 sancta
428 1753 709 1808 Romani:
719 1747 1644 1821 ecclesiapresbitericardinalis
1665 1757 1737 1802 ac
1750 1742 1832 1800 bi-

185 1838 583 1909 bliothecarii,
600 1854 756 1896 anno
762 1839 963 1910 primo
971 1838 1147 1909 ponti
1142 1838 1364 1910 ﬂcatus
1381 1836 1605 1892 domini
1620 1831 1833 1904 Grego-

181 1928 269 1985 rii
303 1928 439 1996 VII,
454 1941 647 1999 papa,
670 1927 1001 1985 indictione
1028 1925 1365 1983 undecima.

253 2019 341 2073 27.
378 2018 516 2087 (38.)
541 2018 769 2073 Interea
806 2015 1062 2072 monitus
1091 2013 1436 2070 Godel'ridus
1461 2027 1533 2068 ex
1564 2010 1834 2066 mandato

190 2120 355 2177 papae
385 2119 415 2161 a
448 2104 775 2162 Coloniensi
810 2105 1067 2174 itemque
1108 2102 1407 2159 Leodiensi
1445 2101 1737 2172 pontiﬁce,
1775 2103 1834 2155 ut

193 2192 521 2249 condictam
547 2191 696 2263 patri
715 2192 1018 2249 veritatem
1038 2195 1098 2246 et
1126 2190 1296 2245 ﬁdem
1328 2188 1681 2257 exsolveret,
1715 2185 1838 2242 ille—

193 2294 307 2351 que
324 2294 428 2336 nec
445 2283 748 2335 monentes
763 2293 870 2335 nec
884 2280 1197 2348 arguentes
1212 2276 1343 2334 audi
1356 2290 1415 2332 re
1427 2279 1682 2344 curaret,
1701 2274 1843 2330 acci-

194 2368 281 2424 dit
314 2373 376 2425 ut
402 2367 648 2425 domnus
675 2366 1076 2441 Herimannus,
1106 2367 1380 2422 Metensis
1409 2365 1742 2436 episcopus,
1769 2362 1839 2418 ad

194 2470 323 2512 eum
341 2454 1047 2512 BuloniumveniretErat
1062 2460 1253 2511 autem
1268 2453 1540 2509 dominici
1557 2452 1842 2509 adventus

196 2545 485 2601 dominica
516 2542 793 2612 secunda,
819 2547 879 2599 et
904 2548 965 2600 ut
997 2557 1164 2599 suum
1188 2548 1278 2598 est
1308 2542 1434 2612 ejus
1457 2541 1757 2612 temporis,
1784 2541 1841 2595 in

195 2633 505 2689 horruerat
519 2631 735 2704 passim
755 2632 939 2688 hiems
965 2632 1302 2702 asperrima.
1324 2632 1618 2702 Exceptus
1642 2643 1672 2684 a
1696 2628 1842 2685 duce

196 2726 262 2779 ut
292 2721 536 2778 decebat
570 2725 795 2778 tantum
822 2719 1178 2791 pontiﬁcem,
1213 2734 1342 2775 cum
1373 2725 1501 2791 post
1532 2731 1755 2775 coenam
1786 2717 1843 2772 in

196 2810 350 2865 lecto
375 2808 538 2866 ducis
562 2813 856 2879 pausaret,
885 2808 1031 2865 duce
1064 2806 1413 2863 altrinsecus
1444 2807 1499 2862 in
1520 2807 1721 2863 eadem
1752 2820 1845 2862 ca-

196 2912 353 2954 mera
378 2897 747 2968 quiescente,
771 2897 955 2968 primo
973 2895 1269 2965 gallicinio
1289 2894 1440 2965 apud
1460 2901 1726 2951 sanctum
1748 2894 1845 2950 Pe-

1947 1742 2093 1811 (110)
2128 1741 2503 1797 contentione
2551 1744 2701 1797 inter
2734 1757 2995 1812 quosque
3046 1747 3316 1813 potentes
3347 1743 3585 1812 agendae

1946 1830 2271 1899 electionis,
2325 1830 2459 1885 dum
2515 1831 2709 1901 plures
2742 1830 2863 1885 ﬁeri
2920 1824 3243 1886 voluissent
3301 1831 3581 1902 episcopi,

1949 1918 2089 1974 nulli
2122 1934 2323 1974 eorum
2358 1923 2420 1973 ut
2451 1919 2767 1989 episcopus
2803 1918 2964 1973 ﬁeret
2999 1919 3263 1988 contigit.
3299 1920 3437 1974 Nam
3468 1919 3585 1975 dux

1950 2007 2316 2077 Godefridus,
2345 2008 2438 2077 qui
2468 2012 2605 2063 tunc
2631 2008 2779 2062 forte
2806 2008 3143 2063 morabatur
3164 2022 3293 2063 cum
3318 2007 3587 2064 Heinrico

1952 2110 2107 2164 rege,
2166 2110 2294 2151 cum
2335 2096 2430 2149 vix
2489 2095 2746 2151 tenuiter
2806 2096 3188 2164 perscnsisset
3249 2096 3585 2167 episcopum

1949 2184 2181 2247 abiisse,
2236 2183 2508 2254 precibus
2546 2184 2669 2239 suis
2700 2183 2954 2254 eptinuit
2988 2184 3138 2253 apud
3189 2199 3339 2254 eum,
3376 2184 3587 2240 nemini

1951 2271 2384 2329 concedendum
2412 2271 2624 2327 donum
2650 2272 2953 2341 episcopii,
2993 2272 3098 2327 nisi
3125 2285 3293 2341 quem
3320 2272 3416 2327 ille
3448 2288 3591 2344 prae-

1952 2366 2214 2418 sentaret
2245 2360 2296 2416 ei
2325 2377 2338 2425 ;
2401 2374 2650 2430 moxque
2681 2358 2753 2415 ad
2786 2360 3115 2415 lleinricum
3172 2361 3587 2418 Virdunensem

1952 2449 2424 2505 archidiaconum
2457 2447 2500 2480 ⁶²
2529 2447 2706 2517 misit,
2758 2452 2814 2503 et
2870 2447 2920 2502 ei
2955 2452 3019 2503 ut
3049 2455 3271 2503 remota
3326 2450 3477 2504 omni
3510 2449 3592 2505 di-

1953 2538 2168 2594 latione
2199 2536 2269 2592 ad
2299 2551 2361 2592 se
2395 2537 2617 2593 veniret
2651 2535 2963 2591 mandavit.
2994 2536 3316 2592 Festinavit
3340 2537 3436 2594 ille
3459 2537 3588 2594 duci

1953 2640 2285 2694 occurrere,
2320 2626 2579 2681 incertus
2606 2625 2835 2680 omnino
2860 2624 2999 2694 quid
3022 2623 3218 2680 vellet.
3248 2625 3593 2682 Leodienses

1952 2729 2093 2771 vero
2124 2730 2229 2785 pro
2251 2714 2627 2771 contentione
2653 2714 2894 2783 praefata
2911 2712 3066 2769 nulla
3092 2714 3281 2769 adhuc
3303 2713 3592 2769 electione

1956 2802 2203 2867 ﬁrmata,
2267 2817 2337 2857 ne
2378 2802 2683 2857 videretur
2740 2801 3084 2871 injuriosum
3144 2802 3286 2871 regi,
3324 2801 3591 2858 baculum

1957 2891 2346 2962 pontiﬁcalem
2382 2890 2553 2961 paulo
2589 2889 2877 2945 morosius
2905 2889 3142 2958 deferri,
3170 2894 3383 2945 uteum
3417 2890 3594 2946 refer-

195 2993 347 3042 trum
369 2988 753 3043 surrexerunt
778 2985 848 3040 ad
873 2983 1102 3054 vigilias
1123 2983 1724 3053 fratres,Theoderico
1749 2983 1845 3038 ab-
1877 3011 1926 3073 Ο
1958 2985 2047 3073 ret
2080 2980 2458 3073 iniunxerunt
2492 2977 2846 3073 Theoderico
2878 2976 3094 3073 abbati.
3132 2976 3369 3073 Quidam
3402 2982 3593 3073 autem

196 3077 329 3131 bate
358 3081 496 3131 tunc
546 3089 676 3130 cum
708 3074 790 3130 eis
821 3073 901 3130 ibi
951 3073 1311 3128 demorante.
1348 3072 1588 3128 Miratus
1619 3072 1844 3143 episco-

198 3176 304 3234 pus
323 3176 392 3217 ea
412 3160 514 3218 tali
531 3162 668 3217 hora
691 3175 753 3217 se
770 3174 1081 3231 campanas
1106 3159 1330 3230 audire,
1346 3158 1847 3229 interrogavitdu-

200 3264 347 3319 cem,
380 3263 495 3321 quo
529 3248 621 3305 vel
650 3247 720 3304 ad
747 3247 885 3319 quid
913 3252 1205 3305 sonarent.
1234 3247 1552 3317 Respondit
1587 3247 1706 3303 dux
1738 3248 1847 3301 fra-

199 3343 324 3393 tres
347 3334 499 3406 apud
522 3338 786 3390 sanctum
819 3336 1055 3391 Petrum
1080 3335 1149 3390 ad
1184 3333 1413 3404 vigilias
1435 3348 1699 3405 surgere,
1723 3347 1848 3390 eos--

200 3437 311 3495 que
324 3438 398 3479 ex
427 3422 741 3479 elemosina
766 3423 950 3495 patris
969 3423 1059 3479 sui
1083 3421 1298 3479 ibidem
1323 3422 1544 3479 locatos
1564 3422 1846 3479 consiste-

201 3526 283 3570 re.
310 3512 395 3568 Λᾶ
419 3513 541 3568 hmo
563 3511 874 3582 episc0pus
896 3511 1073 3568 altius
1099 3510 1516 3581 ingemiscens:
1544 3513 1607 3581 Ο,
1635 3511 1843 3582 inquit,

1960 3066 2030 3123 de
2079 3066 2314 3123 clericis
2352 3066 2503 3123 alter
2535 3066 2783 3123 alterum
2818 3065 3143 3136 anticipans
3174 3066 3394 3121 curiam
3427 3066 3604 3139 irrep-

1961 3160 2180 3223 serant,
2210 3153 2715 3224 speransquisque
2747 3151 2835 3208 vel
2858 3151 2964 3207 sibi
2999 3157 3603 3222 proventurumeven-

1958 3249 2080 3299 tum
2100 3242 2202 3309 rei,
2222 3242 2311 3297 vel
2331 3248 2568 3312 paratus
2582 3241 2769 3309 gratia
2798 3240 3217 3297 vicissitudinis
3232 3241 3383 3296 ferre
3398 3241 3601 3297 suffra-

1955 3329 2316 3400 giumalteri.
2345 3328 2877 3398 Intereasuggessit
2919 3328 3326 3385 duxclericum
3375 3329 3595 3400 adesse,

1959 3418 2050 3475 cui
2076 3418 2436 3490 episcopium
2471 3417 2800 3473 donandum
2831 3414 3217 3481 destinasset;
3260 3416 3601 3485 dignaretur

1958 3511 2263 3577 rex,utest
2277 3507 2325 3576 ej
2339 3521 2403 3562 us
2417 3505 2751 3565 donationis
2764 3505 3223 3575 agendae,protri
3234 3503 3605 3561 bunalisede-

198 3613 303 3658 nos
320 3601 614 3669 infelices,
640 3614 785 3671 quos
798 3602 864 3657 in
884 3600 1071 3655 tantis
1083 3600 1321 3655 deliciis
1346 3601 1706 3670 quiescentes
1728 3600 1847 3655 Deo
1897 3614 1920 3687 ξ
1960 3601 2109 3666 re,et
2125 3595 2352 3651 vocatis
2367 3593 3138 3664 LeodiensibusupiscOpum
3154 3592 3604 3649 illisconstitue-

201 3687 625 3762 condempnant
643 3687 792 3744 tales
811 3688 1060 3758 vigilite.
1088 3686 1313 3744 Felices
1326 3688 1563 3744 econtra
1576 3701 1722 3757 quos
1745 3701 1850 3744 nec

204 3776 945 3848 torpormedicenoclismec
957 3774 1163 3831 horror
1176 3774 1358 3846 hujus
1371 3778 1717 3846 asperrima
1727 3776 1849 3833 nie-

199 3866 317 3922 mis
329 3864 609 3937 reprimit
627 3876 667 3921 a
689 3862 970 3920 laudibus
991 3862 1251 3921 omnium
1278 3864 1567 3921 creatoris
1596 3864 1721 3921 Dei.
1763 3864 1851 3921 Tu

200 3966 434 4024 quoque
444 3951 751 4009 infelicior
764 3952 1227 4024 infelicissimis,
1236 3965 1409 4022 quem
1420 3951 1667 4009 necdum
1680 3952 1850 4009 emol-

204 4041 468 4100 liuntvel
478 4041 654 4098 timor
674 4040 786 4097 Dei
803 4039 898 4095 vel
924 4053 1091 4096 amor
1088 4040 1295 4111 patris
1318 4040 1427 4107 tui,
1460 4042 1569 4111 qui
1589 4040 1850 4098 elemosi-

198 4143 339 4188 nam
351 4128 407 4200 ei
410 4142 481 4186 us
492 4128 973 4200 defraudaveris.
983 4127 1353 4200 et/ratribus
1367 4129 1487 4184 tam
1501 4129 1725 4187 devotis
1745 4128 1851 4186 ad-

200 4217 804 4276 huceamdetraeeeris
820 4226 841 4271 ,ι
866 4215 947 4272 Ad
964 4216 1086 4273 haec
1102 4215 1451 4293 Goderriglus
1464 4223 1849 4289 compunctus

200 4306 256 4363 in
271 4305 541 4362 lacrimas
553 4304 1070 4377 erupit,etgratias
1084 4319 1263 4375 agens
1277 4305 1609 4362 rationabili
1625 4305 1750 4375 ejus
1764 4320 1851 4363 ca-

1959 3695 2041 3738 re.
2078 3682 2429 3738 Leodienses
2459 3681 2856 3749 evocati,1icet
2898 3682 3309 3737 morderentur
3351 3681 3603 3738 latenter

1960 3771 2173 3826 nemini
2208 3769 2607 3839 illorumquod
2633 3775 3011 3840 speraverant
3039 3769 3398 3841 provenisse,
3425 3784 3495 3827 ne
3521 3775 3603 3826 ta-

1961 3873 2087 3915 men
2104 3857 2392 3914 voluntati
2414 3857 2587 3926 regiaa
2611 3871 2738 3926 quae
2762 3858 2819 3911 in
2842 3857 3075 3926 negotio
3090 3858 3598 3930 praeponderabat,

1960 3947 2305 4005 viderentur
2326 3946 2554 4015 deesse,
2569 3946 2922 4001 Theoderico
2942 3946 3139 4000 abbati
3165 3961 3234 4001 ex
3253 3947 3501 4003 consilio
3516 3962 3603 4003 re-

1964 4036 2258 4094 ferendam
2289 4036 2695 4106 imposuerunt
2720 4032 2932 4088 domini
2951 4033 3203 4090 Heinriei
3231 4033 3596 4091 electionem.

1963 4125 2070 4194 Qui
2104 4141 2233 4183 cum
2265 4124 2480 4182 ceteris
2514 4123 2803 4178 assistens
2832 4120 2974 4191 regi,
3002 4126 3057 4177 ul
3088 4126 3217 4177 erat
3241 4120 3330 4176 vir
3367 4120 3603 4179 urbanas

1962 4215 2288 4286 elegantiae,
2332 4218 2753 4285 promptasque
2784 4210 3020 4267 Latialis
3057 4210 3437 4282 eloquentiae:
3476 4212 3605 4268 Eli-

1958 4305 2088 4376 θαι,
2121 4304 2327 4375 inquit,
2351 4317 2482 4361 eum
2501 4304 2681 4372 Deus,
2705 4300 2855 4358 etab
2878 4314 2939 4357 eo
2950 4300 3329 4372 praelectum
3342 4315 3449 4359 nos
3464 4315 3604 4372 quo-

199 4394 517 4467 atigationi,
537 4368 816 4466 quicquid
831 4368 902 4449 ἐκ
916 4394 1024 4450 hoc
1040 4368 1849 4466 neglexerat,emendaturum
1880 4368 1933 4429 D
1958 4368 2085 4467 'que'
2101 4368 2443 4451 voluntarie
2472 4368 2809 4462 eligendum
2837 4368 3217 4446 decrevimus.

200 4484 408 4541 amodo
433 4497 491 4541 se
513 4482 803 4554 promisit.
852 4484 911 4538 in
937 4483 1258 4540 crastinum
1284 4490 1532 4555 uterque
1582 4486 1849 4542 abbatem

198 4572 520 4643 mandavit,
552 4571 809 4628 venienti
842 4585 982 4628 vero
1014 4572 1131 4629 dux
1157 4572 1852 4631 oﬂlciozsissimeassurre-

198 4660 373 4729 xit,et
388 4658 696 4717 nichiltale
712 4661 782 4716 de
795 4675 862 4717 eo
876 4662 1135 4733 speranti
1159 4674 1355 4719 coram
1372 4662 1646 4735 pontiﬁce
1659 4669 1716 4720 et
1733 4666 1852 4736 qui-

2032 4486 2122 4538 29.
2156 4470 2293 4552 (41.)
2326 4481 2416 4536 Sic
2446 4480 2595 4550 (111)
2655 4478 2902 4535 domnus
2964 4477 3245 4533 Henricus
3305 4478 3605 4549 episcopio

1963 4572 2234 4642 donatus,
2259 4573 2317 4626 et
2333 4570 2695 4638 obsequente
2720 4566 2862 4622 duce
2892 4567 2948 4621 in
2980 4567 3179 4622 urbem
3203 4564 3604 4622 favorabiliter

1962 4666 2261 4733 reneptus,
2300 4671 2409 4715 non
2459 4657 2642 4712 multo
2693 4659 2822 4727 post
2860 4668 2888 4709 a
2921 4655 3131 4710 domno
3186 4657 3418 4709 Annono
3446 4653 3607 4710 Colo-

1547 4809 1783 4865 VAerE
1826 4806 2213 4867 LECTIOMES
2225 4848 2237 4859 .

272 4917 472 4993 ‘_°__l_ege_
502 4924 562 4974 et
593 4917 830 4993 domini.
907 4916 953 4951 ⁸ο
979 4916 1153 4993 vel_in
1182 4918 1277 4993 vel
1294 4920 1368 4993 lli
1395 4920 1743 4993 legipotest.
1823 4923 1868 4958 “
1887 4922 2190 4993 adjuverat
2216 4935 2267 4993 (ὲ
2320 4917 2724 4993 ,θξλοοςηθιιιιη
2754 4928 2942 4983 suum,
2969 4913 3155 4968 virum
3180 4911 3297 4967 vita
3316 4916 3376 4967 et
3392 4924 3606 4979 genere

204 4988 653 5058 nobiliSsimum,
688 4988 867 5044 tilium
909 4988 1033 5045 scil.
1069 4989 1362 5045 Frederici
1384 4988 1618 5049 comitis
1646 4988 2171 5065 Tullensisjaddit
2191 4988 2489 5059 Epidius.

1794 5124 2024 5185 NOTE.

308 5269 1158 5343 100)Montmedyou1{airy.
1244 5339 1257 5343 _
1328 5341 1365 5343 ζ

308 5277 406 5330 109
457 5274 795 5343 Mantmedy
827 5285 900 5327 ou
931 5274 1158 5342 Μαίνῃ.
1506 5296 1509 5301 -

280 5274 433 5470 alio;
463 5343 675 5400 Eadem
725 5342 1052 5423 invenimus
1108 5339 1262 5413 apud
1305 5341 1589 5413 Egidium
1650 5346 1855 5426 aurem

280 5414 392 5470 ihs
413 5428 465 5470 c.
500 5418 585 5470 10.
618 5419 678 5470 et
698 5413 969 5470 brevnora
990 5426 1050 5469 in
1072 5412 1282 5470 Chron.
1308 5412 1362 5470 S.
1396 5412 1693 5470 Laurentii
1718 5415 1855 5470 Leo-

208 5412 392 5485 Vallis
413 5412 465 5472 c.
500 5418 678 5485 10,,et
698 5412 969 5485 breviora
990 5412 1050 5469 in
1072 5412 1282 5470 Chron.
1308 5412 1362 5472 S.
1380 5412 1693 5475 Laurentii
1718 5415 1856 5478 Leo-

209 5484 448 5550 diensia.
481 5484 573 5544 Ct.
592 5484 881 5547 Lamberti
910 5485 1057 5546 Ann.
1092 5485 1245 5546 1075.

2038 5275 2186 5345 (111)
2226 5274 2428 5330 Totum
2458 5274 2635 5342 caput
2678 5267 2923 5325 totidem
2953 5267 3151 5325 verbis
3181 5266 3234 5323 le
3279 5268 3427 5325 imus
3456 5281 3484 5324 a
3532 5266 3608 5326 ud

2038 5345 2151 5396 uid.
2184 5359 2234 5396 ο.
2281 5348 2377 5396 11;
2430 5342 2483 5396 in
2522 5339 2719 5396 multis
2738 5339 3012 5396 convenit
3040 5353 3171 5396 cum
3201 5281 3333 5396 Cir.
3371 5337 3431 5396 S.
3469 5282 3608 5396 [fau-

1964 5337 2234 5472 Egitd..'c.
2281 5348 2377 5408 11;
2430 5342 2483 5397 in
2522 5337 2719 5398 inultis
2738 5339 3012 5398 convenit
3040 5353 3171 5398 cum
3201 5337 3333 5397 Chr.
3371 5337 3431 5397 S.

1966 5430 2069 5473 ren
2103 5432 2160 5474 ιι.
