3960 6044
476 146 630 214 1879

1471 148 1949 215 CHRONICON
1981 149 2048 211 S.
2083 146 2454 211 HUBERTI
2482 147 2870 211 ANDAGIN.

3739 144 3853 206 1381]

460 302 647 359 niensi
671 302 947 375 pontifice
970 301 1375 375 sollempniter
1403 283 1913 367 estconse‘cratus;
1933 315 1964 357 a
2000 316 2112 372 quo
2146 284 2197 338 Α
2228 298 2495 356 marchas
2550 299 2776 370 argenti
2807 298 3129 356 moriturus
3157 282 3398 357 mittens
3455 296 3733 356 ecc.esiie
3781 312 3856 353 ne

460 392 637 448 etiam
688 393 996 464 adjuratus
1033 398 1121 448 est
1174 393 1282 449 sub
1339 392 1674 471 testimonio
1713 390 1944 448 collatae
1999 390 2109 447 sibi

466 480 913 551 benedictionis,
948 484 1009 538 ut
1054 481 1181 551 ejus
1209 495 1438 552 quoque
1473 486 1703 537 utamur
1734 479 1959 536 verbis:
1993 480 2111 535 Per

2264 394 2367 443 tras
2380 431 2392 443 .

2264 404 2314 443 ir
2380 431 2392 443 .

2225 404 2253 445 s
2293 404 2387 533 ἐξ.
2428 478 2576 549 (43.)
2611 480 2667 533 In
2703 478 2967 549 sequenti
2999 477 3442 549 sollempnilate
3474 475 3754 534 dominici
3782 491 3857 530 na-

461 568 1165 640 benedictionem,inquit,
1175 570 1376 641 patris
1402 570 1493 625 tui
1515 569 2041 627 Annonisobtestor
2057 570 2119 625 te
2222 567 2360 623 talis
2394 567 2511 623 dux
2543 567 2892 623 Godefi-idus
2926 566 3246 622 natalitiam
3297 566 3518 623 curiam
3551 564 3853 621 celebravit

455 660 531 717 ut
543 659 820 718 datr-itas
839 659 1180 732 superbiam
1201 660 1260 716 et
1280 659 1665 717 insolentium
1688 657 2103 717 Guolbodom’s.

455 749 595 804 Erat
612 755 805 804 autem
822 748 1123 805 Guolbodo
1135 748 1318 804 abbas
1333 747 1600 805 ecclesiae
1616 748 1770 803 beati
1794 747 2103 817 Laurentii,

457 835 575 907 qui,
619 836 855 893 nimium
905 837 1164 894 conlisus
1218 836 1422 907 gloriae
1464 850 1583 894 suae
1613 842 1673 893 et
1716 836 2006 892 nobilitati
2039 835 2102 907 ⁸³,

453 922 621 994 longe
642 937 707 980 se
727 923 901 979 aliter
924 924 1176 981 habebat
1198 937 1369 995 quam
1398 924 1734 980 conveniret
1756 923 2104 980 monachicae

450 1011 820 1089 professioni.
875 1012 991 1068 Nec
1036 1011 1133 1068 diu
1193 1017 1456 1067 moratus
1505 1011 1818 1083 episcOpus
1861 1010 2104 1083 privatis

450 1099 611 1158 illum
636 1100 1151 1158 ammonitionibus
1182 1100 1499 1171 corrigere,
1535 1116 1663 1156 cuin
1698 1100 1924 1156 videret
1956 1115 2017 1157 se
2048 1100 2103 1156 in

449 1189 559 1245 hoc
591 1204 703 1246 non
733 1188 917 1246 solum
968 1204 1079 1244 non
1113 1188 1419 1260 prolicere,
1455 1188 1559 1245 sed
1614 1188 1776 1245 illum
1821 1189 2001 1258 magis
2032 1188 2104 1244 ad

448 1275 744 1333 deteriora
776 1291 848 1333 ex
882 1276 1279 1346 indignatione
1314 1276 1582 1346 deiicere,
1609 1276 1921 1332 constituit
1950 1276 2101 1332 diem

445 1364 518 1421 ad
544 1364 968 1423 discussionem
1003 1366 1130 1435 ejus
1157 1366 1467 1436 publicam.
1494 1365 1984 1421 Conveiiientibus
2008 1367 2105 1420 ab-

447 1451 683 1510 batibus
730 1453 902 1528 (Οοι.)
935 1458 993 1509 et
1027 1453 1460 1510 archidiaconis
1511 1468 1641 1510 cum
1690 1468 1753 1508 se
1800 1454 2103 1511 Guolbodo

445 1553 557 1597 non
588 1549 788 1614 posset
840 1555 1090 1614 purgare
1131 1556 1162 1597 a
1192 1541 1533 1597 criminibus
1562 1539 1830 1611 objectis,
1862 1542 2100 1597 decreta

2220 671 2276 712 in
2311 671 2514 726 magna
2561 655 2747 726 gloria
2804 656 3074 726 'l‘rajecti,
3136 655 3337 712 infelix
3366 661 3531 711 certe
3588 660 3653 710 et
3712 653 3853 708 nimis

2220 745 2583 817 improvidus
2614 745 2725 813 sui,
2749 750 2803 801 et
2832 745 2923 801 cui
2960 744 3159 801 ultiiiia
3188 744 3296 801 fuit
3322 758 3530 815 pompa
3558 742 3735 813 hujus
3754 756 3851 796 sue

2219 834 2661 892 ostentationis.
2707 848 2834 890 nam
2872 834 3003 889 inde
3032 833 3393 891 descendens
3426 832 3698 901 Frisiam,
3740 832 3850 888 dum

2219 924 2369 995 apud
2398 928 2654 979 castrum
2688 921 3028 993 Flardengis
3060 926 3407 991 morari-tur,
3448 934 3557 993 per
3591 920 3850 990 quosdam

2219 1011 2586 1068 necessarios
2617 1011 2854 1067 Roberti
2885 1011 3116 1067 comitis
3147 1010 3520 1067 Flandrensis
3547 1008 3606 1063 in
3631 1022 3850 1065 secessu

2217 1115 2321 1171 per
2339 1100 2661 1172 posteriora
2682 1113 3000 1171 percussus
3021 1099 3550 1168 interiit(an.lo76,
3570 1096 3740 1154 Febr.
3757 1099 3847 1165 27).

2218 1190 2393 1260 Cujus
2416 1189 2691 1244 interitus
2738 1188 3006 1258 equidem
3041 1187 3345 1256 dolendus,
3379 1186 3535 1243 omni
3573 1186 3851 1242 Lotharino

2214 1280 2323 1348 giae
2346 1278 2488 1334 adeo
2514 1277 2916 1346 fuitexitialis,
2954 1280 3015 1331 ut
3042 1276 3272 1345 justitia
3303 1283 3360 1331 et
3391 1291 3522 1347 pax,
3558 1289 3695 1345 quae
3720 1274 3849 1330 ultra

2216 1366 2549 1421 memoriam
2577 1380 2776 1421 eorum
2803 1365 2898 1435 qui
2923 1372 3091 1419 erant
3114 1366 3240 1435 ejus
3269 1364 3573 1435 temporis,
3608 1364 3850 1434 profece-

2215 1460 2347 1508 rant
2375 1455 2483 1509 sub
2515 1468 2605 1524 ρο,
2640 1454 2694 1509 in
2729 1455 2889 1509 brevi
2912 1454 3040 1523 ejus
3063 1454 3295 1509 defectu
3317 1454 3629 1508 eveniente
3663 1451 3849 1506 delice-

2218 1548 2345 1597 rent
2376 1558 2505 1598 cum
2538 1558 2627 1599 eo.
2660 1542 2836 1615 Cujus
2868 1556 3101 1613 corpus,
3137 1543 3288 1597 sicut
3320 1541 3522 1596 vivens
3544 1532 3845 1611 AdiSposue-

446 1630 778 1687 omnimoda
830 1645 925 1688 res
984 1632 1112 1701 ejus
1160 1631 1215 1685 in
1266 1635 1564 1701 potestate
1596 1635 1656 1684 et
1711 1631 2183 1701 dispositioneB
2214 1636 2301 1686 rat
2366 1632 2605 1687 Virduni
2649 1632 2718 1686 ad
2760 1632 3122 1702 sepulturam
3183 1628 3676 1697 transferendum,
3734 1627 3848 1683 dum

442 1717 725 1790 episcOpi.
762 1720 1103 1791 Episcopus,
1141 1734 1211 1774 ne
1233 1718 1917 1790 accelerandojuslitiam
1947 1719 2100 1775 vide-

442 1811 608 1863 retur
629 1820 943 1864 evacuasse
978 1807 1458 1877 misericordiam,
1491 1807 1707 1863 obtulit
1735 1807 1788 1863 ei
1824 1808 2015 1864 locum
2039 1814 2096 1864 et

442 1898 673 1966 tempus
703 1895 944 1965 agendas
973 1896 1357 1966 pcenitentiie,
1394 1896 1773 1966 decrevitque
1804 1897 1856 1952 ei
1882 1904 1944 1953 ut
1979 1898 2100 1953 Vir-

439 1980 657 2039 dunum
671 1984 825 2056 apud
839 1989 1105 2041 sanctum
1124 1984 1430 2053 Agericum
1452 1983 1804 2055 aliquamdiu
1831 1986 2097 2056 privatus

437 2070 763 2140 secederet,
802 2077 859 2127 et
894 2072 1048 2128 inter
1071 2072 1380 2142 religiosos
1402 2072 1559 2128 viros
1591 2072 1669 2127 ibi
1703 2073 1931 2129 noviter
1962 2089 2096 2130 con-

433 2165 713 2231 gregatos
743 2164 890 2233 (H2)
933 2161 1394 2217 satisfactonem
1446 2176 1608 2217 suain
1650 2162 1880 2231 dignam
1924 2164 2093 2219 inise-

433 2246 717 2313 ricordia;
751 2250 1179 2321 comprobaret.
1218 2250 1517 2307 Concessit
1541 2250 1638 2307 ille
1653 2251 1913 2323 primum
1941 2252 2092 2324 judi-

430 2335 886 2409 ciosapientium
928 2342 989 2394 et
1025 2337 1347 2410 episcopali
1393 2340 1633 2396 decreto
1674 2355 1735 2396 sc
1775 2356 2090 2398 consensu-

432 2437 593 2492 rum;
633 2426 737 2482 sed
769 2425 841 2482 ad
874 2426 1071 2482 horam
1109 2426 1338 2483 locutus
1376 2427 1722 2498 quibusdam
1753 2430 1899 2499 suis,
1933 2430 2085 2500 quod

435 2512 600 2585 prius
614 2516 1352 2588 promiseratexequi.post
1374 2516 1605 2587 publica
1623 2519 2086 2575 contradictione

433 2603 750 2659 recusavit.
788 2604 1079 2675 Episcopo
1128 2605 1398 2674 exigente
1431 2616 1490 2661 ut
1523 2605 1762 2661 daretur
1792 2609 2081 2663 sententia

427 2688 565 2746 huic
596 2690 818 2747 resulta
853 2693 970 2748 ioni
1002 2697 1062 2747 et
1093 2692 1524 2762 inobedientize,
1560 2696 1859 2751 decretum
1882 2704 1972 2753 est
2007 2698 2079 2752 ab

425 2778 578 2834 omni
607 2785 922 2845 conventu,
979 2789 1041 2837 ut
1088 2781 1142 2835 in
1201 2796 1304 2837 sua
1358 2795 1420 2837 se
1482 2791 1951 2855 recognosceret,
2011 2784 2075 2855 ⁸⁸,

429 2864 733 2939 ipsamque
762 2868 1056 2924 abliatiaui
1082 2868 1264 2924 libere
1289 2873 1359 2924 ad
1386 2869 1661 2941 placitum
1686 2886 1853 2927 suum
1886 2873 2077 2946 dispo-

2214 1720 2501 1789 perlatum
2527 1726 2683 1776 esset
2718 1721 3017 1784 Leodium,
3047 1718 3332 1773 Henricus
3363 1718 3848 1789 episcopustanto

2212 1807 2398 1863 amico
2431 1809 2774 1879 destitutus,
2808 1808 2860 1863 in
2886 1822 3098 1879 pompa
3131 1808 3361 1863 maximi
3385 1808 3609 1863 coloris
3636 1820 3850 1877 proces-

2209 1896 2285 1951 sit
2315 1897 2367 1953 ei
2402 1912 2530 1953 cum
2562 1898 2722 1953 clero
2752 1904 2813 1951 et
2845 1897 3059 1968 populo
3106 1897 3292 1952 totius
3323 1896 3606 1963 ciVitatis,
3642 1907 3847 1966 perque

2208 1986 2468 2056 singulas
2510 1988 2996 2057 congregationes
3048 2001 3305 2057 praesens
3338 1986 3460 2057 ipse
3491 1983 3845 2041 circumferri

2198 2074 2398 2145 jussit,
2430 2084 2792 2147 exceptoque
2844 2076 3251 2147 sollempniter
3304 2088 3511 2130 missas
3564 2072 3841 2129 celebrari

2204 2161 2483 2218 institUit.

2273 2254 2359 2306 32.
2409 2251 2558 2324 (44.)
2612 2252 2829 2309 Deinde
2862 2257 3210 2324 prosecutus
3267 2266 3396 2309 eum
3429 2264 3618 2321 usque
3668 2249 3845 2306 Vilan-

2201 2340 2339 2395 tiam
2374 2340 2544 2410 (115),
2581 2356 2701 2412 pra:
2734 2342 2913 2397 nimio
2944 2341 3148 2398 dolore
3190 2341 3534 2409 infirmatus,
3573 2338 3843 2410 progredi

2201 2428 2353 2484 ultra
2397 2443 2508 2484 non
2542 2429 2757 2499 potuit,
2793 2434 2852 2484 et
2879 2430 3234 2485 Theoderico
3283 2430 3477 2484 abbati
3511 2429 3586 2483 ad
3635 2442 3845 2499 corpus

2200 2518 2600 2574 deducendum
2632 2518 2790 2575 vices
2822 2534 2958 2575 suas
3007 2519 3318 2575 commisit.
3355 2520 3482 2590 Ipse
3514 2517 3750 2575 delatizs
3778 2518 3846 2573 ad

2195 2607 2507 2662 ecclesiam
2526 2608 2680 2661 beati
2704 2610 2743 2661 ll
2754 2608 2965 2677 uberti,
2983 2609 3168 2663 donec
3183 2606 3621 2664 convalesceret
3638 2608 3844 2662 ibidem

2198 2696 2324 2750 fuit.
2363 2697 2489 2750 Fuit
2519 2702 2710 2752 autem
2733 2713 2761 2751 a
2782 2698 3034 2752 secunda
3070 2697 3355 2753 dominica
3383 2698 3844 2767 quadragesimae

2193 2797 2378 2853 usque
2408 2789 2539 2854 post
2573 2792 2810 2840 octavas
2840 2786 2916 2840 ibi
2950 2787 3231 2841 celebrati
3264 2801 3454 2857 pascas
3486 2785 3665 2856 (iw).
3710 2787 3842 2841 Nam

2190 2871 2521 2928 delectatus
2541 2873 2818 2943 religiosa
2837 2875 3079 2929 fratrum
3104 2876 3551 2931 conversatione
3566 2883 3839 2931 eteorum

424 2959 613 3026 neret,
648 2954 815 3025 cujus
842 2957 1024 3013 abbas
1052 2958 1359 3014 convictus
1398 2958 1742 3016 criminibus
1773 2960 1958 3016 nollet
1989 2961 2073 3017 illi
2108 2994 2155 3053 Ο
2189 2960 2432 3031 probata
2454 2976 2591 3031 erga
2614 2978 2673 3018 sc
2697 2963 2924 3018 sincera
2949 2963 3281 3033 dilectione,
3307 2963 3460 3019 nulla
3488 2979 3733 3020 suorum
3758 2964 3840 3021 vel

423 3042 497 3099 ad
528 3044 994 3102 emendationem
1029 3046 1291 3101 obedire.
1326 3046 1441 3103 Nec
1482 3053 1739 3105 moratus
1770 3049 2073 3106 Guolbodo

428 3130 499 3189 ad
515 3147 709 3203 regem
732 3135 1037 3192 Henricuiii
1052 3134 1217 3205 abiit,
1234 3134 1477 3207 ejusque
1500 3137 1776 3194 violentia
1791 3138 2076 3197 adversus

430 3222 770 3293 episcopum
802 3229 1048 3280 conatus
1077 3230 1166 3281 est
1199 3239 1262 3281 se
1291 3226 1463 3282 tueri.
1499 3225 1606 3292 Qui
1638 3228 1771 3283 duiii
1805 3230 2075 3286 ecclesia-

422 3309 630 3367 sticam
655 3310 945 3380 justitiam
978 3314 1245 3369 saeculari
1278 3314 1589 3371 audientiae
1628 3316 1952 3387 prestituit,
1987 3333 2074 3373 se-

422 3398 674 3456 cundum
706 3414 905 3457 sacros
945 3415 1199 3458 canones
1229 3417 1457 3458 omnem
1508 3403 1620 3459 sibi
1655 3403 1876 3460 aditum
1910 3421 2076 3463 recu-

416 3488 744 3562 perationis
775 3492 1095 3547 obstruxit.
1131 3491 1271 3547 Nam
1303 3506 1411 3548 nec
1452 3492 1629 3562 regiis
1659 3494 1937 3563 precibus
1966 3511 2073 3551 nec

414 3577 588 3634 minis
646 3578 835 3648 potuit
867 3578 1182 3649 episcopus
1209 3579 1424 3634 attrahi
1454 3586 1515 3635 ut
1547 3596 1675 3637 eum
1710 3585 2074 3657 restiluere',

417 3665 753 3722 obtestatus
776 3680 839 3723 se
865 3666 1035 3722 malle
1050 3666 1409 3738 episcopium
1436 3670 1507 3724 ad
1534 3675 1765 3742 tempus
1787 3673 2078 3730 intei-mit‘

418 3757 564 3823 tere,
592 3768 762 3825 quam
801 3753 1078 3823 ejusmsdi
1104 3754 1475 3813 insolentiam
1520 3764 1640 3829 pati
1667 3760 1791 3816 sine
1815 3777 2073 3833 congrua

416 3840 838 3899 satisfactione.
872 3843 962 3899 Sic
1008 3842 1308 3901 Guolbodo
1338 3845 1689 3917 desperatus
1716 3850 2069 3921 Huiigariam

414 3928 728 3999 concessit,
747 3930 999 4000 indeque
1022 3932 1093 3986 ad
1106 3945 1303 4001 regem
1329 3946 1602 3991 reversus
1619 3935 1679 3991 in
1693 3939 2068 4009 expeditione

416 4015 622 4075 Italica
652 4018 930 4089 positum,
989 4019 1062 4075 ad
1091 4026 1337 4077 mortem
1372 4036 1557 4095 usque
1611 4025 1806 4082 domui
1834 4028 2066 4085 Henrici

415 4105 678 4177 episcopi
713 4111 975 4164 moratus
1003 4116 1095 4164 est
1123 4110 1276 4181 apud
1306 4125 1457 4169 eum.

489 4198 573 4252 30.
608 4197 723 4267 (42)
754 4197 879 4254 Hiis
929 4196 1073 4268 (113)
1124 4200 1273 4255 actis
1321 4201 1477 4258 circa
1508 4201 1881 4261 Leodiensem
1915 4206 2064 4264 sino-

418 4282 574 4354 dnm,
625 4299 753 4355 quas
784 4286 981 4355 agitur
1009 4286 1065 4342 in
1097 4288 1245 4344 festo
1290 4289 1690 4360 apostolorum
1722 4293 1970 4352 Simonis
2002 4302 2062 4353 et

412 4370 596 4442 Iudae,
631 4372 687 4427 in
712 4374 980 4444 sequenti
1003 4376 1255 4433 adventu
1277 4386 1526 4434 domnus
1558 4381 1720 4437 Auno
1748 4382 2061 4453 religiosus

414 4460 679 4532 pontifex
711 4462 964 4519 Colonia
994 4463 1112 4520 vita
1146 4464 1398 4523 decessit
1431 4468 1590 4537 (Dec.
1621 4467 1678 4541 4)
1722 4470 1777 4525 in
1810 4474 2059 4531 maxime

411 4547 660 4621 dampno
717 4551 903 4609 totius
959 4550 1119 4611 illius
1179 4556 1495 4627 provinciae
1554 4556 1741 4631 (114),
1803 4563 2059 4635 quinque

2092 4342 2145 4404 D

2185 3048 2535 3105 clericorum
2557 3051 2645 3106 vel
2668 3052 2993 3123 principum
3016 3054 3205 3122 potuit
3229 3054 3416 3108 eviuci
3434 3053 3836 3122 suggestione,

2187 3138 2324 3208 quin
2372 3146 2507 3194 ante
2562 3141 2851 3210 pascalem
2899 3144 3353 3198 celebrationem
3409 3143 3589 3198 vellet
3651 3141 3840 3199 locum

2187 3235 2432 3283 mutare.
2461 3229 2794 3284 Morabatur
2824 3238 2960 3287 tunc
2987 3230 3186 3300 junior
3209 3232 3555 3288 Godel‘ridus
3580 3231 3841 3288 marebio

2186 3330 2317 3372 cum
2342 3316 2462 3387 illo,
2488 3317 2607 3387 qui,
2642 3320 2911 3375 avunculi
2943 3322 3032 3376 sui
3065 3320 3390 3377 destitutus
3437 3320 3679 3389 auxilio,
3717 3320 3840 3389 ejus

2188 3403 2316 3459 dein
2330 3406 2589 3476 episcopi
2608 3409 2883 3463 tuebatur
2908 3410 3264 3481 patrocinio;
3290 3423 3457 3479 quem
3471 3424 3605 3465 cum
3622 3411 3839 3480 saepius

2186 3495 2541 3563 argueretde
2556 3497 3159 3569 allodioTelins,quod
3179 3499 3544 3556 Bulionensis
3559 3500 3837 3556 violentia

2180 3582 2295 3653 jam
2312 3584 2409 3639 diu
2432 3586 2791 3643 subduxerat
2813 3588 3100 3659 ecclesiae,
3127 3589 3324 3646 dicens
3344 3590 3517 3645 etiam
3541 3603 3605 3645 se
3630 3590 3838 3647 timere

2187 3672 2269 3727 illi
2297 3673 2606 3730 vindictam
2633 3676 3083 3746 liujusjustitiie:
3127 3678 3472 3734 Godefridus
3494 3679 3750 3735 consilio
3781 3690 3840 3735 et

2185 3760 2420 3819 hortatu
2445 3768 2788 3834 optimatum
2814 3766 3342 3838 suorumepiscopo
3365 3766 3566 3837 cessit,
3594 3773 3653 3823 et
3681 3770 3834 3838 quod

2184 3863 2351 3906 suum
2397 3858 2525 3909 erat
2559 3854 2728 3909 beato
2762 3857 3019 3912 lluoerto
3074 3854 3402 3913 voluntarie
3452 3857 3829 3928 recognovit.

2180 3939 2478 3997 Dominica
2527 3948 2720 3999 autem
2754 3958 2882 4014 quae
2905 3944 3121 4001 dicitur
3144 3945 3199 4001 in
3224 3946 3433 4016 palmis
3471 3945 3681 4015 (Mart.
3718 3950 3832 4015 20),

2178 4034 2313 4099 post
2338 4030 2716 4102 sollempnem
2731 4033 2981 4103 ejusdiei
2996 4033 3449 4105 processionem,
3474 4050 3838 4107 prosequen-

2180 4117 2340 4173 tibus
2370 4119 2667 4175 nobilibus
2718 4137 2844 4178 suis
2901 4129 3149 4193 uterque
3206 4124 3453 4180 accessit
3514 4126 3584 4179 ad
3647 4138 3837 4193 majus

2178 4204 2363 4261 altare
2402 4207 2554 4262 beati
2583 4209 2740 4263 Petri
2764 4211 3038 4281 apostoli,
3063 4219 3121 4267 et
3148 4212 3415 4269 baculum
3437 4226 3608 4268 suum
3633 4218 3833 4284 pasto.

2180 4295 2359 4350 ralem
2375 4301 2612 4353 tenente
2626 4298 2921 4369 episcopo,
2940 4303 3182 4356 dextera
3194 4303 3321 4373 ejus
3336 4302 3640 4357 dexteram
3663 4316 3827 4358 suam

2179 4384 2528 4442 Godefridus
2574 4390 2973 4459 superposuit,
3006 4396 3065 4446 et
3102 4406 3233 4447 cum
3266 4405 3336 4446 eo
3368 4392 3718 4462 praedictum
3751 4391 3828 4449 al-

2176 4478 2393 4535 lodium
2431 4492 2608 4549 super
2633 4477 2773 4535 illud
2797 4480 3017 4550 absque
3047 4480 3161 4537 ulla
3184 4480 3513 4552 calumpnia
3537 4484 3826 4553 reposuit.

2174 4567 2386 4640 lmposi
2398 4573 2454 4623 ta
2476 4568 2653 4624 ctiam
2677 4568 2789 4624 sibi
2820 4569 3133 4641 episcopus
3160 4570 3313 4627 stola
3337 4569 3725 4642 sacerdotali,
3758 4584 3831 4627 ne

485 4733 704 4833 tiqui:
716 4738 1137 4796 venerabilium
1165 4771 1236 4781 —
1264 4740 1557 4800 extollens
1584 4660 2050 4822 ἱπεθνὶἕέῐῗίξιπ

2219 4665 2476 4813 ιΐῖιξῗξι
2501 4752 2642 4812 σὴν.
2665 4754 2735 4811 .S'.
2762 4756 3080 4815 Laurentii
3099 4756 3343 4817 exhibet
3359 4771 3409 4817 ο.
3440 4761 3530 4833 43,
3609 4759 3661 4794 ⁸⁸
3687 4760 3829 4820 scil.

1980 4893 2211 4952 NO'UE.

413 4811 726 4867 sententia.

481 4976 630 5049 (112)
690 4976 1098 5034 Monasterium
1157 4978 1381 5037 ordinis
1434 4981 1619 5038 sancti
1674 4984 1971 5045 Benedicti
2024 5005 2055 5047 a

407 5046 724 5130 Re‘i‘nberto
746 5050 1024 5130 episeopo
1052 5050 1397 5130 \firdunensi
1413 5066 1562 5109 anno
1579 5058 1713 5130 1047
1732 5058 2029 5117 fundatum

404 5119 556 5244 ἓξιᾱθ
581 5127 638 5245 ξι
664 5121 787 5245 11ιείί
782 5105 890 5175 viri
920 5105 1181 5190 religiosi
1215 5105 2053 5202 ibiuéui‘iibiité'r'eciiiéiééé'ii

467 5204 578 5245 cun
613 5205 701 5245 ur.
795 5232 806 5243 .

445 5197 701 5247 icuntur.
738 5197 806 5245 Μ.

476 5264 623 5332 (iis)
653 5262 866 5317 Eadem
897 5274 988 5332 ap.
1023 5261 1207 5332 JEgid.
1244 5262 1281 5318 ι.
1316 5265 1354 5319 l.

474 5330 623 5407 (iis)
646 5330 1000 5407 Prquinei'b,
1012 5330 1396 5407 sepultusque
1408 5336 1833 5399 estincwnobio
1850 5340 2052 5401 δεῦεν-

393 5402 591 5493 ΜΞ»
604 5401 938 5493 molire.
953 5401 1571 5493 negassem
1606 5413 2047 5493 emissem!-

399 5470 585 5543 Egid.
610 5470 720 5545 'qui
751 5470 885 5530 inde
915 5470 985 5533 ad
1014 5470 1408 5540 Trudonensi'a
1434 5481 1673 5541 transit.
1709 5482 1791 5541 Cf.
1828 5470 2048 5546 Chiis.

2166 4994 2343 5051 Laur.
2380 5011 2438 5052 c.
2476 4998 2567 5054 44.

2236 5106 2383 5181 (uti)
2433 5104 2715 5181 Villame,
2747 5107 2778 5162 ὲ
2812 5105 2966 5163 deux
3019 5108 3203 5181 lienes
3264 5106 3335 5165 de
3367 5107 3717 5181 St-llubert,
3756 5127 3829 5169 ou

2162 5174 2512 5301 fiéaogdulirense
2543 5174 2811 5246 voyaient
2843 5191 3054 5233 encore
3084 5178 3170 5234 les
3200 5185 3393 5236 restes
3423 5179 3562 5237 d’un
3586 5174 3833 5240 mahoir

2299 5262 2327 5299 ἃ
2360 5285 2373 5299 ο
2458 5286 2470 5300 ο

2299 5262 2373 5299 δι.
2406 5262 2470 5300 ιι.

2231 5342 2457 5422 (116)1.
2493 5357 2551 5422 e.
2611 5358 2643 5402 a
2693 5344 3108 5422 d_ie_2_l__Feb.
3174 5347 3263 5422 ad_
3302 5349 3643 5422 3_nprilis.
3712 5351 3833 5411 Sed

2156 5411 2466 5543 gf‘mberto
2506 5419 2657 5474 teste
2705 5415 3052 5477 Godcfridus
3079 5432 3134 5476 iv
3166 5416 3295 5481 Kal.
3351 5411 3525 5483 Ila'rt.
3572 5425 3830 5486 occisus
