  <div class='ocr_page' id='page_1' title='image "/cluster/home/n/w/nwhite01/storage/ocr_20150623/154/hvd.32044054760129/696.png"; bbox 0 0 3960 6044; ppageno 0'>
   <div class='ocr_carea' id='block_1_1' title="bbox 219 143 361 214">
    <p class='ocr_par' dir='ltr' id='par_1_1' title="bbox 219 143 361 214">
     <span class='ocr_line' id='line_1_1' title="bbox 219 143 361 214; baseline -0.014 -1"><span class='ocrx_word' id='word_1_1' title='bbox 219 143 361 214; x_wconf 76' lang='grc'><strong>1381</strong></span> 
     </span>
    </p>
   </div>
   <div class='ocr_carea' id='block_1_2' title="bbox 1204 76 2594 206">
    <p class='ocr_par' dir='ltr' id='par_1_2' title="bbox 1204 76 2594 206">
     <span class='ocr_line' id='line_1_2' title="bbox 1204 76 2594 206; baseline -0.013 0"><span class='ocrx_word' id='word_1_2' title='bbox 1204 131 1683 206; x_wconf 71' lang='grc' dir='ltr'><strong>ΟΗΒΟΝῙΟΟΝ</strong></span> <span class='ocrx_word' id='word_1_3' title='bbox 1715 132 1784 194; x_wconf 91' lang='lat' dir='ltr'><strong>s.</strong></span> <span class='ocrx_word' id='word_1_4' title='bbox 1816 126 2176 192; x_wconf 79' lang='lat' dir='ltr'><strong>AUBEBTI</strong></span> <span class='ocrx_word' id='word_1_5' title='bbox 2204 76 2594 191; x_wconf 72' lang='lat' dir='ltr'><strong>ANDAGIN.</strong></span> 
     </span>
    </p>
   </div>
   <div class='ocr_carea' id='block_1_3' title="bbox 3466 121 3618 187">
    <p class='ocr_par' dir='ltr' id='par_1_3' title="bbox 3466 121 3618 187">
     <span class='ocr_line' id='line_1_3' title="bbox 3466 121 3618 187; baseline 0.013 -2"><span class='ocrx_word' id='word_1_6' title='bbox 3466 121 3618 187; x_wconf 70' lang='lat'><strong>1882</strong></span> 
     </span>
    </p>
   </div>
   <div class='ocr_carea' id='block_1_4' title="bbox 219 267 3630 376">
    <p class='ocr_par' dir='ltr' id='par_1_4' title="bbox 219 267 3630 376">
     <span class='ocr_line' id='line_1_4' title="bbox 219 267 3630 376; baseline -0.008 -15"><span class='ocrx_word' id='word_1_7' title='bbox 219 305 351 376; x_wconf 88' lang='lat' dir='ltr'><strong>quis</strong></span> <span class='ocrx_word' id='word_1_8' title='bbox 386 302 526 359; x_wconf 91' lang='lat' dir='ltr'><strong>illud</strong></span> <span class='ocrx_word' id='word_1_9' title='bbox 564 297 813 371; x_wconf 86' lang='lat' dir='ltr'><strong>amplius</strong></span> <span class='ocrx_word' id='word_1_10' title='bbox 855 297 1125 354; x_wconf 76' lang='lat' dir='ltr'><strong>ecclesias</strong></span> <span class='ocrx_word' id='word_1_11' title='bbox 1168 294 1543 361; x_wconf 80' lang='lat' dir='ltr'><strong>subduceret,</strong></span> <span class='ocrx_word' id='word_1_12' title='bbox 1577 290 1686 347; x_wconf 85' lang='lat' dir='ltr'><strong>sub</strong></span> <span class='ocrx_word' id='word_1_13' title='bbox 1716 288 1878 344; x_wconf 86' lang='lat' dir='ltr'><strong>obte-</strong></span> <span class='ocrx_word' id='word_1_14' title='bbox 1905 267 1960 321; x_wconf 71' lang='grc' dir='ltr'><strong>Α</strong></span> <span class='ocrx_word' id='word_1_15' title='bbox 1991 279 2370 376; x_wconf 75' lang='lat' dir='ltr'><strong>concedente,</strong></span> <span class='ocrx_word' id='word_1_16' title='bbox 2425 279 2674 335; x_wconf 85' lang='lat' dir='ltr'><strong>domnus</strong></span> <span class='ocrx_word' id='word_1_17' title='bbox 2711 277 3114 376; x_wconf 41' lang='lat' dir='ltr'><strong>‘Herimannus‘</strong></span> <span class='ocrx_word' id='word_1_18' title='bbox 3168 274 3222 376; x_wconf 77' lang='lat' dir='ltr'><strong>in</strong></span> <span class='ocrx_word' id='word_1_19' title='bbox 3278 275 3420 332; x_wconf 87' lang='lat' dir='ltr'><strong>feria</strong></span> <span class='ocrx_word' id='word_1_20' title='bbox 3465 281 3630 333; x_wconf 81' lang='lat' dir='ltr'><strong>sexta</strong></span> 
     </span>
    </p>
   </div>
   <div class='ocr_carea' id='block_1_5' title="bbox 221 377 1878 452">
    <p class='ocr_par' dir='ltr' id='par_1_5' title="bbox 221 377 1878 452">
     <span class='ocr_line' id='line_1_5' title="bbox 221 377 1878 452; baseline -0.011 -3"><span class='ocrx_word' id='word_1_21' title='bbox 221 392 476 449; x_wconf 89' lang='lat' dir='ltr'><strong>statione</strong></span> <span class='ocrx_word' id='word_1_22' title='bbox 511 390 687 446; x_wconf 84' lang='lat' dir='ltr'><strong>divini</strong></span> <span class='ocrx_word' id='word_1_23' title='bbox 724 387 972 443; x_wconf 87' lang='lat' dir='ltr'><strong>nominis</strong></span> <span class='ocrx_word' id='word_1_24' title='bbox 1004 385 1332 452; x_wconf 85' lang='lat' dir='ltr'><strong>interdixit,</strong></span> <span class='ocrx_word' id='word_1_25' title='bbox 1369 387 1425 436; x_wconf 88' lang='lat' dir='ltr'><strong>et</strong></span> <span class='ocrx_word' id='word_1_26' title='bbox 1460 377 1878 451; x_wconf 77' lang='lat' dir='ltr'><strong>imprecatione</strong></span> 
     </span>
    </p>
   </div>
   <div class='ocr_carea' id='block_1_6' title="bbox 179 466 1877 539">
    <p class='ocr_par' dir='ltr' id='par_1_6' title="bbox 179 466 1877 539">
     <span class='ocr_line' id='line_1_6' title="bbox 179 466 1877 539; baseline -0.011 0"><span class='ocrx_word' id='word_1_27' title='bbox 179 468 424 539; x_wconf 58' lang='lat' dir='ltr'><strong>alterni</strong></span> <span class='ocrx_word' id='word_1_28' title='bbox 470 476 858 534; x_wconf 82' lang='lat' dir='ltr'><strong>anathcinatis</strong></span> <span class='ocrx_word' id='word_1_29' title='bbox 900 473 1457 535; x_wconf 86' lang='lat' dir='ltr'><strong>excommunicavit;</strong></span> <span class='ocrx_word' id='word_1_30' title='bbox 1502 466 1877 525; x_wconf 84' lang='lat' dir='ltr'><strong>Godefridum</strong></span> 
     </span>
    </p>
   </div>
   <div class='ocr_carea' id='block_1_7' title="bbox 220 555 1880 640">
    <p class='ocr_par' dir='ltr' id='par_1_7' title="bbox 220 555 1880 640">
     <span class='ocr_line' id='line_1_7' title="bbox 220 555 1880 640; baseline -0.01 -14"><span class='ocrx_word' id='word_1_31' title='bbox 220 584 365 626; x_wconf 87' lang='lat' dir='ltr'><strong>vero</strong></span> <span class='ocrx_word' id='word_1_32' title='bbox 397 568 626 640; x_wconf 87' lang='lat' dir='ltr'><strong>culpam</strong></span> <span class='ocrx_word' id='word_1_33' title='bbox 653 582 811 622; x_wconf 85' lang='lat' dir='ltr'><strong>suam</strong></span> <span class='ocrx_word' id='word_1_34' title='bbox 836 578 1189 633; x_wconf 89' lang='lat' dir='ltr'><strong>suorumque</strong></span> <span class='ocrx_word' id='word_1_35' title='bbox 1222 567 1663 616; x_wconf 77' lang='lat' dir='ltr'><strong>antecesserunt</strong></span> <span class='ocrx_word' id='word_1_36' title='bbox 1698 555 1880 611; x_wconf 89' lang='lat' dir='ltr'><strong>humi-</strong></span> 
     </span>
    </p>
   </div>
   <div class='ocr_carea' id='block_1_8' title="bbox 220 645 1878 722">
    <p class='ocr_par' dir='ltr' id='par_1_8' title="bbox 220 645 1878 722">
     <span class='ocr_line' id='line_1_8' title="bbox 220 645 1878 722; baseline -0.009 -9"><span class='ocrx_word' id='word_1_37' title='bbox 220 658 360 715; x_wconf 89' lang='lat' dir='ltr'><strong>liter</strong></span> <span class='ocrx_word' id='word_1_38' title='bbox 410 659 684 714; x_wconf 80' lang='lat' dir='ltr'><strong>fatentem</strong></span> <span class='ocrx_word' id='word_1_39' title='bbox 725 653 994 722; x_wconf 85' lang='lat' dir='ltr'><strong>absolvit,</strong></span> <span class='ocrx_word' id='word_1_40' title='bbox 1029 655 1086 708; x_wconf 89' lang='lat' dir='ltr'><strong>et</strong></span> <span class='ocrx_word' id='word_1_41' title='bbox 1123 651 1276 706; x_wconf 76' lang='lat' dir='ltr'><strong>facto</strong></span> <span class='ocrx_word' id='word_1_42' title='bbox 1311 647 1540 719; x_wconf 87' lang='lat' dir='ltr'><strong>publice</strong></span> <span class='ocrx_word' id='word_1_43' title='bbox 1573 645 1878 717; x_wconf 89' lang='lat' dir='ltr'><strong>privilegio</strong></span> 
     </span>
    </p>
   </div>
   <div class='ocr_carea' id='block_1_9' title="bbox 220 732 1878 818">
    <p class='ocr_par' dir='ltr' id='par_1_9' title="bbox 220 732 1878 818">
     <span class='ocr_line' id='line_1_9' title="bbox 220 732 1878 818; baseline -0.009 -18"><span class='ocrx_word' id='word_1_44' title='bbox 220 747 396 818; x_wconf 81' lang='lat' dir='ltr'><strong>hujus</strong></span> <span class='ocrx_word' id='word_1_45' title='bbox 425 743 867 814; x_wconf 86' lang='lat' dir='ltr'><strong>recognitionis,</strong></span> <span class='ocrx_word' id='word_1_46' title='bbox 887 756 984 798; x_wconf 89' lang='lat' dir='ltr'><strong>sua</strong></span> <span class='ocrx_word' id='word_1_47' title='bbox 1011 739 1154 796; x_wconf 92' lang='lat' dir='ltr'><strong>illud</strong></span> <span class='ocrx_word' id='word_1_48' title='bbox 1177 744 1234 793; x_wconf 90' lang='lat' dir='ltr'><strong>et</strong></span> <span class='ocrx_word' id='word_1_49' title='bbox 1258 752 1493 794; x_wconf 91' lang='lat' dir='ltr'><strong>suorum</strong></span> <span class='ocrx_word' id='word_1_50' title='bbox 1520 732 1878 804; x_wconf 71' lang='lat' dir='ltr'><strong>aistipulata</strong></span> 
     </span>
    </p>
   </div>
   <div class='ocr_carea' id='block_1_10' title="bbox 225 819 1878 904">
    <p class='ocr_par' dir='ltr' id='par_1_10' title="bbox 225 819 1878 904">
     <span class='ocr_line' id='line_1_10' title="bbox 225 819 1878 904; baseline -0.01 -14"><span class='ocrx_word' id='word_1_51' title='bbox 225 834 623 904; x_wconf 86' lang='lat' dir='ltr'><strong>assignationc</strong></span> <span class='ocrx_word' id='word_1_52' title='bbox 679 829 1064 887; x_wconf 84' lang='lat' dir='ltr'><strong>confirmavit.</strong></span> <span class='ocrx_word' id='word_1_53' title='bbox 1121 829 1177 882; x_wconf 88' lang='lat' dir='ltr'><strong>In</strong></span> <span class='ocrx_word' id='word_1_54' title='bbox 1233 824 1500 896; x_wconf 82' lang='lat' dir='ltr'><strong>sequenti</strong></span> <span class='ocrx_word' id='word_1_55' title='bbox 1548 836 1685 878; x_wconf 87' lang='lat' dir='ltr'><strong>vero</strong></span> <span class='ocrx_word' id='word_1_56' title='bbox 1737 819 1878 875; x_wconf 88' lang='lat' dir='ltr'><strong>feria</strong></span> 
     </span>
    </p>
   </div>
   <div class='ocr_carea' id='block_1_11' title="bbox 224 908 1877 996">
    <p class='ocr_par' dir='ltr' id='par_1_11' title="bbox 224 908 1877 996">
     <span class='ocr_line' id='line_1_11' title="bbox 224 908 1877 996; baseline -0.011 -15"><span class='ocrx_word' id='word_1_57' title='bbox 224 924 424 996; x_wconf 88' lang='lat' dir='ltr'><strong>quinta</strong></span> <span class='ocrx_word' id='word_1_58' title='bbox 461 922 666 994; x_wconf 71' lang='lat' dir='ltr'><strong>(Mart.</strong></span> <span class='ocrx_word' id='word_1_59' title='bbox 701 921 791 990; x_wconf 68' lang='grc'><strong>24)</strong></span> <span class='ocrx_word' id='word_1_60' title='bbox 823 919 980 974; x_wconf 88' lang='lat' dir='ltr'><strong>circa</strong></span> <span class='ocrx_word' id='word_1_61' title='bbox 1009 918 1208 972; x_wconf 90' lang='lat' dir='ltr'><strong>horam</strong></span> <span class='ocrx_word' id='word_1_62' title='bbox 1243 919 1484 978; x_wconf 84' lang='lat' dir='ltr'><strong>sextam,</strong></span> <span class='ocrx_word' id='word_1_63' title='bbox 1528 915 1729 983; x_wconf 79' lang='lat' dir='ltr'><strong>parata</strong></span> <span class='ocrx_word' id='word_1_64' title='bbox 1765 908 1877 964; x_wconf 88' lang='lat' dir='ltr'><strong>sibi</strong></span> 
     </span>
    </p>
   </div>
   <div class='ocr_carea' id='block_1_12' title="bbox 237 997 1880 1083">
    <p class='ocr_par' dir='ltr' id='par_1_12' title="bbox 237 997 1880 1083">
     <span class='ocr_line' id='line_1_12' title="bbox 237 997 1880 1083; baseline -0.011 -13"><span class='ocrx_word' id='word_1_65' title='bbox 237 1015 376 1071; x_wconf 85' lang='lat' dir='ltr'><strong>sede</strong></span> <span class='ocrx_word' id='word_1_66' title='bbox 409 1012 465 1066; x_wconf 93' lang='lat' dir='ltr'><strong>in</strong></span> <span class='ocrx_word' id='word_1_67' title='bbox 502 1010 688 1083; x_wconf 87' lang='lat' dir='ltr'><strong>portis</strong></span> <span class='ocrx_word' id='word_1_68' title='bbox 718 1007 941 1078; x_wconf 90' lang='lat' dir='ltr'><strong>templi,</strong></span> <span class='ocrx_word' id='word_1_69' title='bbox 979 1006 1266 1061; x_wconf 86' lang='lat' dir='ltr'><strong>deductos</strong></span> <span class='ocrx_word' id='word_1_70' title='bbox 1288 1002 1363 1058; x_wconf 89' lang='lat' dir='ltr'><strong>ibi</strong></span> <span class='ocrx_word' id='word_1_71' title='bbox 1392 1001 1740 1073; x_wconf 75' lang='lat' dir='ltr'><strong>poenitentes</strong></span> <span class='ocrx_word' id='word_1_72' title='bbox 1761 997 1880 1068; x_wconf 88' lang='lat' dir='ltr'><strong>epi-</strong></span> 
     </span>
    </p>
   </div>
   <div class='ocr_carea' id='block_1_13' title="bbox 224 1087 1880 1174">
    <p class='ocr_par' dir='ltr' id='par_1_13' title="bbox 224 1087 1880 1174">
     <span class='ocr_line' id='line_1_13' title="bbox 224 1087 1880 1174; baseline -0.013 -14"><span class='ocrx_word' id='word_1_73' title='bbox 224 1100 409 1174; x_wconf 90' lang='lat' dir='ltr'><strong>scopii</strong></span> <span class='ocrx_word' id='word_1_74' title='bbox 476 1115 604 1156; x_wconf 92' lang='lat' dir='ltr'><strong>cum</strong></span> <span class='ocrx_word' id='word_1_75' title='bbox 665 1098 908 1152; x_wconf 86' lang='lat' dir='ltr'><strong>maxima</strong></span> <span class='ocrx_word' id='word_1_76' title='bbox 969 1093 1292 1150; x_wconf 88' lang='lat' dir='ltr'><strong>reverentia</strong></span> <span class='ocrx_word' id='word_1_77' title='bbox 1348 1102 1407 1146; x_wconf 87' lang='lat' dir='ltr'><strong>et</strong></span> <span class='ocrx_word' id='word_1_78' title='bbox 1455 1087 1711 1146; x_wconf 87' lang='lat' dir='ltr'><strong>lacrimis</strong></span> <span class='ocrx_word' id='word_1_79' title='bbox 1765 1088 1880 1141; x_wconf 92' lang='lat' dir='ltr'><strong>Deo</strong></span> 
     </span>
    </p>
   </div>
   <div class='ocr_carea' id='block_1_14' title="bbox 227 1177 1880 1256">
    <p class='ocr_par' dir='ltr' id='par_1_14' title="bbox 227 1177 1880 1256">
     <span class='ocr_line' id='line_1_14' title="bbox 227 1177 1880 1256; baseline -0.011 -8"><span class='ocrx_word' id='word_1_80' title='bbox 227 1187 648 1256; x_wconf 71' lang='lat' dir='ltr'><strong>reconcnliavit,</strong></span> <span class='ocrx_word' id='word_1_81' title='bbox 687 1193 746 1240; x_wconf 91' lang='lat' dir='ltr'><strong>et</strong></span> <span class='ocrx_word' id='word_1_82' title='bbox 780 1183 1168 1240; x_wconf 91' lang='lat' dir='ltr'><strong>communioni</strong></span> <span class='ocrx_word' id='word_1_83' title='bbox 1221 1185 1436 1236; x_wconf 76' lang='lat' dir='ltr'><strong>sanctae</strong></span> <span class='ocrx_word' id='word_1_84' title='bbox 1482 1177 1743 1234; x_wconf 72' lang='lat' dir='ltr'><strong>ecclesias</strong></span> <span class='ocrx_word' id='word_1_85' title='bbox 1779 1189 1880 1245; x_wconf 93' lang='lat' dir='ltr'><strong>per</strong></span> 
     </span>
    </p>
   </div>
   <div class='ocr_carea' id='block_1_15' title="bbox 227 1263 1882 1336">
    <p class='ocr_par' dir='ltr' id='par_1_15' title="bbox 227 1263 1882 1336">
     <span class='ocr_line' id='line_1_15' title="bbox 227 1263 1882 1336; baseline -0.01 -2"><span class='ocrx_word' id='word_1_86' title='bbox 227 1293 430 1335; x_wconf 83' lang='lat' dir='ltr'><strong>manus</strong></span> <span class='ocrx_word' id='word_1_87' title='bbox 472 1274 1020 1332; x_wconf 84' lang='lat' dir='ltr'><strong>archidiaconorum</strong></span> <span class='ocrx_word' id='word_1_88' title='bbox 1073 1271 1179 1327; x_wconf 92' lang='lat' dir='ltr'><strong>sibi</strong></span> <span class='ocrx_word' id='word_1_89' title='bbox 1227 1268 1669 1336; x_wconf 86' lang='lat' dir='ltr'><strong>reconsignatos</strong></span> <span class='ocrx_word' id='word_1_90' title='bbox 1715 1263 1882 1319; x_wconf 86' lang='lat' dir='ltr'><strong>resti-</strong></span> 
     </span>
    </p>
   </div>
   <div class='ocr_carea' id='block_1_16' title="bbox 227 1352 1883 1432">
    <p class='ocr_par' dir='ltr' id='par_1_16' title="bbox 227 1352 1883 1432">
     <span class='ocr_line' id='line_1_16' title="bbox 227 1352 1883 1432; baseline -0.011 -8"><span class='ocrx_word' id='word_1_91' title='bbox 227 1368 366 1424; x_wconf 89' lang='lat' dir='ltr'><strong>tuit.</strong></span> <span class='ocrx_word' id='word_1_92' title='bbox 403 1365 618 1420; x_wconf 91' lang='lat' dir='ltr'><strong>Deinde</strong></span> <span class='ocrx_word' id='word_1_93' title='bbox 650 1361 1055 1432; x_wconf 90' lang='lat' dir='ltr'><strong>sollempniter</strong></span> <span class='ocrx_word' id='word_1_94' title='bbox 1090 1358 1369 1414; x_wconf 74' lang='lat' dir='ltr'><strong>infulatus</strong></span> <span class='ocrx_word' id='word_1_95' title='bbox 1393 1357 1602 1412; x_wconf 68' lang='lat' dir='ltr'><strong>missas</strong></span> <span class='ocrx_word' id='word_1_96' title='bbox 1623 1352 1883 1409; x_wconf 85' lang='lat' dir='ltr'><strong>celebra-</strong></span> 
     </span>
    </p>
   </div>
   <div class='ocr_carea' id='block_1_17' title="bbox 227 1440 1882 1525">
    <p class='ocr_par' dir='ltr' id='par_1_17' title="bbox 227 1440 1882 1525">
     <span class='ocr_line' id='line_1_17' title="bbox 227 1440 1882 1525; baseline -0.009 -14"><span class='ocrx_word' id='word_1_97' title='bbox 227 1460 398 1514; x_wconf 89' lang='lat' dir='ltr'><strong>turus</strong></span> <span class='ocrx_word' id='word_1_98' title='bbox 448 1451 866 1525; x_wconf 88' lang='lat' dir='ltr'><strong>episcopaliter</strong></span> <span class='ocrx_word' id='word_1_99' title='bbox 915 1447 1222 1520; x_wconf 89' lang='lat' dir='ltr'><strong>processit,</strong></span> <span class='ocrx_word' id='word_1_100' title='bbox 1277 1447 1496 1502; x_wconf 83' lang='lat' dir='ltr'><strong>habens</strong></span> <span class='ocrx_word' id='word_1_101' title='bbox 1539 1443 1592 1497; x_wconf 94' lang='lat' dir='ltr'><strong>in</strong></span> <span class='ocrx_word' id='word_1_102' title='bbox 1626 1440 1882 1497; x_wconf 88' lang='lat' dir='ltr'><strong>ministe-</strong></span> 
     </span>
    </p>
   </div>
   <div class='ocr_carea' id='block_1_18' title="bbox 235 1533 1881 1601">
    <p class='ocr_par' dir='ltr' id='par_1_18' title="bbox 235 1533 1881 1601">
     <span class='ocr_line' id='line_1_18' title="bbox 235 1533 1881 1601; baseline -0.01 -1"><span class='ocrx_word' id='word_1_103' title='bbox 235 1545 385 1600; x_wconf 86' lang='lat' dir='ltr'><strong>rium</strong></span> <span class='ocrx_word' id='word_1_104' title='bbox 427 1540 895 1598; x_wconf 89' lang='lat' dir='ltr'><strong>ecclesiasticum</strong></span> <span class='ocrx_word' id='word_1_105' title='bbox 930 1538 1154 1593; x_wconf 90' lang='lat' dir='ltr'><strong>electos</strong></span> <span class='ocrx_word' id='word_1_106' title='bbox 1186 1551 1255 1592; x_wconf 86' lang='lat' dir='ltr'><strong>ex</strong></span> <span class='ocrx_word' id='word_1_107' title='bbox 1292 1533 1573 1589; x_wconf 79' lang='lat' dir='ltr'><strong>fratribus</strong></span> <span class='ocrx_word' id='word_1_108' title='bbox 1605 1535 1881 1601; x_wconf 87' lang='lat' dir='ltr'><strong>septenos</strong></span> 
     </span>
    </p>
   </div>
   <div class='ocr_carea' id='block_1_19' title="bbox 1991 363 3628 442">
    <p class='ocr_par' dir='ltr' id='par_1_19' title="bbox 1991 363 3628 442">
     <span class='ocr_line' id='line_1_19' title="bbox 1991 363 3628 442; baseline -0.004 -16"><span class='ocrx_word' id='word_1_109' title='bbox 1991 370 2209 442; x_wconf 89' lang='lat' dir='ltr'><strong>pascali</strong></span> <span class='ocrx_word' id='word_1_110' title='bbox 2245 369 2406 441; x_wconf 79' lang='lat' dir='ltr'><strong>(Apr.</strong></span> <span class='ocrx_word' id='word_1_111' title='bbox 2437 369 2486 436; x_wconf 83' lang='grc'>1)</span> <span class='ocrx_word' id='word_1_112' title='bbox 2520 381 2648 436; x_wconf 65' lang='lat' dir='ltr'><strong>qua:</strong></span> <span class='ocrx_word' id='word_1_113' title='bbox 2671 366 2991 423; x_wconf 87' lang='lat' dir='ltr'><strong>obvenerat</strong></span> <span class='ocrx_word' id='word_1_114' title='bbox 3012 365 3070 420; x_wconf 91' lang='lat' dir='ltr'><strong>in</strong></span> <span class='ocrx_word' id='word_1_115' title='bbox 3095 363 3367 420; x_wconf 82' lang='lat' dir='ltr'><strong>Kalendis</strong></span> <span class='ocrx_word' id='word_1_116' title='bbox 3392 364 3628 435; x_wconf 85' lang='lat' dir='ltr'><strong>Aprilis,</strong></span> 
     </span>
    </p>
   </div>
   <div class='ocr_carea' id='block_1_20' title="bbox 1991 453 3630 524">
    <p class='ocr_par' dir='ltr' id='par_1_20' title="bbox 1991 453 3630 524">
     <span class='ocr_line' id='line_1_20' title="bbox 1991 453 3630 524; baseline -0.004 -10"><span class='ocrx_word' id='word_1_117' title='bbox 1991 456 2283 514; x_wconf 86' lang='lat' dir='ltr'><strong>dedicavit</strong></span> <span class='ocrx_word' id='word_1_118' title='bbox 2307 457 2626 512; x_wconf 89' lang='lat' dir='ltr'><strong>oratorium</strong></span> <span class='ocrx_word' id='word_1_119' title='bbox 2653 469 2824 511; x_wconf 90' lang='lat' dir='ltr'><strong>unum</strong></span> <span class='ocrx_word' id='word_1_120' title='bbox 2855 454 3008 524; x_wconf 90' lang='lat' dir='ltr'><strong>quod</strong></span> <span class='ocrx_word' id='word_1_121' title='bbox 3039 453 3253 508; x_wconf 90' lang='lat' dir='ltr'><strong>dicitur</strong></span> <span class='ocrx_word' id='word_1_122' title='bbox 3275 453 3343 508; x_wconf 84' lang='lat' dir='ltr'><strong>ad</strong></span> <span class='ocrx_word' id='word_1_123' title='bbox 3371 458 3630 508; x_wconf 90' lang='lat' dir='ltr'><strong>sanctam</strong></span> 
     </span>
    </p>
   </div>
   <div class='ocr_carea' id='block_1_21' title="bbox 1989 541 3629 614">
    <p class='ocr_par' dir='ltr' id='par_1_21' title="bbox 1989 541 3629 614">
     <span class='ocr_line' id='line_1_21' title="bbox 1989 541 3629 614; baseline -0.003 -13"><span class='ocrx_word' id='word_1_124' title='bbox 1989 545 2334 614; x_wconf 82' lang='lat' dir='ltr'><strong>Jerusalem,</strong></span> <span class='ocrx_word' id='word_1_125' title='bbox 2379 560 2448 601; x_wconf 92' lang='lat' dir='ltr'><strong>eo</strong></span> <span class='ocrx_word' id='word_1_126' title='bbox 2489 544 2641 614; x_wconf 92' lang='lat' dir='ltr'><strong>quod</strong></span> <span class='ocrx_word' id='word_1_127' title='bbox 2675 543 2744 598; x_wconf 92' lang='lat' dir='ltr'><strong>ad</strong></span> <span class='ocrx_word' id='word_1_128' title='bbox 2781 543 3007 597; x_wconf 88' lang='lat' dir='ltr'><strong>modum</strong></span> <span class='ocrx_word' id='word_1_129' title='bbox 3059 541 3326 596; x_wconf 90' lang='lat' dir='ltr'><strong>dominici</strong></span> <span class='ocrx_word' id='word_1_130' title='bbox 3377 541 3629 611; x_wconf 83' lang='lat' dir='ltr'><strong>sepulcri</strong></span> 
     </span>
    </p>
   </div>
   <div class='ocr_carea' id='block_1_22' title="bbox 1991 630 3633 703">
    <p class='ocr_par' dir='ltr' id='par_1_22' title="bbox 1991 630 3633 703">
     <span class='ocr_line' id='line_1_22' title="bbox 1991 630 3633 703; baseline -0.005 -13"><span class='ocrx_word' id='word_1_131' title='bbox 1991 635 2312 701; x_wconf 91' lang='lat' dir='ltr'><strong>conditum,</strong></span> <span class='ocrx_word' id='word_1_132' title='bbox 2349 633 2531 703; x_wconf 90' lang='lat' dir='ltr'><strong>ipsam</strong></span> <span class='ocrx_word' id='word_1_133' title='bbox 2566 645 2796 700; x_wconf 90' lang='lat' dir='ltr'><strong>quoque</strong></span> <span class='ocrx_word' id='word_1_134' title='bbox 2828 631 2953 699; x_wconf 77' lang='lat' dir='ltr'><strong>ejus</strong></span> <span class='ocrx_word' id='word_1_135' title='bbox 2983 630 3219 684; x_wconf 89' lang='lat' dir='ltr'><strong>formam</strong></span> <span class='ocrx_word' id='word_1_136' title='bbox 3253 633 3633 698; x_wconf 72' lang='lat' dir='ltr'><strong>repraesentet</strong></span> 
     </span>
    </p>
   </div>
   <div class='ocr_carea' id='block_1_23' title="bbox 1992 714 3634 788">
    <p class='ocr_par' dir='ltr' id='par_1_23' title="bbox 1992 714 3634 788">
     <span class='ocr_line' id='line_1_23' title="bbox 1992 714 3634 788; baseline -0.005 -10"><span class='ocrx_word' id='word_1_137' title='bbox 1992 722 2287 778; x_wconf 90' lang='lat' dir='ltr'><strong>devotioni</strong></span> <span class='ocrx_word' id='word_1_138' title='bbox 2320 720 2607 785; x_wconf 86' lang='lat' dir='ltr'><strong>ﬁdelium;</strong></span> <span class='ocrx_word' id='word_1_139' title='bbox 2640 720 2692 773; x_wconf 92' lang='lat' dir='ltr'><strong>in</strong></span> <span class='ocrx_word' id='word_1_140' title='bbox 2725 718 2989 788; x_wconf 88' lang='lat' dir='ltr'><strong>sequenti</strong></span> <span class='ocrx_word' id='word_1_141' title='bbox 3019 717 3264 774; x_wconf 88' lang='lat' dir='ltr'><strong>sabbato</strong></span> <span class='ocrx_word' id='word_1_142' title='bbox 3289 715 3444 772; x_wconf 90' lang='lat' dir='ltr'><strong>aliud</strong></span> <span class='ocrx_word' id='word_1_143' title='bbox 3480 714 3634 785; x_wconf 90' lang='lat' dir='ltr'><strong>quod</strong></span> 
     </span>
    </p>
   </div>
   <div class='ocr_carea' id='block_1_24' title="bbox 1992 802 3633 881">
    <p class='ocr_par' dir='ltr' id='par_1_24' title="bbox 1992 802 3633 881">
     <span class='ocr_line' id='line_1_24' title="bbox 1992 802 3633 881; baseline -0.006 -14"><span class='ocrx_word' id='word_1_144' title='bbox 1992 816 2119 867; x_wconf 88' lang='lat' dir='ltr'><strong>erat</strong></span> <span class='ocrx_word' id='word_1_145' title='bbox 2142 811 2378 881; x_wconf 84' lang='lat' dir='ltr'><strong>duplex,</strong></span> <span class='ocrx_word' id='word_1_146' title='bbox 2400 809 2454 865; x_wconf 91' lang='lat' dir='ltr'><strong>in</strong></span> <span class='ocrx_word' id='word_1_147' title='bbox 2478 808 2764 878; x_wconf 90' lang='lat' dir='ltr'><strong>superiori</strong></span> <span class='ocrx_word' id='word_1_148' title='bbox 2791 805 3096 862; x_wconf 89' lang='lat' dir='ltr'><strong>continens</strong></span> <span class='ocrx_word' id='word_1_149' title='bbox 3122 803 3453 860; x_wconf 90' lang='lat' dir='ltr'><strong>memoriam</strong></span> <span class='ocrx_word' id='word_1_150' title='bbox 3479 802 3633 858; x_wconf 89' lang='lat' dir='ltr'><strong>beati</strong></span> 
     </span>
    </p>
   </div>
   <div class='ocr_carea' id='block_1_25' title="bbox 1991 889 3631 966">
    <p class='ocr_par' dir='ltr' id='par_1_25' title="bbox 1991 889 3631 966">
     <span class='ocr_line' id='line_1_25' title="bbox 1991 889 3631 966; baseline -0.006 -12"><span class='ocrx_word' id='word_1_151' title='bbox 1991 898 2230 966; x_wconf 88' lang='lat' dir='ltr'><strong>Nicolai,</strong></span> <span class='ocrx_word' id='word_1_152' title='bbox 2270 899 2324 952; x_wconf 90' lang='lat' dir='ltr'><strong>in</strong></span> <span class='ocrx_word' id='word_1_153' title='bbox 2361 896 2624 953; x_wconf 89' lang='lat' dir='ltr'><strong>inferiori</strong></span> <span class='ocrx_word' id='word_1_154' title='bbox 2671 911 2808 951; x_wconf 89' lang='lat' dir='ltr'><strong>vero</strong></span> <span class='ocrx_word' id='word_1_155' title='bbox 2857 893 3009 949; x_wconf 90' lang='lat' dir='ltr'><strong>beati</strong></span> <span class='ocrx_word' id='word_1_156' title='bbox 3065 892 3307 948; x_wconf 74' lang='lat' dir='ltr'><strong>Andreae</strong></span> <span class='ocrx_word' id='word_1_157' title='bbox 3357 889 3631 962; x_wconf 90' lang='lat' dir='ltr'><strong>apostoli,</strong></span> 
     </span>
    </p>
   </div>
   <div class='ocr_carea' id='block_1_26' title="bbox 1993 979 3632 1058">
    <p class='ocr_par' dir='ltr' id='par_1_26' title="bbox 1993 979 3632 1058">
     <span class='ocr_line' id='line_1_26' title="bbox 1993 979 3632 1058; baseline -0.007 -15"><span class='ocrx_word' id='word_1_158' title='bbox 1993 987 2149 1058; x_wconf 90' lang='lat' dir='ltr'><strong>quod</strong></span> <span class='ocrx_word' id='word_1_159' title='bbox 2185 987 2253 1042; x_wconf 89' lang='lat' dir='ltr'><strong>ad</strong></span> <span class='ocrx_word' id='word_1_160' title='bbox 2284 987 2392 1043; x_wconf 91' lang='lat' dir='ltr'><strong>hoc</strong></span> <span class='ocrx_word' id='word_1_161' title='bbox 2422 986 2666 1042; x_wconf 90' lang='lat' dir='ltr'><strong>maxime</strong></span> <span class='ocrx_word' id='word_1_162' title='bbox 2713 983 3108 1040; x_wconf 69' lang='lat' dir='ltr'><strong>aediﬁcaverat</strong></span> <span class='ocrx_word' id='word_1_163' title='bbox 3152 980 3286 1037; x_wconf 87' lang='lat' dir='ltr'><strong>olim</strong></span> <span class='ocrx_word' id='word_1_164' title='bbox 3337 979 3537 1049; x_wconf 87' lang='lat' dir='ltr'><strong>abbas,</strong></span> <span class='ocrx_word' id='word_1_165' title='bbox 3570 982 3632 1036; x_wconf 92' lang='lat' dir='ltr'><strong>ut</strong></span> 
     </span>
    </p>
   </div>
   <div class='ocr_carea' id='block_1_27' title="bbox 1994 1067 3634 1146">
    <p class='ocr_par' dir='ltr' id='par_1_27' title="bbox 1994 1067 3634 1146">
     <span class='ocr_line' id='line_1_27' title="bbox 1994 1067 3634 1146; baseline -0.005 -17"><span class='ocrx_word' id='word_1_166' title='bbox 1994 1075 2072 1131; x_wconf 92' lang='lat' dir='ltr'><strong>ibi</strong></span> <span class='ocrx_word' id='word_1_167' title='bbox 2106 1075 2426 1146; x_wconf 90' lang='lat' dir='ltr'><strong>specialius</strong></span> <span class='ocrx_word' id='word_1_168' title='bbox 2458 1077 2733 1144; x_wconf 81' lang='lat' dir='ltr'><strong>ageretur</strong></span> <span class='ocrx_word' id='word_1_169' title='bbox 2777 1073 3017 1126; x_wconf 89' lang='lat' dir='ltr'><strong>fratrum</strong></span> <span class='ocrx_word' id='word_1_170' title='bbox 3060 1067 3356 1136; x_wconf 86' lang='lat' dir='ltr'><strong>memoria,</strong></span> <span class='ocrx_word' id='word_1_171' title='bbox 3392 1081 3634 1136; x_wconf 85' lang='lat' dir='ltr'><strong>quorum</strong></span> 
     </span>
    </p>
   </div>
   <div class='ocr_carea' id='block_1_28' title="bbox 1991 1155 3636 1235">
    <p class='ocr_par' dir='ltr' id='par_1_28' title="bbox 1991 1155 3636 1235">
     <span class='ocr_line' id='line_1_28' title="bbox 1991 1155 3636 1235; baseline -0.005 -16"><span class='ocrx_word' id='word_1_172' title='bbox 1991 1178 2238 1235; x_wconf 91' lang='lat' dir='ltr'><strong>corpora</strong></span> <span class='ocrx_word' id='word_1_173' title='bbox 2270 1162 2477 1218; x_wconf 90' lang='lat' dir='ltr'><strong>ibidem</strong></span> <span class='ocrx_word' id='word_1_174' title='bbox 2497 1162 2695 1231; x_wconf 91' lang='lat' dir='ltr'><strong>jacent</strong></span> <span class='ocrx_word' id='word_1_175' title='bbox 2718 1159 3002 1215; x_wconf 88' lang='lat' dir='ltr'><strong>translata</strong></span> <span class='ocrx_word' id='word_1_176' title='bbox 3025 1159 3096 1213; x_wconf 90' lang='lat' dir='ltr'><strong>ab</strong></span> <span class='ocrx_word' id='word_1_177' title='bbox 3114 1157 3328 1212; x_wconf 77' lang='lat' dir='ltr'><strong>effosso</strong></span> <span class='ocrx_word' id='word_1_178' title='bbox 3349 1155 3636 1212; x_wconf 85' lang='lat' dir='ltr'><strong>cimiterio</strong></span> 
     </span>
    </p>
   </div>
   <div class='ocr_carea' id='block_1_29' title="bbox 1997 1241 3637 1324">
    <p class='ocr_par' dir='ltr' id='par_1_29' title="bbox 1997 1241 3637 1324">
     <span class='ocr_line' id='line_1_29' title="bbox 1997 1241 3637 1324; baseline -0.005 -18"><span class='ocrx_word' id='word_1_179' title='bbox 1997 1267 2100 1324; x_wconf 89' lang='lat' dir='ltr'><strong>pro</strong></span> <span class='ocrx_word' id='word_1_180' title='bbox 2120 1252 2307 1322; x_wconf 85' lang='lat' dir='ltr'><strong>cripta</strong></span> <span class='ocrx_word' id='word_1_181' title='bbox 2330 1249 2676 1320; x_wconf 89' lang='lat' dir='ltr'><strong>amplianda.</strong></span> <span class='ocrx_word' id='word_1_182' title='bbox 2705 1247 2811 1314; x_wconf 90' lang='lat' dir='ltr'><strong>Qui</strong></span> <span class='ocrx_word' id='word_1_183' title='bbox 2834 1247 2966 1302; x_wconf 92' lang='lat' dir='ltr'><strong>dum</strong></span> <span class='ocrx_word' id='word_1_184' title='bbox 2988 1243 3208 1315; x_wconf 89' lang='lat' dir='ltr'><strong>paratis</strong></span> <span class='ocrx_word' id='word_1_185' title='bbox 3226 1243 3394 1299; x_wconf 87' lang='lat' dir='ltr'><strong>donis</strong></span> <span class='ocrx_word' id='word_1_186' title='bbox 3412 1241 3637 1313; x_wconf 87' lang='lat' dir='ltr'><strong>cpisco-</strong></span> 
     </span>
    </p>
   </div>
   <div class='ocr_carea' id='block_1_30' title="bbox 1996 1331 3636 1411">
    <p class='ocr_par' dir='ltr' id='par_1_30' title="bbox 1996 1331 3636 1411">
     <span class='ocr_line' id='line_1_30' title="bbox 1996 1331 3636 1411; baseline -0.007 -15"><span class='ocrx_word' id='word_1_187' title='bbox 1996 1355 2127 1411; x_wconf 87' lang='lat' dir='ltr'><strong>pum</strong></span> <span class='ocrx_word' id='word_1_188' title='bbox 2161 1338 2527 1394; x_wconf 89' lang='lat' dir='ltr'><strong>decrevisset</strong></span> <span class='ocrx_word' id='word_1_189' title='bbox 2567 1339 2856 1392; x_wconf 89' lang='lat' dir='ltr'><strong>honorare</strong></span> <span class='ocrx_word' id='word_1_190' title='bbox 2887 1349 2992 1404; x_wconf 93' lang='lat' dir='ltr'><strong>pro</strong></span> <span class='ocrx_word' id='word_1_191' title='bbox 3024 1333 3129 1388; x_wconf 93' lang='lat' dir='ltr'><strong>hac</strong></span> <span class='ocrx_word' id='word_1_192' title='bbox 3159 1331 3347 1402; x_wconf 87' lang='lat' dir='ltr'><strong>gratia</strong></span> <span class='ocrx_word' id='word_1_193' title='bbox 3380 1332 3636 1401; x_wconf 88' lang='lat' dir='ltr'><strong>impensa</strong></span> 
     </span>
    </p>
   </div>
   <div class='ocr_carea' id='block_1_31' title="bbox 1992 1419 3636 1498">
    <p class='ocr_par' dir='ltr' id='par_1_31' title="bbox 1992 1419 3636 1498">
     <span class='ocr_line' id='line_1_31' title="bbox 1992 1419 3636 1498; baseline -0.007 -14"><span class='ocrx_word' id='word_1_194' title='bbox 1992 1429 2280 1497; x_wconf 62' lang='lat' dir='ltr'><strong>ecclesiae,</strong></span> <span class='ocrx_word' id='word_1_195' title='bbox 2357 1427 2672 1498; x_wconf 82' lang='lat' dir='ltr'><strong>episcopus</strong></span> <span class='ocrx_word' id='word_1_196' title='bbox 2732 1439 2840 1479; x_wconf 93' lang='lat' dir='ltr'><strong>non</strong></span> <span class='ocrx_word' id='word_1_197' title='bbox 2901 1423 3086 1478; x_wconf 90' lang='lat' dir='ltr'><strong>solum</strong></span> <span class='ocrx_word' id='word_1_198' title='bbox 3157 1435 3270 1476; x_wconf 92' lang='lat' dir='ltr'><strong>non</strong></span> <span class='ocrx_word' id='word_1_199' title='bbox 3347 1419 3636 1490; x_wconf 84' lang='lat' dir='ltr'><strong>acquievit</strong></span> 
     </span>
    </p>
   </div>
   <div class='ocr_carea' id='block_1_32' title="bbox 1994 1508 3635 1588">
    <p class='ocr_par' dir='ltr' id='par_1_32' title="bbox 1994 1508 3635 1588">
     <span class='ocr_line' id='line_1_32' title="bbox 1994 1508 3635 1588; baseline -0.006 -15"><span class='ocrx_word' id='word_1_200' title='bbox 1994 1518 2302 1588; x_wconf 88' lang='lat' dir='ltr'><strong>quicquam</strong></span> <span class='ocrx_word' id='word_1_201' title='bbox 2329 1516 2460 1571; x_wconf 90' lang='lat' dir='ltr'><strong>inde</strong></span> <span class='ocrx_word' id='word_1_202' title='bbox 2487 1514 2771 1584; x_wconf 80' lang='lat' dir='ltr'><strong>accipere,</strong></span> <span class='ocrx_word' id='word_1_203' title='bbox 2800 1512 2898 1569; x_wconf 89' lang='lat' dir='ltr'><strong>sed</strong></span> <span class='ocrx_word' id='word_1_204' title='bbox 2924 1514 3164 1568; x_wconf 91' lang='lat' dir='ltr'><strong>econtra</strong></span> <span class='ocrx_word' id='word_1_205' title='bbox 3195 1508 3447 1566; x_wconf 89' lang='lat' dir='ltr'><strong>casulam</strong></span> <span class='ocrx_word' id='word_1_206' title='bbox 3478 1522 3635 1564; x_wconf 88' lang='lat' dir='ltr'><strong>suam</strong></span> 
     </span>
    </p>
   </div>
   <div class='ocr_carea' id='block_1_33' title="bbox 231 1598 1891 1702">
    <p class='ocr_par' dir='ltr' id='par_1_33' title="bbox 231 1619 1882 1702">
     <span class='ocr_line' id='line_1_33' title="bbox 231 1619 1882 1702; baseline -0.009 -14"><span class='ocrx_word' id='word_1_207' title='bbox 231 1631 693 1702; x_wconf 88' lang='lat' dir='ltr'><strong>uniuscujusque</strong></span> <span class='ocrx_word' id='word_1_208' title='bbox 727 1627 969 1687; x_wconf 88' lang='lat' dir='ltr'><strong>ordinis.</strong></span> <span class='ocrx_word' id='word_1_209' title='bbox 1014 1624 1316 1681; x_wconf 89' lang='lat' dir='ltr'><strong>duodecim</strong></span> <span class='ocrx_word' id='word_1_210' title='bbox 1352 1636 1583 1694; x_wconf 90' lang='lat' dir='ltr'><strong>quoque</strong></span> <span class='ocrx_word' id='word_1_211' title='bbox 1614 1619 1882 1676; x_wconf 83' lang='lat' dir='ltr'><strong>sacerdo-</strong></span> 
     </span>
    </p>
   </div>
   <div class='ocr_carea' id='block_1_34' title="bbox 2007 1598 3634 1702">
    <p class='ocr_par' dir='ltr' id='par_1_34' title="bbox 2007 1598 3634 1668">
     <span class='ocr_line' id='line_1_34' title="bbox 2007 1598 3634 1668; baseline -0.006 -6"><span class='ocrx_word' id='word_1_212' title='bbox 2007 1605 2386 1662; x_wconf 75' lang='lat' dir='ltr'><strong>)ontiﬁcalem</strong></span> <span class='ocrx_word' id='word_1_213' title='bbox 2418 1619 2546 1660; x_wconf 90' lang='lat' dir='ltr'><strong>cum</strong></span> <span class='ocrx_word' id='word_1_214' title='bbox 2581 1603 2731 1658; x_wconf 89' lang='lat' dir='ltr'><strong>stola</strong></span> <span class='ocrx_word' id='word_1_215' title='bbox 2763 1605 2823 1657; x_wconf 89' lang='lat' dir='ltr'><strong>et</strong></span> <span class='ocrx_word' id='word_1_216' title='bbox 2853 1600 3106 1668; x_wconf 90' lang='lat' dir='ltr'><strong>baltheo,</strong></span> <span class='ocrx_word' id='word_1_217' title='bbox 3148 1598 3375 1654; x_wconf 82' lang='lat' dir='ltr'><strong>duobus</strong></span> <span class='ocrx_word' id='word_1_218' title='bbox 3406 1610 3634 1667; x_wconf 91' lang='lat' dir='ltr'><strong>quoque</strong></span> 
     </span>
    </p>
   </div>
   <div class='ocr_carea' id='block_1_35' title="bbox 231 1708 1882 1778">
    <p class='ocr_par' dir='ltr' id='par_1_35' title="bbox 231 1708 1882 1778">
     <span class='ocr_line' id='line_1_35' title="bbox 231 1708 1882 1778; baseline -0.007 -3"><span class='ocrx_word' id='word_1_219' title='bbox 231 1729 320 1776; x_wconf 88' lang='lat' dir='ltr'><strong>tes</strong></span> <span class='ocrx_word' id='word_1_220' title='bbox 341 1720 390 1774; x_wconf 91' lang='lat' dir='ltr'><strong>in</strong></span> <span class='ocrx_word' id='word_1_221' title='bbox 411 1724 574 1774; x_wconf 88' lang='lat' dir='ltr'><strong>veste</strong></span> <span class='ocrx_word' id='word_1_222' title='bbox 597 1715 950 1773; x_wconf 87' lang='lat' dir='ltr'><strong>sacerdotali</strong></span> <span class='ocrx_word' id='word_1_223' title='bbox 976 1714 1427 1771; x_wconf 86' lang='lat' dir='ltr'><strong>circumstantes</strong></span> <span class='ocrx_word' id='word_1_224' title='bbox 1448 1724 1598 1776; x_wconf 88' lang='lat' dir='ltr'><strong>eum,</strong></span> <span class='ocrx_word' id='word_1_225' title='bbox 1621 1708 1690 1764; x_wconf 92' lang='lat' dir='ltr'><strong>ad</strong></span> <span class='ocrx_word' id='word_1_226' title='bbox 1711 1721 1882 1778; x_wconf 91' lang='lat' dir='ltr'><strong>expe-</strong></span> 
     </span>
    </p>
   </div>
   <div class='ocr_carea' id='block_1_36' title="bbox 232 1796 1883 1873">
    <p class='ocr_par' dir='ltr' id='par_1_36' title="bbox 232 1796 1883 1873">
     <span class='ocr_line' id='line_1_36' title="bbox 232 1796 1883 1873; baseline -0.01 -8"><span class='ocrx_word' id='word_1_227' title='bbox 232 1808 550 1865; x_wconf 88' lang='lat' dir='ltr'><strong>ctationem</strong></span> <span class='ocrx_word' id='word_1_228' title='bbox 583 1804 932 1863; x_wconf 87' lang='lat' dir='ltr'><strong>conficiendi</strong></span> <span class='ocrx_word' id='word_1_229' title='bbox 967 1804 1018 1858; x_wconf 92' lang='lat' dir='ltr'><strong>in</strong></span> <span class='ocrx_word' id='word_1_230' title='bbox 1055 1802 1183 1873; x_wconf 88' lang='lat' dir='ltr'><strong>ipso</strong></span> <span class='ocrx_word' id='word_1_231' title='bbox 1215 1814 1434 1857; x_wconf 91' lang='lat' dir='ltr'><strong>canone</strong></span> <span class='ocrx_word' id='word_1_232' title='bbox 1469 1797 1616 1854; x_wconf 90' lang='lat' dir='ltr'><strong>sacri</strong></span> <span class='ocrx_word' id='word_1_233' title='bbox 1648 1796 1883 1853; x_wconf 86' lang='lat' dir='ltr'><strong>erisma-</strong></span> 
     </span>
    </p>
   </div>
   <div class='ocr_carea' id='block_1_37' title="bbox 238 1885 1881 1964">
    <p class='ocr_par' dir='ltr' id='par_1_37' title="bbox 238 1885 1881 1964">
     <span class='ocr_line' id='line_1_37' title="bbox 238 1885 1881 1964; baseline -0.007 -13"><span class='ocrx_word' id='word_1_234' title='bbox 238 1896 335 1952; x_wconf 90' lang='lat' dir='ltr'><strong>tis.</strong></span> <span class='ocrx_word' id='word_1_235' title='bbox 373 1898 547 1951; x_wconf 88' lang='lat' dir='ltr'><strong>Tanta</strong></span> <span class='ocrx_word' id='word_1_236' title='bbox 583 1901 721 1951; x_wconf 88' lang='lat' dir='ltr'><strong>tunc</strong></span> <span class='ocrx_word' id='word_1_237' title='bbox 755 1892 1038 1964; x_wconf 91' lang='lat' dir='ltr'><strong>temporis</strong></span> <span class='ocrx_word' id='word_1_238' title='bbox 1067 1893 1193 1947; x_wconf 90' lang='lat' dir='ltr'><strong>erat</strong></span> <span class='ocrx_word' id='word_1_239' title='bbox 1230 1887 1557 1958; x_wconf 89' lang='lat' dir='ltr'><strong>frequentia</strong></span> <span class='ocrx_word' id='word_1_240' title='bbox 1589 1885 1881 1953; x_wconf 76' lang='lat' dir='ltr'><strong>religiosae</strong></span> 
     </span>
    </p>
   </div>
   <div class='ocr_carea' id='block_1_38' title="bbox 233 1978 1884 2055">
    <p class='ocr_par' dir='ltr' id='par_1_38' title="bbox 233 1978 1884 2055">
     <span class='ocr_line' id='line_1_38' title="bbox 233 1978 1884 2055; baseline -0.007 -16"><span class='ocrx_word' id='word_1_241' title='bbox 233 1983 728 2055; x_wconf 81' lang='lat' dir='ltr'><strong>congregationis,</strong></span> <span class='ocrx_word' id='word_1_242' title='bbox 779 1988 840 2038; x_wconf 93' lang='lat' dir='ltr'><strong>ut</strong></span> <span class='ocrx_word' id='word_1_243' title='bbox 885 1981 998 2036; x_wconf 89' lang='lat' dir='ltr'><strong>hiis</strong></span> <span class='ocrx_word' id='word_1_244' title='bbox 1054 1978 1320 2050; x_wconf 85' lang='lat' dir='ltr'><strong>exceptis</strong></span> <span class='ocrx_word' id='word_1_245' title='bbox 1376 1980 1664 2032; x_wconf 91' lang='lat' dir='ltr'><strong>conventu</strong></span> <span class='ocrx_word' id='word_1_246' title='bbox 1721 1987 1884 2029; x_wconf 90' lang='lat' dir='ltr'><strong>exse-</strong></span> 
     </span>
    </p>
   </div>
   <div class='ocr_carea' id='block_1_39' title="bbox 232 2065 1883 2145">
    <p class='ocr_par' dir='ltr' id='par_1_39' title="bbox 232 2065 1883 2145">
     <span class='ocr_line' id='line_1_39' title="bbox 232 2065 1883 2145; baseline -0.009 -15"><span class='ocrx_word' id='word_1_247' title='bbox 232 2073 445 2145; x_wconf 89' lang='lat' dir='ltr'><strong>quendi</strong></span> <span class='ocrx_word' id='word_1_248' title='bbox 470 2071 693 2128; x_wconf 88' lang='lat' dir='ltr'><strong>ordinis</strong></span> <span class='ocrx_word' id='word_1_249' title='bbox 714 2085 823 2125; x_wconf 92' lang='lat' dir='ltr'><strong>non</strong></span> <span class='ocrx_word' id='word_1_250' title='bbox 842 2068 1144 2125; x_wconf 84' lang='lat' dir='ltr'><strong>videretur</strong></span> <span class='ocrx_word' id='word_1_251' title='bbox 1169 2065 1364 2121; x_wconf 89' lang='lat' dir='ltr'><strong>minui.</strong></span> <span class='ocrx_word' id='word_1_252' title='bbox 1385 2065 1564 2119; x_wconf 89' lang='lat' dir='ltr'><strong>Tanta</strong></span> <span class='ocrx_word' id='word_1_253' title='bbox 1583 2075 1883 2119; x_wconf 90' lang='lat' dir='ltr'><strong>ornamen-</strong></span> 
     </span>
    </p>
   </div>
   <div class='ocr_carea' id='block_1_40' title="bbox 233 2150 1885 2230">
    <p class='ocr_par' dir='ltr' id='par_1_40' title="bbox 233 2150 1885 2230">
     <span class='ocr_line' id='line_1_40' title="bbox 233 2150 1885 2230; baseline -0.009 -12"><span class='ocrx_word' id='word_1_254' title='bbox 233 2169 424 2218; x_wconf 91' lang='lat' dir='ltr'><strong>torum</strong></span> <span class='ocrx_word' id='word_1_255' title='bbox 449 2161 612 2230; x_wconf 90' lang='lat' dir='ltr'><strong>eopia</strong></span> <span class='ocrx_word' id='word_1_256' title='bbox 640 2158 976 2214; x_wconf 84' lang='lat' dir='ltr'><strong>abundabat</strong></span> <span class='ocrx_word' id='word_1_257' title='bbox 999 2155 1286 2224; x_wconf 53' lang='lat' dir='ltr'><strong>ecclesiae,</strong></span> <span class='ocrx_word' id='word_1_258' title='bbox 1314 2158 1379 2210; x_wconf 91' lang='lat' dir='ltr'><strong>ut</strong></span> <span class='ocrx_word' id='word_1_259' title='bbox 1403 2151 1679 2224; x_wconf 90' lang='lat' dir='ltr'><strong>pretiosis</strong></span> <span class='ocrx_word' id='word_1_260' title='bbox 1706 2150 1885 2206; x_wconf 89' lang='lat' dir='ltr'><strong>vesti-</strong></span> 
     </span>
    </p>
   </div>
   <div class='ocr_carea' id='block_1_41' title="bbox 236 2238 1884 2318">
    <p class='ocr_par' dir='ltr' id='par_1_41' title="bbox 236 2238 1884 2318">
     <span class='ocr_line' id='line_1_41' title="bbox 236 2238 1884 2318; baseline -0.008 -12"><span class='ocrx_word' id='word_1_261' title='bbox 236 2252 342 2306; x_wconf 89' lang='lat' dir='ltr'><strong>bus</strong></span> <span class='ocrx_word' id='word_1_262' title='bbox 373 2254 564 2304; x_wconf 81' lang='lat' dir='ltr'><strong>ornati</strong></span> <span class='ocrx_word' id='word_1_263' title='bbox 599 2247 813 2317; x_wconf 79' lang='lat' dir='ltr'><strong>singuli</strong></span> <span class='ocrx_word' id='word_1_264' title='bbox 847 2244 1236 2318; x_wconf 85' lang='lat' dir='ltr'><strong>procederent</strong></span> <span class='ocrx_word' id='word_1_265' title='bbox 1271 2243 1326 2297; x_wconf 92' lang='lat' dir='ltr'><strong>in</strong></span> <span class='ocrx_word' id='word_1_266' title='bbox 1361 2256 1468 2297; x_wconf 93' lang='lat' dir='ltr'><strong>suo</strong></span> <span class='ocrx_word' id='word_1_267' title='bbox 1500 2239 1727 2303; x_wconf 89' lang='lat' dir='ltr'><strong>ordine,</strong></span> <span class='ocrx_word' id='word_1_268' title='bbox 1763 2238 1884 2309; x_wconf 89' lang='lat' dir='ltr'><strong>ipse</strong></span> 
     </span>
    </p>
   </div>
   <div class='ocr_carea' id='block_1_42' title="bbox 237 2325 1882 2408">
    <p class='ocr_par' dir='ltr' id='par_1_42' title="bbox 237 2325 1882 2408">
     <span class='ocr_line' id='line_1_42' title="bbox 237 2325 1882 2408; baseline -0.009 -15"><span class='ocrx_word' id='word_1_269' title='bbox 237 2338 413 2394; x_wconf 90' lang='lat' dir='ltr'><strong>etiam</strong></span> <span class='ocrx_word' id='word_1_270' title='bbox 465 2336 777 2408; x_wconf 90' lang='lat' dir='ltr'><strong>episcopus</strong></span> <span class='ocrx_word' id='word_1_271' title='bbox 826 2333 950 2390; x_wconf 92' lang='lat' dir='ltr'><strong>suis</strong></span> <span class='ocrx_word' id='word_1_272' title='bbox 1001 2331 1346 2404; x_wconf 86' lang='lat' dir='ltr'><strong>postpositis</strong></span> <span class='ocrx_word' id='word_1_273' title='bbox 1395 2327 1650 2384; x_wconf 68' lang='lat' dir='ltr'><strong>casulam</strong></span> <span class='ocrx_word' id='word_1_274' title='bbox 1697 2325 1882 2381; x_wconf 88' lang='lat' dir='ltr'><strong>albam</strong></span> 
     </span>
    </p>
   </div>
   <div class='ocr_carea' id='block_1_43' title="bbox 236 2415 1886 2494">
    <p class='ocr_par' dir='ltr' id='par_1_43' title="bbox 236 2415 1886 2494">
     <span class='ocr_line' id='line_1_43' title="bbox 236 2415 1886 2494; baseline -0.009 -12"><span class='ocrx_word' id='word_1_275' title='bbox 236 2426 526 2493; x_wconf 88' lang='lat' dir='ltr'><strong>indueret,</strong></span> <span class='ocrx_word' id='word_1_276' title='bbox 565 2439 694 2494; x_wconf 74' lang='lat' dir='ltr'><strong>quae</strong></span> <span class='ocrx_word' id='word_1_277' title='bbox 721 2424 907 2479; x_wconf 88' lang='lat' dir='ltr'><strong>fuerat</strong></span> <span class='ocrx_word' id='word_1_278' title='bbox 932 2420 1140 2478; x_wconf 86' lang='lat' dir='ltr'><strong>Leonis</strong></span> <span class='ocrx_word' id='word_1_279' title='bbox 1166 2432 1350 2491; x_wconf 68' lang='lat' dir='ltr'><strong>papae,</strong></span> <span class='ocrx_word' id='word_1_280' title='bbox 1381 2416 1536 2485; x_wconf 92' lang='lat' dir='ltr'><strong>data,</strong></span> <span class='ocrx_word' id='word_1_281' title='bbox 1571 2422 1635 2472; x_wconf 90' lang='lat' dir='ltr'><strong>ut</strong></span> <span class='ocrx_word' id='word_1_282' title='bbox 1665 2415 1886 2470; x_wconf 88' lang='lat' dir='ltr'><strong>dictum</strong></span> 
     </span>
    </p>
   </div>
   <div class='ocr_carea' id='block_1_44' title="bbox 234 2499 1882 2582">
    <p class='ocr_par' dir='ltr' id='par_1_44' title="bbox 234 2499 1882 2582">
     <span class='ocr_line' id='line_1_44' title="bbox 234 2499 1882 2582; baseline -0.009 -14"><span class='ocrx_word' id='word_1_283' title='bbox 234 2516 320 2568; x_wconf 92' lang='lat' dir='ltr'><strong>est</strong></span> <span class='ocrx_word' id='word_1_284' title='bbox 356 2510 524 2582; x_wconf 88' lang='grc'><strong>(117),</strong></span> <span class='ocrx_word' id='word_1_285' title='bbox 561 2509 757 2565; x_wconf 89' lang='lat' dir='ltr'><strong>abbati</strong></span> <span class='ocrx_word' id='word_1_286' title='bbox 781 2507 1140 2564; x_wconf 75' lang='lat' dir='ltr'><strong>Theoderico</strong></span> <span class='ocrx_word' id='word_1_287' title='bbox 1165 2519 1195 2560; x_wconf 94' lang='lat' dir='ltr'><strong>a</strong></span> <span class='ocrx_word' id='word_1_288' title='bbox 1221 2505 1482 2562; x_wconf 87' lang='lat' dir='ltr'><strong>Beatrice</strong></span> <span class='ocrx_word' id='word_1_289' title='bbox 1506 2508 1562 2558; x_wconf 89' lang='lat' dir='ltr'><strong>et</strong></span> <span class='ocrx_word' id='word_1_290' title='bbox 1589 2499 1882 2556; x_wconf 84' lang='lat' dir='ltr'><strong>Matbilde.</strong></span> 
     </span>
    </p>
   </div>
   <div class='ocr_carea' id='block_1_45' title="bbox 236 2591 1889 2666">
    <p class='ocr_par' dir='ltr' id='par_1_45' title="bbox 236 2591 1889 2666">
     <span class='ocr_line' id='line_1_45' title="bbox 236 2591 1889 2666; baseline -0.008 -10"><span class='ocrx_word' id='word_1_291' title='bbox 236 2599 462 2666; x_wconf 87' lang='lat' dir='ltr'><strong>Quanta</strong></span> <span class='ocrx_word' id='word_1_292' title='bbox 485 2613 624 2654; x_wconf 88' lang='lat' dir='ltr'><strong>vero</strong></span> <span class='ocrx_word' id='word_1_293' title='bbox 648 2596 960 2652; x_wconf 89' lang='lat' dir='ltr'><strong>devotione</strong></span> <span class='ocrx_word' id='word_1_294' title='bbox 993 2594 1340 2651; x_wconf 87' lang='lat' dir='ltr'><strong>dominicam</strong></span> <span class='ocrx_word' id='word_1_295' title='bbox 1372 2591 1697 2664; x_wconf 83' lang='lat' dir='ltr'><strong>passionem</strong></span> <span class='ocrx_word' id='word_1_296' title='bbox 1721 2593 1776 2644; x_wconf 90' lang='lat' dir='ltr'><strong>et</strong></span> <span class='ocrx_word' id='word_1_297' title='bbox 1803 2601 1889 2644; x_wconf 90' lang='lat' dir='ltr'><strong>se-</strong></span> 
     </span>
    </p>
   </div>
   <div class='ocr_carea' id='block_1_46' title="bbox 243 2676 1892 2758">
    <p class='ocr_par' dir='ltr' id='par_1_46' title="bbox 243 2676 1892 2758">
     <span class='ocr_line' id='line_1_46' title="bbox 243 2676 1892 2758; baseline -0.009 -14"><span class='ocrx_word' id='word_1_298' title='bbox 243 2686 536 2758; x_wconf 59' lang='lat' dir='ltr'><strong>pulturam</strong></span> <span class='ocrx_word' id='word_1_299' title='bbox 569 2685 853 2755; x_wconf 75' lang='lat' dir='ltr'><strong>exegerit,</strong></span> <span class='ocrx_word' id='word_1_300' title='bbox 890 2699 998 2755; x_wconf 89' lang='lat' dir='ltr'><strong>qua</strong></span> <span class='ocrx_word' id='word_1_301' title='bbox 1031 2682 1336 2738; x_wconf 87' lang='lat' dir='ltr'><strong>alacritate</strong></span> <span class='ocrx_word' id='word_1_302' title='bbox 1359 2695 1486 2736; x_wconf 91' lang='lat' dir='ltr'><strong>cum</strong></span> <span class='ocrx_word' id='word_1_303' title='bbox 1514 2677 1746 2750; x_wconf 89' lang='lat' dir='ltr'><strong>publica</strong></span> <span class='ocrx_word' id='word_1_304' title='bbox 1781 2676 1892 2730; x_wconf 90' lang='lat' dir='ltr'><strong>fra-</strong></span> 
     </span>
    </p>
   </div>
   <div class='ocr_carea' id='block_1_47' title="bbox 237 2764 1890 2846">
    <p class='ocr_par' dir='ltr' id='par_1_47' title="bbox 237 2764 1890 2846">
     <span class='ocr_line' id='line_1_47' title="bbox 237 2764 1890 2846; baseline -0.006 -17"><span class='ocrx_word' id='word_1_305' title='bbox 237 2779 393 2831; x_wconf 89' lang='lat' dir='ltr'><strong>trum</strong></span> <span class='ocrx_word' id='word_1_306' title='bbox 437 2774 834 2846; x_wconf 87' lang='lat' dir='ltr'><strong>processione,</strong></span> <span class='ocrx_word' id='word_1_307' title='bbox 877 2772 1269 2828; x_wconf 90' lang='lat' dir='ltr'><strong>ambientibus</strong></span> <span class='ocrx_word' id='word_1_308' title='bbox 1301 2785 1429 2824; x_wconf 90' lang='lat' dir='ltr'><strong>eum</strong></span> <span class='ocrx_word' id='word_1_309' title='bbox 1463 2764 1890 2824; x_wconf 87' lang='lat' dir='ltr'><strong>archidiaconis</strong></span> 
     </span>
    </p>
   </div>
   <div class='ocr_carea' id='block_1_48' title="bbox 247 2854 1890 2934">
    <p class='ocr_par' dir='ltr' id='par_1_48' title="bbox 247 2854 1890 2934">
     <span class='ocr_line' id='line_1_48' title="bbox 247 2854 1890 2934; baseline -0.007 -16"><span class='ocrx_word' id='word_1_310' title='bbox 247 2863 392 2933; x_wconf 90' lang='lat' dir='ltr'><strong>suis,</strong></span> <span class='ocrx_word' id='word_1_311' title='bbox 428 2863 484 2919; x_wconf 92' lang='lat' dir='ltr'><strong>in</strong></span> <span class='ocrx_word' id='word_1_312' title='bbox 517 2859 648 2934; x_wconf 80' lang='lat' dir='ltr'><strong>ipso&#39;</strong></span> <span class='ocrx_word' id='word_1_313' title='bbox 677 2867 879 2918; x_wconf 90' lang='lat' dir='ltr'><strong>sancto</strong></span> <span class='ocrx_word' id='word_1_314' title='bbox 909 2861 1156 2917; x_wconf 91' lang='lat' dir='ltr'><strong>sabbato</strong></span> <span class='ocrx_word' id='word_1_315' title='bbox 1185 2859 1339 2915; x_wconf 89' lang='lat' dir='ltr'><strong>sacri</strong></span> <span class='ocrx_word' id='word_1_316' title='bbox 1374 2855 1740 2928; x_wconf 90' lang='lat' dir='ltr'><strong>baptismatis</strong></span> <span class='ocrx_word' id='word_1_317' title='bbox 1774 2854 1890 2908; x_wconf 92' lang='lat' dir='ltr'><strong>fon-</strong></span> 
     </span>
    </p>
   </div>
   <div class='ocr_carea' id='block_1_49' title="bbox 246 2941 1971 3022">
    <p class='ocr_par' dir='ltr' id='par_1_49' title="bbox 246 2941 1971 3022">
     <span class='ocr_line' id='line_1_49' title="bbox 246 2941 1971 3022; baseline -0.006 -16"><span class='ocrx_word' id='word_1_318' title='bbox 246 2957 339 3007; x_wconf 92' lang='lat' dir='ltr'><strong>tes</strong></span> <span class='ocrx_word' id='word_1_319' title='bbox 356 2966 456 3007; x_wconf 90' lang='lat' dir='ltr'><strong>ore</strong></span> <span class='ocrx_word' id='word_1_320' title='bbox 473 2952 710 3022; x_wconf 92' lang='lat' dir='ltr'><strong>proprio</strong></span> <span class='ocrx_word' id='word_1_321' title='bbox 734 2948 1190 3017; x_wconf 87' lang='lat' dir='ltr'><strong>consecraverit,</strong></span> <span class='ocrx_word' id='word_1_322' title='bbox 1215 2947 1466 3018; x_wconf 78' lang='lat' dir='ltr'><strong>qualiter</strong></span> <span class='ocrx_word' id='word_1_323' title='bbox 1484 2946 1592 3000; x_wconf 92' lang='lat' dir='ltr'><strong>hoc</strong></span> <span class='ocrx_word' id='word_1_324' title='bbox 1611 2944 1758 2999; x_wconf 91' lang='lat' dir='ltr'><strong>idem</strong></span> <span class='ocrx_word' id='word_1_325' title='bbox 1780 2941 1894 3014; x_wconf 91' lang='lat' dir='ltr'><strong>pri-</strong></span> <span class='ocrx_word' id='word_1_326' title='bbox 1924 2961 1971 3019; x_wconf 66' lang='grc' dir='ltr'><em>α</em></span> 
     </span>
    </p>
   </div>
   <div class='ocr_carea' id='block_1_50' title="bbox 246 3031 1890 3109">
    <p class='ocr_par' dir='ltr' id='par_1_50' title="bbox 246 3031 1890 3109">
     <span class='ocr_line' id='line_1_50' title="bbox 246 3031 1890 3109; baseline -0.007 -13"><span class='ocrx_word' id='word_1_327' title='bbox 246 3039 521 3109; x_wconf 88' lang='lat' dir='ltr'><strong>vilegium</strong></span> <span class='ocrx_word' id='word_1_328' title='bbox 546 3039 752 3095; x_wconf 88' lang='lat' dir='ltr'><strong>matris</strong></span> <span class='ocrx_word' id='word_1_329' title='bbox 774 3038 1040 3095; x_wconf 78' lang='lat' dir='ltr'><strong>ecclesiae</strong></span> <span class='ocrx_word' id='word_1_330' title='bbox 1064 3052 1162 3093; x_wconf 92' lang='lat' dir='ltr'><strong>sua</strong></span> <span class='ocrx_word' id='word_1_331' title='bbox 1184 3036 1539 3092; x_wconf 87' lang='lat' dir='ltr'><strong>auctoritate</strong></span> <span class='ocrx_word' id='word_1_332' title='bbox 1567 3031 1890 3088; x_wconf 89' lang='lat' dir='ltr'><strong>laudaverit</strong></span> 
     </span>
    </p>
   </div>
   <div class='ocr_carea' id='block_1_51' title="bbox 241 3121 1894 3198">
    <p class='ocr_par' dir='ltr' id='par_1_51' title="bbox 241 3121 1894 3198">
     <span class='ocr_line' id='line_1_51' title="bbox 241 3121 1894 3198; baseline -0.005 -16"><span class='ocrx_word' id='word_1_333' title='bbox 241 3132 296 3182; x_wconf 91' lang='lat' dir='ltr'><strong>et</strong></span> <span class='ocrx_word' id='word_1_334' title='bbox 319 3128 676 3198; x_wconf 87' lang='lat' dir='ltr'><strong>probaverit,</strong></span> <span class='ocrx_word' id='word_1_335' title='bbox 697 3131 917 3196; x_wconf 89' lang='lat' dir='ltr'><strong>quanta</strong></span> <span class='ocrx_word' id='word_1_336' title='bbox 935 3132 994 3182; x_wconf 91' lang='lat' dir='ltr'><strong>et</strong></span> <span class='ocrx_word' id='word_1_337' title='bbox 1014 3124 1168 3195; x_wconf 91' lang='lat' dir='ltr'><strong>quali</strong></span> <span class='ocrx_word' id='word_1_338' title='bbox 1189 3123 1374 3194; x_wconf 79' lang='lat' dir='ltr'><strong>gloria</strong></span> <span class='ocrx_word' id='word_1_339' title='bbox 1392 3127 1450 3178; x_wconf 83' lang='lat' dir='ltr'><strong>et</strong></span> <span class='ocrx_word' id='word_1_340' title='bbox 1471 3121 1672 3178; x_wconf 62' lang='lat' dir='ltr'><strong>latitia</strong></span> <span class='ocrx_word' id='word_1_341' title='bbox 1698 3134 1894 3190; x_wconf 84' lang='lat' dir='ltr'><strong>pasca-</strong></span> 
     </span>
    </p>
   </div>
   <div class='ocr_carea' id='block_1_52' title="bbox 242 3208 1890 3286">
    <p class='ocr_par' dir='ltr' id='par_1_52' title="bbox 242 3208 1890 3286">
     <span class='ocr_line' id='line_1_52' title="bbox 242 3208 1890 3286; baseline -0.004 -17"><span class='ocrx_word' id='word_1_342' title='bbox 242 3215 356 3270; x_wconf 92' lang='lat' dir='ltr'><strong>lem</strong></span> <span class='ocrx_word' id='word_1_343' title='bbox 390 3214 884 3286; x_wconf 91' lang='lat' dir='ltr'><strong>sollempnitatem</strong></span> <span class='ocrx_word' id='word_1_344' title='bbox 923 3212 1316 3269; x_wconf 81' lang='lat' dir='ltr'><strong>celebraverit</strong></span> <span class='ocrx_word' id='word_1_345' title='bbox 1347 3214 1527 3280; x_wconf 82' lang='lat'><strong>(1076,</strong></span> <span class='ocrx_word' id='word_1_346' title='bbox 1559 3208 1741 3266; x_wconf 77' lang='lat' dir='ltr'><strong>Mart.</strong></span> <span class='ocrx_word' id='word_1_347' title='bbox 1778 3208 1890 3277; x_wconf 77' lang='grc'>27),</span> 
     </span>
    </p>
   </div>
   <div class='ocr_carea' id='block_1_53' title="bbox 243 3295 1892 3368">
    <p class='ocr_par' dir='ltr' id='par_1_53' title="bbox 243 3295 1892 3368">
     <span class='ocr_line' id='line_1_53' title="bbox 243 3295 1892 3368; baseline -0.006 -9"><span class='ocrx_word' id='word_1_348' title='bbox 243 3302 380 3359; x_wconf 91' lang='lat' dir='ltr'><strong>olim</strong></span> <span class='ocrx_word' id='word_1_349' title='bbox 414 3301 659 3359; x_wconf 89' lang='lat' dir='ltr'><strong>relatum</strong></span> <span class='ocrx_word' id='word_1_350' title='bbox 685 3303 781 3357; x_wconf 85' lang='lat' dir='ltr'><strong>vix</strong></span> <span class='ocrx_word' id='word_1_351' title='bbox 803 3301 1087 3358; x_wconf 55' lang='lat' dir='ltr'><strong>credibile</strong></span> <span class='ocrx_word' id='word_1_352' title='bbox 1116 3299 1411 3356; x_wconf 88' lang='lat' dir='ltr'><strong>videbitur</strong></span> <span class='ocrx_word' id='word_1_353' title='bbox 1445 3295 1715 3368; x_wconf 88' lang='lat' dir='ltr'><strong>posteris.</strong></span> <span class='ocrx_word' id='word_1_354' title='bbox 1753 3295 1892 3350; x_wconf 89' lang='lat' dir='ltr'><strong>Cum</strong></span> 
     </span>
    </p>
   </div>
   <div class='ocr_carea' id='block_1_54' title="bbox 240 3383 1895 3461">
    <p class='ocr_par' dir='ltr' id='par_1_54' title="bbox 240 3383 1895 3461">
     <span class='ocr_line' id='line_1_54' title="bbox 240 3383 1895 3461; baseline -0.007 -13"><span class='ocrx_word' id='word_1_355' title='bbox 240 3394 298 3448; x_wconf 89' lang='lat' dir='ltr'><strong>et</strong></span> <span class='ocrx_word' id='word_1_356' title='bbox 345 3390 454 3461; x_wconf 69' lang='lat' dir='ltr'><strong>ips:</strong></span> <span class='ocrx_word' id='word_1_357' title='bbox 500 3389 755 3446; x_wconf 91' lang='lat' dir='ltr'><strong>curiales</strong></span> <span class='ocrx_word' id='word_1_358' title='bbox 796 3389 1076 3461; x_wconf 90' lang='lat' dir='ltr'><strong>episeopii</strong></span> <span class='ocrx_word' id='word_1_359' title='bbox 1119 3387 1450 3459; x_wconf 91' lang='lat' dir='ltr'><strong>posthabita</strong></span> <span class='ocrx_word' id='word_1_360' title='bbox 1492 3385 1638 3442; x_wconf 93' lang='lat' dir='ltr'><strong>urbe</strong></span> <span class='ocrx_word' id='word_1_361' title='bbox 1675 3384 1746 3438; x_wconf 90' lang='lat' dir='ltr'><strong>ab</strong></span> <span class='ocrx_word' id='word_1_362' title='bbox 1775 3383 1895 3455; x_wconf 89' lang='lat' dir='ltr'><strong>epi-</strong></span> 
     </span>
    </p>
   </div>
   <div class='ocr_carea' id='block_1_55' title="bbox 245 3471 1892 3547">
    <p class='ocr_par' dir='ltr' id='par_1_55' title="bbox 245 3471 1892 3547">
     <span class='ocr_line' id='line_1_55' title="bbox 245 3471 1892 3547; baseline -0.005 -14"><span class='ocrx_word' id='word_1_363' title='bbox 245 3491 421 3547; x_wconf 89' lang='lat' dir='ltr'><strong>scopo</strong></span> <span class='ocrx_word' id='word_1_364' title='bbox 453 3490 513 3532; x_wconf 89' lang='lat' dir='ltr'><strong>se</strong></span> <span class='ocrx_word' id='word_1_365' title='bbox 548 3490 707 3546; x_wconf 68' lang='lat' dir='ltr'><strong>quas:</strong></span> <span class='ocrx_word' id='word_1_366' title='bbox 745 3476 798 3531; x_wconf 94' lang='lat' dir='ltr'><strong>in</strong></span> <span class='ocrx_word' id='word_1_367' title='bbox 835 3475 1152 3532; x_wconf 86' lang='lat' dir='ltr'><strong>solitudine</strong></span> <span class='ocrx_word' id='word_1_368' title='bbox 1185 3475 1256 3530; x_wconf 89' lang='lat' dir='ltr'><strong>ad</strong></span> <span class='ocrx_word' id='word_1_369' title='bbox 1287 3489 1415 3530; x_wconf 92' lang='lat' dir='ltr'><strong>eum</strong></span> <span class='ocrx_word' id='word_1_370' title='bbox 1442 3473 1786 3530; x_wconf 90' lang='lat' dir='ltr'><strong>convenisse</strong></span> <span class='ocrx_word' id='word_1_371' title='bbox 1812 3471 1892 3526; x_wconf 93' lang='lat' dir='ltr'><strong>in-</strong></span> 
     </span>
    </p>
   </div>
   <div class='ocr_carea' id='block_1_56' title="bbox 243 3560 1894 3635">
    <p class='ocr_par' dir='ltr' id='par_1_56' title="bbox 243 3560 1894 3635">
     <span class='ocr_line' id='line_1_56' title="bbox 243 3560 1894 3635; baseline -0.003 -14"><span class='ocrx_word' id='word_1_372' title='bbox 243 3565 646 3635; x_wconf 84' lang='lat' dir='ltr'><strong>dignarentur,</strong></span> <span class='ocrx_word' id='word_1_373' title='bbox 687 3579 794 3620; x_wconf 89' lang='lat' dir='ltr'><strong>nec</strong></span> <span class='ocrx_word' id='word_1_374' title='bbox 831 3568 1026 3620; x_wconf 90' lang='lat' dir='ltr'><strong>tamen</strong></span> <span class='ocrx_word' id='word_1_375' title='bbox 1071 3563 1161 3620; x_wconf 92' lang='lat' dir='ltr'><strong>vel</strong></span> <span class='ocrx_word' id='word_1_376' title='bbox 1195 3563 1249 3618; x_wconf 91' lang='lat' dir='ltr'><strong>in</strong></span> <span class='ocrx_word' id='word_1_377' title='bbox 1285 3563 1498 3618; x_wconf 81' lang='lat' dir='ltr'><strong>divinis</strong></span> <span class='ocrx_word' id='word_1_378' title='bbox 1534 3560 1894 3632; x_wconf 90' lang='lat' dir='ltr'><strong>sollempniis</strong></span> 
     </span>
    </p>
   </div>
   <div class='ocr_carea' id='block_1_57' title="bbox 241 3649 1894 3722">
    <p class='ocr_par' dir='ltr' id='par_1_57' title="bbox 241 3649 1894 3722">
     <span class='ocr_line' id='line_1_57' title="bbox 241 3649 1894 3722; baseline -0.003 -13"><span class='ocrx_word' id='word_1_379' title='bbox 241 3652 331 3709; x_wconf 87' lang='lat' dir='ltr'><strong>vel</strong></span> <span class='ocrx_word' id='word_1_380' title='bbox 363 3653 420 3708; x_wconf 91' lang='lat' dir='ltr'><strong>in</strong></span> <span class='ocrx_word' id='word_1_381' title='bbox 455 3667 646 3708; x_wconf 85' lang='lat' dir='ltr'><strong>rerum</strong></span> <span class='ocrx_word' id='word_1_382' title='bbox 689 3653 1049 3710; x_wconf 87' lang='lat' dir='ltr'><strong>exteriorum</strong></span> <span class='ocrx_word' id='word_1_383' title='bbox 1092 3650 1278 3722; x_wconf 89' lang='lat' dir='ltr'><strong>cepiis</strong></span> <span class='ocrx_word' id='word_1_384' title='bbox 1316 3665 1376 3706; x_wconf 90' lang='lat' dir='ltr'><strong>se</strong></span> <span class='ocrx_word' id='word_1_385' title='bbox 1407 3664 1535 3705; x_wconf 53' lang='lat' dir='ltr'><strong>esse</strong></span> <span class='ocrx_word' id='word_1_386' title='bbox 1575 3649 1894 3705; x_wconf 89' lang='lat' dir='ltr'><strong>diminutos</strong></span> 
     </span>
    </p>
   </div>
   <div class='ocr_carea' id='block_1_58' title="bbox 251 3737 1895 3809">
    <p class='ocr_par' dir='ltr' id='par_1_58' title="bbox 251 3737 1895 3809">
     <span class='ocr_line' id='line_1_58' title="bbox 251 3737 1895 3809; baseline -0.002 -14"><span class='ocrx_word' id='word_1_387' title='bbox 251 3741 623 3796; x_wconf 89' lang='lat' dir='ltr'><strong>mirarentur.</strong></span> <span class='ocrx_word' id='word_1_388' title='bbox 666 3741 1016 3796; x_wconf 88' lang='lat' dir='ltr'><strong>Elaborabat</strong></span> <span class='ocrx_word' id='word_1_389' title='bbox 1057 3752 1286 3809; x_wconf 87' lang='lat' dir='ltr'><strong>quoque</strong></span> <span class='ocrx_word' id='word_1_390' title='bbox 1324 3737 1635 3808; x_wconf 90' lang='lat' dir='ltr'><strong>episcopus</strong></span> <span class='ocrx_word' id='word_1_391' title='bbox 1667 3750 1736 3792; x_wconf 91' lang='lat' dir='ltr'><strong>ne</strong></span> <span class='ocrx_word' id='word_1_392' title='bbox 1769 3750 1895 3806; x_wconf 93' lang='lat' dir='ltr'><strong>pro—</strong></span> 
     </span>
    </p>
   </div>
   <div class='ocr_carea' id='block_1_59' title="bbox 247 3824 1895 3900">
    <p class='ocr_par' dir='ltr' id='par_1_59' title="bbox 247 3824 1895 3900">
     <span class='ocr_line' id='line_1_59' title="bbox 247 3824 1895 3900; baseline -0.003 -17"><span class='ocrx_word' id='word_1_393' title='bbox 247 3832 380 3900; x_wconf 90' lang='lat' dir='ltr'><strong>pter</strong></span> <span class='ocrx_word' id='word_1_394' title='bbox 415 3828 798 3898; x_wconf 88' lang='lat' dir='ltr'><strong>frequentiam</strong></span> <span class='ocrx_word' id='word_1_395' title='bbox 834 3826 1112 3883; x_wconf 89' lang='lat' dir='ltr'><strong>curialem</strong></span> <span class='ocrx_word' id='word_1_396' title='bbox 1147 3826 1291 3882; x_wconf 93' lang='lat' dir='ltr'><strong>ordo</strong></span> <span class='ocrx_word' id='word_1_397' title='bbox 1322 3824 1622 3894; x_wconf 85' lang='lat' dir='ltr'><strong>religionis</strong></span> <span class='ocrx_word' id='word_1_398' title='bbox 1644 3824 1895 3894; x_wconf 90' lang='lat' dir='ltr'><strong>aliquam</strong></span> 
     </span>
    </p>
   </div>
   <div class='ocr_carea' id='block_1_60' title="bbox 244 3913 1898 3988">
    <p class='ocr_par' dir='ltr' id='par_1_60' title="bbox 244 3913 1898 3988">
     <span class='ocr_line' id='line_1_60' title="bbox 244 3913 1898 3988; baseline -0.002 -17"><span class='ocrx_word' id='word_1_399' title='bbox 244 3923 548 3988; x_wconf 91' lang='lat' dir='ltr'><strong>pateretur</strong></span> <span class='ocrx_word' id='word_1_400' title='bbox 569 3917 1029 3987; x_wconf 89' lang='lat' dir='ltr'><strong>inquietudinem</strong></span> <span class='ocrx_word' id='word_1_401' title='bbox 1051 3915 1184 3982; x_wconf 90' lang='lat' dir='ltr'><strong>;sed</strong></span> <span class='ocrx_word' id='word_1_402' title='bbox 1210 3915 1321 3971; x_wconf 89' lang='lat' dir='ltr'><strong>etsi</strong></span> <span class='ocrx_word' id='word_1_403' title='bbox 1349 3913 1578 3984; x_wconf 73' lang='lat' dir='ltr'><strong>quando</strong></span> <span class='ocrx_word' id='word_1_404' title='bbox 1599 3913 1785 3983; x_wconf 83' lang='lat' dir='ltr'><strong>gratia</strong></span> <span class='ocrx_word' id='word_1_405' title='bbox 1813 3926 1898 3967; x_wconf 92' lang='lat' dir='ltr'><strong>re-</strong></span> 
     </span>
    </p>
   </div>
   <div class='ocr_carea' id='block_1_61' title="bbox 249 4000 1898 4075">
    <p class='ocr_par' dir='ltr' id='par_1_61' title="bbox 249 4000 1898 4075">
     <span class='ocr_line' id='line_1_61' title="bbox 249 4000 1898 4075; baseline -0.004 -14"><span class='ocrx_word' id='word_1_406' title='bbox 249 4004 569 4075; x_wconf 85' lang='lat' dir='ltr'><strong>frigerandi</strong></span> <span class='ocrx_word' id='word_1_407' title='bbox 593 4005 874 4062; x_wconf 89' lang='lat' dir='ltr'><strong>fratribus</strong></span> <span class='ocrx_word' id='word_1_408' title='bbox 889 4004 978 4060; x_wconf 90' lang='lat' dir='ltr'><strong>vel</strong></span> <span class='ocrx_word' id='word_1_409' title='bbox 997 4005 1050 4059; x_wconf 92' lang='lat' dir='ltr'><strong>in</strong></span> <span class='ocrx_word' id='word_1_410' title='bbox 1068 4003 1318 4060; x_wconf 87' lang='lat' dir='ltr'><strong>lectione</strong></span> <span class='ocrx_word' id='word_1_411' title='bbox 1330 4002 1422 4060; x_wconf 90' lang='lat' dir='ltr'><strong>vel</strong></span> <span class='ocrx_word' id='word_1_412' title='bbox 1439 4003 1495 4057; x_wconf 91' lang='lat' dir='ltr'><strong>in</strong></span> <span class='ocrx_word' id='word_1_413' title='bbox 1507 4000 1898 4058; x_wconf 80' lang='lat' dir='ltr'><strong>collocatione</strong></span> 
     </span>
    </p>
   </div>
   <div class='ocr_carea' id='block_1_62' title="bbox 250 4087 1898 4162">
    <p class='ocr_par' dir='ltr' id='par_1_62' title="bbox 250 4087 1898 4162">
     <span class='ocr_line' id='line_1_62' title="bbox 250 4087 1898 4162; baseline -0.002 -15"><span class='ocrx_word' id='word_1_414' title='bbox 250 4094 545 4148; x_wconf 90' lang='lat' dir='ltr'><strong>interesse</strong></span> <span class='ocrx_word' id='word_1_415' title='bbox 577 4092 831 4162; x_wconf 88' lang='lat' dir='ltr'><strong>volebat,</strong></span> <span class='ocrx_word' id='word_1_416' title='bbox 865 4098 1215 4148; x_wconf 86' lang='lat' dir='ltr'><strong>executores</strong></span> <span class='ocrx_word' id='word_1_417' title='bbox 1245 4106 1382 4148; x_wconf 90' lang='lat' dir='ltr'><strong>suos</strong></span> <span class='ocrx_word' id='word_1_418' title='bbox 1413 4091 1467 4146; x_wconf 92' lang='lat' dir='ltr'><strong>in</strong></span> <span class='ocrx_word' id='word_1_419' title='bbox 1499 4091 1625 4161; x_wconf 90' lang='lat' dir='ltr'><strong>ipso</strong></span> <span class='ocrx_word' id='word_1_420' title='bbox 1652 4087 1898 4145; x_wconf 87' lang='lat' dir='ltr'><strong>claustri</strong></span> 
     </span>
    </p>
   </div>
   <div class='ocr_carea' id='block_1_63' title="bbox 247 4175 1894 4250">
    <p class='ocr_par' dir='ltr' id='par_1_63' title="bbox 247 4175 1894 4250">
     <span class='ocr_line' id='line_1_63' title="bbox 247 4175 1894 4250; baseline -0.003 -13"><span class='ocrx_word' id='word_1_421' title='bbox 247 4182 411 4237; x_wconf 89' lang='lat' dir='ltr'><strong>aditu</strong></span> <span class='ocrx_word' id='word_1_422' title='bbox 447 4195 478 4236; x_wconf 91' lang='lat' dir='ltr'><strong>a</strong></span> <span class='ocrx_word' id='word_1_423' title='bbox 508 4194 570 4237; x_wconf 90' lang='lat' dir='ltr'><strong>se</strong></span> <span class='ocrx_word' id='word_1_424' title='bbox 599 4181 922 4250; x_wconf 90' lang='lat' dir='ltr'><strong>rejiciebat,</strong></span> <span class='ocrx_word' id='word_1_425' title='bbox 968 4185 1027 4235; x_wconf 90' lang='lat' dir='ltr'><strong>et</strong></span> <span class='ocrx_word' id='word_1_426' title='bbox 1070 4184 1196 4250; x_wconf 90' lang='lat' dir='ltr'><strong>post</strong></span> <span class='ocrx_word' id='word_1_427' title='bbox 1230 4193 1289 4235; x_wconf 92' lang='lat' dir='ltr'><strong>se</strong></span> <span class='ocrx_word' id='word_1_428' title='bbox 1321 4177 1635 4235; x_wconf 86' lang='lat' dir='ltr'><strong>accludens</strong></span> <span class='ocrx_word' id='word_1_429' title='bbox 1678 4175 1894 4246; x_wconf 88' lang='lat' dir='ltr'><strong>valvas,</strong></span> 
     </span>
    </p>
   </div>
   <div class='ocr_carea' id='block_1_64' title="bbox 251 4265 1900 4340">
    <p class='ocr_par' dir='ltr' id='par_1_64' title="bbox 251 4265 1900 4340">
     <span class='ocr_line' id='line_1_64' title="bbox 251 4265 1900 4340; baseline -0.004 -15"><span class='ocrx_word' id='word_1_430' title='bbox 251 4268 414 4340; x_wconf 89' lang='lat' dir='ltr'><strong>quasi</strong></span> <span class='ocrx_word' id='word_1_431' title='bbox 449 4268 679 4339; x_wconf 87' lang='lat' dir='ltr'><strong>quidam</strong></span> <span class='ocrx_word' id='word_1_432' title='bbox 716 4269 980 4339; x_wconf 90' lang='lat' dir='ltr'><strong>privatus</strong></span> <span class='ocrx_word' id='word_1_433' title='bbox 1004 4266 1471 4337; x_wconf 80' lang='lat' dir='ltr'><strong>adgaudentibus</strong></span> <span class='ocrx_word' id='word_1_434' title='bbox 1493 4265 1601 4322; x_wconf 90' lang='lat' dir='ltr'><strong>sibi</strong></span> <span class='ocrx_word' id='word_1_435' title='bbox 1628 4277 1900 4320; x_wconf 90' lang='lat' dir='ltr'><strong>reveren-</strong></span> 
     </span>
    </p>
   </div>
   <div class='ocr_carea' id='block_1_65' title="bbox 251 4357 792 4414">
    <p class='ocr_par' dir='ltr' id='par_1_65' title="bbox 251 4357 792 4414">
     <span class='ocr_line' id='line_1_65' title="bbox 251 4357 792 4414; baseline 0 -2"><span class='ocrx_word' id='word_1_436' title='bbox 251 4362 346 4412; x_wconf 89' lang='lat' dir='ltr'><strong>ter</strong></span> <span class='ocrx_word' id='word_1_437' title='bbox 383 4357 792 4414; x_wconf 90' lang='lat' dir='ltr'><strong>conveniebat.</strong></span> 
     </span>
    </p>
   </div>
   <div class='ocr_carea' id='block_1_66' title="bbox 322 4442 1905 4516">
    <p class='ocr_par' dir='ltr' id='par_1_66' title="bbox 322 4442 1905 4516">
     <span class='ocr_line' id='line_1_66' title="bbox 322 4442 1905 4516; baseline -0.002 -16"><span class='ocrx_word' id='word_1_438' title='bbox 322 4449 409 4501; x_wconf 89' lang='lat'><strong>33.</strong></span> <span class='ocrx_word' id='word_1_439' title='bbox 444 4445 580 4516; x_wconf 76' lang='grc'>(45.)</span> <span class='ocrx_word' id='word_1_440' title='bbox 608 4447 728 4502; x_wconf 83' lang='lat' dir='ltr'><strong>Jam</strong></span> <span class='ocrx_word' id='word_1_441' title='bbox 764 4444 858 4500; x_wconf 91' lang='lat' dir='ltr'><strong>die</strong></span> <span class='ocrx_word' id='word_1_442' title='bbox 890 4445 1042 4501; x_wconf 81' lang='lat' dir='ltr'><strong>testo</strong></span> <span class='ocrx_word' id='word_1_443' title='bbox 1075 4443 1363 4501; x_wconf 78' lang='lat' dir='ltr'><strong>mediante</strong></span> <span class='ocrx_word' id='word_1_444' title='bbox 1388 4442 1771 4499; x_wconf 85' lang='lat' dir='ltr'><strong>Herimannus</strong></span> <span class='ocrx_word' id='word_1_445' title='bbox 1795 4442 1905 4497; x_wconf 82' lang='lat' dir='ltr'><strong>Me-</strong></span> 
     </span>
    </p>
   </div>
   <div class='ocr_carea' id='block_1_67' title="bbox 247 4518 1904 4604">
    <p class='ocr_par' dir='ltr' id='par_1_67' title="bbox 247 4518 1904 4604">
     <span class='ocr_line' id='line_1_67' title="bbox 247 4518 1904 4604; baseline -0.003 -12"><span class='ocrx_word' id='word_1_446' title='bbox 247 4534 503 4592; x_wconf 68' lang='lat' dir='ltr'><strong>tensium</strong></span> <span class='ocrx_word' id='word_1_447' title='bbox 537 4535 848 4604; x_wconf 87' lang='lat' dir='ltr'><strong>episcopus</strong></span> <span class='ocrx_word' id='word_1_448' title='bbox 879 4534 1046 4590; x_wconf 87' lang='lat' dir='ltr'><strong>venit</strong></span> <span class='ocrx_word' id='word_1_449' title='bbox 1076 4548 1203 4589; x_wconf 91' lang='lat' dir='ltr'><strong>eum</strong></span> <span class='ocrx_word' id='word_1_450' title='bbox 1239 4518 1512 4601; x_wconf 80' lang='lat' dir='ltr'><strong>invisere,</strong></span> <span class='ocrx_word' id='word_1_451' title='bbox 1537 4535 1599 4586; x_wconf 92' lang='lat' dir='ltr'><strong>et</strong></span> <span class='ocrx_word' id='word_1_452' title='bbox 1620 4533 1904 4603; x_wconf 85' lang='lat' dir='ltr'><strong>exceptus</strong></span> 
     </span>
    </p>
   </div>
   <div class='ocr_carea' id='block_1_68' title="bbox 251 4618 1907 4693">
    <p class='ocr_par' dir='ltr' id='par_1_68' title="bbox 251 4618 1907 4693">
     <span class='ocr_line' id='line_1_68' title="bbox 251 4618 1907 4693; baseline -0.003 -14"><span class='ocrx_word' id='word_1_453' title='bbox 251 4623 325 4679; x_wconf 83' lang='lat' dir='ltr'><strong>ab</strong></span> <span class='ocrx_word' id='word_1_454' title='bbox 360 4621 486 4692; x_wconf 93' lang='lat' dir='ltr'><strong>ipso</strong></span> <span class='ocrx_word' id='word_1_455' title='bbox 516 4636 646 4678; x_wconf 90' lang='lat' dir='ltr'><strong>cum</strong></span> <span class='ocrx_word' id='word_1_456' title='bbox 677 4622 1006 4678; x_wconf 81' lang='lat' dir='ltr'><strong>honorabili</strong></span> <span class='ocrx_word' id='word_1_457' title='bbox 1039 4621 1444 4693; x_wconf 85' lang='lat' dir='ltr'><strong>processione,</strong></span> <span class='ocrx_word' id='word_1_458' title='bbox 1474 4622 1656 4676; x_wconf 65' lang='lat' dir='ltr'><strong>tanta:</strong></span> <span class='ocrx_word' id='word_1_459' title='bbox 1680 4618 1907 4676; x_wconf 88' lang='lat' dir='ltr'><strong>sollem-</strong></span> 
     </span>
    </p>
   </div>
   <div class='ocr_carea' id='block_1_69' title="bbox 253 4707 1907 4782">
    <p class='ocr_par' dir='ltr' id='par_1_69' title="bbox 253 4707 1907 4782">
     <span class='ocr_line' id='line_1_69' title="bbox 253 4707 1907 4782; baseline -0.002 -17"><span class='ocrx_word' id='word_1_460' title='bbox 253 4709 500 4782; x_wconf 84' lang='lat' dir='ltr'><strong>pnitatis</strong></span> <span class='ocrx_word' id='word_1_461' title='bbox 532 4710 841 4765; x_wconf 81' lang='lat' dir='ltr'><strong>videbatur</strong></span> <span class='ocrx_word' id='word_1_462' title='bbox 882 4709 1145 4766; x_wconf 75' lang='lat' dir='ltr'><strong>laetitiam</strong></span> <span class='ocrx_word' id='word_1_463' title='bbox 1178 4709 1433 4767; x_wconf 75' lang='lat' dir='ltr'><strong>auxisse.</strong></span> <span class='ocrx_word' id='word_1_464' title='bbox 1469 4709 1538 4764; x_wconf 89' lang='lat' dir='ltr'><strong>Et</strong></span> <span class='ocrx_word' id='word_1_465' title='bbox 1572 4708 1703 4780; x_wconf 92' lang='lat' dir='ltr'><strong>quia</strong></span> <span class='ocrx_word' id='word_1_466' title='bbox 1736 4707 1907 4777; x_wconf 84' lang='lat' dir='ltr'><strong>longo</strong></span> 
     </span>
    </p>
   </div>
   <div class='ocr_carea' id='block_1_70' title="bbox 261 4797 1903 4868">
    <p class='ocr_par' dir='ltr' id='par_1_70' title="bbox 261 4797 1903 4868">
     <span class='ocr_line' id='line_1_70' title="bbox 261 4797 1903 4868; baseline -0.001 -14"><span class='ocrx_word' id='word_1_467' title='bbox 261 4804 395 4854; x_wconf 86' lang='lat' dir='ltr'><strong>ante</strong></span> <span class='ocrx_word' id='word_1_468' title='bbox 429 4803 690 4868; x_wconf 88' lang='lat' dir='ltr'><strong>tempore</strong></span> <span class='ocrx_word' id='word_1_469' title='bbox 723 4798 1107 4855; x_wconf 87' lang='lat' dir='ltr'><strong>amicissimus</strong></span> <span class='ocrx_word' id='word_1_470' title='bbox 1137 4805 1268 4854; x_wconf 90' lang='lat' dir='ltr'><strong>erat</strong></span> <span class='ocrx_word' id='word_1_471' title='bbox 1298 4800 1496 4855; x_wconf 89' lang='lat' dir='ltr'><strong>abbati</strong></span> <span class='ocrx_word' id='word_1_472' title='bbox 1528 4797 1903 4867; x_wconf 87' lang='lat' dir='ltr'><strong>Theoderico,</strong></span> 
     </span>
    </p>
   </div>
   <div class='ocr_carea' id='block_1_71' title="bbox 257 4885 1908 4958">
    <p class='ocr_par' dir='ltr' id='par_1_71' title="bbox 257 4885 1908 4958">
     <span class='ocr_line' id='line_1_71' title="bbox 257 4885 1908 4958; baseline -0.001 -15"><span class='ocrx_word' id='word_1_473' title='bbox 257 4886 386 4958; x_wconf 89' lang='lat' dir='ltr'><strong>ejus</strong></span> <span class='ocrx_word' id='word_1_474' title='bbox 419 4885 858 4956; x_wconf 86' lang='lat' dir='ltr'><strong>congregationi</strong></span> <span class='ocrx_word' id='word_1_475' title='bbox 892 4886 946 4942; x_wconf 91' lang='lat' dir='ltr'><strong>in</strong></span> <span class='ocrx_word' id='word_1_476' title='bbox 979 4886 1237 4945; x_wconf 88' lang='lat' dir='ltr'><strong>crastino</strong></span> <span class='ocrx_word' id='word_1_477' title='bbox 1264 4901 1467 4944; x_wconf 88' lang='lat' dir='ltr'><strong>eorum</strong></span> <span class='ocrx_word' id='word_1_478' title='bbox 1503 4885 1810 4943; x_wconf 90' lang='lat' dir='ltr'><strong>conventui</strong></span> <span class='ocrx_word' id='word_1_479' title='bbox 1844 4900 1908 4942; x_wconf 85' lang='lat' dir='ltr'><strong>se</strong></span> 
     </span>
    </p>
   </div>
   <div class='ocr_carea' id='block_1_72' title="bbox 262 4973 1910 5046">
    <p class='ocr_par' dir='ltr' id='par_1_72' title="bbox 262 4973 1910 5046">
     <span class='ocr_line' id='line_1_72' title="bbox 262 4973 1910 5046; baseline -0.002 -15"><span class='ocrx_word' id='word_1_480' title='bbox 262 4975 411 5031; x_wconf 85' lang='lat' dir='ltr'><strong>satis</strong></span> <span class='ocrx_word' id='word_1_481' title='bbox 432 4974 699 5030; x_wconf 88' lang='lat' dir='ltr'><strong>hilariter</strong></span> <span class='ocrx_word' id='word_1_482' title='bbox 723 4976 1122 5046; x_wconf 62' lang='lat' dir='ltr'><strong>prasentavit,</strong></span> <span class='ocrx_word' id='word_1_483' title='bbox 1154 4975 1355 5032; x_wconf 89' lang='lat' dir='ltr'><strong>dicens</strong></span> <span class='ocrx_word' id='word_1_484' title='bbox 1376 4975 1486 5032; x_wconf 89' lang='lat' dir='ltr'><strong>sibi</strong></span> <span class='ocrx_word' id='word_1_485' title='bbox 1508 4989 1639 5031; x_wconf 90' lang='lat' dir='ltr'><strong>esse</strong></span> <span class='ocrx_word' id='word_1_486' title='bbox 1659 4973 1822 5030; x_wconf 88' lang='lat' dir='ltr'><strong>cordi</strong></span> <span class='ocrx_word' id='word_1_487' title='bbox 1845 4978 1910 5029; x_wconf 90' lang='lat' dir='ltr'><strong>ut</strong></span> 
     </span>
    </p>
   </div>
   <div class='ocr_carea' id='block_1_73' title="bbox 260 5061 1910 5134">
    <p class='ocr_par' dir='ltr' id='par_1_73' title="bbox 260 5061 1910 5134">
     <span class='ocr_line' id='line_1_73' title="bbox 260 5061 1910 5134; baseline 0 -16"><span class='ocrx_word' id='word_1_488' title='bbox 260 5062 512 5133; x_wconf 84' lang='lat' dir='ltr'><strong>aliquam</strong></span> <span class='ocrx_word' id='word_1_489' title='bbox 552 5063 800 5133; x_wconf 86' lang='lat' dir='ltr'><strong>gratiam</strong></span> <span class='ocrx_word' id='word_1_490' title='bbox 846 5062 931 5119; x_wconf 91' lang='lat' dir='ltr'><strong>eis</strong></span> <span class='ocrx_word' id='word_1_491' title='bbox 968 5063 1327 5134; x_wconf 89' lang='lat' dir='ltr'><strong>relinqueret</strong></span> <span class='ocrx_word' id='word_1_492' title='bbox 1370 5061 1541 5132; x_wconf 88' lang='lat' dir='ltr'><strong>hujus</strong></span> <span class='ocrx_word' id='word_1_493' title='bbox 1572 5062 1642 5118; x_wconf 89' lang='lat' dir='ltr'><strong>ad</strong></span> <span class='ocrx_word' id='word_1_494' title='bbox 1672 5076 1774 5118; x_wconf 90' lang='lat' dir='ltr'><strong>eos</strong></span> <span class='ocrx_word' id='word_1_495' title='bbox 1813 5061 1910 5118; x_wconf 89' lang='lat' dir='ltr'><strong>ad-</strong></span> 
     </span>
    </p>
   </div>
   <div class='ocr_carea' id='block_1_74' title="bbox 267 5150 1912 5222">
    <p class='ocr_par' dir='ltr' id='par_1_74' title="bbox 267 5150 1912 5222">
     <span class='ocr_line' id='line_1_74' title="bbox 267 5150 1912 5222; baseline -0.001 -15"><span class='ocrx_word' id='word_1_496' title='bbox 267 5155 479 5207; x_wconf 89' lang='lat' dir='ltr'><strong>ventus</strong></span> <span class='ocrx_word' id='word_1_497' title='bbox 509 5152 618 5207; x_wconf 90' lang='lat' dir='ltr'><strong>sui.</strong></span> <span class='ocrx_word' id='word_1_498' title='bbox 654 5152 810 5207; x_wconf 91' lang='lat' dir='ltr'><strong>Tunc</strong></span> <span class='ocrx_word' id='word_1_499' title='bbox 831 5167 903 5208; x_wconf 87' lang='lat' dir='ltr'><strong>ex</strong></span> <span class='ocrx_word' id='word_1_500' title='bbox 926 5152 1199 5209; x_wconf 88' lang='lat' dir='ltr'><strong>consultu</strong></span> <span class='ocrx_word' id='word_1_501' title='bbox 1230 5151 1519 5210; x_wconf 89' lang='lat' dir='ltr'><strong>communi</strong></span> <span class='ocrx_word' id='word_1_502' title='bbox 1541 5151 1612 5207; x_wconf 91' lang='lat' dir='ltr'><strong>ab</strong></span> <span class='ocrx_word' id='word_1_503' title='bbox 1633 5150 1912 5222; x_wconf 88' lang='lat' dir='ltr'><strong>episcopo</strong></span> 
     </span>
    </p>
   </div>
   <div class='ocr_carea' id='block_1_75' title="bbox 266 5239 1912 5315">
    <p class='ocr_par' dir='ltr' id='par_1_75' title="bbox 266 5239 1912 5315">
     <span class='ocr_line' id='line_1_75' title="bbox 266 5239 1912 5315; baseline 0.001 -21"><span class='ocrx_word' id='word_1_504' title='bbox 266 5239 514 5296; x_wconf 84' lang='lat' dir='ltr'><strong>Henrico</strong></span> <span class='ocrx_word' id='word_1_505' title='bbox 538 5241 720 5296; x_wconf 91' lang='lat' dir='ltr'><strong>abbas</strong></span> <span class='ocrx_word' id='word_1_506' title='bbox 738 5242 1007 5314; x_wconf 88' lang='lat' dir='ltr'><strong>expetiit,</strong></span> <span class='ocrx_word' id='word_1_507' title='bbox 1029 5248 1092 5299; x_wconf 89' lang='lat' dir='ltr'><strong>ut</strong></span> <span class='ocrx_word' id='word_1_508' title='bbox 1108 5243 1234 5315; x_wconf 86' lang='lat' dir='ltr'><strong>ejus</strong></span> <span class='ocrx_word' id='word_1_509' title='bbox 1249 5256 1536 5299; x_wconf 88' lang='lat' dir='ltr'><strong>consensu</strong></span> <span class='ocrx_word' id='word_1_510' title='bbox 1556 5240 1669 5298; x_wconf 93' lang='lat' dir='ltr'><strong>duo</strong></span> <span class='ocrx_word' id='word_1_511' title='bbox 1686 5239 1912 5296; x_wconf 87' lang='lat' dir='ltr'><strong>dicaret</strong></span> 
     </span>
    </p>
   </div>
   <div class='ocr_carea' id='block_1_76' title="bbox 260 5326 1911 5400">
    <p class='ocr_par' dir='ltr' id='par_1_76' title="bbox 260 5326 1911 5400">
     <span class='ocr_line' id='line_1_76' title="bbox 260 5326 1911 5400; baseline 0.002 -17"><span class='ocrx_word' id='word_1_512' title='bbox 260 5327 378 5383; x_wconf 91' lang='lat' dir='ltr'><strong>Deo</strong></span> <span class='ocrx_word' id='word_1_513' title='bbox 406 5326 612 5384; x_wconf 88' lang='lat' dir='ltr'><strong>altaria</strong></span> <span class='ocrx_word' id='word_1_514' title='bbox 644 5343 673 5384; x_wconf 90' lang='lat' dir='ltr'><strong>a</strong></span> <span class='ocrx_word' id='word_1_515' title='bbox 702 5344 764 5386; x_wconf 87' lang='lat' dir='ltr'><strong>se</strong></span> <span class='ocrx_word' id='word_1_516' title='bbox 792 5336 1135 5389; x_wconf 88' lang='lat' dir='ltr'><strong>constructa</strong></span> <span class='ocrx_word' id='word_1_517' title='bbox 1169 5331 1414 5388; x_wconf 88' lang='lat' dir='ltr'><strong>noviter.</strong></span> <span class='ocrx_word' id='word_1_518' title='bbox 1449 5328 1611 5396; x_wconf 87' lang='lat' dir='ltr'><strong>Quod</strong></span> <span class='ocrx_word' id='word_1_519' title='bbox 1634 5329 1911 5400; x_wconf 87' lang='lat' dir='ltr'><strong>episcopo</strong></span> 
     </span>
    </p>
   </div>
   <div class='ocr_carea' id='block_1_77' title="bbox 1993 1685 3637 1762">
    <p class='ocr_par' dir='ltr' id='par_1_77' title="bbox 1993 1685 3637 1762">
     <span class='ocr_line' id='line_1_77' title="bbox 1993 1685 3637 1762; baseline -0.005 -13"><span class='ocrx_word' id='word_1_520' title='bbox 1993 1692 2361 1750; x_wconf 88' lang='lat' dir='ltr'><strong>candelabris</strong></span> <span class='ocrx_word' id='word_1_521' title='bbox 2401 1697 2458 1748; x_wconf 92' lang='lat' dir='ltr'><strong>et</strong></span> <span class='ocrx_word' id='word_1_522' title='bbox 2501 1706 2612 1746; x_wconf 92' lang='lat' dir='ltr'><strong>uno</strong></span> <span class='ocrx_word' id='word_1_523' title='bbox 2669 1689 2844 1762; x_wconf 89' lang='lat' dir='ltr'><strong>pallio</strong></span> <span class='ocrx_word' id='word_1_524' title='bbox 2893 1686 3109 1744; x_wconf 91' lang='lat' dir='ltr'><strong>obtulit</strong></span> <span class='ocrx_word' id='word_1_525' title='bbox 3154 1685 3416 1742; x_wconf 89' lang='lat' dir='ltr'><strong>habenda</strong></span> <span class='ocrx_word' id='word_1_526' title='bbox 3471 1685 3637 1741; x_wconf 89' lang='lat' dir='ltr'><strong>beato</strong></span> 
     </span>
    </p>
   </div>
   <div class='ocr_carea' id='block_1_78' title="bbox 1995 1783 2282 1838">
    <p class='ocr_par' dir='ltr' id='par_1_78' title="bbox 1995 1783 2282 1838">
     <span class='ocr_line' id='line_1_78' title="bbox 1995 1783 2282 1838; baseline -0.007 0"><span class='ocrx_word' id='word_1_527' title='bbox 1995 1783 2282 1838; x_wconf 87' lang='lat' dir='ltr'><strong>Huberto.</strong></span> 
     </span>
    </p>
   </div>
   <div class='ocr_carea' id='block_1_79' title="bbox 2062 1862 3633 1938">
    <p class='ocr_par' dir='ltr' id='par_1_79' title="bbox 2062 1862 3633 1938">
     <span class='ocr_line' id='line_1_79' title="bbox 2062 1862 3633 1938; baseline -0.004 -13"><span class='ocrx_word' id='word_1_528' title='bbox 2062 1873 2149 1926; x_wconf 75' lang='grc'><strong>34.</strong></span> <span class='ocrx_word' id='word_1_529' title='bbox 2188 1870 2324 1938; x_wconf 76' lang='grc'>(46.)</span> <span class='ocrx_word' id='word_1_530' title='bbox 2367 1870 2580 1924; x_wconf 85' lang='lat' dir='ltr'><strong>Exacta</strong></span> <span class='ocrx_word' id='word_1_531' title='bbox 2634 1865 2848 1938; x_wconf 88' lang='lat' dir='ltr'><strong>pascali</strong></span> <span class='ocrx_word' id='word_1_532' title='bbox 2897 1862 3215 1922; x_wconf 90' lang='lat' dir='ltr'><strong>ebdomada</strong></span> <span class='ocrx_word' id='word_1_533' title='bbox 3263 1875 3392 1918; x_wconf 92' lang='lat' dir='ltr'><strong>cum</strong></span> <span class='ocrx_word' id='word_1_534' title='bbox 3433 1862 3488 1916; x_wconf 90' lang='lat' dir='ltr'><strong>in</strong></span> <span class='ocrx_word' id='word_1_535' title='bbox 3526 1874 3633 1918; x_wconf 89' lang='lat' dir='ltr'><strong>suo</strong></span> 
     </span>
    </p>
   </div>
   <div class='ocr_carea' id='block_1_80' title="bbox 1996 1947 3635 2027">
    <p class='ocr_par' dir='ltr' id='par_1_80' title="bbox 1996 1947 3635 2027">
     <span class='ocr_line' id='line_1_80' title="bbox 1996 1947 3635 2027; baseline -0.005 -14"><span class='ocrx_word' id='word_1_536' title='bbox 1996 1957 2258 2027; x_wconf 88' lang='lat' dir='ltr'><strong>digressu</strong></span> <span class='ocrx_word' id='word_1_537' title='bbox 2312 1956 2664 2012; x_wconf 90' lang='lat' dir='ltr'><strong>valediceret</strong></span> <span class='ocrx_word' id='word_1_538' title='bbox 2717 1953 3015 2022; x_wconf 88' lang='lat' dir='ltr'><strong>fratribus,</strong></span> <span class='ocrx_word' id='word_1_539' title='bbox 3051 1967 3123 2007; x_wconf 92' lang='lat' dir='ltr'><strong>ex</strong></span> <span class='ocrx_word' id='word_1_540' title='bbox 3156 1949 3390 2024; x_wconf 91' lang='lat' dir='ltr'><strong>pietatis</strong></span> <span class='ocrx_word' id='word_1_541' title='bbox 3429 1947 3635 2005; x_wconf 75' lang='lat' dir='ltr'><strong>affectu</strong></span> 
     </span>
    </p>
   </div>
   <div class='ocr_carea' id='block_1_81' title="bbox 1993 2038 3637 2117">
    <p class='ocr_par' dir='ltr' id='par_1_81' title="bbox 1993 2038 3637 2117">
     <span class='ocr_line' id='line_1_81' title="bbox 1993 2038 3637 2117; baseline -0.006 -14"><span class='ocrx_word' id='word_1_542' title='bbox 1993 2046 2203 2116; x_wconf 81' lang='lat' dir='ltr'><strong>singuli</strong></span> <span class='ocrx_word' id='word_1_543' title='bbox 2229 2048 2533 2117; x_wconf 65' lang='lat' dir='ltr'><strong>creperum</strong></span> <span class='ocrx_word' id='word_1_544' title='bbox 2560 2044 2697 2099; x_wconf 77' lang='lat' dir='ltr'><strong>(lere</strong></span> <span class='ocrx_word' id='word_1_545' title='bbox 2721 2043 3102 2104; x_wconf 88' lang='lat' dir='ltr'><strong>altrinsecus;</strong></span> <span class='ocrx_word' id='word_1_546' title='bbox 3141 2038 3416 2095; x_wconf 85' lang='lat' dir='ltr'><strong>Henricus</strong></span> <span class='ocrx_word' id='word_1_547' title='bbox 3445 2040 3637 2093; x_wconf 88' lang='lat' dir='ltr'><strong>autem</strong></span> 
     </span>
    </p>
   </div>
   <div class='ocr_carea' id='block_1_82' title="bbox 1996 2126 3639 2205">
    <p class='ocr_par' dir='ltr' id='par_1_82' title="bbox 1996 2126 3639 2205">
     <span class='ocr_line' id='line_1_82' title="bbox 1996 2126 3639 2205; baseline -0.005 -15"><span class='ocrx_word' id='word_1_548' title='bbox 1996 2134 2262 2205; x_wconf 89' lang='lat' dir='ltr'><strong>amplius,</strong></span> <span class='ocrx_word' id='word_1_549' title='bbox 2300 2133 2463 2204; x_wconf 90' lang='lat' dir='ltr'><strong>quasi</strong></span> <span class='ocrx_word' id='word_1_550' title='bbox 2495 2146 2566 2187; x_wconf 85' lang='lat' dir='ltr'><strong>ex</strong></span> <span class='ocrx_word' id='word_1_551' title='bbox 2598 2128 2973 2186; x_wconf 88' lang='lat' dir='ltr'><strong>desiderabili</strong></span> <span class='ocrx_word' id='word_1_552' title='bbox 3017 2127 3127 2184; x_wconf 87' lang='lat' dir='ltr'><strong>sibi</strong></span> <span class='ocrx_word' id='word_1_553' title='bbox 3171 2126 3366 2197; x_wconf 91' lang='lat' dir='ltr'><strong>quiete</strong></span> <span class='ocrx_word' id='word_1_554' title='bbox 3408 2139 3639 2181; x_wconf 84' lang='lat' dir='ltr'><strong>revoca-</strong></span> 
     </span>
    </p>
   </div>
   <div class='ocr_carea' id='block_1_83' title="bbox 1996 2214 3640 2291">
    <p class='ocr_par' dir='ltr' id='par_1_83' title="bbox 1996 2214 3640 2291">
     <span class='ocr_line' id='line_1_83' title="bbox 1996 2214 3640 2291; baseline -0.006 -13"><span class='ocrx_word' id='word_1_555' title='bbox 1996 2228 2092 2278; x_wconf 91' lang='lat' dir='ltr'><strong>tus</strong></span> <span class='ocrx_word' id='word_1_556' title='bbox 2123 2222 2193 2277; x_wconf 88' lang='lat' dir='ltr'><strong>ad</strong></span> <span class='ocrx_word' id='word_1_557' title='bbox 2224 2227 2340 2276; x_wconf 90' lang='lat' dir='ltr'><strong>tam</strong></span> <span class='ocrx_word' id='word_1_558' title='bbox 2377 2219 2731 2291; x_wconf 90' lang='lat' dir='ltr'><strong>multiplices</strong></span> <span class='ocrx_word' id='word_1_559' title='bbox 2760 2215 3126 2274; x_wconf 59' lang='lat' dir='ltr'><strong>secularium</strong></span> <span class='ocrx_word' id='word_1_560' title='bbox 3158 2214 3522 2284; x_wconf 87' lang='lat' dir='ltr'><strong>negotiorum</strong></span> <span class='ocrx_word' id='word_1_561' title='bbox 3553 2219 3640 2269; x_wconf 92' lang='lat' dir='ltr'><strong>tu-</strong></span> 
     </span>
    </p>
   </div>
   <div class='ocr_carea' id='block_1_84' title="bbox 1997 2310 2234 2366">
    <p class='ocr_par' dir='ltr' id='par_1_84' title="bbox 1997 2310 2234 2366">
     <span class='ocr_line' id='line_1_84' title="bbox 1997 2310 2234 2366; baseline -0.004 -1"><span class='ocrx_word' id='word_1_562' title='bbox 1997 2310 2234 2366; x_wconf 90' lang='lat' dir='ltr'><strong>multus.</strong></span> 
     </span>
    </p>
   </div>
   <div class='ocr_carea' id='block_1_85' title="bbox 2067 2389 3640 2468">
    <p class='ocr_par' dir='ltr' id='par_1_85' title="bbox 2067 2389 3640 2468">
     <span class='ocr_line' id='line_1_85' title="bbox 2067 2389 3640 2468; baseline -0.005 -14"><span class='ocrx_word' id='word_1_563' title='bbox 2067 2402 2152 2453; x_wconf 77' lang='lat'><strong>35.</strong></span> <span class='ocrx_word' id='word_1_564' title='bbox 2191 2399 2326 2468; x_wconf 76' lang='grc'>(47.)</span> <span class='ocrx_word' id='word_1_565' title='bbox 2362 2395 2710 2453; x_wconf 73' lang='lat' dir='ltr'><strong>Adhzerebat</strong></span> <span class='ocrx_word' id='word_1_566' title='bbox 2751 2396 2801 2450; x_wconf 92' lang='lat' dir='ltr'><strong>ei</strong></span> <span class='ocrx_word' id='word_1_567' title='bbox 2847 2392 3187 2449; x_wconf 85' lang='lat' dir='ltr'><strong>familiarius</strong></span> <span class='ocrx_word' id='word_1_568' title='bbox 3237 2389 3466 2460; x_wconf 90' lang='lat' dir='ltr'><strong>quidam</strong></span> <span class='ocrx_word' id='word_1_569' title='bbox 3516 2389 3640 2446; x_wconf 82' lang='lat' dir='ltr'><strong>Vir-</strong></span> 
     </span>
    </p>
   </div>
   <div class='ocr_carea' id='block_1_86' title="bbox 1998 2477 3637 2550">
    <p class='ocr_par' dir='ltr' id='par_1_86' title="bbox 1998 2477 3637 2550">
     <span class='ocr_line' id='line_1_86' title="bbox 1998 2477 3637 2550; baseline -0.004 -9"><span class='ocrx_word' id='word_1_570' title='bbox 1998 2485 2278 2542; x_wconf 89' lang='lat' dir='ltr'><strong>dunensis</strong></span> <span class='ocrx_word' id='word_1_571' title='bbox 2296 2500 2474 2540; x_wconf 84' lang='lat' dir='ltr'><strong>senex</strong></span> <span class='ocrx_word' id='word_1_572' title='bbox 2494 2482 2886 2550; x_wconf 85' lang='lat' dir='ltr'><strong>Eleutherius,</strong></span> <span class='ocrx_word' id='word_1_573' title='bbox 2908 2481 2998 2537; x_wconf 93' lang='lat' dir='ltr'><strong>vir</strong></span> <span class='ocrx_word' id='word_1_574' title='bbox 3016 2480 3283 2550; x_wconf 89' lang='lat' dir='ltr'><strong>equidem</strong></span> <span class='ocrx_word' id='word_1_575' title='bbox 3309 2477 3637 2547; x_wconf 90' lang='lat' dir='ltr'><strong>religiosus,</strong></span> 
     </span>
    </p>
   </div>
   <div class='ocr_carea' id='block_1_87' title="bbox 1997 2565 3641 2644">
    <p class='ocr_par' dir='ltr' id='par_1_87' title="bbox 1997 2565 3641 2644">
     <span class='ocr_line' id='line_1_87' title="bbox 1997 2565 3641 2644; baseline -0.006 -15"><span class='ocrx_word' id='word_1_576' title='bbox 1997 2579 2052 2629; x_wconf 91' lang='lat' dir='ltr'><strong>et</strong></span> <span class='ocrx_word' id='word_1_577' title='bbox 2079 2574 2173 2644; x_wconf 90' lang='lat' dir='ltr'><strong>qui</strong></span> <span class='ocrx_word' id='word_1_578' title='bbox 2197 2575 2269 2629; x_wconf 91' lang='lat' dir='ltr'><strong>ab</strong></span> <span class='ocrx_word' id='word_1_579' title='bbox 2294 2573 2529 2629; x_wconf 89' lang='lat' dir='ltr'><strong>ineunte</strong></span> <span class='ocrx_word' id='word_1_580' title='bbox 2555 2576 2726 2627; x_wconf 62' lang='lat' dir='ltr'><strong>aatate</strong></span> <span class='ocrx_word' id='word_1_581' title='bbox 2753 2571 3112 2626; x_wconf 85' lang='lat' dir='ltr'><strong>instruxerat</strong></span> <span class='ocrx_word' id='word_1_582' title='bbox 3137 2580 3267 2622; x_wconf 88' lang='lat' dir='ltr'><strong>eum</strong></span> <span class='ocrx_word' id='word_1_583' title='bbox 3291 2565 3555 2622; x_wconf 90' lang='lat' dir='ltr'><strong>honestis</strong></span> <span class='ocrx_word' id='word_1_584' title='bbox 3584 2570 3641 2620; x_wconf 91' lang='lat' dir='ltr'><strong>et</strong></span> 
     </span>
    </p>
   </div>
   <div class='ocr_carea' id='block_1_88' title="bbox 1999 2651 3643 2718">
    <p class='ocr_par' dir='ltr' id='par_1_88' title="bbox 1999 2651 3643 2718">
     <span class='ocr_line' id='line_1_88' title="bbox 1999 2651 3643 2718; baseline -0.005 -1"><span class='ocrx_word' id='word_1_585' title='bbox 1999 2661 2181 2718; x_wconf 86' lang='lat' dir='ltr'><strong>castis</strong></span> <span class='ocrx_word' id='word_1_586' title='bbox 2211 2662 2490 2718; x_wconf 88' lang='lat' dir='ltr'><strong>moribus.</strong></span> <span class='ocrx_word' id='word_1_587' title='bbox 2528 2661 2629 2715; x_wconf 84' lang='lat' dir='ltr'><strong>llic</strong></span> <span class='ocrx_word' id='word_1_588' title='bbox 2658 2657 2954 2713; x_wconf 90' lang='lat' dir='ltr'><strong>sollicitus</strong></span> <span class='ocrx_word' id='word_1_589' title='bbox 2985 2655 3196 2712; x_wconf 86' lang='lat' dir='ltr'><strong>salutis</strong></span> <span class='ocrx_word' id='word_1_590' title='bbox 3225 2660 3285 2710; x_wconf 92' lang='lat' dir='ltr'><strong>et</strong></span> <span class='ocrx_word' id='word_1_591' title='bbox 3318 2654 3551 2709; x_wconf 87' lang='lat' dir='ltr'><strong>honoris</strong></span> <span class='ocrx_word' id='word_1_592' title='bbox 3579 2651 3643 2708; x_wconf 90' lang='lat' dir='ltr'><strong>il-</strong></span> 
     </span>
    </p>
   </div>
   <div class='ocr_carea' id='block_1_89' title="bbox 2000 2741 3644 2820">
    <p class='ocr_par' dir='ltr' id='par_1_89' title="bbox 2000 2741 3644 2820">
     <span class='ocr_line' id='line_1_89' title="bbox 2000 2741 3644 2820; baseline -0.005 -15"><span class='ocrx_word' id='word_1_593' title='bbox 2000 2750 2134 2820; x_wconf 90' lang='lat' dir='ltr'><strong>lius,</strong></span> <span class='ocrx_word' id='word_1_594' title='bbox 2156 2750 2440 2806; x_wconf 89' lang='lat' dir='ltr'><strong>attentius</strong></span> <span class='ocrx_word' id='word_1_595' title='bbox 2460 2749 2812 2817; x_wconf 85' lang='lat' dir='ltr'><strong>suggerebat</strong></span> <span class='ocrx_word' id='word_1_596' title='bbox 2831 2747 2881 2802; x_wconf 91' lang='lat' dir='ltr'><strong>ei</strong></span> <span class='ocrx_word' id='word_1_597' title='bbox 2904 2744 3282 2801; x_wconf 90' lang='lat' dir='ltr'><strong>ordinandam</strong></span> <span class='ocrx_word' id='word_1_598' title='bbox 3306 2757 3438 2799; x_wconf 90' lang='lat' dir='ltr'><strong>esse</strong></span> <span class='ocrx_word' id='word_1_599' title='bbox 3460 2741 3644 2798; x_wconf 88' lang='lat' dir='ltr'><strong>eccle-</strong></span> 
     </span>
    </p>
   </div>
   <div class='ocr_carea' id='block_1_90' title="bbox 2001 2829 3644 2905">
    <p class='ocr_par' dir='ltr' id='par_1_90' title="bbox 2001 2829 3644 2905">
     <span class='ocr_line' id='line_1_90' title="bbox 2001 2829 3644 2905; baseline -0.005 -11"><span class='ocrx_word' id='word_1_600' title='bbox 2001 2840 2144 2895; x_wconf 87' lang='lat' dir='ltr'><strong>siam</strong></span> <span class='ocrx_word' id='word_1_601' title='bbox 2179 2839 2330 2894; x_wconf 87' lang='lat' dir='ltr'><strong>beati</strong></span> <span class='ocrx_word' id='word_1_602' title='bbox 2367 2836 2674 2904; x_wconf 81' lang='lat' dir='ltr'><strong>Laurentii,</strong></span> <span class='ocrx_word' id='word_1_603' title='bbox 2708 2850 2836 2905; x_wconf 68' lang='lat' dir='ltr'><strong>quaa</strong></span> <span class='ocrx_word' id='word_1_604' title='bbox 2865 2833 3202 2904; x_wconf 90' lang='lat' dir='ltr'><strong>aliquandiu</strong></span> <span class='ocrx_word' id='word_1_605' title='bbox 3234 2832 3471 2888; x_wconf 85' lang='lat' dir='ltr'><strong>viduata</strong></span> <span class='ocrx_word' id='word_1_606' title='bbox 3500 2829 3644 2886; x_wconf 88' lang='lat' dir='ltr'><strong>indi-</strong></span> 
     </span>
    </p>
   </div>
   <div class='ocr_carea' id='block_1_91' title="bbox 2000 2921 3641 2998">
    <p class='ocr_par' dir='ltr' id='par_1_91' title="bbox 2000 2921 3641 2998">
     <span class='ocr_line' id='line_1_91' title="bbox 2000 2921 3641 2998; baseline -0.005 -16"><span class='ocrx_word' id='word_1_607' title='bbox 2000 2927 2174 2998; x_wconf 81' lang='lat' dir='ltr'><strong>gebat</strong></span> <span class='ocrx_word' id='word_1_608' title='bbox 2206 2924 2570 2997; x_wconf 90' lang='lat' dir='ltr'><strong>providentia</strong></span> <span class='ocrx_word' id='word_1_609' title='bbox 2601 2923 2846 2979; x_wconf 80' lang='lat' dir='ltr'><strong>abhatis.</strong></span> <span class='ocrx_word' id='word_1_610' title='bbox 2875 2921 2981 2987; x_wconf 88' lang='lat' dir='ltr'><strong>Qui</strong></span> <span class='ocrx_word' id='word_1_611' title='bbox 3006 2921 3139 2976; x_wconf 88' lang='lat' dir='ltr'><strong>dum</strong></span> <span class='ocrx_word' id='word_1_612' title='bbox 3167 2925 3494 2975; x_wconf 87' lang='lat' dir='ltr'><strong>moraretur</strong></span> <span class='ocrx_word' id='word_1_613' title='bbox 3514 2931 3641 2974; x_wconf 91' lang='lat' dir='ltr'><strong>cum</strong></span> 
     </span>
    </p>
   </div>
   <div class='ocr_carea' id='block_1_92' title="bbox 2001 3006 3640 3086">
    <p class='ocr_par' dir='ltr' id='par_1_92' title="bbox 2001 3006 3640 3086">
     <span class='ocr_line' id='line_1_92' title="bbox 2001 3006 3640 3086; baseline -0.007 -14"><span class='ocrx_word' id='word_1_614' title='bbox 2001 3016 2298 3086; x_wconf 89' lang='lat' dir='ltr'><strong>episeopo,</strong></span> <span class='ocrx_word' id='word_1_615' title='bbox 2336 3015 2524 3069; x_wconf 84' lang='lat' dir='ltr'><strong>factus</strong></span> <span class='ocrx_word' id='word_1_616' title='bbox 2555 3019 2642 3067; x_wconf 83' lang='lat' dir='ltr'><strong>est</strong></span> <span class='ocrx_word' id='word_1_617' title='bbox 2678 3011 2980 3067; x_wconf 88' lang='lat' dir='ltr'><strong>familiaris</strong></span> <span class='ocrx_word' id='word_1_618' title='bbox 3013 3010 3316 3066; x_wconf 89' lang='lat' dir='ltr'><strong>Lamberto</strong></span> <span class='ocrx_word' id='word_1_619' title='bbox 3341 3006 3556 3077; x_wconf 89' lang='lat' dir='ltr'><strong>juniori</strong></span> <span class='ocrx_word' id='word_1_620' title='bbox 3586 3012 3640 3061; x_wconf 90' lang='lat' dir='ltr'><strong>et</strong></span> 
     </span>
    </p>
   </div>
   <div class='ocr_carea' id='block_1_93' title="bbox 2004 3093 3644 3172">
    <p class='ocr_par' dir='ltr' id='par_1_93' title="bbox 2004 3093 3644 3172">
     <span class='ocr_line' id='line_1_93' title="bbox 2004 3093 3644 3172; baseline -0.005 -14"><span class='ocrx_word' id='word_1_621' title='bbox 2004 3106 2331 3172; x_wconf 77' lang='lat' dir='ltr'><strong>Rerengero</strong></span> <span class='ocrx_word' id='word_1_622' title='bbox 2365 3101 2566 3172; x_wconf 87' lang='lat' dir='ltr'><strong>priori,</strong></span> <span class='ocrx_word' id='word_1_623' title='bbox 2610 3100 2763 3156; x_wconf 91' lang='lat' dir='ltr'><strong>inter</strong></span> <span class='ocrx_word' id='word_1_624' title='bbox 2809 3114 2954 3169; x_wconf 87' lang='lat' dir='ltr'><strong>quos</strong></span> <span class='ocrx_word' id='word_1_625' title='bbox 2992 3100 3372 3154; x_wconf 87' lang='lat' dir='ltr'><strong>concreverat</strong></span> <span class='ocrx_word' id='word_1_626' title='bbox 3399 3095 3513 3164; x_wconf 83' lang='lat' dir='ltr'><strong>jam</strong></span> <span class='ocrx_word' id='word_1_627' title='bbox 3548 3093 3644 3150; x_wconf 91' lang='lat' dir='ltr'><strong>diu</strong></span> 
     </span>
    </p>
   </div>
   <div class='ocr_carea' id='block_1_94' title="bbox 2001 3181 3644 3262">
    <p class='ocr_par' dir='ltr' id='par_1_94' title="bbox 2001 3181 3644 3262">
     <span class='ocr_line' id='line_1_94' title="bbox 2001 3181 3644 3262; baseline -0.005 -15"><span class='ocrx_word' id='word_1_628' title='bbox 2001 3191 2188 3262; x_wconf 90' lang='lat' dir='ltr'><strong>gratia</strong></span> <span class='ocrx_word' id='word_1_629' title='bbox 2210 3206 2360 3247; x_wconf 64' lang='lat' dir='ltr'><strong>verte</strong></span> <span class='ocrx_word' id='word_1_630' title='bbox 2381 3190 2435 3245; x_wconf 91' lang='lat' dir='ltr'><strong>in</strong></span> <span class='ocrx_word' id='word_1_631' title='bbox 2457 3191 2570 3245; x_wconf 92' lang='lat' dir='ltr'><strong>Deo</strong></span> <span class='ocrx_word' id='word_1_632' title='bbox 2583 3188 2870 3254; x_wconf 89' lang='lat' dir='ltr'><strong>caritatis,</strong></span> <span class='ocrx_word' id='word_1_633' title='bbox 2891 3187 3020 3257; x_wconf 92' lang='lat' dir='ltr'><strong>quia</strong></span> <span class='ocrx_word' id='word_1_634' title='bbox 3042 3185 3242 3241; x_wconf 90' lang='lat' dir='ltr'><strong>inolita</strong></span> <span class='ocrx_word' id='word_1_635' title='bbox 3261 3183 3445 3253; x_wconf 85' lang='lat' dir='ltr'><strong>gratis</strong></span> <span class='ocrx_word' id='word_1_636' title='bbox 3463 3181 3644 3238; x_wconf 82' lang='lat' dir='ltr'><strong>libera</strong></span> 
     </span>
    </p>
   </div>
   <div class='ocr_carea' id='block_1_95' title="bbox 2002 3271 3647 3344">
    <p class='ocr_par' dir='ltr' id='par_1_95' title="bbox 2002 3271 3647 3344">
     <span class='ocr_line' id='line_1_95' title="bbox 2002 3271 3647 3344; baseline -0.007 -8"><span class='ocrx_word' id='word_1_637' title='bbox 2002 3285 2128 3336; x_wconf 89' lang='lat' dir='ltr'><strong>erat</strong></span> <span class='ocrx_word' id='word_1_638' title='bbox 2157 3279 2343 3335; x_wconf 91' lang='lat' dir='ltr'><strong>totius</strong></span> <span class='ocrx_word' id='word_1_639' title='bbox 2370 3276 2761 3334; x_wconf 88' lang='lat' dir='ltr'><strong>necessitatis.</strong></span> <span class='ocrx_word' id='word_1_640' title='bbox 2799 3277 2870 3330; x_wconf 90' lang='lat' dir='ltr'><strong>Et</strong></span> <span class='ocrx_word' id='word_1_641' title='bbox 2891 3290 3019 3332; x_wconf 92' lang='lat' dir='ltr'><strong>eum</strong></span> <span class='ocrx_word' id='word_1_642' title='bbox 3045 3274 3258 3344; x_wconf 71' lang='lat' dir='ltr'><strong>saepius</strong></span> <span class='ocrx_word' id='word_1_643' title='bbox 3279 3271 3647 3328; x_wconf 87' lang='lat' dir='ltr'><strong>Eleutherius</strong></span> 
     </span>
    </p>
   </div>
   <div class='ocr_carea' id='block_1_96' title="bbox 2000 3360 3648 3438">
    <p class='ocr_par' dir='ltr' id='par_1_96' title="bbox 2000 3360 3648 3438">
     <span class='ocr_line' id='line_1_96' title="bbox 2000 3360 3648 3438; baseline -0.006 -14"><span class='ocrx_word' id='word_1_644' title='bbox 2000 3367 2442 3438; x_wconf 89' lang='lat' dir='ltr'><strong>colloqueretur</strong></span> <span class='ocrx_word' id='word_1_645' title='bbox 2474 3365 2801 3432; x_wconf 89' lang='lat' dir='ltr'><strong>Lamberto,</strong></span> <span class='ocrx_word' id='word_1_646' title='bbox 2841 3364 2986 3418; x_wconf 87' lang='lat' dir='ltr'><strong>forte</strong></span> <span class='ocrx_word' id='word_1_647' title='bbox 3011 3363 3163 3418; x_wconf 90' lang='lat' dir='ltr'><strong>inter</strong></span> <span class='ocrx_word' id='word_1_648' title='bbox 3189 3360 3537 3431; x_wconf 88' lang='lat' dir='ltr'><strong>loquendum</strong></span> <span class='ocrx_word' id='word_1_649' title='bbox 3566 3373 3648 3414; x_wconf 76' lang='lat' dir='ltr'><strong>in-</strong></span> 
     </span>
    </p>
   </div>
   <div class='ocr_carea' id='block_1_97' title="bbox 2003 3448 3646 3520">
    <p class='ocr_par' dir='ltr' id='par_1_97' title="bbox 2003 3448 3646 3520">
     <span class='ocr_line' id='line_1_97' title="bbox 2003 3448 3646 3520; baseline -0.005 -8"><span class='ocrx_word' id='word_1_650' title='bbox 2003 3455 2146 3512; x_wconf 90' lang='lat' dir='ltr'><strong>cidit</strong></span> <span class='ocrx_word' id='word_1_651' title='bbox 2173 3455 2260 3511; x_wconf 92' lang='lat' dir='ltr'><strong>eis</strong></span> <span class='ocrx_word' id='word_1_652' title='bbox 2291 3457 2623 3510; x_wconf 66' lang='lat' dir='ltr'><strong>memoratae</strong></span> <span class='ocrx_word' id='word_1_653' title='bbox 2655 3451 2904 3508; x_wconf 68' lang='lat' dir='ltr'><strong>abbatiaa</strong></span> <span class='ocrx_word' id='word_1_654' title='bbox 2935 3450 3168 3520; x_wconf 90' lang='lat' dir='ltr'><strong>mentio,</strong></span> <span class='ocrx_word' id='word_1_655' title='bbox 3200 3453 3255 3504; x_wconf 92' lang='lat' dir='ltr'><strong>et</strong></span> <span class='ocrx_word' id='word_1_656' title='bbox 3288 3448 3389 3504; x_wconf 92' lang='lat' dir='ltr'><strong>illo</strong></span> <span class='ocrx_word' id='word_1_657' title='bbox 3417 3448 3646 3504; x_wconf 90' lang='lat' dir='ltr'><strong>dicente</strong></span> 
     </span>
    </p>
   </div>
   <div class='ocr_carea' id='block_1_98' title="bbox 2005 3537 3650 3612">
    <p class='ocr_par' dir='ltr' id='par_1_98' title="bbox 2005 3537 3650 3612">
     <span class='ocr_line' id='line_1_98' title="bbox 2005 3537 3650 3612; baseline -0.005 -12"><span class='ocrx_word' id='word_1_658' title='bbox 2005 3544 2074 3600; x_wconf 91' lang='lat' dir='ltr'><strong>de</strong></span> <span class='ocrx_word' id='word_1_659' title='bbox 2123 3543 2249 3612; x_wconf 91' lang='lat' dir='ltr'><strong>ejus</strong></span> <span class='ocrx_word' id='word_1_660' title='bbox 2298 3541 2668 3598; x_wconf 85' lang='lat' dir='ltr'><strong>ordinatione</strong></span> <span class='ocrx_word' id='word_1_661' title='bbox 2710 3555 2772 3597; x_wconf 93' lang='lat' dir='ltr'><strong>se</strong></span> <span class='ocrx_word' id='word_1_662' title='bbox 2806 3539 3141 3596; x_wconf 89' lang='lat' dir='ltr'><strong>multotiens</strong></span> <span class='ocrx_word' id='word_1_663' title='bbox 3191 3553 3320 3595; x_wconf 90' lang='lat' dir='ltr'><strong>cum</strong></span> <span class='ocrx_word' id='word_1_664' title='bbox 3370 3537 3650 3607; x_wconf 90' lang='lat' dir='ltr'><strong>episcopo</strong></span> 
     </span>
    </p>
   </div>
   <div class='ocr_carea' id='block_1_99' title="bbox 2005 3625 3649 3702">
    <p class='ocr_par' dir='ltr' id='par_1_99' title="bbox 2005 3625 3649 3702">
     <span class='ocr_line' id='line_1_99' title="bbox 2005 3625 3649 3702; baseline -0.006 -13"><span class='ocrx_word' id='word_1_665' title='bbox 2005 3631 2348 3700; x_wconf 88' lang='lat' dir='ltr'><strong>contulisse,</strong></span> <span class='ocrx_word' id='word_1_666' title='bbox 2373 3631 2707 3702; x_wconf 72' lang='lat' dir='ltr'><strong>episcopum</strong></span> <span class='ocrx_word' id='word_1_667' title='bbox 2728 3644 2866 3685; x_wconf 92' lang='lat' dir='ltr'><strong>vero</strong></span> <span class='ocrx_word' id='word_1_668' title='bbox 2883 3627 3221 3696; x_wconf 85' lang='lat' dir='ltr'><strong>sollicitum,</strong></span> <span class='ocrx_word' id='word_1_669' title='bbox 3244 3625 3344 3682; x_wconf 90' lang='lat' dir='ltr'><strong>sed</strong></span> <span class='ocrx_word' id='word_1_670' title='bbox 3366 3625 3649 3681; x_wconf 90' lang='lat' dir='ltr'><strong>incertum</strong></span> 
     </span>
    </p>
   </div>
   <div class='ocr_carea' id='block_1_100' title="bbox 2005 3713 3657 3786">
    <p class='ocr_par' dir='ltr' id='par_1_100' title="bbox 2005 3713 3657 3786">
     <span class='ocr_line' id='line_1_100' title="bbox 2005 3713 3657 3786; baseline -0.006 -8"><span class='ocrx_word' id='word_1_671' title='bbox 2005 3721 2098 3778; x_wconf 90' lang='lat' dir='ltr'><strong>cui</strong></span> <span class='ocrx_word' id='word_1_672' title='bbox 2130 3721 2546 3776; x_wconf 89' lang='lat' dir='ltr'><strong>convenienter</strong></span> <span class='ocrx_word' id='word_1_673' title='bbox 2568 3733 2690 3774; x_wconf 89' lang='lat' dir='ltr'><strong>eam</strong></span> <span class='ocrx_word' id='word_1_674' title='bbox 2715 3717 3131 3786; x_wconf 81' lang='lat' dir='ltr'><strong>committeret,</strong></span> <span class='ocrx_word' id='word_1_675' title='bbox 3166 3713 3465 3786; x_wconf 88' lang='lat' dir='ltr'><strong>respondit</strong></span> <span class='ocrx_word' id='word_1_676' title='bbox 3500 3713 3657 3769; x_wconf 84' lang='lat' dir='ltr'><strong>Lam-</strong></span> 
     </span>
    </p>
   </div>
   <div class='ocr_carea' id='block_1_101' title="bbox 2009 3804 3659 3878">
    <p class='ocr_par' dir='ltr' id='par_1_101' title="bbox 2009 3804 3659 3878">
     <span class='ocr_line' id='line_1_101' title="bbox 2009 3804 3659 3878; baseline -0.005 -13"><span class='ocrx_word' id='word_1_677' title='bbox 2009 3810 2233 3876; x_wconf 89' lang='lat' dir='ltr'><strong>bertus,</strong></span> <span class='ocrx_word' id='word_1_678' title='bbox 2269 3809 2483 3878; x_wconf 91' lang='lat' dir='ltr'><strong>optime</strong></span> <span class='ocrx_word' id='word_1_679' title='bbox 2515 3822 2640 3862; x_wconf 89' lang='lat' dir='ltr'><strong>eam</strong></span> <span class='ocrx_word' id='word_1_680' title='bbox 2673 3804 3148 3862; x_wconf 89' lang='lat' dir='ltr'><strong>committendam</strong></span> <span class='ocrx_word' id='word_1_681' title='bbox 3190 3806 3540 3873; x_wconf 88' lang='lat' dir='ltr'><strong>Berengero,</strong></span> <span class='ocrx_word' id='word_1_682' title='bbox 3571 3815 3659 3857; x_wconf 88' lang='lat' dir='ltr'><strong>sa-</strong></span> 
     </span>
    </p>
   </div>
   <div class='ocr_carea' id='block_1_102' title="bbox 2009 3889 3655 3968">
    <p class='ocr_par' dir='ltr' id='par_1_102' title="bbox 2009 3889 3655 3968">
     <span class='ocr_line' id='line_1_102' title="bbox 2009 3889 3655 3968; baseline -0.004 -17"><span class='ocrx_word' id='word_1_683' title='bbox 2009 3897 2188 3968; x_wconf 90' lang='lat' dir='ltr'><strong>pienti</strong></span> <span class='ocrx_word' id='word_1_684' title='bbox 2224 3895 2491 3965; x_wconf 87' lang='lat' dir='ltr'><strong>equidem</strong></span> <span class='ocrx_word' id='word_1_685' title='bbox 2517 3901 2573 3949; x_wconf 88' lang='lat' dir='ltr'><strong>et</strong></span> <span class='ocrx_word' id='word_1_686' title='bbox 2599 3895 2861 3964; x_wconf 66' lang='lat' dir='ltr'><strong>probatae</strong></span> <span class='ocrx_word' id='word_1_687' title='bbox 2892 3893 3132 3950; x_wconf 90' lang='lat' dir='ltr'><strong>virtutis</strong></span> <span class='ocrx_word' id='word_1_688' title='bbox 3164 3892 3307 3948; x_wconf 89' lang='lat' dir='ltr'><strong>viro.</strong></span> <span class='ocrx_word' id='word_1_689' title='bbox 3344 3890 3446 3946; x_wconf 92' lang='lat' dir='ltr'><strong>Ille</strong></span> <span class='ocrx_word' id='word_1_690' title='bbox 3478 3889 3655 3946; x_wconf 90' lang='lat' dir='ltr'><strong>semel</strong></span> 
     </span>
    </p>
   </div>
   <div class='ocr_carea' id='block_1_103' title="bbox 2010 3978 3657 4056">
    <p class='ocr_par' dir='ltr' id='par_1_103' title="bbox 2010 3978 3657 4056">
     <span class='ocr_line' id='line_1_103' title="bbox 2010 3978 3657 4056; baseline -0.004 -16"><span class='ocrx_word' id='word_1_691' title='bbox 2010 3989 2180 4056; x_wconf 90' lang='lat' dir='ltr'><strong>rapto</strong></span> <span class='ocrx_word' id='word_1_692' title='bbox 2230 3984 2428 4052; x_wconf 87' lang='lat' dir='ltr'><strong>verbo,</strong></span> <span class='ocrx_word' id='word_1_693' title='bbox 2479 3981 2704 4052; x_wconf 86' lang='lat' dir='ltr'><strong>gratias</strong></span> <span class='ocrx_word' id='word_1_694' title='bbox 2754 3981 2873 4051; x_wconf 87' lang='lat' dir='ltr'><strong>egit</strong></span> <span class='ocrx_word' id='word_1_695' title='bbox 2922 3980 3183 4047; x_wconf 91' lang='lat' dir='ltr'><strong>Domino,</strong></span> <span class='ocrx_word' id='word_1_696' title='bbox 3219 3983 3278 4035; x_wconf 90' lang='lat' dir='ltr'><strong>et</strong></span> <span class='ocrx_word' id='word_1_697' title='bbox 3311 3978 3657 4049; x_wconf 86' lang='lat' dir='ltr'><strong>quantocius</strong></span> 
     </span>
    </p>
   </div>
   <div class='ocr_carea' id='block_1_104' title="bbox 2009 4064 3658 4143">
    <p class='ocr_par' dir='ltr' id='par_1_104' title="bbox 2009 4064 3658 4143">
     <span class='ocr_line' id='line_1_104' title="bbox 2009 4064 3658 4143; baseline -0.005 -12"><span class='ocrx_word' id='word_1_698' title='bbox 2009 4073 2305 4143; x_wconf 89' lang='lat' dir='ltr'><strong>suggessit</strong></span> <span class='ocrx_word' id='word_1_699' title='bbox 2330 4071 2630 4141; x_wconf 91' lang='lat' dir='ltr'><strong>episcopo,</strong></span> <span class='ocrx_word' id='word_1_700' title='bbox 2660 4075 2720 4126; x_wconf 93' lang='lat' dir='ltr'><strong>ut</strong></span> <span class='ocrx_word' id='word_1_701' title='bbox 2747 4072 3133 4138; x_wconf 88' lang='lat' dir='ltr'><strong>Berengerum</strong></span> <span class='ocrx_word' id='word_1_702' title='bbox 3157 4067 3268 4123; x_wconf 91' lang='lat' dir='ltr'><strong>sibi</strong></span> <span class='ocrx_word' id='word_1_703' title='bbox 3291 4064 3658 4122; x_wconf 86' lang='lat' dir='ltr'><strong>commodan-</strong></span> 
     </span>
    </p>
   </div>
   <div class='ocr_carea' id='block_1_105' title="bbox 2011 4153 3656 4231">
    <p class='ocr_par' dir='ltr' id='par_1_105' title="bbox 2011 4153 3656 4231">
     <span class='ocr_line' id='line_1_105' title="bbox 2011 4153 3656 4231; baseline -0.005 -14"><span class='ocrx_word' id='word_1_704' title='bbox 2011 4160 2146 4217; x_wconf 90' lang='lat' dir='ltr'><strong>dum</strong></span> <span class='ocrx_word' id='word_1_705' title='bbox 2171 4163 2477 4231; x_wconf 85' lang='lat' dir='ltr'><strong>expeteret</strong></span> <span class='ocrx_word' id='word_1_706' title='bbox 2499 4159 2571 4214; x_wconf 88' lang='lat' dir='ltr'><strong>ab</strong></span> <span class='ocrx_word' id='word_1_707' title='bbox 2595 4159 2804 4213; x_wconf 89' lang='lat' dir='ltr'><strong>abbate</strong></span> <span class='ocrx_word' id='word_1_708' title='bbox 2828 4155 3204 4226; x_wconf 87' lang='lat' dir='ltr'><strong>Theoderico,</strong></span> <span class='ocrx_word' id='word_1_709' title='bbox 3229 4169 3398 4225; x_wconf 89' lang='lat' dir='ltr'><strong>quem</strong></span> <span class='ocrx_word' id='word_1_710' title='bbox 3423 4153 3656 4210; x_wconf 89' lang='lat' dir='ltr'><strong>interim</strong></span> 
     </span>
    </p>
   </div>
   <div class='ocr_carea' id='block_1_106' title="bbox 2011 4244 3653 4315">
    <p class='ocr_par' dir='ltr' id='par_1_106' title="bbox 2011 4244 3653 4315">
     <span class='ocr_line' id='line_1_106' title="bbox 2011 4244 3653 4315; baseline -0.005 -9"><span class='ocrx_word' id='word_1_711' title='bbox 2011 4249 2279 4306; x_wconf 64' lang='lat' dir='ltr'><strong>ecclesiae</strong></span> <span class='ocrx_word' id='word_1_712' title='bbox 2323 4247 2476 4303; x_wconf 91' lang='lat' dir='ltr'><strong>beati</strong></span> <span class='ocrx_word' id='word_1_713' title='bbox 2522 4244 2811 4302; x_wconf 88' lang='lat' dir='ltr'><strong>Laurentii</strong></span> <span class='ocrx_word' id='word_1_714' title='bbox 2855 4245 2980 4301; x_wconf 93' lang='lat' dir='ltr'><strong>loco</strong></span> <span class='ocrx_word' id='word_1_715' title='bbox 3020 4244 3235 4315; x_wconf 90' lang='lat' dir='ltr'><strong>prioris</strong></span> <span class='ocrx_word' id='word_1_716' title='bbox 3267 4245 3653 4315; x_wconf 65' lang='lat' dir='ltr'><strong>praeponeret,</strong></span> 
     </span>
    </p>
   </div>
   <div class='ocr_carea' id='block_1_107' title="bbox 1933 4313 3657 4409">
    <p class='ocr_par' dir='ltr' id='par_1_107' title="bbox 1933 4313 3657 4409">
     <span class='ocr_line' id='line_1_107' title="bbox 1933 4313 3657 4409; baseline -0.004 -15"><span class='ocrx_word' id='word_1_717' title='bbox 1933 4313 1983 4372; x_wconf 83' lang='lat' dir='ltr'><strong>D</strong></span> <span class='ocrx_word' id='word_1_718' title='bbox 2014 4337 2196 4394; x_wconf 91' lang='lat' dir='ltr'><strong>donec</strong></span> <span class='ocrx_word' id='word_1_719' title='bbox 2221 4351 2323 4409; x_wconf 93' lang='lat' dir='ltr'><strong>per</strong></span> <span class='ocrx_word' id='word_1_720' title='bbox 2347 4349 2646 4392; x_wconf 89' lang='lat' dir='ltr'><strong>accessum</strong></span> <span class='ocrx_word' id='word_1_721' title='bbox 2673 4333 2959 4404; x_wconf 89' lang='lat' dir='ltr'><strong>temporis</strong></span> <span class='ocrx_word' id='word_1_722' title='bbox 2985 4313 3209 4389; x_wconf 81' lang='lat' dir='ltr'><strong>certius</strong></span> <span class='ocrx_word' id='word_1_723' title='bbox 3236 4313 3371 4388; x_wconf 89' lang='lat' dir='ltr'><strong>inde</strong></span> <span class='ocrx_word' id='word_1_724' title='bbox 3392 4313 3500 4386; x_wconf 80' lang='lat' dir='ltr'><strong>sibi</strong></span> <span class='ocrx_word' id='word_1_725' title='bbox 3524 4345 3657 4387; x_wconf 91' lang='lat' dir='ltr'><strong>con-</strong></span> 
     </span>
    </p>
   </div>
   <div class='ocr_carea' id='block_1_108' title="bbox 2014 4421 3653 4496">
    <p class='ocr_par' dir='ltr' id='par_1_108' title="bbox 2014 4421 3653 4496">
     <span class='ocr_line' id='line_1_108' title="bbox 2014 4421 3653 4496; baseline -0.005 -14"><span class='ocrx_word' id='word_1_726' title='bbox 2014 4425 2204 4482; x_wconf 90' lang='lat' dir='ltr'><strong>silium</strong></span> <span class='ocrx_word' id='word_1_727' title='bbox 2258 4423 2610 4496; x_wconf 90' lang='lat' dir='ltr'><strong>proveniret.</strong></span> <span class='ocrx_word' id='word_1_728' title='bbox 2670 4421 2997 4493; x_wconf 86' lang='lat' dir='ltr'><strong>Episcopus</strong></span> <span class='ocrx_word' id='word_1_729' title='bbox 3041 4435 3168 4478; x_wconf 92' lang='lat' dir='ltr'><strong>eum</strong></span> <span class='ocrx_word' id='word_1_730' title='bbox 3219 4425 3498 4492; x_wconf 88' lang='lat' dir='ltr'><strong>expetere</strong></span> <span class='ocrx_word' id='word_1_731' title='bbox 3544 4433 3653 4474; x_wconf 84' lang='lat' dir='ltr'><strong>non</strong></span> 
     </span>
    </p>
   </div>
   <div class='ocr_carea' id='block_1_109' title="bbox 2015 4510 3659 4583">
    <p class='ocr_par' dir='ltr' id='par_1_109' title="bbox 2015 4510 3659 4583">
     <span class='ocr_line' id='line_1_109' title="bbox 2015 4510 3659 4583; baseline -0.004 -13"><span class='ocrx_word' id='word_1_732' title='bbox 2015 4512 2266 4583; x_wconf 90' lang='lat' dir='ltr'><strong>distulit,</strong></span> <span class='ocrx_word' id='word_1_733' title='bbox 2298 4518 2356 4569; x_wconf 91' lang='lat' dir='ltr'><strong>et</strong></span> <span class='ocrx_word' id='word_1_734' title='bbox 2381 4512 2475 4568; x_wconf 89' lang='lat' dir='ltr'><strong>vix</strong></span> <span class='ocrx_word' id='word_1_735' title='bbox 2498 4525 2652 4581; x_wconf 65' lang='lat' dir='ltr'><strong>aegre</strong></span> <span class='ocrx_word' id='word_1_736' title='bbox 2674 4512 2745 4567; x_wconf 91' lang='lat' dir='ltr'><strong>ab</strong></span> <span class='ocrx_word' id='word_1_737' title='bbox 2767 4512 2978 4567; x_wconf 85' lang='lat' dir='ltr'><strong>abbate</strong></span> <span class='ocrx_word' id='word_1_738' title='bbox 3004 4510 3376 4581; x_wconf 89' lang='lat' dir='ltr'><strong>impetratum</strong></span> <span class='ocrx_word' id='word_1_739' title='bbox 3400 4515 3460 4565; x_wconf 90' lang='lat' dir='ltr'><strong>et</strong></span> <span class='ocrx_word' id='word_1_740' title='bbox 3483 4512 3659 4564; x_wconf 88' lang='lat' dir='ltr'><strong>intro-</strong></span> 
     </span>
    </p>
   </div>
   <div class='ocr_carea' id='block_1_110' title="bbox 2013 4597 3652 4669">
    <p class='ocr_par' dir='ltr' id='par_1_110' title="bbox 2013 4597 3652 4669">
     <span class='ocr_line' id='line_1_110' title="bbox 2013 4597 3652 4669; baseline -0.005 -10"><span class='ocrx_word' id='word_1_741' title='bbox 2013 4601 2251 4659; x_wconf 91' lang='lat' dir='ltr'><strong>ductum</strong></span> <span class='ocrx_word' id='word_1_742' title='bbox 2294 4599 2555 4658; x_wconf 73' lang='lat' dir='ltr'><strong>ecclesiae</strong></span> <span class='ocrx_word' id='word_1_743' title='bbox 2595 4599 2822 4656; x_wconf 87' lang='lat' dir='ltr'><strong>vacanti</strong></span> <span class='ocrx_word' id='word_1_744' title='bbox 2863 4599 3116 4669; x_wconf 88' lang='lat' dir='ltr'><strong>priorem</strong></span> <span class='ocrx_word' id='word_1_745' title='bbox 3154 4613 3284 4655; x_wconf 90' lang='lat' dir='ltr'><strong>esse</strong></span> <span class='ocrx_word' id='word_1_746' title='bbox 3325 4597 3652 4654; x_wconf 87' lang='lat' dir='ltr'><strong>constituit.</strong></span> 
     </span>
    </p>
   </div>
   <div class='ocr_carea' id='block_1_111' title="bbox 2019 4685 3660 4759">
    <p class='ocr_par' dir='ltr' id='par_1_111' title="bbox 2019 4685 3660 4759">
     <span class='ocr_line' id='line_1_111' title="bbox 2019 4685 3660 4759; baseline -0.004 -14"><span class='ocrx_word' id='word_1_747' title='bbox 2019 4691 2400 4759; x_wconf 84' lang='lat' dir='ltr'><strong>Berengerus,</strong></span> <span class='ocrx_word' id='word_1_748' title='bbox 2435 4692 2496 4744; x_wconf 90' lang='lat' dir='ltr'><strong>ut</strong></span> <span class='ocrx_word' id='word_1_749' title='bbox 2525 4693 2654 4744; x_wconf 89' lang='lat' dir='ltr'><strong>erat</strong></span> <span class='ocrx_word' id='word_1_750' title='bbox 2683 4688 2772 4743; x_wconf 91' lang='lat' dir='ltr'><strong>vir</strong></span> <span class='ocrx_word' id='word_1_751' title='bbox 2800 4687 3094 4743; x_wconf 90' lang='lat' dir='ltr'><strong>discretus</strong></span> <span class='ocrx_word' id='word_1_752' title='bbox 3117 4691 3174 4741; x_wconf 89' lang='lat' dir='ltr'><strong>et</strong></span> <span class='ocrx_word' id='word_1_753' title='bbox 3206 4685 3477 4756; x_wconf 89' lang='lat' dir='ltr'><strong>prudens,</strong></span> <span class='ocrx_word' id='word_1_754' title='bbox 3509 4689 3660 4740; x_wconf 88' lang='lat' dir='ltr'><strong>sata-</strong></span> 
     </span>
    </p>
   </div>
   <div class='ocr_carea' id='block_1_112' title="bbox 2015 4771 3659 4848">
    <p class='ocr_par' dir='ltr' id='par_1_112' title="bbox 2015 4771 3659 4848">
     <span class='ocr_line' id='line_1_112' title="bbox 2015 4771 3659 4848; baseline -0.005 -14"><span class='ocrx_word' id='word_1_755' title='bbox 2015 4779 2187 4848; x_wconf 85' lang='lat' dir='ltr'><strong>gebat</strong></span> <span class='ocrx_word' id='word_1_756' title='bbox 2210 4776 2478 4834; x_wconf 90' lang='lat' dir='ltr'><strong>consulte</strong></span> <span class='ocrx_word' id='word_1_757' title='bbox 2500 4775 2690 4833; x_wconf 90' lang='lat' dir='ltr'><strong>omnia</strong></span> <span class='ocrx_word' id='word_1_758' title='bbox 2720 4788 3053 4847; x_wconf 89' lang='lat' dir='ltr'><strong>procurare,</strong></span> <span class='ocrx_word' id='word_1_759' title='bbox 3077 4771 3436 4844; x_wconf 90' lang='lat' dir='ltr'><strong>singulorum</strong></span> <span class='ocrx_word' id='word_1_760' title='bbox 3458 4785 3659 4828; x_wconf 84' lang='lat' dir='ltr'><strong>semo-</strong></span> 
     </span>
    </p>
   </div>
   <div class='ocr_carea' id='block_1_113' title="bbox 2006 4861 3661 4937">
    <p class='ocr_par' dir='ltr' id='par_1_113' title="bbox 2006 4861 3661 4937">
     <span class='ocr_line' id='line_1_113' title="bbox 2006 4861 3661 4937; baseline -0.004 -15"><span class='ocrx_word' id='word_1_761' title='bbox 2006 4866 2180 4923; x_wconf 81' lang='lat' dir='ltr'><strong>ribus</strong></span> <span class='ocrx_word' id='word_1_762' title='bbox 2228 4870 2691 4937; x_wconf 86' lang='lat' dir='ltr'><strong>contemperare,</strong></span> <span class='ocrx_word' id='word_1_763' title='bbox 2745 4864 3031 4920; x_wconf 88' lang='lat' dir='ltr'><strong>neminem</strong></span> <span class='ocrx_word' id='word_1_764' title='bbox 3078 4861 3242 4932; x_wconf 88' lang='lat' dir='ltr'><strong>quasi</strong></span> <span class='ocrx_word' id='word_1_765' title='bbox 3293 4862 3661 4932; x_wconf 85' lang='lat' dir='ltr'><strong>importunus</strong></span> 
     </span>
    </p>
   </div>
   <div class='ocr_carea' id='block_1_114' title="bbox 2015 4949 3659 5026">
    <p class='ocr_par' dir='ltr' id='par_1_114' title="bbox 2015 4949 3659 5026">
     <span class='ocr_line' id='line_1_114' title="bbox 2015 4949 3659 5026; baseline -0.004 -15"><span class='ocrx_word' id='word_1_766' title='bbox 2015 4970 2280 5026; x_wconf 86' lang='lat' dir='ltr'><strong>gravare,</strong></span> <span class='ocrx_word' id='word_1_767' title='bbox 2308 4954 2571 5012; x_wconf 84' lang='lat' dir='ltr'><strong>doctrina</strong></span> <span class='ocrx_word' id='word_1_768' title='bbox 2606 4959 2664 5008; x_wconf 89' lang='lat' dir='ltr'><strong>et</strong></span> <span class='ocrx_word' id='word_1_769' title='bbox 2696 4952 2963 5022; x_wconf 82' lang='lat' dir='ltr'><strong>exemplo</strong></span> <span class='ocrx_word' id='word_1_770' title='bbox 2996 4951 3300 5020; x_wconf 88' lang='lat' dir='ltr'><strong>graviores</strong></span> <span class='ocrx_word' id='word_1_771' title='bbox 3330 4949 3659 5020; x_wconf 86' lang='lat' dir='ltr'><strong>informare,</strong></span> 
     </span>
    </p>
   </div>
   <div class='ocr_carea' id='block_1_115' title="bbox 2017 5038 3660 5111">
    <p class='ocr_par' dir='ltr' id='par_1_115' title="bbox 2017 5038 3660 5111">
     <span class='ocr_line' id='line_1_115' title="bbox 2017 5038 3660 5111; baseline -0.003 -12"><span class='ocrx_word' id='word_1_772' title='bbox 2017 5044 2271 5101; x_wconf 91' lang='lat' dir='ltr'><strong>leviores</strong></span> <span class='ocrx_word' id='word_1_773' title='bbox 2303 5059 2372 5100; x_wconf 93' lang='lat' dir='ltr'><strong>ne</strong></span> <span class='ocrx_word' id='word_1_774' title='bbox 2403 5042 2948 5100; x_wconf 78' lang='lat' dir='ltr'><strong>scandalizarentur</strong></span> <span class='ocrx_word' id='word_1_775' title='bbox 2978 5040 3204 5096; x_wconf 91' lang='lat' dir='ltr'><strong>interim</strong></span> <span class='ocrx_word' id='word_1_776' title='bbox 3239 5038 3660 5111; x_wconf 76' lang='lat' dir='ltr'><strong>dispensatoris</strong></span> 
     </span>
    </p>
   </div>
   <div class='ocr_carea' id='block_1_116' title="bbox 2021 5131 2726 5204">
    <p class='ocr_par' dir='ltr' id='par_1_116' title="bbox 2021 5131 2726 5204">
     <span class='ocr_line' id='line_1_116' title="bbox 2021 5131 2726 5204; baseline -0.004 -15"><span class='ocrx_word' id='word_1_777' title='bbox 2021 5133 2302 5204; x_wconf 90' lang='lat' dir='ltr'><strong>patientia</strong></span> <span class='ocrx_word' id='word_1_778' title='bbox 2337 5131 2726 5188; x_wconf 91' lang='lat' dir='ltr'><strong>dissimulare.</strong></span> 
     </span>
    </p>
   </div>
   <div class='ocr_carea' id='block_1_117' title="bbox 2093 5235 3663 5308">
    <p class='ocr_par' dir='ltr' id='par_1_117' title="bbox 2093 5235 3663 5308">
     <span class='ocr_line' id='line_1_117' title="bbox 2093 5235 3663 5308; baseline -0.004 -12"><span class='ocrx_word' id='word_1_779' title='bbox 2093 5243 2176 5296; x_wconf 89' lang='lat'><strong>36.</strong></span> <span class='ocrx_word' id='word_1_780' title='bbox 2229 5237 2363 5308; x_wconf 78' lang='grc'>(48.)</span> <span class='ocrx_word' id='word_1_781' title='bbox 2412 5239 2526 5293; x_wconf 86' lang='lat' dir='ltr'><strong>Nec</strong></span> <span class='ocrx_word' id='word_1_782' title='bbox 2578 5236 2760 5292; x_wconf 91' lang='lat' dir='ltr'><strong>multo</strong></span> <span class='ocrx_word' id='word_1_783' title='bbox 2817 5241 2946 5308; x_wconf 92' lang='lat' dir='ltr'><strong>post</strong></span> <span class='ocrx_word' id='word_1_784' title='bbox 3005 5235 3454 5306; x_wconf 88' lang='lat' dir='ltr'><strong>superveniente</strong></span> <span class='ocrx_word' id='word_1_785' title='bbox 3511 5235 3663 5291; x_wconf 82' lang='lat' dir='ltr'><strong>festo</strong></span> 
     </span>
    </p>
   </div>
   <div class='ocr_carea' id='block_1_118' title="bbox 2022 5323 3663 5398">
    <p class='ocr_par' dir='ltr' id='par_1_118' title="bbox 2022 5323 3663 5398">
     <span class='ocr_line' id='line_1_118' title="bbox 2022 5323 3663 5398; baseline -0.002 -12"><span class='ocrx_word' id='word_1_786' title='bbox 2022 5327 2181 5386; x_wconf 86' lang='lat' dir='ltr'><strong>beati</strong></span> <span class='ocrx_word' id='word_1_787' title='bbox 2213 5325 2498 5384; x_wconf 87' lang='lat' dir='ltr'><strong>Lamberti</strong></span> <span class='ocrx_word' id='word_1_788' title='bbox 2531 5325 2717 5398; x_wconf 79' lang='lat' dir='ltr'><strong>(Sept.</strong></span> <span class='ocrx_word' id='word_1_789' title='bbox 2754 5328 2864 5398; x_wconf 86' lang='grc'>17),</span> <span class='ocrx_word' id='word_1_790' title='bbox 2896 5339 3026 5382; x_wconf 87' lang='lat' dir='ltr'><strong>cum</strong></span> <span class='ocrx_word' id='word_1_791' title='bbox 3058 5323 3320 5382; x_wconf 87' lang='lat' dir='ltr'><strong>ediceret</strong></span> <span class='ocrx_word' id='word_1_792' title='bbox 3349 5323 3663 5397; x_wconf 76' lang='lat' dir='ltr'><strong>episcopus</strong></span> 
     </span>
    </p>
   </div>
   <div class='ocr_carea' id='block_1_119' title="bbox 1851 5426 2083 5486">
    <p class='ocr_par' dir='ltr' id='par_1_119' title="bbox 1851 5426 2083 5486">
     <span class='ocr_line' id='line_1_119' title="bbox 1851 5426 2083 5486; baseline -0.013 0"><span class='ocrx_word' id='word_1_793' title='bbox 1851 5426 2053 5486; x_wconf 65' lang='lat' dir='ltr'><strong>NOTAE</strong></span> <span class='ocrx_word' id='word_1_794' title='bbox 2069 5467 2083 5483; x_wconf 89' lang='lat'><strong>.</strong></span> 
     </span>
    </p>
   </div>
   <div class='ocr_carea' id='block_1_120' title="bbox 332 5501 772 5582">
    <p class='ocr_par' dir='ltr' id='par_1_120' title="bbox 332 5501 772 5582">
     <span class='ocr_line' id='line_1_120' title="bbox 332 5501 772 5582; baseline 0.005 -24"><span class='ocrx_word' id='word_1_795' title='bbox 332 5501 482 5582; x_wconf 72' lang='lat'><strong>(117)</strong></span> <span class='ocrx_word' id='word_1_796' title='bbox 513 5504 648 5574; x_wconf 64' lang='lat' dir='ltr'><strong>esp.</strong></span> <span class='ocrx_word' id='word_1_797' title='bbox 682 5501 772 5561; x_wconf 71' lang='lat'><strong>25.</strong></span> 
     </span>
    </p>
   </div>
  </div>
