3948 6070
392 138 546 218 1383

1390 134 1865 205 CHRONICON
1896 139 1962 202 S.
1998 135 2358 199 AUBERTI
2386 130 2761 196 ANDAGiN.

3642 128 3777 194 1384

386 286 700 346 abbatibus
729 289 789 342 et
822 280 1249 342 archidiaconis
1290 279 1645 337 reddendum
1689 278 1798 336 sibi
1839 277 2018 335 consi-

2165 264 2465 359 argissima
2499 286 2625 357 ejus
2652 287 2784 343 anni
2817 286 3153 358 prOVcniret
3185 285 3415 343 messis.

387 377 527 436 lium
554 378 625 434 de
648 375 970 432 ordinanda
992 371 1238 430 ecclesia
1264 370 1417 427 beati
1444 370 1759 438 Laurentii,
1791 383 2029 438 respon-

387 465 600 523 derunt
632 464 715 520 illi
746 464 803 520 in
832 476 1133 520 commune
1163 459 1557 518 consulendos
1598 459 1811 516 fratres
1847 457 2028 529 ipsius

387 553 880 626 congregationis,
915 553 1116 622 eisque
1147 549 1497 605 offerendam
1524 547 1848 618 regularem
1871 553 1927 601 et
1952 545 2030 601 le-

384 643 645 715 gitimam
661 642 1007 699 electionem
1026 639 1274 696 abbatis.
1294 638 1616 709 Episcopus
1634 637 1689 691 in
1708 635 2027 692 crastinum

383 730 679 787 deducens
699 743 800 786 eos
823 743 1019 785 secum
1043 726 1114 783 ad
1137 725 1325 781 locum
1352 725 1527 795 venit,
1562 731 1621 780 et
1655 724 1934 779 fratribus
1964 728 2024 801 ut

386 819 657 876 abbatem
704 817 815 874 sibi
862 816 1145 887 eligerent
1193 813 1502 871 mandavit.
1550 813 1638 869 illi
1674 813 1856 869 locuti
1897 826 2026 868 cum

383 905 652 977 consilio,
683 920 813 961 cum
843 904 1154 959 abbatibus
1182 906 1243 958 et
1273 901 1699 957 archidiaconis
1722 901 2024 970 elegerunt

384 994 772 1064 Berengerum
805 1006 1097 1049 consensu
1126 991 1399 1048 unanimi.
1439 992 1687 1047 Laetatus
1716 989 2025 1060 episcopus

384 1096 585 1139 eorum
615 1080 963 1138 electionem
995 1079 1308 1135 convenire
1339 1078 1622 1135 voluntati
1655 1094 1795 1146 suae,
1828 1078 2024 1134 abbati

382 1168 736 1227 Theoderico
767 1169 947 1240 ccepit
978 1168 1351 1224 vehementer
1382 1168 1621 1223 innuere
1650 1172 1713 1223 ut
1748 1168 2027 1235 Berenge-

384 1268 511 1314 rum
542 1257 655 1313 sibi
695 1257 1025 1313 absolutum
1068 1255 1361 1311 redderet.
1405 1257 1652 1311 Econtra
1686 1270 1812 1310 cum
1846 1255 2028 1310 abbas

385 1346 752 1416 reclamaret,
789 1360 851 1402 se
882 1359 985 1401 nec
1015 1344 1160 1400 velle
1192 1359 1298 1401 nec
1329 1359 1499 1416 posse
1526 1343 1628 1399 tali
1655 1344 1779 1399 viro
1800 1357 2021 1412 carere,

384 1448 503 1491 suae
535 1434 718 1505 magis
757 1433 1018 1490 ecclesiae
1058 1447 1188 1488 eum
1227 1432 1538 1488 convenire
1582 1446 1750 1501 quam
1789 1430 2023 1496 alienae;

382 1523 481 1578 vix
510 1523 764 1594 optinuit
797 1522 1108 1593 episcopus
1141 1520 1295 1591 quod
1327 1521 1559 1593 petebat
1591 1520 1743 1575 omni
1769 1520 1868 1575 illo
1892 1533 2026 1574 con-

2211 381 2298 433 38.
2333 377 2467 447 (50.)
2502 376 2618 430 Sub
2659 376 2859 431 rodcm
2903 380 3166 446 tempore
3207 376 3393 449 adfuit
3432 372 3778 430 Theoderico

2140 465 2338 520 abbati
2370 465 2585 535 legatio
2617 463 2879 519 Elinandi
2910 464 3311 520 Laudunensis
3340 461 3625 534 episcopi,
3656 461 3776 518 utsi

2141 553 2279 623 quid
2327 553 2480 624 apud
2527 567 2657 608 eum
2709 558 2908 622 posset
2948 552 3035 608 vel
3071 553 3197 622 ipse
3227 551 3317 608 Vel
3348 549 3602 607 ecclesia
3635 564 3774 605 coni-

2141 640 2339 709 missa,
2362 640 2710 695 concederet
2744 641 2982 695 fratrem
3012 655 3187 695 unum
3218 653 3336 695 sua:
3370 637 3769 707 institutionis,

2110 743 2309 799 quem
2347 718 2649 785 ordinaret
2683 727 2951 784 abbatem
2991 727 3256 784 ecclesiae
3301 727 3457 783 beati
3501 726 3772 782 Vincentii

2139 818 2431 887 martyris.
2464 817 2526 872 id
2560 832 2688 873 cum
2723 819 2903 873 abbas
2933 817 3165 873 omnino
3204 818 3525 885 recusaret,
3566 814 3776 885 episco-

2140 921 2249 978 pus
2290 920 2428 962 vero
2465 906 2573 961 hoc
2608 906 2791 976 ipsum
2827 906 2917 960 bis
2947 912 3156 975 terque
3196 903 3590 975 importunius
3629 916 3776 973 repo-

2140 999 2355 1061 sceret,
2402 994 2633 1049 tandem
2676 994 2861 1048 relato
2901 994 3148 1049 consilio
3187 993 3257 1048 ad
3299 1005 3663 1048 communem
3693 1005 3779 1046 au-

2139 1081 2416 1137 dientiam
2440 1081 2725 1152 capitolii,
2750 1081 3004 1137 unanimi
3031 1082 3273 1137 fratrum
3298 1080 3591 1136 electione
3614 1080 3778 1135 domi—

2139 1185 2272 1226 num
2308 1171 2733 1226 Adalberonem
2767 1171 3100 1226 Laudunum
3141 1168 3402 1238 deduxit,
3446 1181 3697 1236 eumque
3722 1181 3777 1222 se

2140 1265 2428 1331 praesente
2451 1258 2722 1314 abbatem
2747 1258 3013 1315 ecclesiae
3037 1257 3193 1313 beati
3216 1257 3504 1313 Vincentii
3528 1254 3776 1310 ordinari

2138 1348 2449 1404 concessit.

2212 1442 2295 1492 39.
2327 1438 2459 1509 (51.)
2486 1436 2555 1492 Et
2580 1440 2642 1492 ut
2668 1438 3021 1492 memoretur
3045 1434 3194 1490 idem
3219 1433 3510 1490 Adalhero
3535 1433 3668 1503 quis
3690 1439 3781 1490 aut

2139 1526 2291 1581 unde
2326 1525 2519 1595 fuerit,
2566 1526 2675 1581 fuit
2725 1524 2939 1580 nobilis
2990 1523 3271 1594 prosapiae
3304 1522 3526 1578 Suevus
3557 1528 3618 1577 et
3650 1522 3783 1577 mul-

382 1615 556 1668 ventu
591 1611 969 1680 suffragante,
1003 1616 1063 1664 et
1096 1610 1326 1665 tandem
1360 1610 1687 1677 Berengero
1716 1622 1909 1663 coram
1941 1610 2025 1662 at-
2055 1621 2108 1681 Β
2140 1613 2360 1684 tipiicis
2390 1614 2672 1677 scientia),
2710 1612 3173 1669 Coustantiensis
3200 1611 3467 1667 ecclesiae
3498 1610 3775 1668 clericus.

385 1704 598 1770 tracto,
619 1700 911 1755 abbatiam
936 1698 1123 1754 sancti
1147 1697 1440 1753 Laurentii
1465 1695 1599 1752 licet
1626 1697 1723 1753 diu
1749 1696 2024 1751 renitenti

381 1788 694 1859 episcopus
725 1786 1007 1842 violenter
1051 1786 1316 1856 ingessit,
1352 1786 1407 1840 id
1442 1800 1645 1841 revera
1679 1785 2025 1856 disponente

380 1875 571 1946 gratia
617 1875 738 1945 Dei,
790 1889 918 1946 quas
950 1874 1006 1928 in
1041 1874 1200 1929 brevi
1230 1875 1340 1929 hoc
1371 1888 1431 1929 se
1464 1872 1824 1944 disposuisse
1876 1888 2026 1929 com-

383 1962 673 2036 probavit,
727 1963 860 2020 dum
911 1962 1070 2019 illius
1124 1960 1320 2037 labore
1370 1967 1429 2016 et
1481 1962 1711 2031 ingenio
1766 1962 2025 2018 accrevit

380 2051 630 2108 interius
660 2050 896 2123 optimae
928 2050 1230 2121 religionis
1259 2050 1653 2120 congregatio,
1679 2056 1734 2105 et
1761 2051 2024 2107 exterius

379 2138 687 2212 multiplex
718 2153 913 2196 rerum
945 2138 1476 2195 ecclesiasticarum
1510 2138 1843 2209 acquisitio.

452 2232 537 2285 37.
583 2228 717 2298 (49.)
759 2229 854 2303 [ν.
895 2228 1105 2284 ΥΙιεοά.
1140 2243 1189 2283 c.
1227 2226 1277 2300 4]
1334 2231 1495 2283 Anno
1546 2228 1691 2297 (118,
1722 2227 2024 2284 dominicae

380 2317 801 2374 incarnationis
828 2320 962 2372 1070
984 2316 1328 2386 gravissima
1353 2316 1537 2371 hiems
1561 2317 1845 2385 incubuit,
1878 2317 2023 2373 adeo

381 2409 444 2463 ut
485 2405 543 2461 in
575 2405 776 2462 Galliis
813 2405 1057 2473 Ararim,
1102 2405 1423 2473 Rodanum,
1468 2406 1707 2473 Renum,
1753 2405 2021 2475 Ligerim,

377 2493 435 2549 in
461 2493 763 2549 Germania
786 2493 1009 2562 Albam,
1046 2493 1289 2549 Visclam
1312 2499 1368 2547 et
1394 2494 1735 2562 Danubium,
1771 2492 1826 2547 in
1862 2492 2022 2549 Italia

376 2580 687 2636 Eridanum
712 2580 1100 2651 por-maximos
1128 2580 1350 2649 fluvios,
1380 2585 1438 2636 ut
1464 2586 1728 2635 taceatur
1752 2581 1822 2638 de
1848 2582 2023 2637 mino-

378 2667 561 2739 ribus,
603 2674 767 2724 taiito
807 2668 941 2738 gelu
984 2669 1438 2737 constringeret,
1483 2671 1635 2737 quod
1679 2669 2024 2725 mirantibus

377 2754 974 2811 circummanentibus
998 2755 1205 2812 incolis
1229 2755 1395 2826 quasi
1422 2769 1523 2826 per
1542 2755 1785 2811 solidam
1804 2762 2021 2811 terram

355 2842 564 2913 pervii
588 2844 813 2899 fierent.
843 2845 959 2899 Hoc
980 2843 1113 2912 gelu
1140 2845 1371 2898 tandem
1392 2843 1446 2898 in
1471 2858 1602 2898 vere
1627 2843 1872 2898 remisso
1897 2843 2017 2912 (an.

377 2933 558 3003 1077),
604 2936 765 2987 tanta
808 2931 1098 2987 successit
1140 2931 1375 2987 siccitas
1416 2932 1588 3001 aeris,
1628 2937 1688 2986 ut
1719 2932 2024 2988 arentibus

377 3019 537 3075 arvis
568 3033 714 3090 pene
741 3018 1154 3090 desperaretur
1187 3030 1506 3090 proventus
1535 3020 1741 3074 messis
1775 3020 2011 3076 futurae.

374 3106 762 3164 Theodericus
805 3109 986 3163 abbas
1036 3113 1171 3163 tunc
1204 3109 1259 3162 in
1291 3109 1734 3177 quadragesima
1787 3110 2020 3165 Romam

268 3233 284 3255 .
372 3196 564 3266 gratia
591 3196 875 3251 orationis
900 3197 1221 3266 profectus,
1245 3196 1301 3249 in
1327 3197 1624 3251 redeundo
1654 3197 1846 3251 Remis
1869 3197 2019 3267 apud

376 3282 611 3341 beatum
653 3284 975 3354 Remigium
1025 3284 1392 3339 familiariter
1441 3285 1778 3354 aliquandiu
1829 3285 2023 3340 lassus

375 3371 617 3444 quievit.
635 3372 881 3443 Vulgato
899 3377 1091 3428 autem
1112 3357 1214 3443 per
1229 3373 1428 3427 urbem
1448 3374 1590 3426 tanti
1613 3373 1719 3427 viri
1743 3372 2019 3438 adventu,

373 3460 501 3533 ipse
531 3461 824 3519 Manasses
861 3468 998 3518 tunc
1036 3461 1345 3516 Remorum
1386 3462 1668 3531 pontifex,
1708 3475 2021 3532 omnesque

375 3563 539 3620 paene
566 3548 827 3618 ejusdem
858 3548 1199 3618 metropolis
1222 3548 1468 3617 majores
1492 3548 1652 3603 illum
1678 3548 2022 3620 suppliciter

373 3636 661 3693 adeuntes
680 3636 977 3707 petierunt
998 3643 1058 3692 ut
1077 3637 1147 3691 de
1168 3636 1488 3692 imminenti
1508 3635 1673 3708 plaga
1694 3637 2022 3709 desperatis

373 3724 539 3780 daret
571 3723 899 3793 consilium,
927 3722 1213 3794 simulque
1236 3724 1602 3781 orationibus
1622 3725 1916 3797 optineret
1941 3726 2021 3780 di-

372 3810 520 3868 vinae
544 3810 967 3868 consolationis
990 3812 1287 3869 auxilium.
1313 3813 1411 3868 ille
1434 3812 1571 3869 licet
1594 3814 1812 3871 invntus
1837 3814 2021 3886 preci-

373 3900 485 3958 bus
517 3906 709 3957 tamen
739 3901 1191 3974 supplicantium
1226 3903 1436 3971 victus,
1483 3902 1777 3973 publicum
1817 3903 2017 3975 populi

372 3994 720 4047 conventum
742 3990 801 4045 in
825 3990 1065 4047 basilica
1090 3990 1293 4060 majori
1314 3997 1531 4047 sanctae
1555 3992 1745 4048 Marias
1767 4006 2019 4063 semper-

372 4091 485 4151 que
516 4078 759 4150 virginis
796 4079 1101 4150 genitricis
1130 4079 1231 4135 Dei
1265 4080 1557 4135 mandavit
1593 4080 1738 4149 fieri,
1772 4084 1832 4136 et
1864 4080 2018 4136 inter

371 4167 676 4225 missarum
709 4168 1051 4239 sollempnia
1080 4182 1326 4225 exoi-sus
1358 4183 1682 4225 sermonem
1708 4184 1812 4240 pro
1837 4170 2019 4239 quali-

370 4259 492 4312 tate
520 4256 765 4328 periculi
789 4256 1057 4313 omnibus
1079 4256 1477 4312 indifferenter
1505 4258 1674 4313 unius
1699 4257 1811 4312 diei
1834 4259 2019 4313 conti-

2139 1703 2240 1757 Hic
2263 1702 2395 1757 duci
2422 1701 2734 1757 Godefrido
2754 1699 2969 1771 juniori
2994 1701 3065 1756 ab
3089 1697 3255 1754 Italia
3283 1699 3603 1754 revertenti
3630 1700 3782 1755 fami-

2139 1788 2364 1845 liariter
2394 1790 2663 1859 adhaesit,
2696 1789 2792 1859 qui
2824 1786 3097 1859 quamdiu
3131 1787 3374 1856 advixit,
3420 1787 3661 1843 habitus
3698 1794 3781 1843 est

2137 1879 2290 1949 apud
2308 1892 2440 1933 eum
2461 1877 2754 1933 amicitior
2776 1876 3165 1932 amicissimis.
3198 1876 3308 1931 Sed
3328 1873 3429 1929 illo
3452 1874 3780 1943 interfecto,

2136 1980 2264 2021 cum
2299 1981 2359 2022 se
2394 1965 2683 2021 Adalbero
2720 1964 3011 2035 junxisset
3052 1964 3364 2020 Godei‘rido
3403 1963 3778 2033 adolescenti,

2138 2069 2303 2123 quem
2327 2054 2650 2110 avunculus
2673 2056 2861 2109 adhuc
2884 2053 3082 2108 vivens
3107 2053 3485 2123 adoptaverat
3513 2051 3781 2106 heredem

2136 2143 2267 2211 sibi,
2297 2143 2449 2199 inter
2472 2143 2632 2199 illum
2656 2148 2715 2198 et
2742 2142 3042 2197 Albertum
3067 2142 3485 2196 Namucensem
3516 2140 3783 2195 comitem

2136 2236 2262 2285 orta
2288 2237 2379 2286 est
2401 2231 2744 2300 gravissima
2769 2229 3061 2286 dissensio
3084 2244 3191 2300 pro
3214 2230 3458 2285 castello
3480 2228 3783 2283 Bulonien-

2135 2319 2201 2375 si.
2248 2318 2369 2385 Qua
2411 2318 2481 2375 de
2525 2335 2585 2375 re
2628 2319 2923 2375 nominato
2965 2319 3115 2390 apud
3158 2325 3420 2374 sanctum
3460 2319 3782 2373 iiubertum

2136 2407 2286 2462 inter
2317 2413 2624 2477 utrumque
2649 2407 2961 2477 colloquio,
2993 2421 3119 2462 cum
3149 2404 3459 2461 Godefrido
3488 2405 3677 2459 adfuit
3706 2404 3781 2459 ibi

2134 2500 2190 2549 et
2216 2495 2471 2552 clericus
2497 2496 2803 2551 Adalbcro.
2829 2495 2933 2560 Qui
2963 2499 3020 2550 ut
3040 2502 3165 2549 erat
3192 2494 3502 2564 perspicax
3529 2492 3586 2547 in
3611 2494 3785 2549 rebus

2135 2582 2659 2654 deprehendendis,
2691 2598 2821 2638 cum
2865 2583 3264 2653 perSpcxisset
3297 2582 3352 2636 in
3385 2581 3673 2636 fratribus
3706 2581 3785 2637 in-

2136 2670 2831 2726 remissamintentionem
2851 2671 3177 2739 exequendi
3198 2669 3440 2737 ordinis,
3456 2683 3588 2724 cum
3608 2668 3785 2725 etiam

2136 2768 2488 2839 pervidisset
2510 2784 2581 2823 ex
2605 2769 2730 2839 ipsa
2757 2768 2867 2823 loci
2901 2767 3340 2838 opportunitate
3376 2780 3488 2821 non
3522 2765 3786 2837 indigere

2134 2857 2468 2927 solitudine,
2515 2857 2563 2913 si
2608 2857 2737 2926 quis
2780 2856 2951 2912 vellet
2995 2857 3073 2911 ibi
3114 2858 3228 2911 Deo
3269 2854 3544 2924 militare,
3589 2856 3789 2912 divino

2135 2951 2410 3015 respectu
2442 2952 2825 3016 compunctus
2854 2944 3173 3000 destinavit
3203 2944 3355 3015 apud
3379 2958 3440 2998 se
3464 2943 3785 2999 vanitatem

2135 3034 2330 3089 mundi
2357 3048 2656 3103 respuere,
2691 3048 2859 3103 quam
2885 3039 2970 3087 tot
2991 3032 3224 3088 casibus
3246 3032 3545 3086 subditam
3572 3032 3787 3087 nemini

2133 3122 2443 3177 videbatur
2461 3136 2590 3177 esse
2610 3122 2955 3177 durabilem.
2979 3122 3233 3176 Locutus
3252 3134 3390 3189 ergo
3412 3120 3640 3190 abbati,
3657 3134 3789 3176 con-

2134 3209 2279 3265 dixit
2296 3210 2375 3263 illi
2395 3210 2545 3264 diem
2564 3210 2629 3264 ad
2648 3226 2776 3264 eum
2792 3224 2864 3264 ex
2880 3215 3002 3264 toto
3024 3209 3375 3276 revertendi,
3398 3208 3785 3277 collectisque

2135 3312 2260 3369 quae
2285 3303 2452 3352 erant
2485 3300 2540 3352 in
2575 3304 2844 3368 promptu
2879 3299 3056 3353 rebus
3088 3297 3231 3365 suis,
3257 3295 3422 3364 juxta
3445 3296 3787 3351 condictum

2133 3385 2189 3440 in
2206 3386 2463 3456 capitulo
2486 3402 2545 3443 se
2568 3386 2891 3456 prostravit
2915 3400 3072 3441 more
3091 3386 3329 3454 agendae
3355 3384 3781 3440 conVcrsionis.

2132 3474 2376 3530 Videres
2395 3474 2677 3530 neminem
2698 3490 2761 3530 se
2782 3488 2953 3544 posse
2975 3474 3274 3529 continere
3297 3488 3326 3527 a
3349 3473 3633 3542 lacrimis,
3657 3488 3784 3528 cum

2132 3567 2426 3618 tantarum
2458 3563 2629 3634 paulo
2657 3570 2791 3618 ante
2823 3561 3418 3631 deliciarumjuvenis
3443 3568 3557 3617 tam
3582 3563 3786 3618 subito

2134 3656 2392 3707 mutatus
2430 3650 2501 3706 ad
2542 3652 2735 3706 mundi
2788 3657 3187 3721 contemptum
3236 3650 3382 3705 adeo
3416 3664 3478 3705 se
3512 3650 3787 3719 accinge-

2133 3746 2243 3808 ret,
2292 3745 2350 3795 ut
2392 3741 2856 3810 pretiosissimas
2899 3739 3266 3795 olosericaiis
3308 3739 3547 3794 habitus
3585 3745 3787 3795 vestes

2131 3842 2259 3883 cum
2284 3830 2480 3884 tunica
2502 3828 2785 3884 oloserica
2811 3833 3021 3899 sponte
3040 3842 3146 3883 sua
3165 3826 3452 3898 spoliatus
3472 3826 3782 3897 abjiceret,

2131 3915 2325 3971 annuli
2355 3930 2587 3986 quoque
2615 3916 2773 3972 aurei
2800 3916 3001 3985 digitis
3023 3914 3068 3948 ⁸⁵
3088 3914 3373 3970 abstracti
3399 3920 3456 3969 et
3479 3915 3537 3969 in
3563 3920 3786 3970 terram

2130 4002 2377 4075 projecti
2396 4004 2784 4060 clarissimum
2814 4005 3084 4059 tinnitum
3111 4003 3445 4072 redderent,
3464 4002 3478 4056 i
3488 4016 3588 4074 pse
3606 4002 3785 4057 etiam

2131 4091 2536 4148 conversionis
2557 4107 2675 4148 suae
2699 4093 3124 4164 professionem
3148 4091 3242 4148 vix
3264 4090 3649 4161 permittente
3671 4092 3787 4146 sin-

2128 4178 2299 4248 gultu
2331 4181 2645 4236 enunciare
2686 4180 3000 4237 sufficeret.
3038 4182 3140 4235 Hic
3172 4193 3280 4235 non
3314 4177 3498 4234 multo
3529 4183 3686 4249 post,
3722 4184 3789 4235 ut

2132 4268 2351 4324 dictum
2391 4274 2503 4339 est,
2547 4270 2699 4340 apud
2739 4268 3074 4325 Laudunum
3123 4269 3421 4324 Clavatum
3471 4267 3791 4323 ordinatus

370 4356 546 4400 unum
572 4343 853 4414 jejunium
876 4344 1106 4414 indixit,
1126 4352 1184 4400 et
1206 4351 1267 4401 ut
1288 4344 1495 4400 darent
1514 4345 1872 4416 pauperibus
1890 4360 2016 4417 quae

2169 4357 2311 4411 bbas
2349 4328 2615 4413 ecclesiae
2657 4359 2844 4412 sancti
2883 4356 3194 4423 Vincentii,
3236 4358 3516 4424 quantum
3549 4355 3671 4410 Deo
3696 4354 3795 4422 ju-

370 4433 795 4488 subtrahebant
826 4432 958 4489 sibi.
995 4434 1218 4498 Quanta
1248 4438 1441 4489 autem
1474 4434 1646 4489 fuerit
1674 4434 1729 4489 in
1749 4435 2018 4492 exhorta-

372 4519 530 4577 tione
552 4522 843 4577 sermonis
865 4522 993 4592 ejus
1017 4523 1291 4591 omnium,
1319 4522 1574 4593 ipsorum
1597 4524 1773 4579 etiam
1794 4524 2019 4582 Judaao-

372 4621 500 4665 rum
546 4612 938 4681 compunctio,
993 4624 1162 4681 quam
1213 4610 1425 4666 alacris
1473 4611 1679 4669 indicti
1724 4613 1926 4683 ,ejunii
1959 4616 2017 4668 et

372 4696 820 4754 elemosinarum
852 4700 1142 4769 executio,
1176 4706 1602 4769 consequenter
1630 4704 1883 4757 ostendit
1916 4702 2016 4757 Dei

373 4787 792 4858 omnipotentis
838 4788 1157 4843 miseratio.
1201 4788 1339 4843 Nam
1372 4789 1428 4843 in
1456 4790 1773 4846 crastinum
1805 4792 2018 4846 abbate

373 4875 581 4933 missas
613 4876 973 4948 celebrante,
1016 4878 1212 4933 statim
1246 4884 1309 4933 ut
1337 4892 1437 4933 eas
1468 4880 1822 4949 terminavit,
1858 4886 2018 4936 tanta

371 4968 609 5041 tamque
633 4967 888 5025 salubris
910 4969 1105 5041 pluvia
1128 4970 1342 5042 erupit,
1377 4975 1434 5025 ut
1463 4970 1678 5041 passim
1713 4970 2020 5025 revireuti-

373 5057 481 5115 bus
512 5058 754 5131 campis,
782 5058 899 5129 jam
933 5058 1030 5115 diu
1058 5060 1369 5131 desperata
1400 5059 1502 5117 Dei
1529 5060 1719 5130 gratia
1742 5060 2014 5132 donante,

2131 4451 2303 4500 vante
2335 4445 2461 4501 loco
2495 4445 2830 4517 profecerit,
2863 4450 3120 4501 testatur
3150 4445 3393 4498 fratrum
3417 4442 3797 4501 nobilissima

2129 4534 2336 4602 religio
2368 4536 2439 4589 ab
2480 4550 2549 4590 eo
2582 4535 2876 4603 instituta,
2920 4534 3227 4588 informata
3268 4531 3540 4600 interius,
3585 4546 3800 4589 rerum

2132 4634 2361 4692 quoque
2374 4621 2726 4679 etcellarum
2747 4622 3053 4693 multiplex
3073 4620 3472 4690 augmentatio
3489 4622 3798 4681 exterius.

2200 4715 2286 4766 60.
2346 4710 2498 4783 (52.)
2561 4714 2722 4769 Anno
2782 4717 2909 4769 1081
2973 4710 3276 4767 dominicae
3336 4708 3802 4783 incarnationis,

2132 4798 2451 4857 indictione
2480 4803 2531 4871 4,
2573 4802 2964 4857 Theodericus
2999 4801 3180 4856 abbas
3215 4798 3282 4853 ad
3316 4801 3809 4859 consecrandam

2129 4887 2377 4959 criptam
2398 4905 2565 4959 quam
2587 4892 2978 4947 aedificaverat
2995 4888 3302 4945 Henricum
3323 4887 3536 4943 accivit
3554 4890 3815 4959 episco-

2130 4992 2287 5049 pum,
2312 4979 2693 5051 ejusdemque
2722 4978 3184 5037 consecrationis
3216 4975 3365 5031 diem
3400 4979 3688 5049 praefixit,
3726 4981 3816 5038 vi-

2131 5064 2345 5123 delicet
2366 5067 2423 5122 in
2438 5066 2637 5126 idibus
2649 5068 2927 5128 Januarii.
2944 5067 3267 5139 EpiscOpus
3285 5063 3442 5134 quod
3461 5068 3812 5137 petebatur

1730 5158 1967 5214 VARle
2006 5160 2404 5220 LECTIONES.

440 5242 485 5280 “
517 5244 574 5301 d.
611 5259 842 5319 quoque
872 5259 921 5302 a.
959 5262 1004 5305 ο.

446 5432 596 5509 (118)
628 5432 710 5489 Cf.
746 5432 893 5491 Ann.
928 5431 1098 5493 Leod.
1134 5437 1303 5503 11.76;
1336 5433 1540 5508 Iaub.,
1571 5442 1631 5493 et
1659 5338 2205 5502 Αηηειηιέιῗτὲξὲ.
2238 5445 2397 5503 1077.
