3948 6070
159 258 304 323 1385

1130 245 1614 314 CHRONJCON
1657 247 1722 311 S.
1765 243 2134 310 HUBERTI
2174 243 2569 308 ANDAGIN.

3410 246 3566 309 1886

158 412 417 470 hilariter
443 407 846 482 exequendum
868 403 1592 477 decrevit,comitatusque
1614 402 1788 458 Fran-
1818 379 1877 442 Α
1906 411 2038 455 num
2069 400 2127 454 et
2148 395 2486 454 Tieboldum
2510 395 2730 467 effecit,
2756 399 2822 452 ιιι
2846 393 3186 452 abbreviato
3217 394 3415 453 labore
3437 401 3556 453 tam

156 516 292 560 eone
323 502 599 574 episeopo
628 495 1078 568 Beliagradensi,
1111 509 1335 551 necnon
1386 493 1632 549 maxima
1684 493 1795 547 fre-

159 592 386 664 quentia
409 589 758 647 clericorum
785 590 843 643 et
877 584 1186 643 curialium
1209 583 1533 651 suorum,in
1561 581 1797 653 epipha-

160 680 243 736 nia
258 679 563 736 Dominiad
582 676 769 734 locum
789 672 1446 740 venit.Quantusautem
1472 684 1796 727 concursus

160 784 266 826 non
314 767 501 826 solum
551 766 824 834 afﬁnium,
858 763 961 820 sed
995 768 1055 819 et
1095 768 1432 819 exterorum
1475 759 1796 832 promiscui

162 872 333 916 sexus
345 862 403 914 et
435 855 630 913 atatis
649 853 695 887 ⁵⁸
717 853 1187 926 expectationem
1210 856 1388 907 tanta
1407 849 1802 920 sollempnita-

162 946 234 1003 tis
255 945 612 1014 convenerit,
639 948 854 1014 quanta
885 941 1300 1014 pradietorum
1337 938 1672 1010 pontificum
1707 937 1803 993 de-

161 1035 412 1106 votione,
447 1038 665 1104 quanta
699 1030 1101 1087 Leodiensium
1150 1028 1696 1085 archidiaconorum
1742 1029 1799 1081 et

163 1122 480 1194 frequentia
510 1125 569 1177 et
598 1118 1296 1189 obsecundatione,qnam
1328 1116 1510 1186 largis
1530 1119 1588 1171 et
1609 1114 1805 1171 multi-

165 1211 409 1286 plicibus
438 1209 699 1267 obsoniis
729 1208 931 1265 eadem
954 1206 1317 1264 consecratio
1345 1205 1640 1262 celebrata
1669 1218 1805 1259 con-

162 1301 398 1370 stiterit,
423 1300 471 1357 si
503 1299 633 1370 quis
665 1302 954 1366 narraret,
978 1296 1076 1352 vix
1097 1295 1441 1353 crederetnr
1464 1310 1492 1351 a
1529 1291 1803 1366 posteris,

164 1388 487 1462 prasertim
518 1402 650 1444 cum
676 1386 1068 1456 degenerante
1097 1384 1312 1442 saculo
1336 1383 1569 1440 deﬁciat
1597 1382 1807 1454 passim

163 1493 273 1535 non
304 1479 490 1535 solum
521 1476 712 1548 cepia,
748 1474 854 1532 sed
884 1479 944 1531 et
994 1474 1119 1546 ipsa
1166 1488 1387 1530 morum
1439 1472 1701 1545 probitas
1749 1474 1811 1527 et

164 1567 396 1638 antiqua
430 1565 782 1623 moralitatis
816 1567 1111 1622 honestas.

232 1658 317 1713 41.
353 1655 490 1727 (53.)
523 1653 688 1727 Apud
741 1654 1118 1711 Calvitiacum
1176 1652 1498 1709 advocatus
1553 1650 1807 1722 quidam,

1904 484 2094 556 longa
2126 484 2299 555 hujus
2322 484 2665 553 evectionis,
2697 482 3047 554 sepeliretur
3064 483 3118 538 in
3136 483 3384 540 ecclesia
3408 483 3562 540 beati

1907 573 2169 630 Huberti.
2209 572 2384 643 Cujus
2436 572 2521 628 rei
2564 572 2755 643 gratia
2807 570 3101 626 Gerardus
3152 576 3211 626 et
3255 572 3567 629 Gozvvinus

1910 660 2010 716 filii
2035 660 2084 730 ej
2099 676 2159 717 .is
2178 660 2557 716 contulerunt
2573 658 2841 716 ecclesia
2858 658 3128 727 lcgaliter
3147 658 3196 714 in
3217 665 3566 731 perpetuum
3666 710 3669 713 .

1910 751 2210 806 habendos
2240 765 2344 806 sex
2373 764 2608 806 mansos
2639 748 2840 804 allodii
2886 748 3039 818 apud
3101 748 3332 804 Bridam
3396 751 3566 821 (122),

1911 852 2040 909 qua
2063 838 2169 894 sub
2192 836 2457 907 Trajecto
2480 836 2592 892 sita
2617 841 2706 892 est
2734 836 2789 891 in
2809 835 3150 892 Taxandria.
3189 838 3395 893 Actum
3423 852 3571 894 anno

1912 924 2198 983 inearnati
2226 927 2397 982 Verbi
2431 930 2589 983 1032.
2626 926 2742 983 Hoc
2790 926 2992 982 eodem
3037 939 3188 982 anno
3251 925 3573 982 refirmavit

1913 1015 2227 1088 episcopus
2251 1015 2536 1072 Henricus
2569 1020 2831 1072 castrum
2857 1012 3107 1070 Mirvolt.

1987 1123 2073 1178 43.
2109 1121 2245 1193 (55.)
2277 1122 2748 1178 Incresccntibus
2800 1126 2994 1177 autem
3057 1119 3383 1178 inimicitiis
3423 1122 3577 1178 inter

1919 1209 2224 1266 Albertum
2240 1212 2655 1267 Namucensem
2671 1215 2730 1266 et
2745 1209 3118 1265 Godefridum
3144 1202 3575 1282 Buloniensem,

1919 1299 2200 1356 Albertus
2268 1314 2372 1372 pro
2404 1315 2616 1371 guerra
2677 1299 3009 1356 Buloniensi
3051 1300 3437 1357 Mirvoldense
3486 1314 3582 1356 ca-

1922 1392 2109 1446 strum
2139 1391 2393 1446 latenter
2426 1389 2726 1445 refirmare
2759 1388 3139 1460 disposuit.ld
3154 1404 3282 1445 cum
3302 1390 3581 1448 Henricus

1922 1479 2235 1550 episcopus
2269 1478 2775 1550 deprehendisset,
2807 1484 2928 1534 tum
2965 1478 3097 1549 quia
3126 1479 3439 1534 Godefrido
3462 1494 3583 1536 om-

1923 1567 2174 1624 nimodis
2206 1568 2587 1639 favebat,tum
2618 1568 2791 1624 etiam
2827 1568 2959 1639 quia
2994 1582 3098 1639 per
3119 1568 3229 1624 hoc
3255 1568 3579 1627 vexandum

1925 1656 2285 1728 episcopium
2318 1650 2583 1727 timebat,
2618 1656 2964 1728 anticipavit
3024 1656 3347 1727 prievenire
3391 1657 3580 1714 inten-

167 1744 434 1803 Albricus
464 1744 713 1813 nomine,
748 1744 804 1799 in
833 1743 1123 1814 exigendo
1154 1742 1265 1799 sibi
1314 1740 1605 1797 indebitas
1644 1741 1812 1797 ehor-
1841 1744 1895 1805 Β
1926 1745 2143 1802 tionem
2173 1746 2420 1816 Alberti,
2444 1751 2505 1802 ct
2534 1761 2564 1802 a
2600 1745 2877 1801 Richelde
2933 1746 3237 1801 comitissa
3298 1747 3582 1804 Montensi

166 1833 494 1903 veias(l19)
527 1833 672 1889 adeo
696 1832 1032 1889 imminebat
1078 1830 1504 1889 ecclesiastica
1555 1829 1808 1899 fam'lia,

170 1923 308 1980 utin
346 1921 560 1978 arando
590 1935 765 1978 vacca
816 1920 1118 1990 cujusdam
1178 1919 1454 1991 pauperis
1502 1918 1810 1989 abortiret,

167 2010 407 2082 ejusque
437 2011 561 2067 vice
596 2024 696 2080 per
726 2013 915 2066 totum
948 2009 1100 2065 diem
1126 2008 1327 2079 jugum
1371 2007 1697 2064 sustineret
1735 2005 1815 2060 al-

169 2100 461 2157 trinsecus
517 2113 754 2172 pauper.
801 2100 1037 2154 Tantam
1093 2103 1329 2168 tamque
1389 2095 1667 2167 injustam,
1720 2110 1817 2150 ex-

170 2189 458 2246 actionem
478 2190 659 2245 abbas
682 2186 924 2255 audivit,
958 2192 1016 2244 et
1066 2187 1280 2242 Albrici
1335 2184 1817 2241 inhumanitatem

171 2278 826 2350 exhorruit,properans
856 2277 1056 2333 Divum
1092 2276 1262 2348 (123),
1291 2274 1611 2331 Adelonem
1645 2288 1821 2345 expe-

172 2368 353 2438 tiit,et
371 2365 659 2438 quomodo
671 2366 853 2441 subad
864 2368 1108 2422 vocatus
1121 2366 1249 2436 ejus
1268 2363 1537 2420 familiam
1555 2361 1819 2420 ecclesia

172 2460 481 2525 tractaret,
508 2454 655 2511 satis
689 2453 955 2510 dolenter
983 2453 1246 2524 ingessit,
1282 2458 1524 2524 paratus
1573 2452 1821 2522 probare

173 2543 821 2616 bujusmodiangariam
851 2556 955 2599 nec
1013 2542 1096 2597 illi
1156 2556 1261 2598 nec
1320 2541 1488 2597 alteri
1542 2539 1817 2601 debitam.

171 2633 514 2704 Indignatus
580 2631 757 2689 Adelo
812 2630 1092 2688 adversus
1149 2629 1470 2695 Albricum,
1504 2629 1613 2685 hoc
1660 2628 1823 2684 illum

178 2723 387 2780 fecisse
418 2722 675 2789 erubuit,
710 2725 768 2777 et
814 2719 1207 2792 expostulata
1255 2717 1617 2791 probationis
1673 2716 1824 2773 diem

178 2814 293 2869 abb
330 2811 374 2867 ti
429 2810 765 2868 constituit.
809 2810 1153 2866 Heribertus
1211 2807 1443 2880 quidam
1500 2807 1826 2863 ammodum

180 2901 372 2958 fidelis
402 2905 460 2957 et
492 2902 711 2972 probus
742 2904 870 2956 erat
904 2905 1041 2957 tunc
1071 2897 1524 2955 tlalviciacensis
1576 2896 1823 2954 villicus.

180 2992 285 3047 Hic
317 2990 409 3046 die
440 2989 673 3062 prafixa
723 2989 875 3045 inter
908 2990 1176 3045 abbatem
1216 2992 1274 3044 et
1331 2986 1641 3043 Adelonem
1671 2985 1830 3042 testi-

1930 1833 2115 1906 ipsum
2138 1840 2390 1890 montem
2422 1849 2553 1891 cum
2577 1834 2863 1891 comitatu
2896 1840 2957 1890 et
3005 1836 3193 1890 hanno
3249 1837 3306 1890 et
3367 1836 3585 1892 ceteris
3625 1851 3629 1857 ‘

1927 1921 2054 1991 ejus
2088 1922 2458 1994 appenditiis,
2493 1923 2608 1979 duo
2644 1937 2875 1994 quoque
2909 1921 3038 1992 ejus
3088 1921 3323 1993 allodia,
3360 1923 3586 1994 scilicet

1930 2010 2075 2067 Braz
2101 2017 2161 2068 et
2185 2013 2599 2083 Gruispontem
2619 2027 2750 2069 cum
2772 1988 3042 2069 omnibus
3060 1988 3418 2070 utilitatibus
3459 1988 3586 2070 suis

1928 2104 1987 2155 et
2018 2100 2232 2156 familia
2268 2106 2467 2157 taxato
2500 2103 2690 2173 pretio
2715 2103 3096 2172 comparavit,
3115 2101 3585 2172 sicquecastrum

1931 2189 2196 2245 maximis
2246 2190 2527 2261 impensis
2571 2190 2911 2246 refirmavit.
2948 2190 3049 2247 Cui
3096 2206 3227 2246 cum
3288 2192 3455 2262 quasi
3516 2191 3587 2248 ad

1931 2277 2259 2334 custodiam
2295 2279 2609 2351 provincia
2635 2279 2850 2335 milites
2866 2278 3588 2351 deputasset,illicogente

1932 2366 2129 2439 inopia
2159 2368 2298 2423 facti
2322 2372 2456 2424 sunt
2491 2367 2710 2441 publici
2742 2369 3070 2440 pradoues,
3101 2382 3211 2424 non
3238 2368 3427 2424 solum
3483 2368 3588 2425 vil-

1933 2454 2120 2513 larum
2154 2471 2455 2529 pauperes,
2491 2459 2592 2514 sed
2625 2458 2800 2513 etiam
2833 2457 3018 2528 ipsam
3055 2457 3348 2513 abbatiam
3396 2459 3587 2515 sancti

1934 2544 2181 2602 Huberti
2209 2546 2463 2603 assiduis
2498 2546 2933 2603 incursionibus
2969 2552 3267 2603 vexantes.
3306 2546 3443 2614 Qua
3502 2563 3594 2605 res

1933 2636 2358 2692 Theoderiduln
2387 2636 2661 2693 abbatem
2698 2650 2877 2707 usque
2909 2635 2980 2692 ad
3004 2635 3249 2692 animam
3299 2630 3586 2709 gravavit,

1936 2724 2238 2780 timentem
2274 2740 2381 2781 non
2452 2724 2639 2782 solum
2687 2740 2794 2782 suo
2856 2726 3123 2797 tempori,
3153 2726 3255 2782 sed
3315 2727 3487 2782 etiam
3534 2726 3591 2784 in

1940 2819 2238 2884 posterum
2273 2813 2536 2885 periculo
2589 2814 2934 2885 imminenti,
2969 2822 3026 2869 et
3080 2829 3209 2871 cum
3253 2815 3590 2886 frequenter

1942 2917 2044 2974 per
2076 2918 2135 2958 se
2170 2902 2379 2975 ipsum,
2416 2908 2536 2959 tum
2581 2919 2683 2975 per
2734 2920 2883 2977 quos
2942 2909 3175 2975 poterat
3236 2892 3591 2962 media‘tores

1924 2987 2275 3066 _episcopum
2310 2988 2585 3059 precibus
2614 2988 2955 3056 ambiret,ut
2978 2993 3095 3042 tum
3126 2991 3345 3056 grande
3378 2988 3588 3044 malum

181 3080 355 3138 ficato
384 3078 653 3149 legaliter
679 3083 1065 3147 sacramento,
1101 3077 1251 3133 idem
1298 3074 1832 3145 sacramentumju-
1863 3108 1911 3171 Ο
1944 3078 2097 3149 quod
2128 3077 2180 3132 in
2213 3077 2453 3133 exitium
2486 3078 2671 3133 totius
2694 3077 3009 3147 provincia
3027 3077 3357 3133 firmaverat
3384 3077 3591 3134 dissol-

183 3168 380 3226 diciali
430 3168 860 3225 examinatione
930 3181 1031 3238 per
1061 3180 1265 3237 aquam
1329 3164 1714 3233 confirmavit,
1773 3168 1833 3219 et

182 3257 601 3315 advocatorum
653 3255 939 3312 violentas
997 3254 1351 3322 exactiones,
1392 3254 1636 3309 maxime
1693 3267 1831 3309 vero

180 3345 491 3404 cborveias
522 3345 604 3400 illi
636 3345 870 3402 omnino
904 3344 1214 3413 indebitas,
1244 3342 1832 3414 comprobavit.Huic

184 3435 435 3510 publica
456 3434 937 3507 comprobatione
962 3434 1352 3490 interfuerunt
1390 3431 1569 3489 Adelo
1610 3432 1835 3488 Divien-

183 3524 287 3595 sis,
346 3524 704 3581 Rainbaldus
760 3537 955 3580 comes
1036 3523 1339 3579 Mutiensis
1409 3523 1579 3595 (121),
1627 3523 1834 3578 Petrus

183 3612 650 3670 Mirowaldensis
694 3629 823 3671 cum
885 3612 1083 3669 multis
1114 3611 1412 3668 nobilibus
1443 3611 1594 3668 aliis.
1629 3613 1834 3669 Actum

187 3717 340 3760 anno
372 3702 656 3759 incarnati
690 3702 863 3758 Verbi
901 3704 1053 3757 1081.

262 3822 349 3876 42.
386 3817 523 3891 (54.)
556 3818 671 3875 Nec
712 3816 895 3875 multo
954 3821 1082 3889 post
1142 3815 1488 3873 Godefridus
1533 3816 1839 3873 Theoderi-

191 3924 322 3968 cum
351 3907 621 3965 eomitem
654 3921 761 3978 cep
791 3912 830 3975 t,
860 3905 956 3976 qui
1004 3905 1157 3962 filius
1207 3904 1447 3961 Gerardi
1500 3905 1835 3974 Flamensis,

193 3999 318 4070 regi
348 3998 522 4055 etiam
557 3996 804 4053 Henrico
834 3996 1158 4053 ammodum
1196 3993 1514 4065 familiaris,
1542 3994 1598 4050 in
1629 3995 1841 4066 quibus

192 4094 431 4163 poterat
458 4085 884 4143 adversabatur
922 4084 1139 4155 juveni.
1176 4083 1354 4150 Quem
1392 4083 1691 4140 Bulonium
1747 4084 1843 4140 de-

195 4178 438 4235 ductum
466 4175 609 4232 satis
643 4174 970 4231 liberaliter
1009 4173 1184 4245 jussit
1218 4172 1462 4230 servari.
1502 4173 1841 4230 Lambertus

195 4265 644 4340 quoquejunior
678 4269 817 4320 tunc
864 4268 926 4320 ut
988 4267 1115 4319 erat
1171 4262 1523 4334 prapositus
1574 4262 1842 4320 ecclesia

196 4355 389 4415 sancti
446 4353 623 4423 Petri,
677 4353 1042 4425 frequentius
1105 4356 1338 4423 captum
1399 4351 1725 4423 revisendo,
1785 4351 1841 4407 in

195 4447 410 4519 quibus
464 4448 696 4518 poterat
751 4442 1122 4500 deserviebat
1176 4441 1278 4498 illi.
1315 4442 1415 4499 Hic
1479 4441 1658 4512 igitur
1711 4448 1840 4514 post
1873 4466 1925 4527 ι)

197 4533 501 4591 dimidium
572 4534 692 4590 fere
746 4546 957 4589 annum
1008 4531 1063 4587 in
1113 4531 1313 4587 eadem
1369 4528 1640 4602 captione
1695 4531 1842 4588 obiit

199 4621 325 4692 (an.
354 4623 533 4692 1082),
567 4625 623 4676 et
650 4620 766 4691 jam
819 4620 1140 4677 moriturus
1156 4617 1451 4675 Coloniam
1491 4632 1555 4675 se
1583 4618 1847 4676 deferen-

199 4708 336 4767 dum
359 4707 739 4766 familiaribus
757 4708 880 4766 suis
911 4707 1229 4764 indixitJbi
1245 4707 1395 4764 enim
1411 4706 1563 4779 apud
1578 4712 1845 4766 sanctum

201 4799 522 4855 Gereonem
554 4796 723 4866 longe
745 4796 1144 4853 destinaverat
1170 4796 1279 4853 sibi
1311 4797 1695 4868 sepulturam.
1730 4796 1849 4856 col-

202 4888 321 4944 lata
366 4885 488 4943 illic
543 4899 736 4943 rerum
770 4900 1006 4943 suarum
1066 4884 1372 4956 multiplici
1430 4886 1842 4945 munificentia.

200 4976 548 5035 Lambertus
580 4988 721 5032 vero
755 4977 814 5032 ut
846 4988 1077 5047 semper
1105 4978 1234 5030 erat
1278 4974 1550 5031 curiosus
1580 4976 1848 5034 ecclesia

203 5066 413 5124 matris
444 5081 566 5125 sua
593 5063 972 5135 utilitatibus,
999 5078 1103 5136 per
1132 5062 1556 5121 Heribrandum
1587 5065 1852 5122 castella-

1944 3166 2365 3236 veret,sibique
2388 3165 2612 3236 pondus
2635 3166 2781 3221 tanti
2809 3166 3034 3222 timoris
3058 3167 3413 3235 absolveret,
3447 3181 3594 3238 pra-

1942 3253 2191 3311 tendens
2214 3268 2276 3311 se
2299 3256 2352 3309 in
2368 3255 2619 3311 ecclesia
2640 3254 2787 3310 beati
2813 3255 3051 3309 [Liberti
3069 3256 3352 3311 hactenus
3371 3259 3590 3313 frustra

1944 3342 2265 3414 laborasse,
2301 3344 2393 3401 cui
2428 3348 2556 3415 post
2588 3358 2647 3400 se
2690 3342 3052 3413 relinqueret
3095 3349 3212 3399 tam
3268 3346 3592 3416 proximum

1943 3434 2196 3490 vicinum
2213 3432 2594 3491 desolationis
2610 3432 2955 3491 certissima
2974 3453 2987 3489 :
3005 3434 3347 3505 compulsus
3369 3436 3596 3507 episco-

1946 3538 2055 3595 pus
2086 3538 2154 3579 ne
2176 3527 2404 3580 tantum
2436 3522 2623 3580 virum
2680 3523 2765 3580 sic
2822 3523 2933 3580 sibi
2993 3523 3384 3596 insistentem,
3416 3530 3476 3581 et
3531 3538 3599 3583 eo

1948 3627 2132 3684 usque
2163 3613 2274 3670 hab
2304 3618 2424 3670 tum
2457 3612 2513 3669 in
2555 3613 2808 3670 amicitia
2870 3614 3211 3671 familiarem
3270 3615 3597 3673 inexorabi-

1946 3701 2477 3774 literoﬂ‘enderet,u
2491 3709 2624 3775 tque
2639 3705 2766 3776 ejus
2782 3702 3041 3761 dolorem
3057 3710 3113 3761 et
3136 3703 3593 3775 indignationem

1949 3796 2267 3863 utcumque
2316 3792 2547 3859 leniret,
2589 3794 2775 3866 ipsum
2834 3798 3091 3850 castrum
3138 3809 3269 3850 cum
3324 3796 3596 3852 omnibus

1949 3880 2306 3952 appenditiis
2328 3882 2453 3936 suis
2476 3881 2743 3951 legaliter
2777 3880 3103 3938 habendum
3136 3884 3382 3939 tradidit
3413 3884 3600 3942 eccle-

1949 3969 2068 4040 sia,
2095 3975 2153 4025 et
2177 3969 2230 4025 in
2255 3969 2504 4026 ecclesia
2537 3969 2691 4025 beati
2718 3969 3010 4027 Michaelis
3035 3986 3142 4027 ase
3164 3974 3238 4027 ibi
3258 3977 3600 4031 constructa

1950 4063 2011 4115 et
2039 4059 2307 4115 dedicata
2340 4058 2552 4116 fratres
2581 4075 2654 4115 ex
2685 4057 2935 4115 ecclesia
2969 4059 3124 4115 beati
3176 4061 3417 4118 Huberti
3465 4076 3603 4119 con-

1951 4147 2167 4220 stituit,
2203 4148 2648 4220 custodiamque
2676 4162 2974 4205 concessa
3008 4149 3345 4206 munitionis
3402 4150 3603 4208 abbati

1952 4240 2275 4297 habendam
2330 4239 2561 4294 indixit.
2614 4242 2930 4295 Asserente
2984 4238 3195 4295 abbate
3254 4255 3314 4295 se
3375 4243 3603 4299 nescire

1954 4336 2214 4387 castrum
2241 4328 2540 4387 custodire
2554 4328 2657 4385 sed
2679 4327 3024 4397 claustrum,
3041 4329 3347 4386 convictus
3370 4331 3603 4389 tandem

1955 4421 2028 4478 ab
2059 4420 2260 4477 amicis
2289 4419 2435 4487 suis,
2466 4419 2712 4476 maxime
2745 4434 2884 4476 vero
2918 4425 3272 4490 suggerente
3299 4420 3603 4479 Lamberto

1957 4510 2182 4583 majori,
2221 4525 2290 4567 ne
2342 4510 2577 4567 interim
2626 4516 3007 4581 exasperaret
3064 4510 3288 4567 animos
3338 4526 3603 4583 persona

1958 4599 2531 4673 potentis,indictam
2546 4598 2875 4658 custodiam
2891 4598 3198 4672 dispositis
3224 4600 3303 4656 ibi
3333 4600 3607 4659 fidelibus

1956 4690 2224 4748 ecclesia
2254 4691 2587 4763 intercepit.

2029 4801 2122 4855 44.
2162 4798 2299 4870 (56.)
2328 4799 2485 4854 Tunc
2517 4797 2796 4870 temporis
2828 4795 3121 4853 Mathildis
3153 4796 3470 4855 marchissa
3521 4798 3613 4855 ad-

1959 4887 2187 4946 diderat
2220 4887 2495 4959 episcopo
2528 4887 2878 4944 Virdunensi
2915 4892 2977 4943 ut
3009 4886 3464 4943 "Juviniensem
3514 4888 3611 4944 ab-

1962 4978 2177 5035 batiam
2209 4976 2379 5050 (I23),
2415 4976 2507 5034 cui
2560 4977 2954 5034 Theodericus
3010 4977 3326 5049 episcopus
3369 4976 3613 5033 Galbur-

1961 5083 2089 5139 gem
2138 5066 2474 5139 religiosam
2531 5067 2815 5138 virginem
2875 5067 3245 5140 praefecerat,
3280 5081 3453 5139 quam
3511 5066 3613 5125 diu

1569 5162 1805 5221 VARIE
1847 5165 2244 5224 LECTIONES.

276 5250 322 5290 ⁸⁸
351 5252 424 5312 ad
452 5252 751 5314 excidisse
776 5250 1032 5314 videtur.
1109 5250 1155 5287 ⁵⁷
1185 5250 1307 5311 Aut
1331 5255 1397 5309 ut
1425 5249 1739 5310 delendum
1766 5256 1870 5324 est,
1903 5256 2014 5314 aut
2034 5254 2277 5312 verbum
2302 5254 2544 5314 excidit.

1792 5344 2012 5403 NOTAE.

311 5415 436 5490 119)
469 5412 701 5490 σρνυέσ.

311 5415 436 5490 119)
469 5415 701 5475 Carolo.

209 5415 1007 5633 ωὲξξρῆρωωαν-Μεπδθ,
1048 5488 1080 5547 a
1129 5486 1261 5560 cinq
1316 5484 1502 5545 lienes
1557 5485 1630 5545 de
1684 5486 1863 5546 Mont-

533 5632 797 5700 ΡΑτιιοι..
851 5631 1061 5698 CLIV.

2043 5414 2188 5489 (121)
2219 5414 2447 5488 Musam.
2487 5418 2530 5474 ll

2069 5489 2192 5546 122)
2223 5489 2379 5546 Bm.
2411 5489 2476 5544 R.

2542 5565 2711 5618 entre
2741 5558 2953 5633 Stenay
2979 5563 3037 5618 et
3065 5558 3412 5634 Montmedy.
3443 5562 3508 5619 Β.

3224 5630 3304 5694 44
